4212 6262
339 287 450 346 975
471 344 479 353 ,,
1483 279 1939 339 DISSERTATIO
1977 280 2002 339 ῐ

1983 280 2036 339 D.
2071 281 2159 338 LE
2196 281 2506 339 NOURRY.
3543 280 3646 342 974

342 404 528 475 quique
599 399 940 458 adolescentes
990 398 1226 471 ﬂagellis
1266 397 1578 469 a/ﬂiguntur,
1625 398 1943 454 adstantibus
1970 395 2021 458 Α
2119 407 2323 467 peccata
2354 398 2525 453 omnia
2557 396 2881 453 remittuntur
2901 438 2917 464 ,
2941 414 3002 451 ac
3028 398 3259 469 pretium
3286 415 3349 455 ac
3373 415 3475 470 quo
3502 403 3649 456 victo-

345 495 638 569 parentibns
669 509 729 546 ac
756 491 1053 563 propinquis
1075 532 1091 557 ,
1139 499 1289 561 atque
1312 490 1385 544 uti
1409 499 1727 561 perseverent
1749 491 1941 551 adhor-
2121 506 2200 545 res
2217 490 2502 556 christiani,
2533 490 2761 559 palmata
2780 498 2915 544 ueste
2937 490 3125 556 ornati,
3154 491 3516 563 ettrinmplsali
3539 509 3650 549 cur-

345 588 585 645 tantibus.
613 586 981 642 Ornamentum
1029 584 1160 639 enim
1193 593 1237 638 et
1287 584 1453 654 gloria
1477 584 1803 655 deputabitur
1829 601 1942 638 ma-
2121 599 2182 636 ru
2210 584 2263 635 in
2290 582 2589 653 paradisum
2618 581 2887 641 vehuntur.
3118 581 3125 587 ’

338 684 457 756 jore
482 682 683 753 quidem
710 680 879 746 titulo,
898 678 943 733 si
962 679 1135 733 anima
1164 678 1332 747 potius
1358 678 1559 733 cesserit
1576 678 1762 749 plagis,
1792 694 1944 748 quam
2119 675 2350 730 Maxima
2374 676 2631 747 profecto,
2652 675 2812 731 sicuti
2839 676 3090 744 vidimus,
3116 684 3170 732 et
3189 677 3337 732 omni
3366 678 3520 734 laude
3543 696 3649 735 ma-

347 790 530 844 corpus
569 772 780 842 (Idem,
837 771 925 826 lib.
969 770 1037 825 ad
1081 769 1329 841 Μαι-19η,
1376 787 1423 824 c.
1473 770 1553 840 4).
1601 769 1704 826 Sed
1746 770 1815 824 de
1861 768 1945 825 his
2044 770 2132 839 jor
2149 769 2245 823 fuit
2268 769 2617 824 invictissima
2645 779 2938 841 martyrum
2956 769 3230 835 fortitudo,
3249 785 3352 841 qua
3372 781 3647 843 acceptam

347 865 493 935 plura
516 865 625 935 jam
659 865 709 918 in
743 862 918 934 primo
960 864 1263 934 Apparatus
1298 863 1464 917 nostri
1490 872 1636 918 tomo
1676 861 1945 918 enarravi-
2050 879 2078 914 a
2103 859 2320 916 Christo
2348 860 2663 930 religionem
2695 876 2794 915 suo
2819 861 3099 931 sanguine,
3134 869 3386 932 tanquam
3435 863 3649 932 publico

346 972 465 1011 mus
490 954 660 1029 (Tom.
685 954 706 1008 1
738 956 985 1027 Apparat.
1009 973 1060 1024 p.
1096 952 1274 1025 1246).
2048 954 2243 1022 sigillo,
2276 953 2645 1023 obsignarunt.
2674 955 2740 1007 At
2768 968 2834 1008 eo
2862 969 2991 1008 sane
3014 953 3264 1009 libentius
3294 950 3441 1010 illum
3467 955 3653 1026 prolu-

420 1048 651 1102 Duarum
705 1047 924 1117 insuper
979 1047 1262 1101 mulierum
1309 1046 1551 1117 exempla
1602 1046 1653 1101 in
1705 1046 1840 1101 libro
1877 1046 1946 1100 ad
2050 1044 2263 1109 derunt,
2294 1060 2401 1116 quo
2426 1046 2626 1103 certius
2644 1053 2907 1100 noverant
2933 1043 3049 1101 iure
3076 1056 3132 1100 ut
3156 1048 3416 1119 martyrio
3436 1063 3650 1104 omnem

349 1137 600 1195 Nationes
632 1139 850 1211 protulit
888 1136 1213 1208 (Tertullian.
1255 1137 1343 1194 lib.
1380 1137 1492 1192 lad
1528 1137 1746 1193 Nation.
1775 1156 1822 1193 c.
1855 1138 1944 1206 18,
2053 1137 2148 1193 Dei
2172 1138 2409 1208 gratiam,
2433 1137 2782 1208 omniumque
2797 1137 3006 1192 veniam
3026 1148 3366 1208 peccatorum
3386 1139 3653 1211 adipisce-

348 1249 401 1301 p.
432 1230 588 1298 584).
645 1230 821 1285 Prima
869 1227 936 1283 ab
980 1227 1073 1284 illo
1123 1229 1438 1298 simpliciter
1491 1241 1712 1285 vocatur
1750 1229 1949 1302 Regina
2054 1238 2260 1284 rentur.
2294 1229 2401 1283 Cur
2429 1229 2574 1283 enim
2624 1227 2953 1285 Christianus
3006 1238 3115 1284 tam
3163 1232 3417 1286 ardenter
3454 1242 3655 1304 marty-

347 1322 587 1394 ιΕθνριί.
610 1321 866 1376 nimirum
889 1320 1193 1390 Cleopatra,
1221 1336 1337 1391 quae
1354 1320 1525 1376 bestiis
1545 1323 1671 1384 suis,
1704 1321 1807 1378 hoc
1827 1332 1909 1389 est
1930 1365 1945 1390 ,
2054 1323 2189 1381 rium
2212 1322 2469 1391 optabat?
2501 1320 2568 1377 Ut
2596 1337 2683 1388 eo,
2717 1322 2887 1391 inquit
2912 1320 3273 1377 Tertullianus
3295 1363 3311 1390 ,
3356 1322 3457 1377 Dei
3497 1331 3654 1379 totum

346 1414 549 1483 aspidis
569 1414 637 1468 ad
664 1428 725 1468 se
750 1412 890 1497 c‘lam
912 1410 1102 1467 delatae
1133 1426 1312 1466 morsu
1340 1429 1433 1472 usa
1453 1422 1545 1478 est,
1576 1428 1680 1484 qua
1722 1423 1945 1469 mortem
2052 1413 2270 1485 gratiam
2293 1412 2529 1475 redimat,
2560 1421 2616 1465 ut
2646 1428 2845 1466 omnem
2872 1413 3069 1467 reiciam
3090 1414 3155 1467 ab
3173 1430 3230 1468 eo
3244 1412 3657 1483 compensatione

345 1506 446 1561 sibi
476 1504 754 1562 conscivit.
783 1504 949 1575 Magis
988 1514 1163 1561 autem
1188 1498 1484 1576 perspicue
1517 1506 1631 1561 ha‘e
1659 1507 1725 1561 ad
1754 1507 1950 1580 Many-
2051 1507 2316 1579 sanguinis
2336 1506 2415 1560 sui
2461 1507 2698 1569 expediat
2725 1504 3058 1577 (Tertullum.
3098 1507 3367 1579 Apologet.
3396 1523 3511 1577 cap.
3556 1508 3651 1574 50,

346 1615 437 1655 res
462 1598 675 1671 scripsit
705 1617 717 1653 :
749 1597 948 1653 Bestias
974 1598 1179 1669 [tantine
1224 1597 1397 1652 lubens
1417 1599 1669 1667 appetiit,
1707 1608 1751 1652 et
1779 1601 1951 1670 utique
2055 1616 2153 1669 pag
2190 1598 2339 1668 550).
2364 1597 2646 1653 Rationem
2665 1598 2707 1653 si
2725 1599 3060 1667 eXpostules,
3084 1600 3261 1654 statim
3284 1601 3651 1670 respondebit:

345 1691 548 1761 aspides
574 1698 845 1760 serpentes,
871 1696 1019 1743 tauro
1067 1688 1142 1742 uel
1170 1704 1288 1742 urso
1312 1689 1639 1755 horridiores,
1658 1706 1782 1757 quas
1806 1690 1949 1745 Cleo.
2058 1691 2244 1745 Omnia
2270 1692 2403 1746 enim
2440 1692 2560 1745 huic
2589 1691 2732 1760 operi
2784 1691 2968 1745 delicta
2997 1691 3273 1746 donantur.
3329 1693 3449 1748 Alio
3475 1704 3654 1750 autem

346 1795 497 1854 patra
548 1784 757 1837 immisit
815 1782 907 1835 sibi
934 1824 948 1849 ,
997 1797 1060 1835 ne
1110 1782 1160 1835 in
1210 1797 1392 1835 manus
1434 1781 1626 1835 inimici
1677 1787 1953 1853 perveniret
1983 1790 2030 1849 Β
2060 1785 2110 1839 in
2138 1784 2272 1838 libro
2301 1783 2457 1840 docet
2483 1783 2609 1838 illud
2635 1782 2929 1838 secundum
2955 1797 3074 1838 esse
3102 1783 3388 1854 baptisma,
3411 1800 3519 1856 quo
3544 1801 3662 1856 gra-

347 1874 489 1949 (lib.
520 1877 587 1929 ad
629 1873 847 1944 Μαίσων.
904 1890 948 1928 c.
1002 1874 1083 1944 4).
1140 1873 1246 1929 Sed
1295 1873 1398 1930 hoc
1437 1872 1657 1930 fannosa:
1710 1876 1953 1932 mulieris
2057 1878 2126 1933 tia
2159 1876 2250 1933 Dei
2275 1877 2540 1942 donatur,
2582 1876 2868 1946 omniaque
2902 1884 3153 1945 peccata,
3211 1885 3334 1930 ante
3363 1878 3663 1933 sacratissi-

348 1968 552 2024 facinns
605 1965 802 2038 smptus
844 1966 914 2021 ab
970 1965 1234 2021 historicis
1284 1966 1544 2022 Suetonio
1591 1968 1829 2036 (Sueton.
1860 1970 1948 2024 lib.
2055 1984 2200 2023 mum
2230 1967 2365 2023 illud
2388 1982 2541 2036 aqua:
2569 1967 2837 2022 lavacrum
2876 1967 3185 2033 commissa,
3221 1968 3378 2037 plane
3425 1970 3661 2039 pellitus.

348 2062 391 2118 ll
418 2062 468 2115 in
504 2057 605 2115 Vit.
637 2059 855 2131 August.
890 2057 1036 2133 §51t)
1058 2101 1071 2123 ,
1107 2058 1392 2115 Plutarcho
1422 2058 1718 2130 (Plutarch.
1752 2062 1805 2116 in
1848 2062 1949 2116 Vit.
2055 2076 2158 2130 que
2186 2060 2553 2114 remittuntur.
2600 2057 2703 2113 Sed
2744 2059 2950 2128 ipsum,
3014 2059 3059 2113 si
3088 2057 3300 2127 placet,
3352 2057 3661 2128 loquentem

349 2152 577 2219 Antonii,
613 2170 663 2222 ρ.
699 2150 860 2222 954),
893 2161 947 2206 et
977 2150 1096 2207 aliis
1124 2194 1139 2219 ,
1187 2166 1395 2211 necnon
1441 2167 1470 2208 a
1503 2154 1673 2223 poetis
1702 2153 1952 2210 decanta-
2055 2152 2229 2206 adhuc
2275 2151 2552 2206 audiamus
2581 2168 2594 2205 :
2632 2149 2724 2204 Est
2765 2150 2969 2221 quidem
3020 2150 3164 2205 nobis
3191 2151 3342 2204 etiam
3385 2151 3664 2206 secundum

352 2255 463 2301 tum
492 2255 591 2302 est.
619 2239 954 2314 Quapropter
981 2243 1097 2299 hate
1124 2244 1329 2300 lloratli
1351 2286 1367 2311 ,
1400 2261 1518 2315 qua:
1545 2246 1610 2301 ad
1639 2245 1954 2302 Tertulliani
2058 2246 2313 2299 ltwacrum
2333 2286 2347 2311 ,
2380 2260 2538 2298 unum
2579 2252 2627 2296 et
2650 2244 2846 2311 ipsum,
2893 2243 3158 2314 sanguinis
3186 2243 3409 2309 scilicet,
3451 2242 3555 2301 hoc
3580 2252 3665 2299 cst

354 2336 686 2408 propositum
725 2336 896 2407 magis
925 2335 1266 2406 conducunt,
1313 2337 1552 2415 carmina
1582 2337 1777 2395 citasse
1823 2338 1955 2394 satis
2013 2348 2022 2355 °
2058 2337 2340 2409 martyrii,
2389 2338 2453 2391 de
2475 2351 2575 2409 quo
2602 2335 2851 2391 Dominus
2879 2351 2899 2390 :
2928 2335 3135 2401 Habeo,
3171 2337 3373 2406 inquit,
3413 2336 3662 2407 baptismo

355 2430 459 2489 crit
491 2447 508 2487 :
2058 2431 2239 2502 tingui,
2273 2445 2389 2484 cum
2408 2430 2523 2499 jam
2548 2430 2732 2483 tinctus
2754 2428 3068 2498 [uisset......
3096 2426 3206 2484 Hos
3230 2428 3360 2484 duos
3386 2428 3666 2498 baptismos

542 2547 670 2609 Ausa
695 2548 747 2594 ει
763 2544 1020 2609 iacent”,
1045 2545 1209 2595 visere
1230 2546 1445 2609 regiam,
2059 2522 2122 2576 de
2148 2522 2352 2577 vulnere
2374 2521 2590 2592 perfossi
2622 2520 2793 2576 lateris
2824 2519 2993 2576 emisit
3018 2562 3034 2588 ,
3061 2528 3312 2591 quatenus
3338 2520 3426 2591 qui
3461 2521 3515 2575 in
3543 2532 3664 2575 san-

543 2606 694 2659 Vultu
711 2605 892 2657 sereno
915 2605 1071 2666 fortis,
1097 2615 1149 2657 et
1171 2605 1375 2671 asperas
1430 2605 1440 2609 ⁷
2059 2615 2206 2685 guine

636 2668 869 2700 'l‘mmsum
893 2675 1155 2700 αιινηοηιοο
1199 2677 1248 2700 ut
1280 2678 1434 2700 alnum

2059 2615 2261 2685 guinem
2288 2614 2399 2683 ejus
2430 2613 2711 2679 crederent,
2744 2628 2878 2683 aqua
2899 2612 3223 2677 lavarentur;
3249 2613 3335 2682 qui
3354 2628 3486 2681 aqua
3510 2613 3663 2667 lauis-

643 2668 870 2719 I‘ractare
893 2675 1174 2732 serpentes,
1199 2668 1255 2720 ut
1278 2678 1436 2720 atrum
2059 2668 2085 2685 "
2278 2668 2327 2715 .'
2596 2707 2604 2717 .
2699 2668 2711 2679 '
2788 2668 2801 2683 '
3204 2668 3217 2677 '
3264 2668 3274 2682 '
3397 2668 3418 2718 '.
3458 2668 3473 2673 ‘
3657 2707 3670 2718 .

665 2793 668 2794 ν
726 2730 943 2794 Corpore
968 2732 1275 2794 εοφδίυρτθι
1292 2746 1540 2783 venenum
1565 2745 1576 2781 ε
2061 2716 2192 2771 sent,
2224 2717 2375 2762 etiam
2421 2722 2723 2776 sanguinem
2769 2716 3023 2775 potarent.
3054 2704 3155 2759 Hic
3179 2716 3253 2760 est
3281 2706 3559 2776 bapnsmus
3581 2722 3669 2775 qus

542 2792 835 2869 Pelibeféli
854 2793 1275 2869 m9l'lefsil'90im'i
1296 2856 1308 2869 _
2060 2803 2339 2865 lavacrum,
2369 2809 2416 2853 et
2465 2815 2568 2853 non
2618 2808 2878 2869 acceptum
2920 2808 3249 2869 repraesentat
3268 2839 3284 2862 ,
3333 2808 3379 2852 et
3416 2798 3669 2868 perditum

543 2854 1404 2982 S‘e‘iiiiﬂlﬂﬁuﬁigﬁgggydem
2058 2854 2223 2946 reddit
2267 2854 2475 2965 (Idem,
2524 2890 2612 2945 lib.
2673 2854 2747 2943 de.
2786 2854 3041 2959 Baptism.
3077 2907 3194 2961 cap.
3241 2854 3308 2947 ib
3415 2854 3484 2945 lu
3536 2891 3668 2947 illud

729 2980 836 3031 Non
859 2979 1060 3031 humilis
1080 2979 1257 3031 mulier
1281 2981 1548 3045 triumpho.
2059 2985 2127 3041 ab
2163 2999 2229 3039 eo
2252 2993 2515 3037 assertum
2534 2981 2770 3035 'viditnus
2801 2980 2986 3052 (Supr.
3016 2998 3063 3037 c.
3095 2982 3181 3050 η,
3215 2990 3314 3036 art.
3344 2981 3402 3052 5)
3425 3023 3440 3049 ,
3472 2996 3669 3052 quem-

644 3062 842 3124 (IIorat.
863 3059 946 3112 lib.
973 3069 988 3111 ι
1014 3060 1228 3117 Camn'n.
1253 3062 1335 3114 od.
1360 3064 1440 3124 37,
1461 3077 1505 3113 υ.
1525 3062 1587 3119 25
1610 3069 1656 3115 et
1677 3065 1829 3132 seqq.)
2061 3075 2307 3131 admodm

2061 3075 2348 3131 admodum
2397 3090 2428 3129 a
2474 3073 2739 3144 discipulo
2778 3072 2896 3143 ejus
2920 3072 3190 3145 Cypriane
3216 3114 3232 3140 ,
3278 3074 3369 3146 qui
3409 3083 3670 3144 praterea

360 3167 545 3224 Altera
573 3172 735 3238 porro
762 3168 953 3224 mulier
997 3168 1452 3240 carthaginensis,
1492 3169 1773 3226 Asdrubate
1801 3174 1956 3228 mari.
1988 3175 2033 3238 C
2068 3168 2325 3238 majorem
2365 3166 2525 3237 hujus
2546 3208 2560 3230 ,
2616 3181 2776 3237 quam
2820 3166 3019 3234 prioris.
3052 3166 3299 3234 baptismi
3330 3168 3558 3237 gratiam
3588 3168 3673 3224 his

370 3271 458 3325 to,
506 3261 583 3316 ait
611 3260 1009 3329 Tertullianus,
1048 3262 1101 3316 in
1143 3263 1379 3318 extremis
1430 3264 1610 3333 pati-ite
1653 3266 1964 3321 constantior
2068 3260 2247 3316 verbis
2275 3258 2451 3328 palam
2484 3256 2779 3328 praedicat:
2817 3255 3048 3341 Primum
3078 3256 3330 3325 baptisma
3354 3256 3677 3313 credentibus

370 3354 607 3427 (Tertull.
633 3355 718 3411 lib.
750 3354 856 3411 [ad
878 3355 1094 3433 Nation.
1120 3373 1169 3413 ο.
1205 3355 1294 3425 18,
1328 3373 1381 3426 p.
1412 3356 1571 3427 ΒΜ),
1599 3357 1731 3423 sive,
1758 3359 1964 3414 utalibi
2068 3354 2299 3408 dedimus
2320 3394 2334 3418 ,
2369 3352 2436 3407 ad
2482 3350 2624 3406 aliud
2669 3364 2867 3421 quoque
2892 3350 3120 3421 singulos
3164 3366 3509 3421 pratparemus
3543 3353 3674 3408 insi-

368 3444 539 3513 dixit,
572 3447 687 3516 jam
729 3446 940 3501 ardente
977 3446 1287 3518 Carthagine
1309 3488 1324 3514 ,
1370 3463 1485 3503 cum
1529 3449 1768 3505 maritum
1817 3467 1965 3506 suum
2068 3456 2283 3501 nuantes
2315 3454 2359 3498 et
2388 3445 2622 3498 docentes
2661 3442 2757 3497 ltoc
2786 3458 2894 3497 esse
2912 3441 3165 3511 baptisma
3191 3443 3245 3497 in
3265 3443 3431 3515 gratia
3459 3444 3627 3514 majus
3650 3484 3667 3511 ,

365 3537 647 3607 supplicem
676 3536 905 3609 Scipioni
931 3537 1140 3607 uideret,
1168 3555 1283 3593 cum
1303 3539 1427 3609 ﬁliis
1455 3539 1560 3595 suis
1598 3541 1652 3596 in
1677 3542 1967 3598 incendium
2069 3538 2121 3592 in
2144 3544 2391 3608 potestate
2418 3532 2683 3590 sublimius
2706 3574 2721 3600 ,
2765 3535 2817 3587 in
2856 3533 3048 3588 honore
3088 3534 3387 3603 pretiosius;
3412 3534 3668 3604 baptisma

370 3633 549 3703 patrias
594 3632 840 3707 denotavit
891 3631 1061 3704 (Idem
1086 3675 1102 3700 ,
1159 3634 1245 3689 lib.
1299 3634 1368 3688 ad
1410 3632 1654 3706 Μαι-19η,
1699 3652 1814 3706 cap.
1865 3635 1962 3708 ι).
2068 3632 2235 3703 inquo
2255 3632 2421 3703 angeli
2445 3630 2724 3701 baptizant,
2744 3629 2994 3698 baptisma
3011 3630 3064 3681 in
3089 3643 3189 3696 quo
3218 3626 3413 3682 Deuset
3439 3626 3674 3682 Christus

370 3724 501 3781 Cum
533 3726 675 3780 enim
704 3725 1006 3780 rescivisset
1034 3724 1389 3783 Asdrubalem
1411 3767 1426 3793 ,
1449 3736 1602 3794 capta
1624 3726 1963 3798 Carthagine,
2071 3727 2178 3797 ejus
2211 3724 2467 3779 exsultant
2490 3740 2508 3789 ;
2530 3722 2799 3792 baptisma,
2827 3731 2936 3793 post
2972 3724 3108 3790 quod
3147 3737 3294 3775 nemo
3331 3722 3445 3791 jam
3475 3730 3679 3790 peccat;

371 3816 532 3870 vitam
561 3832 590 3869 a
616 3814 865 3887 Scipione
896 3817 1233 3887 impetrasse,
1264 3830 1431 3887 seque
1452 3817 1522 3873 ab
1548 3832 1614 3874 eo
1633 3818 1962 3887 derelictam,
2069 3818 2339 3889 baptisma,
2365 3816 2502 3888 quod
2528 3815 2651 3886 ﬁdei
2668 3824 2854 3871 nostra:
2873 3815 3179 3869 incrementa
3194 3823 3533 3878 consummat;
3551 3814 3680 3882 bap-

370 3908 425 3963 in
473 3892 708 3963 incensa:
748 3908 898 3965 urbis
951 3908 1103 3981 ignes
1146 3925 1204 3965 se
1233 3927 1353 3967 cum
1385 3912 1509 3967 ﬁliis
1558 3911 1806 3987 iniecisse
1850 3926 1967 3967 mc-
2049 3912 2240 3977 ‘tismu,
2262 3911 2397 3983 quod
2420 3892 2512 3963 nos
2527 3907 2793 3963 dcmundo
2810 3906 3115 3973 recedentes,
3134 3906 3305 3960 statim
3325 3903 3431 3960 Deo
3448 3906 3674 3973 copulat.

371 4010 631 4055 moratur.
665 3999 878 4056 Videsis
921 3999 1192 4058 Valerium
1219 4002 1503 4059 Maximum
1548 4005 1567 4075 (
1597 4002 1767 4059 Valer.
1817 4001 1965 4058 Max.
2071 4003 2139 4059 In
2167 4018 2313 4074 aqua:
2335 4002 2582 4071 baptismo
2607 3999 2855 4069 accipitur
2876 4008 3195 4067 peccatorum
3222 3997 3467 4062 remissio,
3488 3998 3540 4050 in
3560 4012 3676 4051 san-

376 4092 461 4147 lib.
518 4093 616 4160 ΙΙΙ,
665 4110 781 4165 cap.
837 4093 874 4148 2
917 4093 1134 4151 Extern.
1183 4094 1211 4168 §
1256 4097 1347 4169 8),
1403 4099 1643 4170 aliosque
1684 4099 1968 4154 historicos
2073 4098 2239 4167 guinis
2273 4110 2460 4149 corona
2506 4094 2743 4147 uirtutum
2770 4090 2790 4161 (
2818 4090 3060 4161 Cyprian.
3104 4089 3169 4142 de
3212 4087 3484 4143 Exhortat.
3542 4102 3681 4143 utar-

374 4188 689 4257 scriptores.
1578 4236 1583 4241 .
2074 4190 2224 4260 tyr.).
2248 4189 2468 4244 Brevius
2513 4201 2643 4241 vero
2678 4184 2801 4240 alibi
2837 4199 2851 4236 :
2888 4179 3171 4250 Numquid,
3206 4181 3395 4251 inquit,
3423 4188 3582 4249 potest
3604 4181 3677 4236 vis

446 4277 550 4333 Tot
577 4286 756 4334 autem
786 4294 906 4334 cum
946 4280 1181 4337 virorum
1230 4291 1343 4337 tum
1398 4282 1679 4338 mulierum
1707 4283 1971 4355 exemplis
2075 4280 2311 4351 baptismi
2358 4296 2466 4335 esse
2508 4280 2674 4348 major
2712 4285 2800 4329 aut
2829 4276 3014 4342 potior,
3042 4288 3192 4342 quam
3217 4273 3493 4342 confessio,
3526 4287 3681 4343 quam

376 4379 527 4426 recte
567 4370 930 4426 Tertullianus
959 4372 1294 4429 demonstrat
1344 4372 1708 4442 Christianos,
1756 4376 1855 4431 sibi
1903 4375 1972 4429 ob
2077 4374 2267 4445 passio,
2302 4381 2357 4426 ut
2401 4372 2514 4441 quis
2562 4384 2736 4422 coram
2783 4364 3070 4420 hominibus
3124 4367 3445 4433 conﬁteatur,
3486 4373 3684 4420 etsun-

377 4466 547 4521 solam
568 4465 883 4535 religionem
902 4465 1044 4520 illata
1067 4466 1135 4521 ab
1152 4466 1381 4523 ethnicis
1397 4476 1569 4522 morte
1599 4467 1972 4525 lubentissimo
2075 4468 2226 4537 guine
2251 4479 2346 4518 suo
2371 4462 2648 4532 baptizetur
2679 4459 2698 4528 (
2734 4456 2846 4522 Id.‘,
2874 4472 2959 4525 ep.
3006 4456 3094 4511 75.
3137 4456 3204 4509 ad
3229 4456 3353 4511 Jub.
3390 4453 3449 4525 )‘t
3480 4453 3682 4509 Eadem

381 4558 562 4613 animo
580 4558 991 4626 occumbentes,
1045 4559 1114 4614 ab
1152 4560 1237 4616 bis
1295 4575 1572 4631 perperam
1615 4560 1901 4617 dementia:
1929 4564 2062 4623 etD
2090 4557 2180 4612 ille
2232 4555 2357 4610 alibi
2408 4552 2603 4623 repetit
2654 4548 2876 4623 (Idem,
2931 4547 3079 4617 epist.
3147 4546 3237 4603 55.
3281 4546 3371 4600 tib.
3417 4544 3481 4599 de
3527 4544 3683 4601 Orat.

382 4651 773 4721 desperationis
797 4653 1060 4708 accusari.
1086 4651 1221 4708 Nam
1249 4653 1474 4708 summis
1528 4653 1603 4707 illi
1640 4653 1883 4711 laudibus
1921 4665 1975 4712 et

2079 4648 2291 4704 Domiu.
2321 4647 2374 4717 ),
2411 4660 2530 4715 qua:
2578 4641 2862 4697 conﬁrmat
2907 4636 3235 4709 Augustinus
3286 4635 3553 4708 (August.
3588 4634 3680 4690 lib.

382 4743 649 4799 honorum
684 4744 852 4801 titulis
893 4758 1021 4799 suos
1050 4787 1065 4813 ,
1099 4745 1356 4802 hactenus
1383 4753 1708 4801 memoratos
1735 4748 1977 4803 cumula-
2082 4741 2199 4797 Xlll
2227 4739 2290 4794 de
2331 4736 2478 4793 Civit.
2505 4752 2622 4806 cap.
2644 4735 2722 4804 7),
2747 4732 2835 4788 ubi
2858 4729 3020 4786 variis
3042 4728 3334 4799 Scriptura:
3359 4741 3528 4784 sacra
3562 4740 3688 4783 rer-

382 4835 529 4891 bant.
564 4836 808 4907 Atlonge
825 4836 1120 4906 majoribus
1138 4836 1282 4908 digni
1298 4846 1451 4893 erant
1471 4838 1745 4894 christiani
1777 4848 1981 4912 marty-
2084 4835 2166 4891 bis
2220 4829 2456 4888 ostendit
2506 4836 2708 4884 tantum
2758 4823 2939 4879 valere
2979 4820 3313 4892 martyrium,
3337 4828 3611 4912 quantum
3641 4816 3692 4874 si

383 4943 472 4985 res
495 4970 511 4996 ,
540 4928 631 4999 qui
661 4945 767 4984 nun
797 4929 1013 4985 caducae
1052 4931 1307 5001 vnumq‘ne
1351 4931 1627 4987 hominum
1669 4933 1855 5004 gloria:
1892 4910 1983 4989 cn-
2085 4927 2204 4997 quis
2239 4937 2394 4979 sacro
2433 4918 2768 4994 baptismatis
2803 4915 2949 4971 fonte
2983 4913 3310 4971 ablueretur.
3334 4910 3413 4969 lbi
3432 4927 3561 4971 vero
3591 4911 3690 4967 ad-

386 5022 600 5090 ptandae
623 5062 640 5089 ,
680 5021 776 5077 sed
803 5031 1020 5079 aeterna:
1047 5022 1314 5080 felicitatis
1357 5024 1733 5095 comparanda:
1767 5041 1980 5097 caussa,
2082 5023 2195 5094 jicit
2229 5035 2242 5073 ε
2285 5018 2423 5087 Quid
2452 5017 2586 5072 enim
2632 5013 2918 5089 Ρνεείοεὶβιδι
2943 5025 3095 5081 quam
3126 5024 3286 5075 ’τευτευ
3317 5022 3406 5077 Per
3430 5021 3581 5097 ιιιιαηι
3608 5005 3687 5097 θ’,

385 5112 670 5169 horrendis
693 5115 852 5184 plane
867 5116 1189 5172 cruciatibus
1207 5132 1265 5173 se
1285 5094 1653 5175 excarniﬁcari
1672 5120 1863 5174 mirum
1883 5094 1989 5190 pla-
2091 5124 2148 5170 ut
2176 5125 2222 5170 et
2249 5112 2434 5167 delicta
2477 5108 2650 5164 omnia
2683 5105 3011 5159 dimittantur
3032 5142 3047 5165 ,
3079 5108 3125 5154 et
3155 5098 3338 5153 merita
3384 5094 3693 5190 cumulatius

386 5221 453 5260 ne
479 5205 533 5260 in
562 5206 781 5271 inodum
811 5208 1166 5279 patiebantur.
1196 5210 1671 5268 Persuasissimum
1723 5188 1989 5284 siquidem
2094 5201 2726 5281 augeantur.Ambrosius
2742 5206 2918 5252 autem
2936 5194 3173 5265 pressius
3186 5190 3505 5248 Tertulliani
3523 5188 3697 5284 nostri

388 5297 659 5357 habebant
679 5315 739 5357 se
760 5303 1019 5374 martyrio
1043 5304 1424 5374 sempiternam
1450 5282 1831 5360 beatitudinem
1859 5321 1993 5361 cono
2099 5303 2317 5372 vestigia
2368 5308 2583 5356 secutus
2625 5302 2736 5351 est:
2760 5291 2882 5346 Non
2904 5306 3084 5353 unum,
3113 5286 3302 5359 inquit,
3325 5295 3397 5342 est
3418 5282 3701 5355 baptisma?

390 5403 691 5451 secuturos.
720 5394 831 5452 Sed
860 5395 912 5453 id
944 5412 977 5453 a
1003 5399 1160 5454 nobis
1190 5399 1347 5470 paulo
1388 5400 1669 5457 enodatius
1708 5400 1992 5472 explican-
2095 5395 2264 5450 Unum
2290 5402 2383 5458 est,
2412 5390 2549 5462 quod
2576 5389 2657 5442 Ιιὲο
2683 5385 2837 5440 “ad”
2866 5381 3128 5448 Εεείεείαο
3162 5396 3251 5472 Ρξν
3275 5387 3527 5472 "quani"
3558 5376 3694 5472 δρί-

390 5486 517 5544 dum
547 5498 650 5545 est.
1192 5468 1205 5470 ﬁ
1782 5468 1795 5472 ’

2091 5490 2247 5543 ritum
2276 5493 2524 5546 sanctum,
2554 5481 2617 5534 de
2643 5494 2742 5549 quo
2762 5477 2883 5531 dicit
2905 5472 3155 5528 Dominus
3176 5470 3327 5526 Iesus
3351 5487 3406 5526 ει
3431 5468 3700 5539 Baptisma

992 5580 1282 5622 Ακτιοθιυε
1318 5581 1392 5624 ινα
2076 5572 2256 5635 Ἰιιώεο
2277 5575 2544 5648 baptizari,
2563 5588 2655 5643 quo

2076 5572 2256 5635 'Itubeo
2277 5575 2544 5648 baptizari,
2563 5572 2696 5643 quod
2716 5585 2802 5624 vos
2823 5566 3073 5622 nescitis.»
3098 5563 3141 5619 Ι]
3150 5565 3282 5635 tique
3290 5564 3402 5635 jam
3418 5561 3705 5633 baptizatus

401 5669 569 5735 Quam
593 5673 860 5744 perspicue
884 5673 1230 5733 Tertullianns
1256 5678 1433 5733 doceat
1454 5678 1760 5750 martyrium
1789 5695 1899 5734 esse
1918 5695 1998 5735 se.
2098 5673 2150 5727 in
2178 5669 2409 5727 Iordane
2432 5668 2619 5739 fuerat,
2642 5664 2770 5717 sicut
2795 5658 3063 5731 superiora
3077 5654 3342 5750 declarant
3368 5671 3387 5709 :
3416 5654 3504 5710 sed
3526 5654 3592 5709 sit
3609 5652 3706 5750 hoc

472 5762 691 5820 cundum
720 5764 1005 5837 baptisma,
1057 5785 1158 5840 quo
1203 5776 1307 5827 tota
1349 5768 1448 5828 Dei
1491 5744 1660 5844 gratia
1702 5771 2000 5842 redimitur,
2104 5764 2406 5839 baptismum
2436 5758 2708 5832 passionis,
2742 5769 2841 5825 quo
2865 5752 3015 5808 etiam
3041 5748 3289 5821 εαηοιςίηε
3313 5760 3406 5805 ⁸κο
3437 5744 3712 5817 “ﬂuuium
