4212 6262
530 268 638 331 975

1600 256 1670 315 IN
1706 249 2174 314 TERTULLIANI
2211 246 2743 308 APOLOGE'I'ICUM
3042 288 3059 300 .
3279 246 3291 275 τ

3676 292 3681 296 .
3725 235 3839 293 976

494 382 497 383 ⁷
529 402 629 453 que
669 383 943 440 inundatur
969 380 990 454 (
1015 379 1247 435 Ambros.
1280 371 1518 447 Exposit.
1558 372 1613 426 in
1663 368 1850 442 psalm.
1900 363 2134 432 CXVIII,
2162 364 2216 426 Α
2239 365 2371 420 alias
2401 363 2620 434 feceritis
2643 405 2657 429 ,
2692 356 3009 432 pontificalia
3032 363 3185 430 atque
3198 352 3471 428 auguralia
3492 350 3715 425 insignia
3744 351 3837 405 ad-

533 446 688 536 serm.
721 479 787 540 5,
818 475 846 548 §
882 474 947 531 I4
1071 470 1178 528 Sed
1218 467 1287 525 de
1342 467 1425 523 his
1470 466 1621 538 plura
1668 462 1809 536 apud
1854 460 2131 532 theologos
2222 457 2405 528 jicere,
2426 453 2672 527 quilovis
2695 453 2870 525 optimi
2892 451 3104 506 maximi
3133 452 3320 503 ornatu
3343 446 3608 501 decoratus
3632 486 3647 510 ,
3675 460 3836 498 curru
3898 499 3911 507 ,

533 569 885 630 scholasticos
937 565 1037 636 legi
1081 569 1306 633 possunt
1344 562 1363 633 (
1393 558 1459 615 In
1484 559 1575 613 lib.
1619 556 1708 613 IV.
1742 556 1975 611 Setttcnt.
2006 552 2130 607 dist.

533 668 592 731 4,
621 676 670 720 et
696 664 749 717 in
772 661 970 717 Summ.
998 656 1058 713 S.
1078 655 1263 710 Thom.
1291 663 1425 725 part.
1446 651 1537 720 III,
1562 658 1740 722 quaest.
1765 648 1856 716 66,
1885 657 1984 702 art.
2018 643 2131 719 Il).

611 758 931 812 Persuasum
962 750 1120 822 igitur
1139 748 1456 804 Christianis
1485 745 1695 817 penitus
1721 753 1837 800 erat
1861 755 2133 811 nunquam

535 851 794 921 majorem
817 860 877 902 se
902 844 969 901 de
993 842 1328 899 dmmonibus
1348 881 1365 907 ,
1396 849 1615 895 aeterna:
1660 852 1771 892 sum
1799 835 1986 890 salutis
2007 848 2135 887 oso-

536 945 712 1010 ribus,
745 938 1070 1010 triumphum
1101 950 1283 1008 agere,
1311 949 1471 1004 quam
1498 947 1620 988 cum
1658 928 1857 986 ethnici
1889 925 2136 996 malignis

535 1039 750 1096 illorum
771 1031 1200 1102 instigationibus
1212 1026 1514 1091 subornati,
1536 1025 1681 1095 ipsos
1699 1029 1915 1094 propter
1936 1018 2137 1075 Christi

536 1128 937 1187 confessionem
979 1120 1419 1179 interﬁeiehant:
1466 1116 1606 1171 Nam
1652 1115 1804 1178 illos,
1834 1111 1909 1166 ait
1937 1113 2137 1177 Auctor

537 1233 745 1284 noster,
778 1232 1037 1289 nunquam
1066 1212 1228 1284 magis
1245 1208 1706 1277 detriumphamus,
1731 1220 1885 1276 quam
1910 1217 2025 1256 cum
2045 1215 2137 1272 pro

540 1316 661 1386 ﬁdei
689 1310 1019 1369 obstinatione
1036 1304 1364 1378 (Tertullian.
1390 1300 1606 1372 Apolog.
1637 1314 1752 1366 cap.
1779 1295 1872 1362 27,
1900 1312 1952 1363 p.
1985 1290 2135 1365 454),

539 1426 638 1468 seu
668 1405 974 1467 constanti,
1009 1411 1067 1457 ut
1092 1400 1252 1473 paulo
1278 1405 1402 1473 ante
1451 1393 1764 1449 dicebamus
1786 1433 1801 1456 ,
1833 1388 2138 1458 invictaque

538 1500 875 1563 defensione,
898 1472 1225 1549 damnamur.
1253 1472 1384 1557 Quis
1408 1494 1609 1548 autem,
1626 1494 1680 1539 et
1698 1496 1855 1554 quam
1875 1479 2139 1551 gloriosus

541 1595 616 1651 sit
657 1592 750 1647 ille
795 1586 1221 1646 Christianorum
1271 1576 1573 1648 triumphus
1602 1618 1616 1642 ,
1647 1575 1788 1629 hunc
1817 1573 2047 1647 explicat
2085 1571 2138 1624 in

537 1684 759 1743 modum
790 1699 804 1737 :
835 1679 1086 1735 Proelium
1113 1685 1185 1731 est
1222 1673 1387 1735 nobis,
1432 1669 1569 1740 quod
1596 1666 1900 1737 christiana:
1928 1661 2138 1733 proles-

2235 558 2415 603 aurato
2470 562 2560 616 per
2592 543 2779 601 Urbem
2828 552 3034 607 uectus,
3069 542 3143 594 .in
3183 537 3497 610 Capitolium
3547 535 3839 591 ascenderit

2238 640 2374 717 (Liv.
2407 640 2495 695 lib.
2519 638 2639 711 X,§
2669 638 2765 711 7)?
2811 634 2885 691 Ita
2913 643 3090 690 autem
3120 631 3280 699 dixit,
3311 628 3455 685 lovis
3482 637 3689 694 ornatu,
3707 627 3838 697 quia

2240 733 2632 805 triumphantes,
2656 730 2730 785 uti
2758 728 3010 785 observat
3034 725 3277 789 Servius,
3305 722 3488 778 habent
3505 720 3676 775 omnia
3691 718 3840 773 locis

2237 828 2478 900 insignia,
2507 835 2757 896 sceptrum
2794 823 3095 894 palmatam.
3129 816 3282 898 Unde
3309 817 3378 870 ait
3402 813 3688 878 Iuvenalis,
3722 830 3743 864 ι
3784 813 3842 867 in

2240 921 2413 974 tunica
2436 917 2579 973 Iovis
2604 916 2807 977 slServ.
2830 916 2885 970 in
2909 913 3067 983 eclog.
3093 912 3180 974 I0,
3202 910 3353 975 v.27,
3370 927 3422 981 p.
3453 908 3570 979 55).
3599 907 3675 962 De
3688 916 3842 963 veste

2240 1023 2416 1068 antem
2443 1011 2696 1081 palmata,
2717 1018 2944 1064 etcurru
2962 1007 3031 1062 ita
3060 1007 3147 1061 ille
3163 1004 3291 1060 alibi
3314 1020 3328 1059 :
3358 1001 3639 1058 Sciendum
3658 1002 3840 1057 sellam

2241 1107 2468 1161 curulem
2510 1123 2543 1159 ιι
2598 1119 2756 1159 curru
2809 1102 3002 1157 dictam
3025 1143 3039 1166 ,
3068 1100 3204 1171 quod
3233 1115 3293 1153 ea
3316 1106 3515 1153 tantum
3546 1098 3838 1163 utebantur,

2241 1202 2325 1273 qui
2357 1199 2654 1271 triumphali
2679 1214 2833 1253 curru
2857 1198 3045 1252 invecti
3088 1196 3306 1268 fuissent
3332 1210 3350 1249 :
3374 1195 3502 1249 sicut
3534 1194 3687 1248 etiam
3717 1192 3838 1263 pal-

2242 1303 2379 1349 mata
2399 1293 2582 1346 dicitur
2606 1293 2797 1353 tunica,
2828 1306 2979 1363 quam
3005 1289 3344 1351 merebantur,
3385 1286 3473 1358 qui
3494 1294 3840 1357 reportassent

2242 1384 2305 1439 de
2324 1382 2549 1439 hostibus
2576 1383 2799 1454 palmam
2821 1380 3015 1454 (Idem,
3057 1380 3109 1433 in
3139 1379 3229 1435 lib.
3256 1377 3320 1434 II.
3358 1375 3575 1433 /Eneid.
3621 1393 3671 1433 υ.
3701 1377 3836 1445 554,

2242 1493 2297 1547 ρ.
2331 1476 2478 1550 657).
2499 1474 2687 1531 Nonne
2705 1481 2882 1530 autem
2904 1473 2972 1527 ibi
2999 1472 3172 1527 innuit
3200 1484 3318 1526 eam
3343 1470 3423 1525 sic
3457 1480 3839 1540 nuncupatam,

2242 1570 2364 1640 quia
2388 1568 2472 1624 his
2497 1567 2743 1635 dabatur,
2777 1566 2865 1637 qui
2896 1566 3125 1635 palmam
3161 1562 3508 1618 meruerant?
3534 1562 3633 1617 Alii
3661 1569 3844 1617 tamen

2242 1660 2320 1717 sic
2343 1670 2585 1716 vocatam
2614 1661 2922 1730 opinantur,
2949 1656 3094 1727 quod
3137 1654 3328 1726 palmis
3347 1661 3494 1711 esset
3521 1653 3744 1709 intexta.
3766 1650 3845 1711 De

538 1778 710 1835 sionis
752 1772 1009 1837 accusati,
1045 1780 1378 1838 provocamur
1407 1762 1473 1815 ad
1498 1758 1780 1832 gentilium
1820 1754 2098 1810 tribunalia
2122 1767 2138 1818 ;
2169 1760 2217 1820 B
2246 1755 2334 1810 illa
2356 1767 2518 1825 porro
2546 1752 2596 1807 hi
2624 1760 2750 1807 sunt
2778 1750 3031 1805 Martialis
3064 1762 3250 1803 versus
3279 1764 3294 1801 :

536 1880 596 1926 ut
611 1870 718 1925 illic
738 1866 829 1921 sub
861 1861 1152 1919 discrimine
1171 1857 1352 1928 capitis
1383 1870 1476 1926 pro
1503 1851 1710 1907 veritate
1734 1848 1975 1918 ejusdem
2003 1844 2131 1900 reli-

536 1961 713 2033 gionis
743 1965 939 2012 nostra:
960 1951 1178 2017 tuenda,
1206 1958 1452 2002 certemus
1471 1982 1485 1999 .
1528 1942 1582 1997 In
1623 1942 1726 1997 hoc
1746 1949 1924 1995 autem
1948 1937 2136 2008 pra-lio

534 2030 1014 2118 uincimusdnquit,
1044 2058 1160 2096 cum
1185 2039 1482 2095 occidimur.
1509 2034 1749 2104 Denique
1771 2046 1836 2086 ex
1865 2030 1966 2086 hoc
1986 2043 2134 2100 prm-

536 2144 614 2201 Iio
640 2142 872 2197 victores
896 2134 1156 2192 evadimus
1185 2148 1299 2186 cum
1328 2128 1628 2184 obducimur
1676 2122 1841 2189 (Ibid.
1867 2138 1913 2175 c.
1957 2121 2047 2186 5t),
2078 2137 2131 2190 p.

537 2233 762 2307 530),id
789 2241 873 2288 est
890 2252 921 2296 ,-
936 2227 1005 2283 ad
1022 2224 1340 2298 supplicium
1359 2221 1503 2276 ducti
1526 2217 1893 2274 consumimur
1913 2220 1967 2268 ct
1995 2218 2134 2267 occi-

538 2305 737 2385 dimur.
768 2326 849 2393 Eo
874 2321 1016 2380 enim
1046 2335 1206 2376 sensu
1232 2318 1431 2374 Auctor
1461 2321 1645 2369 noster
1675 2309 1775 2365 hoc
1797 2308 2016 2363 verbum
2047 2305 2132 2359 ob-

538 2423 774 2476 ducimur
814 2417 887 2473 ibi
931 2415 1142 2471 videtur
1171 2409 1485 2479 sumpsisse,
1515 2402 1655 2476 quod
1677 2402 1783 2458 alio
1807 2401 2129 2472 significatu,

533 2514 616 2569 uti
643 2510 970 2572 videbimus,
1001 2503 1127 2559 alibi
1153 2502 1377 2572 accepit.
1405 2498 1537 2565 Quia
1570 2510 1698 2550 vero
1722 2491 2014 2548 Christiani
2045 2489 2130 2544 ni-

534 2608 614 2663 hil
636 2604 806 2677 magis
830 2603 881 2658 in
909 2598 1049 2656 votis
1072 2596 1362 2661 habebant,
1395 2606 1556 2664 quam
1584 2603 1684 2661 pro
1715 2585 1992 2659 religionis
2017 2598 2132 2639 sua:

534 2697 847 2755 defensione
870 2691 1006 2749 mori
1035 2699 1089 2745 et
1115 2686 1401 2750 trucidari,
1431 2683 1715 2738 vincebant
1744 2681 1927 2750 utique
1955 2718 1970 2744 ,
2004 2691 2128 2731 cum

534 2791 884 2847 necabantur.
915 2785 1049 2845 Nam
1069 2782 1280 2839 victoria
1307 2789 1404 2847 est,
1434 2778 1507 2832 ait
1537 2776 1712 2832 adhuc
1742 2773 2127 2840 Tertullianus,

536 2900 633 2952 pro
658 2898 757 2954 quo
782 2880 1069 2944 certaveris,
1096 2876 1319 2931 obtinere
1347 2872 1394 2945 (ι
1406 2872 1556 2943 bid.).

609 2978 681 3030 At
705 2972 883 3028 hocin
922 2967 1217 3026 certamine
1261 2967 1514 3028 victores,
1558 2972 1609 3018 et
1649 2960 1820 3034 gloria
1851 2959 2033 3031 utique
2078 2966 2132 3013 et

533 3067 744 3141 praeda,
765 3064 1005 3121 omnium
1035 3060 1273 3133 profecto
1295 3058 1548 3126 maxima,
1569 3056 1938 3128 potiebantur;
1963 3069 2130 3125 quau.

476 3140 483 3145 D
536 3140 828 3232 doquidem
855 3175 914 3215 ea
937 3156 1149 3212 victoria
1172 3197 1186 3222 ,
1240 3152 1316 3209 uti
1338 3153 1413 3208 ait
1449 3151 1811 3207 Tertullianus
1841 3191 1857 3216 ,
1884 3147 2054 3203 habet
2084 3154 2130 3200 et
2158 3146 2203 3208 C

538 3254 757 3327 gloriam
794 3249 1027 3324 placendi
1070 3245 1182 3301 Deo
1204 3287 1220 3313 ,
1259 3255 1302 3301 et
1325 3244 1553 3317 prmdam
1580 3240 1782 3298 vivendi
1811 3242 2133 3295 inwternum

487 3352 493 3358 '
537 3344 749 3421 (Ibid).
780 3345 857 3400 Eo
874 3352 1051 3400 autem
1075 3340 1301 3397 fortasse
1328 3337 1499 3407 major
1528 3335 1833 3407 gratiorque
1853 3332 1973 3388 haec
1997 3346 2135 3402 prae-

534 3442 605 3499 da
624 3440 726 3511 ipsi
748 3437 1045 3503 videbatur,
1061 3433 1203 3507 quod
1230 3433 1367 3487 sicut
1386 3444 1548 3501 supra
1573 3427 1947 3481 aunotavimus
1970 3424 2129 3495 (Sap.

535 3551 581 3589 c.
612 3535 706 3599 II,
749 3540 850 3587 art.
878 3530 975 3602 5),
1048 3523 1386 3584 existimabat
1430 3520 1561 3576 illud
1606 3518 1872 3575 felicitatis
1916 3525 2133 3572 atteram

533 3624 851 3696 praemium,
890 3622 1009 3676 aliis
1047 3618 1204 3690 justis
1240 3615 1462 3671 dilatum
1485 3654 1500 3679 ,
1563 3612 1765 3667 sanctis
1807 3609 2130 3681 martyribus

536 3717 721 3772 statim
749 3722 871 3785 post
899 3720 1126 3767 mortem
1157 3721 1545 3776 excessumque
1586 3720 1739 3760 suum
1762 3704 2018 3761 conferri.

607 3806 746 3875 Quin
773 3807 933 3860 etiam
966 3812 1073 3857 tam
1104 3801 1364 3870 insignem
1398 3796 1726 3867 triumphum
1766 3796 1835 3851 de
1860 3795 2059 3851 mundo
2079 3804 2134 3850 et

538 3898 754 3955 diabolo
773 3894 1052 3967 agentibus
1090 3907 1196 3948 non
1227 3889 1413 3945 deerat
1438 3888 1877 3958 triumphantium
1899 3887 2131 3955 habitus,

540 3991 708 4048 vestis
734 3988 965 4062 palmata
988 4028 1002 4053 ,
1037 3995 1090 4043 et
1134 3998 1345 4039 currus.
1374 3981 1482 4039 Sed
1508 3996 1778 4058 quamam,
1810 3990 1987 4051 putas,
2019 3980 2136 4037 hanc

542 4082 1153 4154 eranttriumphantium
1180 4090 1474 4150 martyrum
1529 4075 1793 4146 insignia?
1820 4074 1961 4130 Nihil
1988 4085 2136 4130 certe

539 4179 755 4243 minus,
796 4191 955 4247 quam
994 4187 1339 4230 romanorum
1389 4171 1586 4226 ducum
1634 4177 1690 4223 et
1731 4169 2132 4239 imperatorum.

541 4269 677 4326 Nam
707 4283 829 4324 cum
870 4266 936 4321 ad
962 4265 1171 4321 dimidii
1205 4264 1353 4331 axis,
1395 4261 1462 4317 de
1490 4275 1597 4332 quo
1622 4260 1781 4330 paulo
1807 4269 1964 4315 antea
1991 4300 2006 4324 ,
2038 4259 2135 4314 sti-

541 4362 708 4434 pitem
734 4360 841 4417 vivi
869 4359 1150 4423 exurimur,
1183 4358 1267 4412 hic
1302 4365 1392 4418 est,
1427 4357 1500 4409 ait
1529 4354 1908 4421 Tertullianus,
1938 4352 2137 4407 habitus

542 4453 768 4508 victorite
807 4461 1015 4515 nostra',
1047 4449 1156 4504 htec
1186 4449 1412 4518 palmata
1438 4447 1618 4510 vestis;
1660 4445 1752 4500 tali
1779 4461 1930 4499 curru
1958 4445 2139 4499 trium-

545 4545 762 4617 phamus
790 4542 1112 4616 (Tertullian.
1142 4540 1404 4611 Apologet.
1436 4555 1484 4593 c.
1513 4538 1600 4601 50,
1634 4538 1852 4608 p.530).

618 4636 855 4693 Primum
904 4645 1081 4690 autem
1128 4632 1199 4689 ibi
1251 4640 1580 4687 memoratur
1610 4630 1822 4684 habitus
1863 4628 2136 4693 victoriae,

544 4742 653 4800 quo
680 4729 896 4783 nomine
924 4726 1220 4798 generatim
1249 4722 1618 4795 signiﬁcantur
1655 4722 1835 4776 omnia
1863 4720 2101 4776 victoria:
2120 4760 2135 4786 ,

540 4826 662 4876 slve
690 4819 1152 4891 triumphantium,
1179 4825 1490 4873 ornamenta
1513 4855 1527 4883 ,
1548 4815 1797 4869 nimirum
1820 4827 2018 4867 corona
2039 4826 2137 4866 auo

541 4928 661 4978 rea,
700 4913 831 4970 sella
859 4913 1092 4977 curulis,
1151 4909 1320 4981 scipio
1340 4909 1641 4972 eburneus,
1696 4915 1815 4976 toga
1842 4904 2016 4975 picta,
2049 4914 2135 4958 tu-

544 5004 665 5061 itica
694 5006 946 5077 palmata,
978 5012 1033 5061 et
1062 5003 1195 5068 alia,
1238 5014 1464 5070 quorum
1510 4999 1757 5067 frequens
1788 4996 1927 5067 apud
1958 4996 2137 5051 varios

542 5099 836 5170 scriptores
861 5095 1064 5153 mentio
1084 5094 1218 5150 facta
1234 5101 1336 5149 est.
1359 5091 1641 5148 Brevitatis
1660 5102 1786 5144 vero
1797 5101 1982 5143 caussa
2002 5102 2137 5158 prte-

541 5193 810 5250 termissis
832 5191 1076 5263 pluribus
1106 5187 1191 5244 his
1218 5185 1567 5249 ornamentis,
1590 5183 1699 5238 duo
1728 5192 1929 5236 tantum
1956 5181 2138 5236 abillo

548 5284 853 5341 indicantur
871 5326 886 5349 ,
910 5282 1139 5354 palmata
1169 5280 1354 5342 vestis.
1378 5286 1433 5332 et
1458 5273 1796 5347 triumphalis
1824 5288 2037 5329 currus.
2067 5275 2137 5328 At

544 5376 732 5433 Livius
755 5375 825 5432 de
853 5376 918 5431 iis
946 5373 1173 5443 aliisque
1193 5370 1413 5426 Decium
1459 5369 1762 5440 loquentem
1793 5367 1872 5421 sic
1892 5364 2092 5423 inducit
2122 5379 2135 5415 :

548 5469 645 5525 Cui
673 5469 884 5525 deorum
910 5466 1231 5521 hominumve
1254 5462 1520 5534 indignum
1537 5460 1697 5514 videri
1719 5468 1878 5528 potest
1898 5474 1983 5513 eos
2007 5458 2141 5513 viros

550 5578 677 5632 quos
703 5577 792 5617 vos
832 5560 969 5615 sellis
993 5556 1270 5619 curulibus,
1303 5564 1420 5626 toga
1447 5562 1705 5624 prieterrla,
1740 5552 1908 5606 tunica
1938 5551 2139 5621 palma-

555 5665 643 5722 ta,
673 5665 721 5710 et
751 5664 867 5726 toga
902 5653 1070 5723 picta,
1121 5660 1165 5705 et
1190 5663 1377 5703 corona
1403 5646 1700 5716 triumphali
1741 5645 2141 5708 honoraveritis,

551 5760 766 5811 quorum
792 5744 974 5798 domos
1000 5782 1015 5809 ,
1055 5740 1235 5811 spoliis
1265 5740 1480 5796 hostium
1518 5737 1714 5807 afﬁxis,
1760 5736 1984 5807 insignes
2012 5737 2141 5791 inter

1206 5844 1234 5862 δ

2163 4537 2217 4597 D

2491 1867 2532 1930 Ι,
2552 1878 2744 1930 comes,
2771 1871 2825 1915 et
2848 1876 3051 1930 magnos
3075 1860 3226 1930 illaesa
3255 1872 3464 1930 merere
3482 1859 3777 1930 triumphos,

2548 1922 2878 1992 Palmataeque
2895 1922 3092 1986 ducem,
3110 1925 3198 1974 sed
3222 1925 3322 1974 cito
3344 1922 3499 1973 redde
3523 1922 3672 1984 togae.

2826 2008 3075 2078 (Martial.
3101 2007 3185 2060 lib.
3211 2016 3302 2070 VII,
3329 2008 3618 2073 epigratrm.
3639 2006 3713 2069 1.)

2235 2141 2290 2198 Si
2321 2141 2440 2213 quis
2471 2140 2621 2210 plura
2665 2139 2823 2204 velit,
2873 2137 2961 2192 hic
3000 2135 3157 2193 adeat
3200 2132 3479 2189 Octavium
3530 2130 3838 2187 Ferrarinm

2237 2233 2474 2306 (Ferrar.
2503 2235 2591 2289 lib.
2624 2233 2665 2288 II
2697 2234 2760 2288 de
2788 2231 2864 2287 Re
2898 2231 3103 2287 vestiar.
3128 2246 3175 2284 c.
3204 2226 3283 2301 8),
3315 2226 3509 2283 Aldum
3539 2224 3835 2281 Manntium

2236 2328 2257 2397 (
2286 2327 2485 2383 Manut.
2519 2327 2583 2381 de
2618 2337 2736 2399 toga
2769 2324 3045 2396 Romam),
3075 2323 3332 2379 Lazarum
3385 2319 3623 2393 Baylimn
3652 2318 3835 2393 (Bayf.

2236 2422 2300 2477 de
2315 2420 2393 2477 Re
2409 2423 2607 2477 vestiar.
2637 2438 2684 2477 ι’.
2710 2419 2826 2490 10),
2855 2420 3132 2475 Albertum
3156 2414 3457 2471 Rubenium
3476 2413 3728 2483 (Ruben,
3750 2414 3790 2468 ι.
3816 2412 3837 2468 I

2236 2516 2299 2570 de
2332 2515 2411 2571 Re
2449 2515 2652 2569 vestiar.
2703 2530 2750 2568 c.
2793 2512 2909 2583 2i),
2954 2512 3042 2582 qui
3072 2510 3141 2567 de
3165 2525 3327 2566 curru
3378 2507 3685 2580 triumphali
3712 2508 3837 2564 data

2234 2622 2394 2678 opera
2424 2606 2717 2678 disputant.
2766 2608 2834 2660 At
2876 2613 3133 2687 praeterea
3168 2603 3235 2658 de
3266 2603 3348 2657 his
3395 2602 3620 2672 aliisque
3645 2601 3835 2657 trium-

2232 2698 2511 2770 phantium
2532 2697 2833 2769 insignibus
2862 2706 2917 2753 et
2935 2697 3269 2752 ornamentis
3298 2694 3521 2764 poteris,
3547 2694 3591 2749 si
3615 2693 3763 2748 Iubet
3776 2702 3838 2750 et

2234 2801 2423 2858 vacat,
2446 2789 2595 2867 adire
2623 2788 2887 2860 Onuphrii
2915 2788 3136 2843 Panvini
3175 2785 3243 2843 de
3266 2781 3565 2856 Triumpho
3598 2785 3789 2839 librum
3811 2825 3829 2852 ,
3934 2815 3949 2821 ο

2236 2895 2292 2941 et
2318 2883 2517 2939 Maderi
2539 2883 2592 2937 in
2613 2898 2735 2940 eum
2760 2882 3171 2937 annotatioues;

2308 2977 2582 3035 Craterum
2603 2977 2765 3048 longe
2801 2976 2975 3048 major
2998 2985 3114 3032 erat
3137 2976 3332 3033 eximia
3366 2975 3515 3046 plane
3540 2985 3836 3047 martyrum

2241 3069 2834 3141 nostrorunrtriumphi
2868 3070 3056 3140 gloria.
3100 3068 3291 3124 Mediis
3319 3067 3587 3124 enimvero
3629 3081 3834 3122 accen-

2238 3178 2417 3220 sorum
2447 3170 2840 3217 sarmentorum
2871 3160 3124 3227 ﬂammis,
3157 3168 3404 3231 tanquam
3421 3166 3678 3230 purpurea
3705 3159 3831 3230 pal-

2237 3264 2485 3325 mataque
2514 3262 2663 3309 veste
2683 3295 2697 3319 ,
2743 3251 2978 3322 undique
3005 3251 3291 3316 combusti,
3322 3260 3482 3322 atque
3501 3250 3567 3305 ad
3597 3249 3837 3320 stipitem

2236 3346 2523 3420 palumque
2539 3346 2757 3417 alligati,
2775 3344 2897 3400 inde
2917 3343 3054 3400 sicut
3084 3341 3392 3413 triumphali
3406 3351 3557 3397 veste
3571 3352 3625 3397 et
3648 3357 3835 3409 curru,

2236 3455 2343 3494 non
2378 3439 2430 3493 in
2459 3437 2803 3507 Capitolium,
2835 3435 2929 3491 sed
2974 3436 3025 3489 in
3060 3434 3387 3506 paradisum,
3421 3445 3479 3489 ut
3515 3448 3676 3505 supra
3702 3433 3840 3489 vidi-

2237 3548 2357 3589 mus
2383 3533 2450 3604 (c.
2476 3533 2564 3596 ll,
2594 3542 2696 3585 art.
2729 3530 2805 3603 5).
2834 3529 2902 3586 de
2931 3528 3153 3595 mundo,
3177 3527 3247 3584 de
3273 3526 3540 3600 tyrannis,
3560 3536 3616 3582 et
3636 3525 3703 3582 de
3723 3524 3841 3581 dia-

2237 3624 2361 3681 bolo
2391 3621 2804 3694 triumphautes,
2834 3620 3187 3676 ducebantur.
3290 3604 3295 3608 ’

2805 3733 3035 3792 CAPUT
3076 3731 3242 3789 XVII.

2241 3852 2436 3920 Quibus
2464 3851 2773 3921 argumentis
2798 3848 3145 3905 Tertullianus
3173 3849 3481 3904 demonstret
3522 3845 3835 3903 Christianos

2308 3943 2621 4014 iniquissime
2648 3951 2695 3997 et
2722 3951 2900 3997 contra
2927 3940 3159 3995 omnium
3205 3940 3374 4012 legum
3422 3941 3723 4011 praescripta
3771 3938 3840 3995 ab

2310 4034 2520 4090 ethnicis
2553 4043 2778 4103 vexatos,
2808 4042 2856 4088 et
2882 4033 3165 4087 trucidatos
3189 4031 3369 4102 fuisse.

2770 4180 3061 4222 ARTICULDS
3088 4180 3296 4222 Ρκιιιυε.

2243 4303 2447 4371 Quanta
2476 4303 2803 4375 perversitate
2831 4303 3017 4359 ethnici
3043 4303 3383 4370 Christianos,
3402 4304 3496 4359 sibi
3520 4318 3728 4375 prorsus
3754 4301 3839 4357 iu-

2311 4399 2558 4470 cognitos,
2591 4414 2680 4453 nec
2705 4398 2789 4468 qui
2816 4398 3052 4468 qualesve
3075 4405 3259 4461 essent,
3283 4397 3584 4468 investigare
3595 4396 3836 4464 volentes,

2315 4491 2527 4545 oderant
2555 4499 2704 4560 atque
2729 4489 3124 4544 insectabantur.

2314 4627 2446 4696 Qum
2474 4626 2543 4682 de
2570 4625 2879 4682 christiana;
2895 4625 3187 4698 Religionis
3211 4624 3436 4682 veritate
3451 4633 3506 4680 et
3532 4623 3839 4689 sanctitate,

2242 4719 2311 4775 de
2348 4719 2543 4775 divinis
2587 4719 2728 4774 illius
2782 4718 3122 4776 documentis
3169 4728 3225 4772 et
3251 4717 3459 4788 legibus
3482 4759 3499 4785 ,
3529 4717 3597 4773 de
3621 4715 3841 4787 optimis

2240 4821 2563 4869 sectatorum
2592 4811 2710 4883 ejus
2736 4812 2975 4868 moribus
2999 4853 3015 4879 ,
3046 4810 3116 4867 de
3144 4810 3489 4866 invictissima
3540 4818 3838 4881 martyrum

2240 4903 2554 4960 fortitudine
2574 4918 2605 4957 a
2628 4903 2797 4965 ,nobis
2816 4902 3076 4958 hactenus
3096 4901 3238 4958 dicta
3258 4911 3385 4957 sunt
3406 4942 3421 4967 ,
3454 4901 3571 4956 haec
3596 4900 3727 4955 satis
3749 4914 3845 4956 su-
3868 4918 3879 4923 ί

2242 5010 2444 5066 perque
2458 4994 2831 5049 demonstrant
2858 4994 2998 5050 hanc
3019 4994 3190 5064 ipsam
3215 4994 3384 5049 solam
3406 4991 3720 5062 religionem
3745 5005 3840 5045 ve-

2240 5103 2355 5144 ram
2382 5103 2523 5155 csse,
2549 5097 2772 5144 czcteras
2793 5102 2920 5143 vero
2949 5100 3138 5142 omnes
3183 5084 3346 5142 falsas
3375 5085 3692 5156 penitusque
3714 5082 3843 5153 rejio

2238 5179 2476 5236 ciendas.
2490 5222 2493 5225 .
2508 5179 2661 5235 Nulla
2686 5176 2847 5250 igitur
2864 5179 3035 5250 major
3050 5178 3340 5250 excogitari
3369 5185 3545 5247 potest
3562 5174 3841 5248 iniquitas,

2237 5288 2400 5345 quam
2427 5272 2704 5344 gentilium
2725 5313 2741 5340 ,
2792 5272 2883 5343 qui
2914 5271 3250 5327 Christianos
3287 5280 3507 5340 propter
3534 5265 3844 5345 hujusreli-

2242 5344 2417 5436 gionis
2460 5378 2572 5419 suae
2609 5362 2982 5420 defensionem
3030 5376 3242 5417 summa
3290 5344 3709 5431 horrendaque,
3759 5344 3865 5415 uti.

2242 5458 2516 5524 vidimus,
2564 5457 3231 5523 crudelitate,vexabant,
3285 5453 3739 5513 exearnilicabant
3784 5460 3849 5508 et

2243 5550 2581 5607 occidebant.
2624 5548 2823 5606 Verum
2860 5548 3230 5605 Tertullianus
3260 5556 3446 5604 noster
3473 5589 3490 5611 ,
3537 5553 3598 5601 ut
3621 5560 3851 5602 eorum-

2243 5640 2366 5698 dem
2410 5640 2838 5697 Christianorum
2864 5654 3110 5696 caussam
3138 5639 3439 5695 accuratius
3457 5635 3744 5702 defendat,
3773 5633 3853 5692 ad

2246 5732 2354 5790 duo
2382 5732 2557 5791 adhuc
2596 5731 3017 5792 demonstranda
3072 5744 3357 5805 aggressus
3401 5736 3517 5797 est;
3560 5743 3637 5789 .ac
3665 5726 3855 5801 primo
