4212 6262
338 400 444 458 977

1486 395 1936 453 DISSERTATIO
1975 397 2036 452 D.
2082 397 2168 452 LE
2206 395 2513 454 NOUBRY.

3465 373 3473 382 ”
3541 405 3647 462 978

343 518 557 590 quidem
588 513 920 571 Christianos
948 513 1016 568 ab
1044 512 1294 573 ethnicis,
1319 519 1503 566 contra
1530 512 1620 582 jus
1649 527 1809 566 omne
1840 528 1937 567 na-
1966 513 2018 572 Λ
2046 513 2200 567 metsi
2232 513 2416 582 quales
2439 522 2621 568 essent
2647 526 2751 567 non
2783 513 2955 568 solum
3007 514 3335 581 nesciebant,
3357 517 3451 574 sed
3480 519 3639 575 infle-

344 611 535 673 turale,
564 609 798 663 divinum
847 615 901 662 et
952 606 1264 668 humanum,
1296 603 1640 659 condemnari
1671 604 1947 660 :secundo

343 702 474 757 falsa
514 715 632 755 esse
659 698 882 753 crimina
913 698 1091 751 omnia
1139 711 1364 767 quorum
1395 696 1819 763 accusabantur,
1863 705 1944 751 at-

343 809 448 865 que
474 792 682 847 illorum
714 794 836 845 reos
864 804 1052 844 revera
1083 803 1203 844 esse
1229 790 1473 858 gentiles.

414 883 701 937 Videamus
731 881 910 952 itaque
944 881 1113 949 primo
1143 895 1246 950 qua
1283 880 1369 934 ille
1397 878 1602 934 ratione
1634 878 1941 948 probaverit

343 975 525 1044 prima:
556 973 941 1045 propositionis
969 973 1272 1036 veritatem,
1304 982 1356 1026 et
1377 971 1442 1025 ad
1473 969 1760 1025 secundam
1789 970 1940 1024 dein-

339 1068 408 1124 de
440 1068 734 1122 veniemus.
790 1068 859 1121 At
886 1065 1039 1131 hanc,
1071 1065 1258 1134 inquit,
1295 1063 1510 1134 primum
1539 1079 1768 1116 caussam
1798 1061 1937 1131 apud

338 1178 424 1216 vos
448 1203 462 1227 ,
498 1161 724 1216 romanii
758 1159 969 1229 imperii
991 1159 1282 1222 antistites,
1315 1157 1626 1212 collocamus
1652 1157 1936 1226 iniquitatis

337 1255 441 1308 odii
471 1271 591 1325 erga
621 1253 802 1307 nomen
825 1251 1252 1316 Christianorum,
1277 1266 1430 1319 quam
1457 1249 1771 1320 iniquitatem
1799 1248 1934 1302 idem

337 1347 512 1401 titulus
555 1355 730 1401 onerat
773 1356 819 1398 et
867 1345 1072 1400 revincit
1114 1345 1199 1415 qui
1245 1344 1443 1397 videtur
1485 1359 1749 1408 excusare,
1781 1344 1931 1414 igno-

336 1440 504 1492 rantia
533 1439 721 1493 scilicet
761 1435 1092 1508 (Tertulliau.
1125 1435 1394 1506 Apologet.
1430 1452 1472 1490 c.
1514 1437 1538 1491 1
1571 1453 1584 1498 ;
1616 1449 1664 1489 et
1697 1435 1785 1490 lib.
1817 1435 1832 1488 l
1864 1435 1932 1489 ad

339 1530 557 1584 Nation.
576 1547 622 1584 c.
656 1530 704 1584 1.
728 1546 783 1598 p.
803 1529 955 1598 559).
976 1526 1032 1582 In
1063 1527 1379 1598 quibusdam
1409 1536 1586 1580 autem
1610 1527 1931 1583 editionibus

337 1621 530 1689 legitur
557 1621 730 1675 odium
761 1637 856 1689 pro
885 1619 1012 1683 odii,
1045 1618 1138 1674 sed
1167 1633 1468 1688 perperam.
1495 1617 1625 1671 Nam
1647 1619 1932 1688 iniquitatis

337 1716 464 1778 odii,
498 1714 566 1768 ibi
618 1713 755 1767 idem
787 1713 1054 1778 signiﬁcat
1082 1728 1142 1765 ac
1183 1711 1342 1781 iniqui
1371 1710 1497 1763 odii.
1532 1699 1762 1764 Primam
1803 1727 1932 1781 ergo

330 1805 426 1861 Tel
445 1805 700 1860 tullianus
725 1805 898 1874 arguit
924 1803 1258 1859 ethnicorum
1288 1803 1639 1874 iniquitatem,
1661 1819 1763 1873 qua
1788 1805 1933 1872 prius

2051 605 2195 660 xibili
2225 605 2609 670 obstinatione,
2642 619 2741 660 nec
2783 606 2945 670 scire,
2979 621 3079 660 nec
3106 607 3375 677 inquirere
3405 625 3643 681 unquam

2048 695 2314 750 volebant.
2347 695 2497 751 Nulla
2532 707 2710 752 autem
2744 695 2902 767 hujus
2924 697 3274 754 intolerabilis
3307 700 3639 769 pervicaciac,

2045 798 2100 844 et
2130 789 2442 854 voluntariae
2481 789 2737 843 czccitatis
2764 789 2868 843 alia
2897 797 3014 844 erat
3032 803 3242 856 caussa,
3274 791 3377 845 nisi
3402 791 3524 860 quia
3548 809 3645 848 ve-

2045 883 2320 948 rebantur,
2352 897 2418 937 ne
2439 882 2579 951 quod
2603 882 3029 937 Christianorum
3061 892 3205 938 esset
3223 883 3434 940 vivendi
3462 899 3635 955 genus

2041 975 2404 1045 agnoscendo,
2439 975 2590 1029 fateri
2636 985 2958 1046 cogerentur
2987 974 3139 1041 illos,
3188 983 3309 1045 post
3331 984 3637 1048 susceptam

2040 1068 2236 1124 Chrisu
2265 1068 2599 1137 religionem,
2634 1068 2802 1123 factos
2830 1083 2951 1123 esse
2973 1066 3242 1123 meliores.

2112 1159 2308 1216 Verum
2337 1160 2592 1214 audacter
2613 1160 2688 1213 illi
2710 1159 2974 1230 negabant
3001 1158 3453 1224 Christianorum,
3485 1160 3574 1231 qui
3607 1175 3638 1214 a

2036 1253 2260 1308 deorum
2286 1252 2433 1307 cultu
2465 1251 2772 1307 defecerant
2797 1294 2811 1318 ,
2854 1266 3036 1306 veram
3064 1251 3230 1307 fuisse
3265 1250 3584 1321 probitatem
3618 1271 3633 1307 :

2038 1345 2160 1399 Non
2190 1346 2322 1398 enim
2349 1385 2364 1410 ,
2400 1345 2709 1415 inquiebant
2736 1387 2750 1408 ,
2789 1343 2904 1399 ideo
2930 1344 3116 1397 bonum
3155 1353 3237 1399 est
3265 1344 3486 1415 aliquid,
3517 1346 3639 1416 quia

2036 1438 2219 1492 multos
2241 1437 2478 1491 convertit
2505 1434 2832 1506 (Tertulliau.
2857 1434 3123 1506 Apologet.
3151 1451 3199 1489 c.
3232 1435 3285 1490 1.
3317 1452 3370 1504 ρ.
3397 1433 3552 1507 266),
3581 1436 3636 1492 id

2036 1537 2113 1583 est
2137 1568 2152 1592 ,
2184 1527 2253 1580 ab
2275 1527 2448 1596 aliqua
2475 1524 2808 1596 professione
2828 1526 2893 1580 ad
2921 1525 3078 1579 aliam
3104 1524 3356 1579 traduxit.
3386 1525 3452 1579 Et
3488 1536 3638 1582 certe

2033 1618 2208 1687 quanti
2236 1634 2264 1670 a
2295 1617 2455 1684 bono,
2479 1617 2713 1682 aiebant,
2745 1617 2815 1670 ad
2841 1616 3028 1670 malum
3059 1621 3439 1687 performantur
3468 1618 3631 1687 (anti-

2035 1727 2155 1782 qua:
2176 1709 2438 1765 editiones
2465 1713 2883 1780 prwformantur,
2919 1710 3109 1765 melius
3131 1711 3183 1764 in
3205 1711 3324 1766 aliis
3352 1720 3407 1766 et
3433 1713 3631 1768 nostris

2035 1802 2310 1858 codicibus
2358 1806 2737 1873 performantur
2759 1841 2774 1867 ,
2805 1801 2917 1855 sive
2943 1801 3122 1870 potius
3162 1805 3505 1873 reformantur
3527 1843 3542 1864 .
3585 1805 3633 1858 si

332 1898 558 1953 oderant
585 1896 940 1963 Christianos,
970 1911 1129 1966 quam
1172 1896 1373 1951 scirent
1402 1896 1489 1964 qui
1519 1895 1772 1965 qualesve
1805 1895 1923 1952 lue-
1956 1902 2002 1962 B
2031 1895 2256 1963 alicujus
2281 1893 2481 1950 codicis
2502 1893 2782 1948 accederet
2807 1889 3140 1961 auctoritas).
3159 1892 3632 1964 Addebantgenti-

334 1993 459 2046 rint.
482 1989 612 2059 Qua:
639 1990 917 2044 enimvero
945 1989 1117 2059 major
1145 1990 1469 2059 perversitas
1489 1997 1593 2054 est,
1614 2003 1775 2058 quam
1806 2003 1930 2044 emn

332 2082 510 2138 odisse
538 2122 554 2147 ,
584 2096 770 2153 quem,
813 2090 990 2136 utrum
1035 2081 1161 2136 odio
1204 2081 1289 2136 vel
1339 2094 1524 2135 amore
1573 2079 1764 2150 dignus
1824 2081 1926 2145 sit,

334 2175 490 2246 plane
528 2173 773 2229 nescias?

403 2268 596 2323 Verum
621 2265 865 2322 ethnicos
897 2265 998 2321 hoc
1039 2279 1185 2320 czeco
1214 2267 1265 2320 in
1290 2266 1610 2322 christianos
1661 2267 1929 2324 exarsisse

331 2359 456 2414 odio
489 2360 614 2415 hinc
668 2359 823 2429 plane
848 2357 1084 2413 ostendit
1112 2358 1313 2412 Auctor
1343 2369 1544 2425 noster,
1574 2359 1695 2428 quia
1722 2375 1922 2426 omnes,

330 2453 416 2522 qui
459 2467 552 2505 eos
601 2461 771 2514 retro,
827 2450 940 2506 sive
965 2461 1124 2504 antea
1178 2451 1429 2517 oderant,
1459 2453 1578 2519 quia
1625 2453 1927 2523 ignorabant

330 2543 478 2613 quale
523 2543 584 2595 sit
623 2543 756 2611 quod
786 2542 996 2597 oderant
1017 2585 1031 2610 ,
1060 2543 1212 2597 simul
1238 2545 1473 2598 desinunt
1502 2546 1760 2616 ignorare,
1812 2563 1923 2602 ces-

332 2645 450 2689 sant
478 2644 523 2688 et
547 2636 712 2688 odisse
740 2633 904 2701 (Ibid.
941 2634 1040 2693 loc.
1061 2637 1196 2703 cit.).
1227 2635 1280 2689 In
1302 2636 1516 2706 Rigaltii
1547 2638 1782 2692 editione
1811 2638 1925 2694 huic

332 2727 488 2780 verba
542 2726 693 2797 quale
724 2727 788 2780 sit
818 2725 923 2796 (vel
955 2727 1091 2781 sicut
1121 2728 1171 2781 in
1214 2729 1486 2782 nonnullis
1513 2728 1672 2784 editis
1697 2771 1712 2796 ,
1771 2732 1919 2800 esset)

327 2818 460 2889 quod
484 2819 713 2884 oderant,
743 2833 960 2888 prorsus
986 2819 1181 2888 rejecta
1235 2829 1378 2874 sunt.
1411 2820 1528 2888 Quo
1565 2831 1741 2876 autem
1767 2822 1920 2890 jure,

329 2927 395 2964 an
426 2912 638 2981 propria
670 2913 988 2966 auctoritate
1035 2912 1288 2980 Rigaltii,
1342 2929 1408 2967 an
1467 2914 1920 2985 typographorum

327 3019 532 3070 errore,
565 3005 831 3058 nescimus
861 3003 1075 3074 quidem
1106 3021 1120 3071 ;
1147 3003 1252 3060 scd
1275 3005 1439 3073 probe
1486 3005 1683 3059 scimus
1725 3007 1839 3061 haec
1868 3008 1920 3062 in

336 3095 790 3166 subsequentibus
810 3107 862 3149 et
892 3096 1092 3151 ultimis
1121 3096 1442 3151 editionibus
1474 3097 1714 3167 reperiri.
1741 3096 1923 3153 Ea'au-

338 3197 441 3242 tem
459 3188 690 3258 genuina
712 3201 830 3242 esse
847 3187 1160 3242 Tertulliani
1182 3189 1338 3243 verba
1362 3190 1659 3244 communis
1677 3189 1919 3245 codicum

2039 1989 2116 2044 les
2145 2004 2158 2041 :
2193 1985 2384 2054 Quanti
2409 1985 2690 2055 transfugte
2716 1985 2769 2036 in
2801 1984 3132 2052 perversum?
3163 1983 3225 2038 lli
3253 1992 3429 2040 autem
3459 1994 3636 2040 trans-

2034 2079 2169 2151 fuga:
2233 2088 2520 2144 vocantur,
2571 2078 2660 2148 qui
2688 2077 2754 2132 ad
2782 2075 2962 2132 hostes
2988 2076 3376 2147 transfugiunt,
3427 2078 3509 2133 vel
3539 2081 3630 2149 qui

2035 2173 2363 2228 induciarum
2392 2180 2635 2241 tempore
2661 2170 2726 2224 ad
2758 2185 2852 2226 eos
2878 2171 3254 2241 commigrant,
3283 2185 3404 2226 cum
3433 2171 3628 2242 quibus

2032 2267 2176 2322 nulla
2201 2265 2436 2322 amicitia
2459 2274 2560 2320 est.
2586 2265 2740 2335 Atqui
2770 2264 2802 2318 ii
2850 2265 3044 2334 saepius
3067 2305 3083 2331 ,
3115 2264 3426 2335 inquiebant
3453 2265 3629 2322 adhuc

2031 2359 2261 2425 ethnici,
2291 2359 2344 2412 in
2388 2373 2675 2427 perversum
2701 2355 2980 2421 conversi,
3015 2355 3226 2426 pejores
3253 2357 3432 2428 utique
3463 2355 3618 2412 ﬁunt.

2033 2454 2272 2523 Denique
2299 2451 2478 2506 acrius
2530 2459 2779 2520 urgentes
2807 2447 3153 2505 clamabant:
3197 2446 3320 2504 Non
3358 2449 3530 2518 utique
3567 2466 3626 2504 eo

2030 2551 2212 2603 bonum
2239 2544 2564 2617 prtejudicari
2586 2585 2599 2608 ,
2627 2546 2744 2614 quia
2772 2543 3033 2612 plerosque
3052 2551 3329 2610 convertat,
3358 2551 3405 2596 et
3419 2541 3514 2596 sibi
3541 2559 3626 2596 ra-

2029 2641 2153 2711 piat.
2187 2634 2320 2693 Novi
2349 2638 2738 2692 demutationem
2771 2637 2950 2690 mentis
2982 2636 3032 2688 in
3077 2636 3240 2690 malas
3266 2646 3456 2706 partes.
3487 2636 3625 2703 Quot

2027 2736 2303 2796 desertores
2333 2734 2478 2787 bona:
2529 2731 2682 2785 vitw!
2730 2739 2850 2798 quot
2888 2728 3167 2798 transfuga:
3206 2729 3260 2781 in
3289 2743 3575 2798 perversum
3603 2729 3625 2780 .'

2027 2827 2189 2898 (Ibid.
2223 2837 2268 2881 et
2299 2827 2386 2881 lib.
2410 2825 2433 2878 1
2453 2827 2521 2878 ad
2553 2822 2766 2876 Nation.
2797 2839 2844 2874 ο.
2878 2822 2930 2876 1.
2951 2819 3179 2892 ρ.559.)

2097 2918 2202 2975 Sed
2234 2917 2317 2972 his
2342 2912 3004 2984 respondetTertullianus
3030 2911 3080 2965 id
3103 2910 3319 2981 quidem
3347 2927 3376 2965 a
3407 2910 3624 2967 nemine

2027 3011 2237 3081 negari,
2275 3008 2370 3063 sed
2393 3021 2580 3061 onmes
2602 3005 2743 3058 ultro
2768 3005 2927 3058 etiam
2956 3003 3104 3057 lateri
3136 3002 3396 3074 plurimos
3423 3018 3454 3056 a
3482 3003 3624 3056 malo

2026 3118 2147 3158 sese
2185 3099 2515 3157 convertisse
2547 3099 2598 3152 in
2629 3097 2847 3152 bonum.
2875 3097 2944 3150 At
2969 3097 3042 3162 id,
3068 3096 3257 3166 inquit,
3279 3112 3342 3151 ex
3374 3096 3497 3150 mali
3527 3096 3622 3150 bo-

2026 3197 2184 3266 nique
2215 3203 2402 3248 natura
2453 3190 2609 3246 facile
2638 3191 2988 3260 dignoscitur.
3021 3189 3139 3244 Mali
3181 3191 3378 3259 quippe
3429 3189 3623 3243 indivi-

327 3282 562 3332 omnium
592 3279 895 3341 consensio,
926 3288 979 3333 ct
998 3278 1246 3334 Auctoris
1298 3279 1464 3349 ipsius
1496 3280 1762 3348 ingenium
1791 3281 1921 3336 satis
1947 3285 1991 3347 C
2026 3289 2144 3342 dua:
2171 3286 2395 3341 comites
2421 3296 2546 3338 sttnt
2569 3283 2747 3347 timor,
2781 3281 2972 3351 pudor,
3001 3281 3370 3351 tergiversatio
3389 3322 3404 3347 ,
3443 3281 3619 3350 pinni-

325 3379 511 3436 apt-rte
528 3370 866 3425 convincunt.
887 3369 1010 3425 Haec
1031 3379 1210 3426 autem
1237 3380 1319 3424 est
1341 3371 1480 3424 illius
1505 3372 1915 3441 argumentatio:

327 3460 426 3516 Ubi
475 3461 673 3517 ethnici
703 3471 1035 3532 agnoverunt
1054 3467 1142 3531 qtti
1173 3473 1227 3517 et
1254 3463 1441 3532 quales
1469 3464 1576 3516 sint
1603 3463 1915 3531 Christiani,

323 3567 444 3620 qua:
462 3567 646 3607 eorum
674 3554 844 3624 pietas
872 3568 934 3608 ac
954 3552 1211 3624 probitas,
1234 3561 1344 3608 tum
1362 3552 1604 3623 protinus
1621 3568 1714 3608 eos
1743 3555 1920 3609 odisse

323 3642 593 3699 desinunt.
628 3643 772 3715 Ergo
800 3645 918 3699 illos
950 3643 1206 3713 oderant,
1267 3645 1389 3715 quia
1417 3645 1508 3716 qui
1538 3653 1720 3700 essent
1760 3653 1919 3700 antea

323 3736 662 3806 ignorabant.

394 3829 648 3895 Quamvis
676 3837 853 3883 autem
885 3843 1063 3894 nemo,
1096 3828 1199 3882 nisi
1233 3829 1461 3883 naturali
1513 3828 1714 3882 lumine
1746 3829 1920 3883 omni-

322 3935 392 3975 no
421 3922 656 3990 privatus
676 3961 689 3984 ,
720 3921 769 3973 id
802 3919 1040 3975 abnuere
1082 3929 1282 3990 queat,
1313 3930 1465 3991 urget
1495 3929 1672 3975 tamen
1701 3919 1916 3974 Tertnle

323 4012 516 4078 liauus,
548 4021 604 4067 et
645 4011 891 4067 etlmicos
921 4011 1096 4066 adhuc
1128 4013 1351 4066 revincit
1376 4012 1703 4067 Anacharsis
1731 4023 1919 4068 aucto-

323 4105 498 4164 ritate.
529 4105 618 4174 qui
661 4104 861 4159 diserte
893 4103 1254 4174 pronuntiavit
1283 4119 1389 4158 non
1421 4105 1595 4159 minus
1621 4119 1744 4159 reos
1767 4120 1915 4175 esse,

323 4197 672 4266 imprudentes
704 4198 768 4250 de
798 4196 1128 4265 prudentibus
1148 4196 1446 4266 judicantes
1469 4238 1482 4264 ,
1505 4213 1658 4268 quant
1681 4198 1916 4251 immusi-

323 4307 407 4345 cos
435 4290 498 4344 de
525 4293 728 4346 musicis
755 4291 774 4364 (
800 4291 1008 4346 Tertull.
1052 4290 1323 4363 Apologet.
1350 4309 1396 4346 c.
1426 4294 1479 4359 1,
1510 4311 1561 4362 p.
1596 4293 1754 4361 265).
1785 4292 1918 4360 Qum

323 4384 540 4454 quidem
615 4384 768 4451 hujus
816 4384 1117 4454 philosophi
1171 4384 1436 4438 sententia
1482 4400 1511 4437 a
1573 4385 1784 4440 Lael-tio
1837 4384 1918 4440 sic

322 4476 608 4530 exhibetur
623 4493 640 4531 .‘
665 4483 942 4544 Θαυμάζειν
969 4481 1016 4532 δὲ
1047 4485 1132 4547 ἔφη
1165 4493 1259 4537 πῶς
1275 4484 1409 4546 ποιρά
1433 4481 1533 4535 τοῖς
1555 4483 1737 4536 illness
1761 4479 1920 4546 dwel-

322 4573 496 4635 ζοντανι
513 4579 598 4637 μὲν
619 4577 912 4638 οἱτεχνῖτειι,
937 4583 1141 4642 aptabat
1170 4575 1218 4624 δὲ
1244 4579 1288 4623 οἱ
1312 4581 1382 4638 (sit
1401 4575 1638 4638 τεχνῖται.
1661 4569 1846 4624 Mirari
1865 4587 1919 4625 se

2023 3382 2208 3446 tentia,
2258 3379 2577 3450 deploratio.
2618 3376 2957 3445 Quapropter
3013 3375 3260 3443 maleﬁci,
3313 3373 3387 3427 ait
3430 3387 3620 3427 rursus

2022 3477 2223 3529 Auctor
2252 3481 2466 3537 noster,
2501 3471 2716 3538 gestiunt
2761 3469 2946 3529 latere,
2981 3466 3200 3520 devitant
3225 3481 3473 3536 apparere
3497 3462 3615 3534 (Id.

2019 3566 2290 3636 Apologet.
2319 3578 2364 3617 c.
2400 3564 2426 3618 1
2465 3580 2516 3631 μ.
2540 3561 2692 3630 267).
2718 3559 2978 3630 Rigaltius
3007 3572 3136 3613 vero
3163 3557 3278 3612 huic
3306 3558 3412 3611 duo
3439 3565 3618 3627 poste-

2019 3659 2161 3713 riora
2184 3655 2346 3711 verba
2375 3654 2690 3709 auctoritate
2723 3653 2934 3722 pr0pria
2975 3650 3214 3712 abstulit,
3245 3665 3344 3705 nec
3374 3664 3504 3704 sane
3530 3649 3619 3705 ad-

2020 3748 2180 3803 vertit
2205 3747 2318 3801 hanc
2341 3747 2452 3816 ipsa
2483 3745 2534 3798 in
2565 3744 2702 3798 libro
2729 3744 2796 3796 ad
2826 3741 3075 3796 Nationes
3102 3756 3222 3797 esse
3248 3742 3476 3811 repetita
3498 3740 3612 3812 (Id.

2021 3839 2110 3893 lib.
2139 3838 2158 3892 Ι
2185 3839 2254 3892 ad
2288 3837 2568 3892 Nation.c.
2602 3836 2654 3900 i,
2684 3852 2736 3904 p.
2762 3833 2912 3906 559),
2941 3833 3096 3888 sicuti
3127 3834 3372 3903 illa,qu:e
3403 3836 3456 3887 in
3474 3835 3618 3902 Apo-

2019 3930 2248 4000 logetico
2291 3927 2630 3984 continenter
2671 3925 2914 3980 addidit:
2949 3923 3228 3993 Trepidant
3271 3922 3612 3993 deprehensi,

2019 4032 2202 4094 negant
2227 4021 2469 4087 accusati,
2515 4036 2575 4074 ne
2601 4017 2955 4088 torti'quidem
2983 4017 3133 4088 facile
3154 4025 3243 4068 aut
3269 4031 3467 4084 semper
3493 4030 3617 4069 con-

2019 4118 2224 4185 ﬁtentur
2243 4129 2263 4178 ;
2283 4124 2413 4168 certe
2441 4113 2666 4167 damnati
2694 4119 2921 4173 niterent,
2953 4110 3276 4162 dinumerant
3298 4108 3351 4161 in
3373 4107 3617 4176 semetip-

2020 4225 2123 4276 sos,
2149 4209 2331 4261 mentis
2362 4206 2510 4260 mala:
2534 4207 2773 4274 impetus,
2797 4202 2874 4255 vel
2899 4205 3026 4270 fato,
3055 4200 3134 4254 vel
3160 4199 3311 4255 astris
3339 4201 3616 4271 imputant.

2021 4303 2090 4354 At
2136 4301 2187 4354 in
2243 4279 2383 4352 libro
2428 4297 2497 4350 ad
2527 4295 2780 4349 Nationes
2833 4293 2947 4346 lucc
3001 4293 3297 4361 posteriora
3346 4293 3510 4347 verba
3537 4293 3617 4346 sic
3665 4362 3674 4370 ,ν

2019 4393 2298 4447 immutata
2324 4399 2479 4446 sunt:
2505 4387 2832 4456 Exprobrant
2851 4385 2981 4439 enim
3006 4385 3142 4456 quod
3170 4393 3334 4447 erant,
3363 4385 3417 4437 in
3445 4392 3619 4436 semet-

2019 4487 2158 4556 ipsos
2187 4486 2338 4537 ma’az
2365 4480 2546 4536 utentis
2589 4479 2650 4533 ab
2682 4479 2968 4532 innocentia
2993 4479 3262 4531 transitum
3288 4475 3364 4528 vel
3388 4474 3495 4544 fato
3516 4475 3620 4527 int-

2021 4584 2200 4647 putant
2230 4571 2394 4644 (Ibid.
2419 4571 2517 4626 lac.
2549 4570 2684 4639 cit.).
2719 4569 2825 4624 Sed
2843 4569 2913 4623 ibi
2937 4567 3162 4622 Iorsitan
3188 4565 3387 4620 librarii
3408 4562 3618 4618 calamo

320 4662 456 4716 dixit
480 4664 729 4732 quomodo
766 4665 905 4735 apud
934 4664 1140 4719 Graecos
1184 4664 1409 4732 artiﬁces
1438 4672 1720 4728 certarent,
1765 4663 1915 4734 judi-
1942 4669 1994 4726 D
2023 4667 2109 4720 illa
2141 4664 2248 4719 duo
2274 4663 2437 4719 verba
2466 4704 2478 4726 ,
2512 4662 2587 4715 vel
2617 4661 2769 4714 astris
2792 4699 2808 4724 ,
2850 4656 3183 4712 exciderunt.
3235 4653 3392 4709 Solus
3432 4663 3617 4708 autem

319 4767 595 4825 careatque
628 4756 713 4825 qui
741 4757 963 4824 artiﬁces
1003 4772 1102 4810 non
1130 4763 1295 4810 essent
1323 4752 1518 4824 (Laert.
1553 4754 1641 4808 lib.
1669 4753 1689 4806 Ι
1719 4755 1770 4808 in
1813 4753 1912 4808 Vit.

319 4844 653 4910 Anacharsis,
688 4845 715 4917 ᾗ
746 4845 894 4913 105).
921 4846 1084 4899 Paulo
1113 4860 1241 4900 vero
1268 4845 1422 4900 aliter
1460 4844 1778 4900 Plutarchus
1798 4860 1917 4900 eam

321 4936 401 4990 sic
431 4937 610 4991 retulit
631 4924 760 5007 τέγη
793 4943 842 4992 δὲ
858 4941 1043 4992 κάκεῖνο
1064 4944 1331 5008 θιυμάζειν
1350 4944 1376 4992 ὁ
1403 4925 1670 5010 Ᾰνέιχαιρσις
1696 4945 1918 5011 ἐκκλησίᾳ

319 5033 717 5099 πιριγενὸμενος,
769 5037 845 5084 ὅτι
896 5040 1078 5102 λέγουσι
1133 5042 1218 5099 μὲν
1268 5039 1312 5085 οἱ
1366 5037 1496 5102 «apol
1541 5032 1658 5102 παρ’
1712 5039 1915 5100 ἕλλησι,

323 5131 535 5188 κρίνουσι
564 5125 612 5174 δὲ
639 5130 683 5174 οἱ
706 5124 925 5189 ἀμαθεῖς.
963 5121 1032 5176 Id
1067 5132 1234 5176 autent
1255 5123 1384 5176 dixit
1407 5123 1717 5179 Anacharsis
1745 5140 1798 5178 se
1826 5124 1920 5177 uti-

319 5213 447 5276 rari,
476 5229 592 5266 cum
618 5213 848 5267 concioni
874 5215 1200 5286 interfuisset,
1221 5215 1357 5285 quod
1372 5215 1591 5269 dicerent
1617 5217 1756 5282 apud
1777 5215 1918 5270 Gras-

320 5320 410 5357 cos
438 5307 723 5374 sapientes,
753 5307 895 5360 stulti
922 5322 1036 5361 vero
1054 5307 1350 5378 judicarent
1392 5306 1688 5378 (Plutarch.
1723 5309 1774 5361 in
1807 5307 1921 5362 Vita

323 5395 508 5450 Solon.
539 5416 590 5466 p.
625 5399 739 5467 81).
773 5398 930 5454 Vides
963 5413 1092 5453 sane
1121 5398 1372 5454 eamdem
1419 5398 1503 5454 his
1531 5400 1778 5454 omnibus
1797 5416 1918 5454 vcr-

323 5487 407 5542 bis
428 5491 653 5560 exprimi
686 5492 1006 5547 sententiam
1035 5535 1050 5559 ,
1083 5509 1201 5563 quze
1227 5492 1543 5564 quibusdam
1589 5501 1793 5546 tantum
1835 5492 1921 5548 di-

322 5582 493 5637 versis
516 5585 846 5640 enuntiatur.
903 5584 1064 5642 Nefas
1093 5587 1235 5645 enim
1283 5600 1402 5642 esse
1429 5585 1686 5641 asscritur
1711 5585 1925 5657 aliquod

323 5672 394 5726 de
415 5673 574 5728 rebus
597 5675 860 5746 ignoratis
886 5676 1016 5732 ferri
1042 5677 1324 5748 judicium.
1639 5694 1642 5696 '

400 5763 469 5817 At
494 5766 662 5821 multo
701 5770 989 5838 nequiores
1013 5781 1166 5827 erant
1194 5771 1424 5837 ethnici,
1457 5770 1548 5842 qui
1581 5768 1922 5830 Christianos

327 5853 588 5926 oderant,
637 5870 691 5916 et
722 5861 968 5919 nefandis
997 5863 1422 5922 condemnabam
1449 5863 1802 5936 criminibus,
1838 5875 1922 5921 ta-

2020 4755 2282 4825 Georgius
2313 4752 2708 4815 Ambianensis,
2737 4750 2958 4819 solaque
2978 4748 3286 4816 cOnjectura
3314 4744 3528 4812 ductus,
3558 4744 3615 4800 in

2023 4856 2170 4903 textu
2200 4845 2508 4900 Tertulliani
2538 4843 2794 4899 audacius
2826 4841 3005 4911 posuit
3024 4840 3319 4903 deonerant,
3344 4851 3440 4908 pro
3457 4837 3616 4890 dinu-

2023 4948 2238 4993 merant.
2286 4938 2416 4992 Nam
2449 4952 2639 4993 sensus
2669 4935 2810 4990 illius
2839 4942 2922 4989 est
2958 4953 2970 4988 :
3001 4931 3220 4987 Malelici
3244 4932 3295 4984 in
3321 4929 3618 4999 semetipsos

2023 5033 2174 5087 mala:
2198 5031 2377 5085 mentis
2407 5031 2625 5100 impetus
2652 5037 2978 5097 agnoscunt,
3005 5025 3373 5085 dinumerant,
3407 5021 3620 5090 sibique

2024 5122 2378 5192 exprobrant;
2404 5136 2586 5176 eorum
2612 5129 2787 5174 tamen
2812 5119 3021 5188 culpam
3044 5131 3153 5172 non
3178 5115 3298 5179 sibi,
3316 5113 3410 5169 sed
3434 5116 3620 5179 astris,

2023 5216 2108 5271 vel
2150 5216 2280 5280 fato,
2337 5217 2601 5282 imputant
2661 5222 2716 5267 et
2767 5211 3098 5267 adscribunt.
3146 5207 3387 5264 Vidimus
3439 5214 3622 5262 autem

2026 5307 2266 5379 (Dissert.
2317 5308 2367 5361 in
2395 5305 2586 5360 Miuut.
2624 5303 2802 5359 Octav.
2852 5321 2901 5358 c.
2931 5304 2987 5369 6,
3019 5310 3116 5355 art.
3150 5300 3208 5373 4)
3258 5315 3420 5370 quam
3466 5313 3618 5354 com-

2024 5401 2202 5456 munis
2229 5399 2386 5453 fuerit
2411 5399 2498 5454 illa
2527 5397 2806 5469 gentilium
2833 5394 2963 5449 falsa
2993 5392 3196 5463 opinio,
3229 5406 3333 5461 qua
3363 5390 3470 5446 lato
3496 5403 3617 5445 om-

2027 5496 2114 5550 nia
2147 5495 2259 5549 lieri
2290 5494 2706 5548 arbitrabantur.
2731 5489 2930 5544 Verum
2971 5487 3115 5543 nulla
3168 5499 3387 5557 prorsus
3417 5501 3483 5540 ex
3510 5484 3617 5549 his,

2027 5601 2146 5657 qua:
2171 5591 2463 5640 memorata
2494 5592 2639 5652 sunt,
2671 5583 2796 5638 mali
2826 5581 3021 5635 indicia
3051 5577 3532 5650 deprehenduntur
3563 5576 3619 5631 in

2026 5681 2318 5736 christiano
2343 5721 2358 5746 ,
2407 5695 2566 5750 quem
2590 5721 2604 5744 ,
2662 5688 2718 5732 ut
2765 5692 2925 5746 supra
2956 5675 3432 5731 animadvertimus
3463 5673 3614 5744 (Cap.

2024 5789 2194 5845 super.
2227 5782 2323 5826 art.
2352 5771 2411 5843 2)
2433 5815 2446 5839 ,
2478 5771 2754 5842 religionis
2787 5785 2898 5826 sua:
2925 5784 3025 5825 nec
3061 5767 3260 5841 pudet,
3288 5782 3388 5824 nec
3437 5768 3616 5838 paeni-

2028 5877 2142 5937 tet,
2184 5866 2281 5926 scd
2310 5874 2587 5926 accusatus
2609 5904 2625 5935 ,
2656 5873 2709 5923 et
2748 5863 3140 5935 interrogatus,
3173 5877 3232 5922 sc
3261 5859 3614 5922 christianum
