4212 6262
557 373 662 433 979

1624 367 1692 424 IN
1731 364 2196 424 TERTULLIANI
2237 360 2763 420 APOLOGETICUM
2839 363 2847 369 ’

3758 357 3874 415 980

562 505 683 546 esse
705 489 1013 552 conﬁtetur,
1043 483 1274 558 gaudet,
1320 484 1601 555 gloriatur,
1630 499 1694 540 ac
1721 484 2004 541 damnatus
2031 498 2156 555 gra-
2186 483 2239 544 Α
2264 496 2421 552 quam
2449 497 2514 535 cx
2543 495 2600 534 re
2630 480 2805 550 aliqua
2854 477 2955 533 sibi
2992 484 3267 547 comperta
3313 476 3470 530 aliam
3503 490 3663 546 quam
3707 475 3869 546 igno-

565 585 666 638 tias
687 584 814 638 sttit.

637 597 954 740 Regi-:2.er
977 667 1339 724 Tertullianus
1367 681 1380 720 :
1413 666 1553 733 Quid
1581 669 1675 722 hoc
1699 707 1714 732 ,
1745 668 1853 731 ait,
1904 667 2028 720 mali
2054 675 2124 721 est
2143 706 2159 730 ,

565 766 619 819 in
641 762 972 824 Christianis,
997 759 1138 830 quod
1164 759 1422 812 naturalia
1474 759 1597 812 mali
1622 776 1722 813 non
1750 759 1896 813 habet
1921 758 2159 830 (Tertull.

563 853 784 922 Apotog.
813 869 860 906 c.
889 852 941 917 i,
973 869 1027 922 p.
1050 848 1201 922 269).
1227 848 1335 905 Sed
1367 849 1417 903 in
1459 851 1655 904 nostris
1681 850 1954 904 codicibus
1977 864 2164 903 manu-

563 944 782 1015 scriptis
827 943 1052 1013 legimus
1078 984 1091 1008 ,
1120 943 1258 1012 quod
1303 950 1485 994 natura
1514 943 1619 995 alia
1672 943 1794 996 mali
1833 959 1933 995 non
1982 941 2164 1005 habet;

565 1035 812 1091 fortassis
844 1050 949 1087 non
979 1033 1200 1088 omnino
1223 1035 1362 1090 male
1390 1077 1404 1100 ,
1442 1036 1486 1091 si
1514 1027 1607 1101 ibi,
1633 1036 1770 1088 sicut
1796 1033 1947 1087 bonis
1973 1043 2160 1088 aucto-

567 1129 718 1185 ribus
745 1128 886 1184 haud
933 1128 1093 1198 plane
1120 1127 1425 1200 infrequens
1451 1138 1567 1195 est,
1613 1126 1964 1182 subaudiatur
1995 1126 2163 1195 parti-

570 1223 726 1287 cula,
779 1238 963 1289 quam,
1019 1221 1121 1277 hoc
1169 1223 1419 1279 nimirum
1471 1237 1670 1278 sensu:
1701 1219 1843 1290 quod
1877 1236 1981 1273 non
2020 1219 2122 1272 alia
2148 1260 2163 1284 ,

597 1332 756 1387 quam
787 1317 910 1370 mali
944 1325 1131 1372 natura
1153 1315 1334 1371 habet.
1366 1316 1470 1372 Sed
1497 1316 1734 1386 pluribus
1757 1315 1929 1369 littera
1965 1329 1996 1366 a
2025 1313 2165 1366 anti-

570 1411 879 1480 quariorum
932 1410 1229 1487 ignorantia
1262 1410 1341 1465 vel
1373 1424 1556 1464 errore
1604 1409 1674 1463 ibi
1716 1407 1980 1477 duplicata
2027 1405 2166 1460 haud

571 1504 731 1559 dubie
761 1503 1046 1558 videbitur.
1081 1502 1409 1557 Vidctamen
1432 1514 1610 1557 utrum
1643 1503 1813 1571 prima
1855 1500 2013 1555 lectio
2041 1514 2168 1554 con-

573 1595 775 1650 firmari
806 1609 912 1649 non
935 1588 1107 1664 possit
1133 1611 1197 1650 ex
1225 1595 1366 1650 libro
1397 1596 1466 1648 ad
1490 1594 1741 1648 Nationes
1766 1633 1780 1658 ,
1823 1592 1875 1646 in
1903 1605 2009 1661 quo
2040 1591 2163 1646 bre-

572 1689 693 1743 vius
720 1686 960 1758 quidem,
990 1689 1084 1742 sed
1117 1703 1222 1741 non
1253 1687 1432 1742 minus
1461 1687 1606 1742 clare
1633 1686 1863 1740 dicitur:
1897 1683 2048 1749 Quod
2071 1683 2169 1742 hoc

574 1779 768 1832 malum
793 1788 887 1844 est,
907 1777 963 1831 in
996 1794 1096 1846 quo
1133 1778 1260 1831 mali
1287 1788 1471 1832 natura
1504 1789 1661 1832 cessat
1689 1779 1706 1847 (
1737 1775 1899 1841 Idem,
1938 1775 2023 1829 lib.
2055 1775 2073 1830 l
2101 1775 2170 1828 ad

576 1869 707 1932 Nat.
738 1885 786 1923 c.
822 1870 871 1935 ί,
906 1885 958 1937 p.
990 1869 1141 1938 560).
1167 1871 1277 1924 lmo
1307 1886 1432 1924 vero
1452 1869 1816 1924 additAuctor
1845 1865 2032 1923 noster
2071 1882 2178 1922 ma-
2207 1878 2253 1937 Β

574 1965 778 2019 ximum
807 1965 858 2018 in
885 1980 950 2018 ea
972 1979 1091 2020 esse
1121 1965 1316 2020 debere
1347 1965 1567 2030 bonum,
1591 1965 1737 2034 cujus
1778 1979 1894 2018 rem
1945 1962 2133 2032 gaudet
2164 2002 2178 2027 ,

577 2061 725 2129 cujus
751 2061 1007 2114 accusatio
1035 2062 1205 2112 "votum
1235 2069 1324 2113 est.

652 2151 912 2206 Ethnicos
950 2160 1127 2205 autem
1173 2151 1264 2206 ille
1291 2151 1468 2205 acrius
1489 2158 1637 2220 urget
1665 2150 1683 2220 (
1709 2148 1864 2212 idem,
1889 2147 2179 2216 Apologet.,

580 2260 696 2311 cap.
732 2245 782 2308 1,
813 2259 934 2313 pag.
953 2243 1103 2312 264),
1131 2243 1407 2310 palamque
1437 2241 1558 2294 facit
1598 2241 1648 2294 in
1688 2238 2005 2294 Christianis
2051 2235 2181 2291 nihil

579 2350 701 2389 esse
753 2335 1030 2404 mali,qui
1071 2334 1263 2388 relicto
1311 2333 1564 2386 falsorum
1619 2332 1842 2386 deorum
1893 2329 2070 2393 cultu,
2118 2341 2181 2381 ac

580 2434 829 2496 suscepta
857 2425 1054 2480 Christi
1086 2425 1379 2494 religione,
1412 2424 1662 2478 meliores
1683 2463 1696 2486 ,
1728 2419 2180 2491 quemadmodum

577 2517 833 2584 diximus,
864 2516 987 2572 laeti
1009 2517 1238 2570 fuerant.
1269 2514 1450 2583 Neque
1473 2514 1522 2566 id
1543 2513 1670 2581 ipsis
1693 2510 2000 2581 gentilibus,
2025 2507 2181 2578 quid-

581 2609 710 2678 quid
759 2618 944 2664 contra
989 2607 1380 2669 reclamarent,
1411 2614 1619 2676 poterat
1659 2619 1781 2658 esse
1831 2603 2178 2672 incognitum.

581 2703 858 2760 Noverunt
897 2702 1039 2757 enim
1085 2710 1315 2772 quantus
1342 2707 1486 2756 esset
1526 2697 1940 2756 Christianorum
1987 2695 2183 2762 ubique

584 2805 852 2850 terrarum
878 2807 1154 2860 numerus,
1187 2793 1415 2862 hincque
1435 2790 1668 2862 graviter
1693 2788 2011 2853 maerebant,
2035 2801 2098 2841 ac
2117 2787 2184 2841 de

585 2900 652 2940 eo
677 2893 786 2940 tam
835 2900 978 2954 saepe
1007 2899 1166 2955 quam
1197 2883 1405 2953 publice
1432 2881 1919 2951 conquerebantur.
1957 2882 2020 2934 At
2045 2893 2182 2948 quo-

587 2989 696 3044 quo
741 2975 902 3029 modo
949 2974 1071 3028 illos
1113 2975 1463 3044 agnoverint,
1497 2973 1740 3027 viderant
1785 2973 1966 3042 utique
2017 2972 2184 3026 factos

585 3079 708 3121 esse
731 3081 794 3120 ex
828 3065 982 3119 malis
1005 3074 1060 3120 et
1084 3066 1348 3135 improbis‘
1369 3067 1539 3119 bonos
1566 3075 1619 3120 et
1646 3063 1866 3134 probos,
1896 3080 1963 3119 ex
2004 3064 2181 3133 impu-

587 3159 722 3214 dicis
753 3157 1004 3228 pudicos,
1037 3173 1106 3214 ex
1155 3157 1366 3228 iujustis
1405 3174 1468 3213 ac
1509 3157 1787 3212 sceleratis
1815 3167 2023 3223 castos,
2053 3157 2184 3211 reli-

581 3249 787 3318 giosos,
810 3265 871 3304 ac
892 3250 1132 3306 sedulam
1151 3249 1436 3305 virtutibus
1459 3249 1708 3304 omnibus
1727 3263 1946 3319 operam
1969 3247 2180 3303 dantes.

587 3342 661 3396 Et
685 3353 832 3398 certe
864 3342 1030 3412 ipsis,
1066 3351 1122 3396 ut
1160 3343 1233 3396 ait
1277 3341 1675 3406 Tertullianus,
1707 3340 1987 3396 videbatur
2029 3340 2188 3394 bonus

587 3437 664 3489 vir
693 3435 1259 3505 Caius(tnanusm‘ipti
1304 3435 1508 3500 nostri,
1554 3433 1712 3488 Gaius
1756 3432 1950 3502 Seius)
1991 3441 2189 3486 tantum

586 3530 725 3597 quod
768 3529 1072 3582 cltristianus
1110 3526 1276 3594 (Ibid.
1301 3544 1418 3596 cap.
1445 3529 1510 3592 5,
1551 3543 1672 3597 pag.
1704 3525 1843 3590 280;
1874 3535 1920 3579 et
1950 3525 2038 3578 lib.
2074 3524 2094 3578 Ι
2123 3524 2191 3577 ad

591 3620 835 3686 Nation.,
859 3637 976 3690 cap.
995 3621 1050 3686 4,
1075 3637 1198 3690 pag.
1218 3620 1366 3688 564).
1391 3619 1720 3673 Mirabantur
1737 3618 1954 3672 Lucium
1981 3618 2192 3688 sapien—

592 3719 726 3774 tem,
755 3709 894 3762 hanc
917 3709 1198 3764 mulierem
1239 3709 1485 3779 pudicam
1510 3749 1524 3770 ,
1557 3709 1697 3763 hunc
1736 3708 1902 3763 filium
1931 3710 2066 3778 patri
2094 3724 2190 3764 suo

592 3799 978 3868 obsequentem
999 3838 1014 3864 ,
1042 3800 1182 3854 hunc
1208 3814 1423 3854 servum
1453 3800 1671 3854 domino
1701 3815 1798 3854 suo
1827 3801 2056 3856 tidelcm.
2089 3802 2188 3855 Mi-

595 3889 855 3945 rabantur
878 3889 1094 3960 quidem
1123 3891 1218 3946 has
1238 3891 1476 3962 aliasque
1497 3891 1913 3948 christiauorum
1944 3895 2186 3950 virtutes:

593 3983 689 4038 sed
719 3983 815 4038 hos
841 3982 1164 4038 christianos
1184 3981 1305 4039 esse
1334 3985 1474 4039 terre
1499 3999 1603 4039 non
1634 3993 1906 4054 poterant.

665 4074 795 4141 Quis
816 4089 945 4146 ergo
965 4090 1061 4130 eos
1089 4075 1265 4145 potius
1282 4090 1464 4131 errare
1483 4075 1820 4143 diffitebitur,
1848 4080 1935 4148 qui
1973 4079 2192 4132 laudant

592 4180 706 4234 qua:
731 4167 925 4233 sciunt,
953 4167 1028 4221 ait
1055 4167 1255 4222 Auctor
1301 4179 1503 4232 noetcr,
1561 4169 1847 4237 vituperant
1889 4185 2003 4240 quae
2040 4172 2189 4242 igno-

591 4269 746 4327 rant,
777 4272 824 4316 et
872 4262 926 4315 id
964 4264 1100 4332 quod
1151 4265 1337 4329 sciunt,
1381 4280 1437 4318 eo
1465 4264 1600 4334 quod
1637 4265 1908 4335 ignorant,
1958 4281 2190 4335 corrum-

600 4363 732 4424 punt
775 4355 793 4420 (
835 4353 976 4408 Ibid.
1019 4357 1077 4424 )?
1119 4357 1172 4411 In
1217 4357 1469 4413 omnibus
1522 4358 1721 4414 nostris
1777 4358 2052 4414 codicibus
2110 4360 2189 4413 le-

599 4449 774 4518 gimus
803 4449 1135 4518 irrumpunt,
1183 4465 1280 4518 pro
1305 4461 1679 4520 corrumpunt:
1705 4451 1800 4506 sed
1851 4453 2030 4506 minus
2083 4451 2194 4504 for-

592 4542 754 4596 lassis
775 4541 930 4597 bene.
955 4542 1008 4596 lu
1032 4542 1169 4596 libro
1194 4545 1337 4597 enim
1383 4545 1451 4596 ad
1499 4542 1746 4599 Nationes
1789 4545 2046 4614 scriptum
2065 4554 2188 4598 est:

2266 592 2354 631 ras
2381 576 2704 644 vituperare,
2728 583 2816 629 aut
2839 588 2903 628 ex
2932 588 2992 628 re
3017 573 3255 642 ignorata
3283 570 3441 623 aliam
3475 585 3504 624 a
3534 585 3594 625 se
3625 571 3866 640 agnitam

2265 682 2631 736 corrumpere.
2660 666 2779 722 Non
2807 666 2983 720 minor
3006 674 3181 719 tamen
3204 673 3318 720 erat
3339 663 3586 732 iniquitas
3604 663 3870 718 Christia-

2267 775 2366 816 nos
2395 761 2464 814 ob
2492 759 2665 814 solum
2705 773 2859 814 suum
2890 767 2944 812 et
2983 757 3222 827 ignotum
3255 770 3450 810 nomen
3479 754 3867 820 condemnare,

2267 861 2322 908 et
2365 853 2644 916 occidere,
2688 867 2786 907 nec
2833 851 2970 906 velle
3010 865 3244 920 unquam
3289 850 3427 904 scire
3455 857 3509 903 et
3547 849 3871 920 investigare

2267 947 2394 1016 quid
2421 948 2471 1001 in
2497 947 2576 1001 eis
2611 947 2680 1000 sit
2717 956 2810 1001 aut
2848 945 2973 1002 boni
3015 952 3108 1000 aut
3154 943 3300 998 mali.
3351 942 3579 998 Tantum
3630 958 3760 996 vero
3795 944 3870 997 ab

2269 1039 2370 1095 hac
2418 1040 2822 1110 investigatione
2852 1038 3216 1094 abhorrebant
3251 1036 3486 1110 ethnici,
3526 1045 3584 1091 ut
3629 1037 3864 1107 iniquis-

2269 1131 2389 1186 simi
2433 1129 2640 1200 judices
2683 1131 2834 1192 illos.
2866 1129 2932 1184 ad
2983 1129 3268 1185 tribunalia
3297 1143 3393 1186 sua
3424 1129 3644 1194 ductos,
3673 1129 3870 1186 audire

2274 1239 2548 1293 nunquam
2571 1223 2856 1279 voluerint.
2895 1223 3200 1279 Secundum
3228 1230 3405 1276 autem
3433 1221 3559 1275 illud
3586 1231 3702 1276 erat
3728 1237 3876 1276 sum-

2273 1333 2374 1371 ma:
2403 1317 2611 1371 illorum
2637 1317 2930 1388 iniquitatis
2958 1327 3139 1387 caput,
3171 1315 3311 1386 quod
3338 1319 3448 1386 jam
3475 1313 3871 1386 explorandum

2272 1420 2376 1465 est.

2857 1559 3154 1600 ARTICULUS
3193 1559 3256 1599 ll.

2279 1661 2479 1728 Quanta
2521 1659 2782 1730 iniquitate
2823 1658 3008 1712 ethnici
3036 1657 3371 1721 Christianos,
3404 1674 3492 1710 nec
3529 1657 3753 1721 auditos,
3786 1672 3881 1710 nec

2347 1751 2609 1820 defensos,
2643 1751 2733 1806 sed
2763 1768 2913 1804 suum
2943 1750 3196 1804 duntaxat
3233 1752 3294 1803 ob
3339 1766 3520 1804 nomen
3570 1749 3884 1804 condemna-

2351 1843 2531 1906 veriut,
2563 1852 2610 1896 et
2636 1842 2989 1897 crudelissime
3018 1843 3324 1896 necaverint.

2358 1955 2663 2011 Secundum
2696 1956 3009 2011 Tertulliani
3052 1956 3308 2010 adversus
3350 1954 3679 2010 eﬂ‘rmnatam
3707 1959 3887 2025 genti-

2289 2047 2414 2101 lium
2445 2050 2494 2100 in
2527 2046 2866 2101 Christianos
2894 2047 3202 2101 violentiam
3232 2056 3606 2117 argumentum
3648 2063 3757 2100 non
3784 2048 3888 2101 mi-

2285 2138 2431 2192 noris
2462 2137 2736 2207 profecto,
2770 2154 2928 2208 quam
2986 2139 3251 2209 superius,
3290 2139 3501 2192 roboris
3539 2148 3622 2192 est
3661 2153 3726 2192 ac
3766 2153 3886 2192 mo-

2288 2229 2474 2283 menti.
2521 2228 2746 2282 Ducitur
2793 2237 2972 2283 autem
3015 2245 3081 2282 ex
3112 2231 3411 2284 certissima
3439 2229 3763 2298 judiciorum
3797 2247 3887 2286 re-

2285 2322 2426 2392 gula,
2457 2337 2576 2392 qua:
2606 2322 2828 2376 naturali
2857 2321 3092 2390 :cquitati
3123 2323 3258 2376 adeo
3286 2332 3644 2378 consentanea
3676 2333 3779 2390 est,
3805 2333 3884 2386 ut,

2285 2429 2345 2469 ea
2378 2415 2767 2485 prietermissa,
2801 2413 3194 2484 iniqui-simum
3221 2455 3235 2482 ,
3277 2415 3484 2469 irritum
3530 2416 3786 2482 omnino,
3833 2426 3890 2470 et

2286 2506 2489 2560 nullum
2535 2507 2603 2559 sit
2648 2505 2882 2574 cujusvis
2933 2505 3166 2560 hominis
3207 2505 3492 2576 judicium.
3523 2508 3592 2562 At
3635 2507 3786 2574 huic,
3826 2516 3892 2562 ut

2287 2599 2420 2654 scite
2441 2597 2797 2652 Tertullianus
2821 2597 3219 2664 animadvertit,
3250 2599 3434 2669 regula
3462 2609 3566 2661 est,
3599 2615 3715 2668 qua:
3739 2608 3891 2654 vetat

2287 2691 2576 2761 indefensos
2617 2700 2662 2744 et
2707 2691 2965 2745 inauditos
3005 2691 3210 2744 omnino
3262 2691 3500 2744 damnari
3530 2695 3549 2761 (
3578 2691 3887 2746 Tertullian.

2289 2782 2578 2851 Apologet.,
2621 2798 2739 2851 cap.
2784 2782 2854 2847 2,
2899 2799 3016 2852 pag.
3049 2781 3200 2853 276).
3239 2782 3310 2836 De
3335 2783 3466 2852 legis
3517 2793 3695 2838 autem
3729 2784 3890 2853 hujus

2290 2878 2543 2946 aequitate
2593 2875 2748 2944 plane
2795 2875 3023 2930 convicti
3069 2876 3331 2945 gentiles,
3381 2877 3799 2944 constituerant,
3831 2888 3894 2932 ut.

2288 2968 2516 3038 quilibet
2550 2969 2932 3038 cujuscumque
2979 2969 3218 3023 criminis
3242 2961 3596 3032 insimulatus,
3622 2980 3892 3036 uteretur,

2289 3069 2335 3112 et
2357 3061 2564 3128 proprio
2601 3077 2690 3113 ore
2709 3100 2724 3126 ,
2758 3060 2831 3113 ait
2860 3061 3067 3114 Auctor
3091 3070 3296 3126 noster,
3329 3071 3372 3115 et
3399 3063 3703 3114 mercenaria
3723 3062 3894 3115 advo-

2288 3152 2515 3215 catione,
2545 3151 2793 3205 videlicet
2823 3161 3202 3220 patronorum,
3231 3153 3322 3224 qui
3351 3152 3588 3208 mercede
3618 3163 3845 3223 accepta
3868 3194 3885 3220 ,

2215 3267 2260 3328 ρ
2293 3259 2536 3298 caussam
2569 3245 2780 3300 illorum
2810 3255 3106 3302 tuerentur.

2369 3337 2561 3391 Verum
2589 3339 2744 3408 longe
2765 3339 2918 3394 aliter
2942 3339 3296 3407 Christianos,
3324 3341 3578 3395 falsorum
3602 3341 3893 3397 criminum

2294 3443 2594 3499 accusatus,
2625 3435 2944 3490 tractabant.
2989 3435 3195 3491 Nullam
3235 3437 3432 3506 quippe
3475 3435 3782 3491 facultatem
3813 3438 3894 3491 eis

2293 3525 2659 3581 concedebant
2690 3526 3050 3582 innocentiam
3081 3539 3234 3582 suam
3264 3536 3355 3580 aut
3383 3542 3478 3581 ore
3507 3542 3606 3580 suo
3629 3568 3645 3593 ,
3672 3535 3766 3582 aut
3806 3528 3889 3581 ul-

2294 3621 2397 3674 lius
2448 3620 2743 3688 patrocinio
2807 3636 3040 3690 unquam
3107 3620 3448 3677 defendendi.
3505 3621 3888 3676 Verumtamen

2293 3716 2537 3784 ejusdem,
2572 3727 2628 3768 ut
2657 3715 2788 3769 scite
2835 3715 2922 3770 ille
2963 3717 3171 3785 arguit,
3205 3716 3474 3770 noxietalis
3500 3716 3519 3786 (
3538 3715 3720 3784 Ibid),
3747 3716 3885 3782 sive,

2295 3815 2352 3859 ut
2382 3808 2434 3859 in
2468 3806 2664 3860 nostris
2689 3805 2964 3860 codicibus
2995 3807 3371 3876 manuscriptis
3411 3818 3466 3861 et
3513 3807 3746 3875 antiquis
3770 3807 3890 3861 edi-

2299 3897 2533 3951 tionibus
2556 3898 2769 3966 legitur,
2793 3899 3020 3967 ejusdem
3047 3915 3196 3953 none
3220 3899 3393 3952 eadem
3422 3900 3659 3952 tractatio
3685 3898 3892 3952 debebat

2294 3989 2594 4042 intervenire
2619 3989 2637 4058 (
2658 3988 2795 4043 Ibid.
2815 3990 2855 4059 ).
2885 3989 3021 4058 Quid
3045 4006 3171 4061 ergo
3201 3991 3454 4061 iniquius,
3481 4007 3642 4062 quam
3671 3991 3721 4044 id
3747 3990 3892 4060 quod

2285 4082 2494 4150 justum
2527 4090 2610 4136 est
2650 4082 2869 4136 etlmico
2894 4083 3210 4148 concedere,
3233 4091 3291 4138 et
3317 4081 3447 4138 illud
3479 4083 3652 4152 ipsum
3697 4097 3893 4152 negare

2295 4171 2588 4227 christiano
2606 4175 2630 4224 'l

2368 4261 2449 4318 Ad
2478 4262 2593 4318 haec
2618 4279 2767 4328 vero,
2799 4263 3092 4321 secundum
3121 4270 3360 4320 omnium
3387 4264 3687 4320 divinarum
3715 4273 3768 4320 et
3793 4265 3890 4319 bu-

2295 4370 2578 4411 manarum
2610 4356 2787 4426 legum
2837 4358 3151 4427 praescripta
3182 4356 3406 4428 quilibet
3447 4357 3628 4424 homo,
3656 4356 3894 4426 cujusvis

2293 4448 2536 4504 criminis
2555 4447 2874 4516 postulatus,
2903 4464 3008 4502 non
3033 4448 3204 4502 solum
3233 4465 3448 4520 semper
3483 4448 3780 4504 audiendus
3808 4457 3894 4503 est

2297 4552 2353 4600 et
2415 4544 2859 4614 interrogandus,
2918 4543 3012 4599 scd
3079 4544 3455 4613 inquirendum
3532 4545 3778 4614 insuper,
3828 4557 3893 4598 ac

593 4631 705 4686 Pro
753 4634 983 4688 stultitia:
1027 4634 1253 4689 caecitate
1307 4635 1517 4688 laudant
1567 4651 1680 4705 qua:
1743 4637 1946 4701 sciunt,
1996 4637 2190 4706 vitupe-
2214 4653 2268 4714 D
2298 4637 2594 4706 quiesdouc
2615 4637 2773 4690 etiam
2802 4644 2856 4691 et
2882 4635 3162 4690 tormentis
3189 4635 3647 4707 extorquendum,
3673 4651 3796 4706 qua:
3821 4635 3892 4690 sit

589 4734 711 4779 rant
736 4740 849 4795 qua:
887 4727 1145 4792 nesciunt,
1187 4736 1234 4780 et
1263 4727 1317 4780 id
1345 4728 1480 4796 quod
1536 4729 1762 4782 nesciunt
1789 4728 1970 4781 vitiant
2012 4729 2033 4796 (
2065 4727 2188 4782 Loe.

591 4816 723 4886 cit.)
747 4834 760 4869 :
789 4817 956 4886 quod,
985 4819 1060 4872 uti
1084 4817 1262 4884 vides,
1294 4819 1435 4874 idem
1459 4829 1541 4874 est
1569 4834 1632 4874 ac
1658 4830 2008 4892 corrumpunt.
2035 4819 2093 4876 Si
2116 4831 2194 4876 ta-

596 4915 722 4955 men
748 4903 902 4957 malis
927 4903 1224 4974 probcsque
1248 4905 1530 4975 legendum
1563 4905 1872 4976 irrumpunt,
1897 4923 2003 4961 non
2028 4909 2195 4962 omni-

593 5007 667 5046 no
688 4993 1118 5064 repugnabimus.
1153 4997 1237 5051 De
1250 4995 1388 5051 lanna
1418 4997 1680 5067 siquidem
1709 4998 1955 5054 Lucanus
1971 5000 2188 5056 cecinit:

747 5103 880 5174 Yana
897 5119 1101 5174 quoque
1118 5107 1178 5174 ad
1203 5113 1405 5174 vestros!
1413 5112 1619 5174 accessit
1640 5109 1764 5160 fama
1783 5119 2008 5174 nepotes,

750 5167 1031 5231 Irrupitque
1056 5171 1241 5220 animos
1265 5172 1444 5234 populi.

1359 5257 1559 5320 (Lucan.
1585 5255 1669 5308 lib.
1696 5266 1731 5318 t,
1759 5266 1861 5323 post
1885 5261 2038 5323 med.)

591 5357 814 5414 Summa
860 5359 1021 5430 igitur
1061 5361 1314 5430 stultitia,
1359 5364 1601 5420 carcitate
1651 5380 1714 5419 ac
1753 5368 1951 5420 malitia
1994 5368 2193 5422 ethnici

594 5451 884 5506 laudabant
923 5451 1024 5506 sibi
1071 5454 1310 5524 cognitas
1343 5454 1773 5510 Christianorum
1806 5457 2063 5516 virtutes:
2097 5457 2188 5513 sed

597 5545 721 5599 illos
764 5543 1175 5613 vituperabant,
1225 5546 1533 5615 ignorantes
1578 5547 1706 5617 quid
1750 5562 1938 5602 eorum
1989 5564 2189 5604 nomen

594 5635 938 5706 significaret.
966 5637 1048 5691 Ex
1071 5638 1312 5708 ignorato
1334 5649 1510 5696 autem
1535 5640 1638 5696 hoc
1664 5642 1878 5698 nomine
1907 5643 2187 5708 vitiabant,

594 5739 690 5780 seu
719 5731 1132 5798 corrumpebant
1180 5732 1390 5788 illorum
1432 5734 1655 5789 virtutes
1676 5776 1691 5801 ,
1720 5752 1852 5805 quas
1896 5737 2070 5791 nullas
2101 5746 2193 5793 aut

588 5812 752 5868 falsas
783 5830 898 5870 esse
924 5817 1253 5877 effuticbant.
1286 5826 1350 5879 At
1382 5824 1514 5879 nihil
1554 5836 1699 5883 certe
1728 5828 1896 5896 magis
1919 5829 2182 5897 iniquum,

2296 4728 2536 4783 criminis
2563 4727 2789 4798 qualitas
2807 4768 2824 4792 ,
2851 4728 2940 4797 qui
2964 4728 3114 4782 locus
3143 4737 3198 4783 et
3225 4728 3446 4794 modus,
3471 4727 3615 4798 quod
3645 4738 3857 4796 tempus
3876 4770 3891 4793 ,

2295 4823 2385 4890 qui
2411 4821 2542 4877 socii
2580 4835 2644 4884 ac
2676 4819 2899 4875 conscii.
2930 4818 3042 4875 Nec
3083 4821 3185 4875 hoc
3209 4821 3571 4891 aequissimum
3600 4833 3722 4875 esse
3745 4817 3892 4872 difﬂ-

2295 4915 2546 4970 tebantur
2572 4912 2794 4979 ethnici,
2830 4913 2920 4983 qui
2963 4913 3080 4967 hmc
3119 4914 3298 4968 omnia
3335 4913 3619 4984 diligenter
3649 4911 3892 4982 inquire-

2295 5007 2445 5074 bant,
2475 5007 2564 5061 ubi
2591 5006 2782 5075 aliquis
2805 5021 2875 5061 ex
2915 5007 3026 5062 suis
3065 5006 3225 5060 ullius
3247 5006 3470 5062 sceleris
3495 5006 3564 5060 ab
3593 5005 3772 5074 aliquo
3797 5017 3890 5059 ac-

2295 5098 2608 5154 cusabatur.
2638 5097 2858 5152 Summa
2885 5105 3065 5152 tamen
3107 5097 3299 5166 injuria
3342 5099 3459 5152 lucc
3503 5097 3683 5153 omnia
3728 5097 3894 5150 missa

2298 5191 2568 5245 faciebant
2594 5188 3048 5259 spernebantquc,
3076 5189 3166 5244 tibi
3205 5189 3464 5260 agebatur
3489 5189 3552 5243 de
3580 5190 3786 5253 nostris,
3817 5189 3898 5242 ait

2298 5281 2684 5342 Tertullianus,
2711 5280 2888 5350 elogiis
2914 5279 2932 5350 (
2950 5278 3123 5350 ibid),
3157 5279 3210 5334 id
3240 5291 3348 5347 est,
3380 5280 3448 5335 de
3475 5279 3896 5335 Christianorum

2299 5372 2690 5440 vituperatione
2739 5381 2794 5426 et
2839 5371 3200 5425 accusatione.
3232 5371 3404 5426 Minus
3442 5371 3618 5440 itaque
3657 5371 3795 5424 bene
3841 5369 3897 5424 in

2297 5465 2572 5522 codicibus
2618 5464 2818 5519 nostris
2869 5463 3094 5519 habetur
3135 5445 3384 5535 enloqiis,
3414 5465 3518 5518 hoc
3563 5472 3679 5528 est,
3725 5465 3897 5519 bene-

2294 5556 2638 5622 dictionibus,
2667 5555 2771 5610 nisi
2802 5571 2995 5610 nomen
3025 5556 3154 5610 illud
3177 5556 3244 5610 ab
3268 5557 3359 5612 illo
3386 5557 3588 5610 irouice
3608 5563 3897 5624 acceptum

2293 5647 2457 5702 fuisse
2502 5646 2838 5717 probaveris.
2869 5645 3138 5716 Quidquid
3178 5647 3284 5713 sit,
3319 5646 3512 5716 planus
3541 5655 3624 5702 est
3652 5653 3710 5701 et
3735 5659 3901 5716 aper-

2295 5748 2380 5795 tus
2407 5739 2717 5795 Tertulliani
2749 5754 2973 5807 sensus,
2999 5741 3092 5812 qui
3137 5741 3336 5797 asserit
3367 5751 3573 5796 tantum
3619 5739 3896 5806 abfuisse,

2291 5840 2349 5885 ut
2374 5833 2596 5902 gentiles
2628 5834 2718 5888 illo
2739 5875 2753 5900 ,
2785 5850 2944 5906 quem
2991 5835 3214 5906 aequitas
3260 5835 3604 5906 postulabat,
3637 5832 3801 5890 modo
3834 5834 3894 5890 in
