4212 6262
537 322 644 378 985

1590 319 1653 375 IN
1693 316 2156 375 TEBTULLIANI
2228 315 2756 376 APULOGETICUM

3733 317 3843 375 985

541 453 670 494 cero
719 438 736 505 (
777 438 935 492 Cicer.
967 437 1053 490 lib.
1104 435 1144 487 ν
1197 436 1250 487 in
1310 433 1477 500 Veron,
1531 450 1649 504 pag.
1705 430 1826 498 179,
1889 434 1985 487 lin.
2041 432 2132 495 l9;
2163 433 2568 492 Ahenduntur.
2618 432 2723 488 Sed
2776 433 3054 488 falsissima
3113 447 3232 489 esse
3277 431 3391 488 lure
3459 430 3682 487 crimina
3729 431 3844 502 jam

542 541 674 584 orat.
716 530 785 584 '59
825 545 917 597 pro
962 526 1138 580 Rabir.
1166 567 1180 588 ,
1207 543 1326 596 pag.
1369 525 1512 590 561,
1569 526 1660 579 lin.
1699 526 1838 590 ult.;
1888 533 2020 578 orat.
2068 524 2137 580 23

542 642 636 694 pro
693 623 891 681 Παίς..
943 639 1060 692 pag.
1110 620 1235 684 569,
1290 609 1381 673 lin.
1428 620 1521 686 47;
1571 629 1701 673 orat.
1749 619 1817 674 57
1861 621 1913 673 in
1952 618 2014 673 L.
2051 617 2140 671 Pi-

543 733 679 780 son.,
716 731 836 784 pag.
869 711 1031 784 545),
1085 712 1282 780 aliique
1331 713 1526 780 saepius
1570 711 1897 774 meminere,
1947 718 2135 766 ctmtra

543 820 638 860 eos
667 805 931 858 sententia
960 804 1011 858 iu
1041 803 1314 871 publicum
1349 803 1711 871 proferebant.
1741 803 1794 856 In
1819 803 1917 858 hae
1937 803 2137 873 quippe

543 897 738 951 tabella
799 912 904 951 non
959 896 1171 965 aliquod
1219 896 1672 959 Christianorum,
1726 897 1864 950 sicut
1908 897 2134 950 aliorum

451 979 458 984 ’
546 1001 718 1044 morte
775 989 1183 1054 damnatorum,
1225 991 1427 1044 crimen
1477 990 1782 1055 nombatnr,
1828 989 1921 1042 sed
1959 990 2134 1044 solum

541 1081 956 1136 christimtorum
1008 1097 1202 1135 nomen
1241 1081 1361 1134 :De
1408 1081 1621 1136 tabella.
1656 1082 1729 1133 ait
1771 1080 2136 1135 'I'ertullianus

541 1190 636 1228 eos
667 1174 1007 1243 alloquendo,
1041 1175 1261 1228 recitatis
1279 1175 1423 1226 illum
1449 1173 1781 1226 christianum
1805 1171 2134 1242 (Tcrtullian.

542 1266 784 1336 Apolog.,
819 1283 932 1334 cap.
962 1265 1015 1329 2,
1053 1283 1174 1336 pag.
1203 1265 1354 1336 279).
1381 1266 1620 1334 nihilque
1643 1266 1892 1334 amplius.
1921 1267 1985 1316 At
2013 1280 2134 1319 cum

541 1373 630 1413 res
662 1359 730 1412 ita
765 1359 830 1412 sit
856 1399 870 1423 ,
905 1358 1075 1428 pergil
1116 1358 1235 1421 ille,
1264 1367 1446 1413 certe:
1481 1356 1803 1410 Christianus
1854 1357 1897 1409 si
1945 1357 2137 1410 nullius

540 1451 768 1504 criminis
815 1467 994 1503 nomen
1025 1460 1128 1514 est,
1160 1449 1305 1503 valde
1353 1449 1676 1519 ineptum.si
1718 1449 1876 1502 solius
1919 1449 2137 1502 nominis

544 1543 732 1596 crimen
774 1552 846 1596 est
892 1540 1237 1606 (Tcrtnllian.
1273 1541 1396 1596 ibid.
1422 1541 1463 1612 ).
1498 1542 1563 1596 Et
1594 1541 1660 1595 ita
1691 1541 1904 1610 quidem
1950 1542 1999 1594 in
2042 1541 2138 1594 Ri.

543 1632 688 1702 galtii
716 1632 970 1688 editione.
1005 1631 1057 1685 In
1091 1633 1288 1687 uestris
1317 1649 1444 1687 vero
1473 1633 1748 1688 codicibus
1775 1649 1788 1684 :
1820 1630 2137 1686 Christianus

541 1726 586 1778 si
621 1725 810 1778 nullius
845 1724 1067 1776 criminis
1115 1741 1295 1778 nomen
1323 1740 1435 1777 reus
1463 1733 1550 1788 est,
1581 1724 1728 1777 valde
1756 1724 2019 1790 incestum,
2049 1740 2134 1777 re—

2243 525 2595 580 ostendimus.
2625 525 2731 582 Fac
2773 537 2970 589 tamen,
3001 525 3045 581 si
3087 525 3279 595 possis,
3313 525 3401 579 illa
3433 533 3539 579 tam
3568 539 3690 578 vera
3721 539 3848 580 esse

2241 635 2400 689 qualn
2427 617 2557 672 falsa
2588 628 2732 683 sunt,
2767 615 3021 686 numquid
3070 615 3356 677 homicida,
3387 615 3470 669 vel
3513 615 3652 669 alius
3676 615 3846 684 quili-

2244 710 2332 765 bet
2377 710 2670 765 sceleratus
2728 709 2907 769 homo.
2963 717 3178 778 propter
3221 722 3371 760 suum
3422 705 3594 760 solum
3645 721 3845 762 nomen

2240 801 2586 856 condemnari
2612 800 2814 856 debet?
2845 799 3030 854 Nonne
3055 799 3264 869 judices
3287 808 3535 854 leuentur
3564 797 3712 853 illum
3743 813 3847 852 au-

2241 892 2378 957 dire,
2420 902 2474 948 et
2521 893 2842 962 investigare
2892 890 3000 956 ubi,
3031 890 3265 961 quando,
3319 888 3608 957 quomodo,
3647 889 3848 960 quibus

2242 985 2402 1038 sociis
2430 984 2634 1038 crimen
2665 983 3088 1054 perpetraverit'l
3119 980 3311 1036 Verum
3340 980 3625 1034 Christiani
3651 990 3845 1035 contra

2242 1075 2338 1130 has
2364 1075 2714 1145 aequissimas,
2739 1077 2812 1127 uti
2843 1073 3074 1128 diximus
3094 1115 3109 1138 ,
3142 1072 3289 1142 leges
3327 1071 3843 1127 condemnabantur.

2242 1165 2638 1235 Iniquissimum
2679 1180 2808 1234 ergo
2847 1174 2963 1219 erat
3002 1164 3276 1234 gentilium
3308 1161 3568 1232 judicium
3610 1160 3845 1232 (Tertul-

2242 1260 2367 1312 lian.
2403 1259 2666 1329 Apologct.
2695 1274 2811 1327 cap.
2858 1256 2926 1322 Ξ,
2957 1273 3074 1326 pag.
3097 1254 3223 1320 279,
3250 1265 3294 1308 et
3339 1255 3423 1308 lib.
3467 1252 3577 1306 lad
3622 1251 3845 1308 Nation.

2240 1369 2356 1422 cap.
2386 1352 2438 1415 6,
2472 1369 2590 1422 pag.
2625 1350 2777 1413 566).

2314 1443 2584 1516 Urgebmt
2616 1454 2790 1498 tamen
2815 1443 3038 1513 gentiles
3072 1462 3086 1496 τ
3117 1441 3268 1496 Secta
3295 1441 3707 1495 Christianorum
3730 1439 3850 1493 odi-

2241 1547 2323 1590 tur
2347 1538 2398 1590 in
2429 1538 2630 1590 nomine
2655 1536 2825 1605 utique
2849 1536 2927 1590 sui
2953 1535 3173 1588 auctoris
3203 1532 3363 1604 (Ibid.
3398 1550 3450 1603 p.
3479 1532 3631 1599 282).
3673 1531 3847 1586 Num-

2241 1629 2365 1699 quid
2396 1644 2524 1700 ergo
2552 1628 2966 1684 examinandum
3008 1643 3113 1682 non
3142 1636 3260 1682 erat
3295 1637 3470 1681 utrum
3503 1627 3593 1681 ille
3634 1636 3846 1690 auctor,

2241 1732 2330 1776 aut
2352 1721 2468 1792 ejus
2487 1731 2781 1776 sectatores
2808 1721 2933 1775 odio
2962 1736 3143 1776 revera
3171 1719 3351 1774 haberi
3388 1719 3680 1774 deberent?
3707 1718 3849 1774 Ter-

544 1808 812 1870 centiOres
860 1816 1134 1878 incertum,
1167 1817 1209 1868 si
1235 1815 1393 1869 solius
1439 1815 1656 1869 nominis
1695 1816 1884 1870 crimen
1927 1825 2022 1869 est.
2075 1815 2129 1869 In
2162 1821 2210 1880 B
2241 1815 2487 1868 tulliauus
2531 1823 2708 1868 autem
2759 1813 3160 1868 evidentissime
3215 1811 3548 1868 demonstrat
3595 1811 3852 1866 ethnicos

546 1905 864 1975 quibusdam
911 1906 1321 1976 manuscriptis,
1353 1915 1406 1960 et
1424 1906 1582 1960 editis
1615 1905 1842 1974 Rigaltio
1870 1907 2136 1976 antiquioo

546 1999 696 2052 ribus
721 2016 732 2052 :
757 1998 1074 2052 Christianus
1113 2001 1155 2052 si
1202 1999 1392 2052 nullius
1415 2000 1642 2053 criminis
1672 2015 1788 2054 reus
1816 2009 1890 2054 est
1910 2043 1924 2066 ,
1959 2017 2141 2055 nomen

548 2090 695 2144 valde
713 2090 972 2161 infestum,
993 2091 1036 2144 si
1063 2091 1222 2144 solius
1243 2091 1460 2145 nominis
1483 2091 1673 2146 crimen
1701 2101 1793 2148 est.
1825 2093 1998 2162 Atque
2028 2077 2142 2148 lta‘c

548 2179 762 2234 videtur
804 2187 1030 2250 genuina
1063 2182 1381 2237 Tertulliani
1414 2182 1602 2250 lectio,
1633 2193 1792 2254 atque
1824 2185 1873 2238 in
1905 2185 2022 2240 aliis
2052 2201 2143 2240 co-

548 2271 757 2327 dicibus
787 2287 848 2327 ea
876 2288 974 2326 vox
1007 2291 1188 2328 nomen
1231 2276 1550 2343 tranSposita
1573 2318 1587 2342 ,
1614 2285 1668 2332 et
1694 2278 1858 2332 altera
1899 2279 2144 2332 incestum

547 2375 822 2432 corrupta.
847 2364 1048 2419 Sensus
1078 2381 1306 2433 namque
1327 2365 1638 2422 Tertulliani
1664 2379 1767 2435 est,
1793 2369 2140 2424 christianum

549 2472 745 2513 nomen
776 2456 942 2513 fuisse
969 2459 1202 2513 ethnicis
1238 2459 1390 2515 valde
1421 2461 1705 2528 infestum,
1740 2474 1959 2534 propter
2001 2465 2142 2535 quod

550 2548 745 2614 solum,
778 2564 876 2603 nec
902 2549 1044 2604 aliud
1078 2565 1294 2620 prorsus
1323 2552 1393 2606 oh
1419 2554 1644 2618 crimen,
1677 2553 2006 2611 christianos
2035 2567 2142 2611 tam

550 2639 839 2694 crudeliter
871 2642 1217 2710 torquebant,
1249 2651 1300 2696 et
1344 2643 1748 2700 ittlcrlicicbztttl.

625 2733 694 2785 At
716 2731 918 2786 nullum
943 2743 1088 2787 cette
1111 2775 1124 2798 ,
1151 2745 1302 2804 urget
1327 2734 1687 2790 Tertulliauus
1714 2737 1897 2806 (ibid.,
1927 2755 2042 2808 cap.
2071 2740 2104 2795 5
2124 2782 2139 2807 ,

551 2821 845 2894 pag.2$l),
875 2823 1104 2878 nominis
1151 2827 1333 2880 odium
1373 2827 1580 2897 eoncipi
1616 2836 1824 2897 potest,
1860 2828 1960 2883 nisi
2011 2829 2140 2885 illud

549 2915 750 2984 aliquid
781 2916 1045 2986 signiticet
1071 2917 1356 2973 barbarum
1379 2960 1393 2981 ,
1419 2929 1512 2975 aut
1555 2921 1802 2976 vitiosum
1831 2923 1883 2977 in
1913 2938 1973 2979 se
2005 2925 2140 2993 ipso,

549 3009 632 3062 vel
663 3009 946 3077 incognitis
999 3011 1306 3065 hominibus
1346 3014 1435 3083 qui
1473 3029 1539 3068 eo
1580 3015 1938 3084 appellantur.
1983 3018 2141 3087 Atqui

552 3100 752 3156 ethnici
784 3102 918 3158 nihil
951 3114 1238 3173 potuerant
1281 3106 1332 3158 in
1380 3106 1688 3161 cbristianis
1735 3107 2142 3177 deprehendere

2245 1906 2472 1961 absurda
2505 1907 2603 1961 hac
2645 1906 3104 1976 argumentatione
3145 1920 3204 1958 se
3252 1904 3396 1973 ipsos
3433 1919 3551 1970 sua,
3591 1904 3856 1972 quemad—

2248 1999 2463 2053 modum
2494 1997 2717 2062 dicitur,
2749 1999 3015 2053 coniicere
3062 1997 3258 2064 gladio.
3285 1997 3398 2050 Non
3447 1997 3591 2052 enim
3623 1997 3854 2066 platani-

2245 2107 2335 2146 cos
2369 2101 2586 2161 prepter
2615 2075 2889 2158 lI‘latonis,
2919 2091 3198 2160 epicnrcos
3240 2100 3457 2162 propter
3486 2091 3719 2159 Epicuri,
3752 2107 3853 2164 py.

2249 2183 2533 2253 thagoreos
2565 2192 2786 2253 propter
2816 2181 3150 2254 Pythagorae,
3181 2183 3378 2237 stoicos
3430 2191 3646 2252 propter
3666 2183 3818 2239 Zeno
3837 2213 3852 2223 -

2247 2277 2330 2329 nis
2386 2269 2598 2330 nomen'
2637 2276 2762 2330 odio
2813 2275 3075 2330 habebant
3123 2273 3332 2345 (lbid.).
3385 2276 3451 2329 At
3503 2273 3555 2328 hi
3627 2290 3847 2330 Suarum

2246 2376 2534 2433 sectarum,
2589 2370 2660 2423 uti
2709 2368 2834 2423 alibi
2887 2368 3217 2422 Ostendimus
3273 2365 3445 2438 (Tant.
3517 2365 3536 2420 I
3594 2368 3843 2437 Apparet.

2249 2459 2338 2514 lib.
2371 2457 2456 2520 III,
2499 2460 2701 2513 dissert.
2745 2460 2800 2525 εὶ,
2843 2475 2959 2529 cap.
2988 2459 3074 2519 17,
3119 2468 3217 2510 art.
3258 2459 3356 2512 lct
3395 2474 3529 2527 seqq.
3563 2475 3681 2529 pag.
3710 2456 3847 2511 1123

2247 2561 2290 2605 et
2315 2551 2498 2623 seqq.),
2537 2551 2746 2607 fuerant
2775 2561 3042 2607 auctores.
3075 2550 3210 2605 Tum
3245 2550 3438 2605 deinde
3463 2567 3490 2602 a
3521 2551 3846 2604 Tertulliano

2247 2652 2593 2697 recensentur
2633 2643 2943 2708 amdemici,
2971 2657 3105 2713 quos
3149 2643 3332 2710 utique
3371 2658 3399 2694 a
3444 2643 3717 2712 platonicis
3755 2658 3845 2698 se-

2247 2749 2471 2789 cernere
2551 2734 2758 2789 videtur
2831 2734 3159 2807 (Tertulliun.
3238 2733 3506 2804 Apologet.
3588 2750 3703 2800 cap.
3769 2734 3841 2798 3,

2247 2847 2298 2900 p.
2322 2828 2473 2898 28‘2).
2498 2827 2760 2897 Numquid
2793 2827 2950 2898 igitur
2980 2828 3046 2881 de
3072 2826 3259 2881 inedia:
3287 2835 3344 2881 et
3369 2842 3517 2879 nova:
3543 2825 3846 2881 Academia:

2249 2922 2576 2992 principibus
2596 2923 2885 2988 Arcesilae,
2904 2933 2954 2974 et
2969 2920 3179 2992 Lacyde
3200 2961 3214 2984 ,
3240 2921 3378 2974 sicut
3401 2920 3591 2973 ibidem
3608 2919 3848 2973 animad-

2249 3015 2524 3077 vertimus,
2555 3028 2858 3068 sermonem
2888 3011 3081 3068 l'ecisse
3120 3010 3375 3066 dicendus
3411 3009 3529 3064 est?
3555 3007 3839 3076 Expende,

2246 3122 2452 3178 quieso,
2480 3123 2542 3162 ac
2573 3108 2874 3176 pronuntia.

548 3194 747 3260 vitiosi,
773 3212 908 3267 quos
935 3199 1018 3253 vel
1045 3199 1212 3254 semel
1238 3198 1424 3254 audire
1452 3200 1751 3254 noluerant.
1792 3199 1934 3255 Nihil
1975 3202 2135 3257 etiam
2163 3202 2208 3265 C
2315 3200 2492 3271 Pergit
2517 3200 2622 3264 ille,
2653 3215 2716 3253 ac
2747 3214 2946 3264 nonne,
2978 3200 3168 3270 inquit,
3213 3196 3401 3253 medici
3444 3211 3633 3251 nomen
3675 3210 3840 3250 suum

548 3287 832 3344 barbarum
859 3290 910 3343 in
938 3290 1214 3345 christiani
1238 3291 1484 3356 nomine,
1511 3290 1651 3360 quod
1684 3291 1747 3344 de
1770 3294 2036 3355 unctione,
2065 3293 2142 3347 ait

547 3378 942 3442 Turlullianus,
968 3382 1233 3436 deducitur
1263 3380 1462 3454 (Ibid.,
1497 3399 1615 3451 pag.
1647 3380 1798 3452 28!).
1835 3381 1944 3438 Nec
1975 3383 2136 3437 hilum

546 3471 764 3539 quidem
798 3474 1185 3540 promovebant
1213 3472 1380 3542 ignari
1405 3473 1664 3542 gentiles,
1693 3474 1781 3544 qui
1803 3474 2136 3538 chrestiauos,

547 3579 653 3618 non
675 3565 999 3632 christianos,
1018 3566 1362 3636 appellandos
1384 3581 1506 3621 esse
1521 3567 1847 3636 garriebant.
1873 3567 2006 3622 Nam
2037 3568 2139 3622 hoc

543 3655 720 3723 ipsum
762 3672 955 3713 nomen
996 3658 1059 3711 de
1095 3659 1373 3723 suavitate,
1407 3660 1482 3711 vel
1512 3659 1814 3728 benignitate
1841 3659 2136 3713 derivotum

541 3757 623 3800 est
653 3745 829 3815 (Ibid.
857 3749 897 3813 ).
931 3751 995 3801 At
1025 3749 1091 3803 de
1122 3748 1221 3801 hac
1260 3749 1534 3818 utriusque
1562 3749 1793 3802 nominis
1817 3750 2137 3820 etymologia

543 3840 668 3894 alibi
714 3841 1067 3894 disseruimus
1120 3841 1138 3910 (
1174 3839 1439 3894 Dissertat.
1487 3841 1538 3894 in
1585 3839 1847 3905 Lactant.,
1882 3857 1997 3910 cap.
2035 3842 2131 3906 l7,

541 3945 640 3986 art.
675 3935 700 3989 1
731 3934 770 4003 ).

1132 4064 1422 4104 Ακτιευιυε
1450 4064 1524 4104 III.

614 4162 780 4228 Quam
809 4161 1026 4215 absurde
1070 4161 1257 4215 ethnici
1283 4163 1556 4230 objicerent
1587 4160 1900 4215 Christianos
1930 4171 2135 4231 propter

536 4269 685 4308 suum
727 4263 812 4305 aut
853 4255 1074 4307 auctoris
1103 4253 1182 4307 sui
1217 4270 1397 4308 nomen
1426 4253 1544 4306 odio
1566 4251 1840 4317 habendas,
1874 4253 1992 4322 quia
2019 4253 2134 4306 ttul-

535 4346 617 4398 lus
663 4343 996 4414 philosophus
1052 4345 1351 4410 platanicos,
1414 4345 1695 4414 epicnrcos,
1750 4343 2128 4414 pgtbagoreos,

531 4439 735 4498 stoicos.
788 4447 834 4490 et
868 4437 1202 4502 academicos,
1257 4436 1432 4490 nullus
1481 4437 1701 4490 medicus
1743 4435 2126 4504 Erasistratum,

531 4531 704 4585 nullus
749 4530 1110 4600 grammaticus
1139 4530 1520 4591 Aristarchum,
1571 4527 1742 4582 nullus
1785 4545 1973 4600 coquus
1997 4529 2125 4597 Api-

529 4622 684 4680 cium,
707 4633 956 4675 sectarunt
981 4638 1186 4675 suarum
1209 4630 1456 4684 auctores,
1483 4621 1544 4674 ob
1567 4637 1712 4674 suum
1754 4637 1936 4675 nomen
1965 4621 2130 4675 odisse

530 4702 905 4785 perhibeantur.

597 4855 730 4908 Cum
769 4854 895 4908 nihil
921 4857 989 4908 sit
1031 4854 1143 4907 sole
1187 4855 1346 4907 etiam
1389 4852 1682 4906 meridiano
1724 4853 1951 4918 clarius,
1979 4852 2121 4922 quod

521 4943 813 4999 Immanum
848 4945 1136 5015 ingenium,
1169 4943 1314 4997 lalsze
1356 4941 1627 5010 religionis
1659 4942 1981 5012 praejudiciis
2020 4959 2118 4998 ex-

521 5047 803 5100 ctecatum,
834 5039 1122 5092 obscurare
1165 5051 1273 5090 non
1317 5035 1601 5101 moliatur;
1635 5049 1741 5088 non
1768 5035 1958 5089 mirum
1991 5050 2118 5104 pro-

521 5128 667 5185 fecto
691 5171 704 5192 ,
731 5129 773 5184 si
802 5129 1000 5185 etlmici
1025 5127 1344 5200 quihusdam
1388 5126 1634 5197 litigiosis
1671 5126 2117 5196 disputationibus

515 5221 820 5290 prepositas
842 5221 911 5275 ab
931 5221 1164 5274 Auctore
1188 5228 1372 5272 nostro
1402 5217 1778 5272 invictissitnas
1798 5218 1850 5272 in
1864 5218 2120 5274 Christia-

515 5329 707 5368 norum
735 5313 1098 5368 defensionem
1136 5310 1627 5380 argumentationes
1661 5309 1882 5366 eludere
1914 5319 2006 5365 aut
2035 5312 2116 5366 in-

517 5402 732 5459 ﬁrmare
760 5405 1098 5460 tentaveriut.
1133 5401 1395 5458 Audiendi
1429 5411 1602 5456 tamen
1633 5401 1684 5454 hi
1714 5400 2112 5470 suntquiChri-

511 5497 716 5552 stiauos
768 5496 952 5552 audire
984 5495 1255 5559 uolebant,
1283 5505 1337 5549 et
1371 5492 1703 5549 excutienda:
1727 5532 1741 5558 ,
1783 5492 2113 5562 qualescum-

508 5601 615 5656 que
643 5587 771 5651 siut,
798 5585 1010 5642 illorum
1043 5585 1296 5641 rationes.

577 5678 937 5735 Clamitabant
955 5689 1135 5733 autem
1161 5692 1265 5734 non
1288 5677 1604 5750 requirenda
1635 5693 1754 5735 esse
1773 5677 2108 5737 Christiano-

503 5783 624 5825 rum
653 5767 872 5836 scelera,
903 5785 1021 5839 qua:
1047 5771 1227 5828 omnia
1253 5785 1358 5828 uno
1383 5785 1568 5831 eorum
1604 5771 1818 5832 nomine
1849 5788 2104 5845 compre-

2245 3292 2415 3344 sortiti
2458 3300 2580 3345 sunt
2621 3291 2690 3344 ab
2732 3289 3061 3348 Erasistrato,
3094 3289 3184 3359 qui
3228 3290 3295 3342 ab
3333 3290 3396 3344 Α,
3440 3286 3610 3342 Gellio
3658 3286 3845 3341 nobilis

2245 3383 2467 3435 medicus
2503 3380 2661 3450 (Gell.
2695 3381 2783 3435 lib.
2825 3379 2968 3435 XVII
3001 3379 3153 3434 Noct.
3200 3380 3331 3445 Att.,
3363 3395 3477 3448 Cap.
3526 3379 3644 3446 ll),
3672 3392 3703 3431 ξι
3734 3377 3846 3432 Ma-

2243 3475 2425 3527 crobio
2493 3474 2797 3528 medicorum
2864 3484 3083 3526 veterum
3150 3471 3490 3526 nobilissimus
3545 3470 3844 3540 appellatur

2245 3563 2523 3635 (Ματιήνη
2571 3564 2656 3618 lib.
2690 3563 2782 3619 VII
2815 3565 3083 3628 Saturnal.
3117 3580 3233 3630 cap.
3271 3561 3381 3633 15).
3427 3562 3699 3617 Testatutn
3740 3576 3840 3616 au-

2245 3667 2348 3710 tem
2377 3656 2570 3711 Strabo
2601 3655 2722 3711 fecit
2762 3656 3009 3726 Smyrna:
3054 3657 3324 3710 exSIitisse
3370 3663 3578 3724 patrum
3619 3667 3837 3707 suorum

2244 3758 2480 3818 tempore
2496 3747 2915 3802 Erasistratasam
2949 3748 3230 3802 medicina:
3256 3746 3495 3801 scholam
3524 3745 3717 3818 (Strab.
3742 3743 3835 3797 lib.

2240 3839 2331 3896 XII
2363 3841 2572 3910 ϐροτέῃ,
2619 3859 2736 3912 pag.
2772 3841 2921 3909 580).
2951 3840 3295 3895 Celeberrimi
3342 3854 3502 3909 porro
3531 3839 3684 3907 hujus
3727 3851 3841 3892 me-

2237 3933 2340 3992 dici
2371 3933 2686 3986 Plutarchus
2714 3931 3032 3998 (Plutarch,
3061 3932 3148 3986 lib.
3192 3930 3254 3985 IV
3295 3931 3542 4001 Sympos.
3572 3939 3748 3998 qmcst.
3782 3929 3834 3992 I,

2239 4043 2357 4096 pag.
2379 4025 2505 4087 605,
2525 4035 2570 4078 et
2597 4025 2685 4078 lib.
2712 4024 2820 4089 VII,
2851 4035 3029 4092 quiest.
3066 4020 3117 4081 Γ.
3153 4040 3270 4093 pag.
3300 4024 3426 4089 698,
3445 4034 3492 4076 et
3521 4023 3573 4074 iu
3602 4020 3717 4075 Vita
3744 4019 3841 4073 De-

3845 4095 3872 4106 ὴ

2238 4127 2384 4170 metr.
2436 4133 2557 4186 pag.
2602 4115 2753 4185 907),
2806 4116 3004 4171 Plinius
3043 4115 3236 4187 (Plin.,
3291 4116 3380 4170 lib.
3434 4113 3604 4170 XXIX
3663 4116 3834 4166 natur.

2241 4209 2379 4263 Ilist.
2413 4226 2530 4275 cap.
2575 4211 2624 4274 1,
2653 4226 2772 4281 pag.
2819 4208 2982 4280 663),
3034 4208 3282 4263 Valerius
3324 4207 3583 4263 Maximus
3626 4204 3830 4275 (Valcr.

2240 4301 2386 4356 Max.
2415 4301 2500 4356 lib.
2535 4299 2598 4366 V,
2629 4318 2744 4372 cap.
2769 4303 2822 4367 7,
2857 4301 2885 4373 §
2927 4303 2996 4372 l),
3023 4311 3078 4356 et
3101 4300 3348 4356 Chronici
3383 4298 3667 4354 Eusebiani
3698 4297 3837 4352 scri-

2239 4405 2357 4465 ptor
2401 4396 2723 4450 mentionem
2772 4396 3014 4450 iecerunt
3057 4395 3292 4466 (Chron.
3345 4392 3530 4448 Euseb.
3579 4393 3666 4446 ad.
3706 4408 3830 4447 ann.

2238 4487 2422 4561 t755).

2155 4593 2207 4652 ι)
2307 4581 2544 4650 Denique
2569 4581 2714 4648 coqui
2745 4579 2896 4634 etiam
2943 4576 3301 4648 cognominati
3334 4588 3478 4638 sunt,
3521 4577 3592 4630 ait
3620 4573 3833 4630 Tertul-

2229 4672 2423 4738 liauus,
2455 4675 2518 4728 ab
2559 4675 2757 4742 Apicio,
2791 4689 2947 4744 quem
2993 4673 3115 4728 alibi
3149 4674 3288 4726 inter
3313 4685 3514 4742 coquos
3558 4670 3836 4741 pretiosis-

2229 4767 2393 4820 simus
2413 4777 2680 4834 recenset,
2712 4764 2935 4836 ejusque
2961 4766 3304 4822 condimenta
3344 4767 3575 4834 exagitat
3603 4763 3835 4834 (Tertul-

2225 4859 2352 4911 lian.
2396 4859 2662 4929 Apologet.
2713 4875 2830 4927 cap.
2864 4859 2927 4921 5,
2959 4875 3078 4927 pag.
3109 4859 3162 4920 5,
3188 4869 3234 4911 et
3263 4858 3352 4911 lib.
3386 4857 3448 4910 de
3493 4854 3665 4910 Pallio
3711 4873 3830 4925 cap.

2225 4950 2346 5014 ult.,
2379 4959 2426 5002 et
2469 4951 2558 5005 lib.
2589 4952 2652 5004 de
2697 4951 2866 5004 Anim.
2916 4967 3031 5020 cap.
3086 4951 3200 5018 55).
3243 4949 3323 5002 Ah
3364 4947 3623 5002 Athean
3648 4958 3829 5003 autem

2223 5041 2478 5096 discimus
2533 5042 2673 5096 hunc
2723 5041 2920 5095 Tiberii
2993 5040 3331 5111 imperatoris
3381 5040 3579 5094 szeculo
3630 5037 3831 5092 ditissi-

2222 5147 2368 5187 mum
2441 5131 2641 5195 luisse,
2705 5133 2798 5188 sed
2861 5133 2991 5186 luxu
3054 5133 3328 5196 solutttm,
3391 5132 3584 5186 multas
3622 5128 3826 5184 ventris

2221 5234 2276 5280 et
2330 5225 2469 5294 gula:
2514 5224 2643 5279 vitio
2692 5225 2964 5296 myriadas
3012 5238 3352 5278 nunnuorum
3403 5221 3717 5292 profudisse,
3761 5234 3834 5276 ac

2220 5315 2365 5371 varia
2437 5317 2798 5388 placentarutu
2871 5331 3068 5386 genera
3140 5315 3258 5384 ejus
3325 5314 3540 5370 nomine
3601 5311 3829 5368 vocitari

2220 5406 2495 5475 (Athena,
2549 5408 2638 5462 lib.
2694 5407 2716 5463 l
2760 5405 3112 5476 Deipnosoph.
3156 5424 3272 5475 mp.
3304 5412 3355 5469 1,
3398 5422 3512 5474 pag.
3549 5405 3628 5469 7).
3664 5403 3823 5459 Plura

2218 5503 2378 5556 etiam
2403 5499 2471 5556 de
2498 5500 2589 5556 illo
2613 5499 2838 5566 Seneca,
2864 5501 3022 5569 cnjus
3048 5500 3163 5554 Inec
3193 5510 3421 5559 tantum.
3453 5513 3576 5566 qua:
3599 5497 3667 5550 ad
3696 5511 3826 5566 pro-

2218 5592 2449 5663 positum
2503 5601 2744 5648 nostrum
2792 5595 2961 5663 magis
3015 5591 3234 5656 faciunt,
3280 5592 3442 5647 verba
3501 5589 3829 5646 transcribe-

2216 5698 2335 5738 mus
2363 5701 2376 5736 :
2407 5683 2615 5755 Apicius
2646 5693 2818 5738 nostra
2844 5684 3086 5738 memoria
3120 5684 3263 5744 vixit.
3289 5682 3375 5751 qui
3403 5682 3454 5736 in
3485 5699 3545 5737 ea
3585 5681 3728 5744 urbe,
3759 5697 3826 5737 ex

2213 5791 2313 5846 qua
2352 5776 2629 5847 aliquando
2657 5775 2977 5848 pltilosOpln',
3019 5775 3153 5834 velut
3187 5782 3505 5846 corruptores
3529 5772 3823 5844 juventutis
