4212 6262
310 283 422 392 ass

1434 331 1889 392 DlSSERTATIO
1926 334 1991 390 D.
2032 333 2122 392 LE
2160 334 2466 396 NOURRY.

3508 338 3619 402 986

316 445 457 500 abire
466 444 603 515 jussi
619 452 757 508 sunt.
778 443 1043 499 scientiam
1062 444 1325 516 prapriam
1344 448 1621 520 professus,
1644 447 1917 515 disciplina
1941 447 1994 508 Α
2021 458 2240 520 propter
2263 452 2438 506 scelus
2458 452 2674 523 aliquod
2696 462 2788 510 aut
2823 455 3098 527 coniectus
3128 457 3180 513 in
3200 471 3494 524 carcerem,
3523 466 3617 515 aut

317 554 414 593 sua
450 536 689 592 saeuiunt
711 536 882 608 infecit
909 536 1117 607 (Senec.
1146 538 1234 592 lib.
1267 537 1331 593 de
1360 538 1547 593 Consul
1602 539 1667 592 ad
1708 528 1925 595 Helvidi

320 645 436 700 cap.
463 628 551 696 lo,
596 646 715 700 pag.
756 628 905 699 781).
955 629 1096 686 Alibi
1147 641 1325 687 autem
1379 632 1490 698 ille,
1536 632 1673 687 sicut
1716 632 1920 689 Plinius

321 721 518 790 (Plin..
579 720 770 777 nux
812 732 984 777 natur.
1018 722 1157 779 Hist.
1180 741 1298 795 cap.
1348 725 1437 790 i7,
1492 742 1612 797 pag.
1657 726 1821 796 308).
1865 734 1922 783 et

319 812 679 884 Hieronymus
722 814 893 882 Apicii
920 813 1283 888 (Hieranynn,
1312 817 1399 871 lib.
1433 817 1475 872 ll
1533 819 1652 872 adv.
1692 818 1866 875 Jorin.
1900 821 1920 892 )

319 907 540 978 ejusque
579 906 919 976 helluationis
959 918 1013 962 et
1044 909 1319 967 immensa:
1357 912 1497 981 gula:
1535 912 1918 972 meminerunt.

318 997 453 1052 Tres
496 1014 657 1067 porro
700 997 1050 1055 Casaubonus
1093 1010 1242 1055 notat
1276 1002 1512 1072 Apicios,
1545 1018 1745 1073 eosque
1782 1005 1921 1075 gula

319 1087 448 1143 vitio
492 1087 719 1146 infames
763 1087 1077 1154 (Casaubon.
1119 1092 1173 1146 in
1219 1092 1307 1146 lib.
1364 1092 1411 1147 ll
1446 1094 1629 1149 Attum.
1681 1108 1797 1165 cap.
1853 1095 1917 1163 6,

318 1198 439 1253 pag.
482 1183 555 1238 2‘2.
592 1192 641 1238 et
668 1183 856 1253 seqq.).
912 1183 971 1239 In
1022 1186 1288 1253 superiori
1323 1197 1505 1243 autem
1543 1186 1921 1246 dissertatione

324 1271 563 1342 (ltissert.
592 1275 645 1328 in
676 1274 868 1330 Arnob.
901 1291 1016 1345 cap.
1045 1277 1138 1343 25,
1165 1287 1266 1331 art.
1291 1278 1348 1347 ι)
1380 1295 1484 1334 non
1530 1280 1697 1335 semei
1737 1280 1923 1335 citavi-

320 1379 439 1421 ntus
472 1366 641 1435 Aplcii
691 1367 761 1423 de
808 1383 867 1424 re
909 1369 1216 1438 euquinaria
1262 1371 1458 1428 editam
1513 1375 1925 1430 cetmuentatio-

321 1472 467 1513 nem.
494 1458 678 1531 Neque
721 1476 917 1530 magno
959 1461 1142 1518 labore
1174 1464 1330 1521 nobis
1382 1469 1727 1536 persuadebis
1781 1469 1924 1528 hunc

321 1565 464 1619 esse,
501 1551 569 1608 de
595 1568 701 1625 quo
731 1553 1092 1617 Tertullianus
1120 1555 1372 1625 loquitur.

396 1644 464 1698 At
505 1645 827 1717 quicumque
869 1647 1048 1712 fuerit,
1096 1648 1273 1704 nullus
1327 1659 1504 1707 tamen
1564 1653 1781 1723 gentilis
1826 1669 1926 1709 un-

321 1746 484 1802 quam
526 1734 661 1790 dixit
704 1745 923 1806 proptc‘r
968 1738 1128 1802 illius,
1156 1748 1248 1795 aut
1275 1741 1501 1796 aliorum
1544 1759 1681 1813 quos
1735 1761 1926 1801 recen-

2022 540 2087 595 ad
2116 540 2312 597 bestias
2337 530 2769 609 damnatus..sed
2814 562 2970 602 suum
3011 548 3269 604 duntaxat
3290 550 3359 606 ob
3396 564 3614 620 nomen,

2020 636 2165 706 quod
2197 637 2329 692 nihil
2363 639 2518 704 plane
2561 640 2682 695 mali
2713 640 2962 697 habebat.
2989 642 3171 697 Palam
3202 643 3344 698 enim
3380 653 3435 699 et
3471 658 3621 701 asse-

2025 738 2271 786 veranter
2313 730 2673 788 Tertullianus
2705 734 2976 789 afﬁrmat:
3019 734 3204 791 Nullus
3232 735 3339 791 illic
3379 736 3618 790 christia-

2022 837 2139 887 nus,
2167 821 2265 875 nisi
2291 821 2386 876 hac
2428 831 2621 877 tantum
2659 834 2877 893 propter
2921 839 3078 879 suum
3122 840 3318 879 nomen
3343 841 3356 876 :
3380 833 3469 877 aut
3495 825 3539 878 si
3575 832 3622 880 et

2023 914 2186 978 aliud,
2219 914 2271 969 id
2296 925 2399 980 est,
2423 916 2664 985 capitalis
2690 916 2912 979 alicujus
2928 917 3149 973 sceleris
3178 931 3300 972 reus
3319 925 3372 972 el
3401 917 3622 972 convic-

2026 1015 2129 1068 tus,
2170 1006 2275 1070 iam
2315 1023 2419 1060 non
2464 1007 2772 1062 cltristianus
2813 1007 3143 1081 (Tertullian.
3194 1008 3294 1063 loc.
3340 1007 3477 1071 cit.),
3527 1008 3622 1064 sed

2022 1097 2329 1155 christiana:
2371 1100 2646 1171 religionis
2684 1111 2927 1168 apOStata
2955 1111 3007 1155 et
3040 1101 3303 1157 desertor.
3330 1099 3473 1156 Nihil
3494 1116 3624 1172 ergo

2025 1192 2278 1263 iniquius,
2311 1207 2375 1248 ac
2393 1192 2589 1248 divinis
2611 1202 2664 1249 et
2695 1193 2942 1249 humanis
2982 1194 3186 1266 legibus
3217 1194 3385 1265 magis
3411 1204 3627 1251 contra-

2025 1284 2183 1345 rium,
2207 1298 2366 1354 quam
2393 1285 2702 1340 innocentes
2724 1284 3051 1340 christianos
3072 1326 3087 1344 .
3119 1301 3390 1354 nunquam
3413 1285 3625 1342 auditos

2025 1381 2081 1429 et
2098 1373 2378 1435 defensos,
2409 1391 2564 1430 suum
2588 1375 2759 1430 solum
2795 1375 2867 1430 ob
2895 1391 3090 1432 nomen
3120 1375 3481 1432 condemnare
3505 1417 3522 1442 ,
3560 1391 3625 1433 ac

2026 1465 2350 1535 quibuslibet
2372 1468 2702 1540 gravissimis
2735 1468 3014 1539 suppliciis
3044 1469 3424 1526 escaruiiicare
3447 1478 3503 1527 et
3527 1484 3623 1526 oc-

2024 1559 2224 1618 cidere.

2610 1694 2694 1752 CA
2704 1695 2837 1754 PUT
2870 1695 3054 1753 XVIII.

320 1823 549 1891 suimus,
579 1826 756 1881 solum
786 1843 982 1884 nomen
1008 1829 1135 1885 odio
1173 1831 1385 1903 dignam
1409 1848 1531 1891 esse
1571 1837 1866 1893 institutam
1894 1855 1925 1895 a
1954 1838 2003 1899 B
2034 1833 2202 1903 Ωυαηι
2239 1832 2457 1887 αδδυνάε
2495 1831 2681 1887 ειῙεηίεί
2709 1832 3018 1905 “imam”
3044 1847 3099 1887 ⁸ο
3141 1833 3209 1885 σά
3249 1832 3505 1889 “ﬁnd”
3534 1849 3625 1887 ηε·

322 1913 564 1983 quolibet
604 1930 830 1985 seetam,
873 1921 974 1975 nisi
1023 1921 1172 1992 prius
1212 1927 1515 1985 constiterit
1553 1929 1604 1983 in
1632 1945 1694 1984 ea
1725 1931 1925 2000 aliquid

324 2020 445 2062 esse
493 2008 641 2063 mali.
672 2008 912 2066 Gentiles
951 2027 1082 2083 ergo
1112 2030 1219 2070 non
1267 2016 1534 2074 debebant
1562 2016 1744 2078 odisse
1770 2021 1927 2080 Chrio

324 2097 548 2166 stianos,
583 2115 683 2156 nec
713 2111 933 2172 promer
956 2119 1113 2161 suum
1136 2149 1150 2170 ,
1191 2122 1291 2164 nec
1317 2120 1538 2179 propter
1578 2114 1814 2171 auctoris
1842 2116 1925 2171 sui

326 2202 542 2256 nomen,
571 2191 672 2247 nisi
726 2194 1061 2264 exploratum
1107 2208 1233 2257 ante
1283 2201 1596 2260 habuissent
1641 2205 1764 2264 illos
1806 2223 1927 2265 csse

325 2282 516 2337 malos.
544 2282 706 2355 Atqui
728 2284 840 2356 jam
872 2289 1205 2346 ostendimus
1246 2293 1464 2349 eosdem
1491 2297 1718 2366 gentiles
1754 2314 1929 2369 neque

327 2371 570 2439 solvisse,
597 2389 773 2446 neque
792 2377 955 2444 scire,
982 2391 1074 2435 aut
1119 2381 1393 2453 inquirere
1422 2401 1656 2456 unquam
1688 2389 1927 2447 voluisse

329 2470 506 2518 utrum
543 2464 617 2520 illi
658 2466 856 2538 aliquid
899 2479 1137 2541 agerent,
1169 2473 1313 2544 quod
1352 2474 1477 2531 odio
1504 2485 1560 2533 et
1588 2493 1746 2549 paena
1782 2489 1929 2536 esset

327 2558 778 2644 prosequendum.

396 2646 594 2704 Contra
625 2660 801 2707 tamen
853 2654 1055 2710 nemini
1106 2671 1329 2727 prorsus
1372 2658 1763 2732 incompertum
1812 2674 1929 2720 erat

325 2735 658 2796 Christianos
682 2758 776 2797 suo
800 2744 945 2800 titulo
962 2787 977 2811 ,
1010 2747 1123 2802 sive
1148 2762 1302 2802 suum
1348 2748 1605 2805 duntaxat
1632 2751 1703 2807 ob
1730 2768 1925 2810 nomen

326 2832 534 2888 actibus
578 2851 643 2890 ac
684 2838 967 2893 sententiis
1013 2839 1298 2910 prsrsidum
1339 2843 1518 2898 statim
1557 2844 1926 2912 condemnari,

327 2932 487 2995 atque
515 2926 679 2981 oblati
710 2927 815 2983 illis
841 2916 1068 2985 fuerant.
1100 2929 1234 2986 Nam
1264 2944 1483 3003 prepter
1512 2934 1614 2990 hoc
1643 2937 1814 3006 ipsum
1840 2953 1929 2993 so-

327 3016 436 3072 lum
460 3035 654 3075 nomen
680 3021 882 3079 abillis
903 3026 1249 3081 condemnari
1281 3037 1485 3091 uestros,
1518 3029 1620 3085 hoc
1645 3039 1749 3097 est,
1778 3031 1927 3102 judi-

323 3121 467 3173 cum,
498 3109 772 3181 inquiebat
807 3113 1184 3183 Tertullianus,
1224 3119 1340 3188 jam
1373 3129 1715 3179 contestamur
1760 3131 1926 3189 actus,

2097 1928 2386 1994 caudasque
2434 1924 2735 1979 christianos
2773 1922 3074 1994 quibusdam
3114 1923 3221 1978 suis
3264 1923 3459 1995 legibus
3485 1933 3626 1978 tene-

2097 2018 2163 2082 ri,
2193 2016 2280 2086 qui
2318 2015 2562 2087 quaslibet
2588 2016 2863 2071 sanctiores
2899 2025 3003 2069 tam
3041 2030 3198 2085 stupe,
3228 2030 3380 2086 quant
3422 2016 3630 2086 impune

2095 2110 2368 2167 violabant.
3083 2119 3097 2133 ‘

2561 2235 2852 2278 ABTICULUS
2881 2236 3090 2277 Ρωκυε.

2031 2337 2225 2405 Quibus
2253 2336 2534 2392 rationibus
2563 2335 2908 2391 Tertullianus
2934 2336 3164 2390 ostendat
3194 2335 3358 2401 nulla,
3392 2334 3469 2391 vel
3496 2330 3626 2407 lege,

2097 2432 2175 2486 uel
2197 2432 2528 2498 auctoritate,
2562 2430 2723 2485 ullum
2753 2429 3006 2484 hominem
3034 2430 3148 2501 cogi
3190 2444 3337 2497 posse
3378 2428 3447 2483 ad
3491 2444 3628 2495 eum,

2098 2540 2245 2595 quem
2291 2524 2481 2597 falsum
2534 2523 2691 2588 navit,
2723 2521 2872 2576 deum
2931 2521 3222 2586 colendum,
3250 2532 3339 2577 aut
3382 2521 3540 2575 cuivis
3569 2520 3634 2575 li-

2100 2618 2340 2672 bertatem
2381 2616 2561 2682 adiuti,
2592 2633 2744 2687 quam
2771 2631 2942 2671 verum
2979 2616 3154 2682 credit,
3194 2615 3488 2687 religionem
3516 2630 3631 2668 ant-

2102 2709 2366 2780 plexandi.

2102 2843 2343 2901 Gentiles
2386 2847 2437 2900 in
2479 2858 2718 2900 summas
2754 2841 3028 2913 angustias
3074 2839 3311 2905 adducti,
3343 2838 3410 2895 ad
3458 2838 3632 2909 legum

2029 2950 2247 2991 suarum
2287 2937 2659 2991 auctoritatem
2683 2975 2700 3001 ,
2745 2944 2998 3003 tanquam
3039 2931 3286 2990 ultimum
3334 2946 3635 3002 propugna-

2030 3028 2230 3092 culum,
2276 3027 2568 3097 confugere
2623 3026 2944 3083 nitebantur.
2997 3024 3250 3092 Nostris,
3303 3024 3631 3096 inquiebant,

2030 3120 2412 3191 adstringimur
2434 3121 2660 3191 legibus,
2692 3135 2812 3191 qua!
2834 3119 3152 3191 praecipiunt
3172 3118 3354 3175 vexari
3384 3118 3635 3173 christia-

324 3202 412 3272 qui
433 3204 656 3273 quotidie
684 3206 976 3271 iudicandis
1004 3210 1267 3276 custodiis,
1315 3211 1366 3266 id
1396 3220 1499 3280 est,
1536 3216 1742 3270 carceri
1773 3231 1929 3271 tnan-
1953 3221 1999 3285 (ζ
2033 3228 2161 3279 nos,
2185 3222 2239 3268 et
2264 3211 2331 3267 ad
2364 3212 2786 3268 internecionem
2815 3226 2986 3281 usque
3013 3211 3331 3273 excruciari.
3360 3208 3525 3265 Nobis
3549 3225 3636 3264 cr-

327 3295 540 3364 cipatis,
585 3299 864 3366 prtesidetis
889 3342 904 3366 ,
953 3302 1042 3373 qui
1079 3303 1341 3358 sententiis
1401 3305 1568 3376 elogia
1621 3307 1930 3379 dispungitis

329 3386 654 3459 (Tertulliun.
701 3393 966 3466 Apelaget.
1012 3396 1243 3467 capuib,
1288 3414 1409 3470 pag.
1437 3397 1593 3471 496),
1646 3400 1762 3455 sive
1803 3416 1928 3457 reo-

330 3493 451 3534 rum
503 3485 874 3559 accusationes
926 3488 1279 3554 examinatis;
1323 3488 1580 3560 tntmqnid
1625 3490 1763 3546 inter
1808 3493 1930 3548 illos

330 3587 519 3628 omnes
546 3574 738 3647 aliquis
788 3577 1035 3633 inventus
1079 3587 1165 3642 est
1207 3580 1455 3648 sicarius,
1485 3596 1579 3637 seu
1625 3581 1931 3639 homicida?

327 3678 455 3718 num
492 3665 686 3737 aliquis
715 3669 1274 3743 manticularius(lbid.
1295 3672 1381 3743 Cf.
1403 3671 1542 3728 Fest.
1563 3674 1632 3727 ad
1658 3689 1706 3728 υ.
1734 3674 1929 3731 Manti-

326 3757 604 3829 cularius),
633 3759 748 3815 sive
772 3760 861 3830 qui
892 3762 1179 3831 repositam
1212 3763 1264 3818 in
1285 3763 1509 3818 aliorum
1540 3767 1825 3836 marsupiis
1848 3782 1932 3836 pe-

326 3850 536 3904 cuniam
581 3851 789 3907 furatus
830 3854 937 3908 sit?
986 3870 1111 3909 num
1157 3855 1349 3927 aliquis
1392 3857 1672 3912 lavantium
1731 3860 1926 3927 praeda,

326 3952 440 4009 aut,
473 3954 528 3998 ut
553 3945 681 4000 alibi
713 3946 866 4013 dixit,
900 3950 986 4019 fur
1014 3947 1341 4016 balnearum,
1372 3951 1460 4022 qui
1493 3950 1782 4007 lavantium
1811 3968 1931 4008 ves-

328 4043 408 4091 tes
438 4044 529 4092 aut
550 4048 834 4108 argentum
857 4040 1229 4110 subripiebat?
1255 4044 1495 4099 ALccrte
1519 4044 1572 4098 hi
1601 4060 1790 4101 omnes
1817 4045 1932 4101 eth-

327 4125 431 4183 nici
461 4128 843 4203 erant(Apulei
869 4131 1086 4201 Apalog.
1118 4132 1143 4186 l
1185 4142 1305 4188 ante
1338 4133 1481 4203 tim),
1526 4143 1582 4189 et
1620 4135 1826 4191 nullum
1856 4136 1928 4192 ibi

328 4220 609 4278 invenistis
643 4222 951 4279 christiana:
994 4226 1269 4298 religionis
1328 4243 1510 4282 verum
1580 4237 1925 4284 sectatorem.

325 4310 444 4367 Non
468 4314 612 4369 enim
642 4314 710 4371 de
741 4320 959 4381 nostris,
991 4318 1160 4387 pergit
1201 4316 1583 4386 Tertullianus,
1615 4320 1710 4375 sed
1740 4321 1804 4375 de
1843 4336 1929 4376 ve-

324 4404 444 4458 stris
486 4423 682 4476 semper
726 4418 907 4463 tustth
953 4424 1127 4462 carcer
1186 4408 1383 4481 (Plaut.
1430 4410 1627 4481 Captiu.
1670 4422 1773 4466 act.
1823 4412 1925 4478 IV,

326 4514 468 4554 scen.
499 4500 584 4571 2),
613 4509 857 4572 totusque
883 4504 1125 4559 scelestis
1145 4504 1340 4558 vcsttis
1373 4504 1666 4573 gentilibus
1693 4506 1928 4576 repletus

2031 3320 2120 3375 go,
2151 3304 2218 3360 ad
2240 3320 2336 3361 eos
2366 3305 2712 3375 torquendus,
2734 3306 2875 3361 scire
2900 3304 3097 3360 sufﬁcit
3125 3318 3311 3359 revera
3342 3318 3463 3358 esse
3486 3302 3636 3358 chri-

2031 3398 2258 3459 stianos.
2294 3411 2393 3451 nec
2444 3397 2534 3467 qui
2578 3397 2838 3467 qualesve
2881 3397 2989 3451 sint
3045 3395 3277 3465 amplius
3323 3395 3638 3465 perquiren-

2032 3488 2157 3543 dutn
2178 3488 2415 3560 (Tertull.
2447 3488 2714 3559 Apolaget.
2744 3503 2789 3544 c.
2810 3488 2864 3551 5,
2895 3503 2947 3559 p.
2973 3485 3121 3558 282).
3153 3484 3258 3542 Sed
3281 3484 3639 3541 Tertullianus

2034 3582 2323 3651 reSpondet
2352 3596 2541 3636 vanam
2570 3594 2691 3636 esse
2720 3594 2783 3635 ac
2826 3580 2982 3650 plane
3004 3578 3289 3635 absurdam
3321 3577 3461 3633 hanc
3483 3590 3641 3648 argu-

2035 3672 2442 3738 mentationem,
2473 3682 2527 3727 et
2567 3673 2825 3741 ipsosmct
2852 3670 3097 3726 ethnicos
3123 3671 3203 3725 sic
3225 3668 3511 3740 alloquitur
3535 3685 3549 3722 :
3582 3667 3641 3723 Si

2033 3780 2127 3835 per
2157 3765 2302 3835 leges
2350 3773 2558 3820 vestras
2607 3763 2685 3818 fus
2731 3772 2788 3819 et
2815 3778 3038 3819 necesse
3083 3764 3281 3834 putatis
3317 3760 3642 3818 christianos

2033 3856 2299 3912 inauditos
2324 3866 2378 3911 et
2399 3856 2706 3911 indefensos
2728 3854 3088 3911 condemnare
3112 3895 3127 3918 ,
3165 3856 3264 3909 vim
3307 3851 3639 3926 proﬁtemini,

2031 3960 2077 4003 et
2106 3951 2331 4020 iniquam
2369 3965 2431 4004 ea:
2470 3965 2586 4003 arce
2623 3948 3016 4002 dominationem
3055 3945 3341 4017 (Ibidem);
3382 3960 3447 4000 ex
3491 3958 3640 4013 arce,

2032 4042 2222 4113 inquit,
2253 4042 2303 4096 id
2329 4051 2430 4104 est,
2467 4040 2721 4106 forsitan,
2747 4056 2810 4095 ea:
2832 4040 2968 4095 edito
2996 4050 3043 4094 et
3083 4040 3193 4109 ipso
3221 4038 3402 4092 vertice
3426 4036 3643 4090 civitatis

2031 4133 2192 4204 (Ibid.
2216 4150 2330 4204 cap.
2351 4135 2402 4195 1,
2423 4150 2476 4203 p.
2499 4132 2651 4204 259),
2673 4132 3123 4204 quemadmodum
3149 4128 3301 4184 initio
3338 4128 3497 4199 hujus
3520 4128 3642 4184 libri

2029 4224 2257 4281 dixerat.
2291 4224 2390 4293 Qui
2421 4225 2562 4281 enim
2597 4224 2838 4294 quemvis
2868 4230 3199 4287 accusatum,
3230 4220 3464 4276 inaudita
3488 4235 3643 4276 caus-

2030 4333 2110 4380 sa,
2159 4318 2520 4383 condemnat,
2562 4316 2817 4386 jubetque
2864 4313 3114 4380 interfici,
3170 4314 3214 4368 is
3260 4313 3645 4385 proculdubio

2033 4424 2137 4463 non
2182 4410 2319 4477 ωηιιί
2340 4408 2538 4478 judicis
2585 4406 2826 4477 fungitur
2853 4405 3051 4471 ofticio,
3084 4405 3178 4463 sed
3219 4405 3645 4461 dominationem

2030 4510 2249 4556 exercet
2290 4500 2702 4571 iniquissimam,
2731 4513 2793 4552 ac
2820 4498 3212 4552 intolerandam
3242 4494 3604 4568 tyrannidem.

327 4592 547 4670 est.,De
571 4597 743 4649 vestris
769 4612 977 4668 quoque
1004 4615 1200 4667 semper
1246 4598 1450 4652 metalla
1477 4601 1736 4668 suspirant
1781 4598 1933 4670 (Ter-
1960 4605 2013 4664 1)
2113 4592 2309 4646 Verum
2356 4601 2407 4644 ut
2445 4590 2722 4661 gentilium
2775 4590 3117 4659 pertinaciam
3148 4588 3358 4659 penitus
3408 4586 3643 4657 frangat,

328 4669 567 4741 tull..lib.
597 4686 661 4741 de
705 4686 871 4760 Fuga,
906 4706 1021 4759 cup.
1056 4689 1170 4759 ts).
1214 4688 1283 4743 ιιο
1327 4689 1391 4743 iis
1434 4688 1660 4754 scilicet,
1693 4669 1931 4760 quisceo

316 4779 501 4834 ierunt
530 4779 782 4847 convicti,
804 4782 1023 4845 metalla
1053 4781 1295 4838 effodere
1339 4782 1685 4850 cogebantur.
1708 4782 1937 4853 Denique

325 4871 396 4925 de
419 4873 595 4927 vestris
620 4888 819 4943 semper
859 4873 1029 4929 bestia:
1070 4876 1389 4946 saginantur,
1423 4876 1486 4928 de
1522 4874 1699 4928 uestris
1740 4891 1937 4945 semper

327 4963 604 5019 munerarii
625 4964 893 5018 noxiarum
921 4981 1095 5036 greges
1120 4975 1331 5036 pascunt
1360 4965 1687 5035 (Tertullian.
1720 4966 1934 5038 Apolag.

328 5075 447 5128 cup.
502 5061 592 5123 ιι,
634 5078 701 5130 «ρ.
740 5060 892 5130 497).
933 5061 1215 5116 Munerat-ii
1243 5070 1440 5125 autem,
1490 5062 1694 5128 utijum
1720 5076 1751 5116 a
1782 5059 1938 5115 nobis

326 5153 454 5209 alibi
514 5154 856 5208 observatum
927 5164 1011 5210 est
1058 5152 1373 5225 (Dissertat.
1420 5154 1473 5207 in
1523 5152 1711 5207 Minut.
1756 5152 1936 5207 Octav.

327 5262 445 5312 cap.
477 5246 565 5311 15,
596 5256 696 5299 art.
729 5247 782 5311 l,
811 5254 859 5299 et
900 5244 1113 5301 Dissert.
1163 5244 1217 5298 in
1263 5242 1500 5299 Lactant.
1551 5260 1668 5315 cap.
1711 5243 1803 5309 27,
1834 5252 1934 5296 art.

328 5339 354 5393 Ι
384 5325 437 5407 ).
489 5338 523 5393 ii
565 5348 758 5403 erant,
813 5339 904 5408 qui
944 5338 1296 5409 gladiatorum
1340 5337 1642 5408 spectacula
1685 5336 1936 5393 edebant.

328 5433 395 5490 Hi
425 5445 603 5490 autem
647 5434 938 5505 pascebant
985 5442 1041 5489 et
1083 5433 1295 5489 alebant
1348 5432 1558 5494 noxios,
1606 5431 1694 5501 qtti
1736 5431 1801 5485 ad
1848 5431 1941 5486 he-

327 5530 459 5582 stias
492 5527 733 5582 damnati
782 5525 1049 5582 debebant
1086 5540 1207 5580 cum
1243 5524 1349 5579 illis
1380 5538 1635 5594 pugnare.
1669 5522 1724 5579 Si
1754 5533 1934 5578 autem

327 5619 453 5675 \‘icli
482 5618 729 5685 fuissent,
754 5628 865 5674 tum
912 5618 1161 5680 victrices
1209 5617 1394 5673 bestia:
1432 5615 1681 5670 carnibus
1718 5613 1932 5670 illorum

329 5709 720 5778 saginabantur.

404 5799 795 5878 Nullusitaqne
840 5817 907 5860 es
953 5802 1141 5864 horum
1182 5817 1407 5860 numero
1450 5808 1565 5861 crat
1604 5797 1929 5860 christianus

2041 4683 2183 4737 aliud
2213 4691 2587 4754 argumentum
2611 4682 2734 4737 inde
2753 4681 2911 4742 eruit,
2941 4680 3081 4751 quod
3112 4680 3363 4734 omnibus
3392 4689 3444 4734 et
3465 4679 3647 4749 singu-

2039 4777 2104 4831 lis
2135 4776 2332 4831 dabant
2360 4775 2668 4847 quemlibet,
2701 4790 2808 4829 uno
2838 4783 2893 4829 et
2922 4788 3050 4829 vero
3079 4781 3327 4843 excepto,
3355 4757 3515 4828 deum
3548 4789 3646 4828 co-

2043 4869 2184 4925 lendi
2217 4869 2540 4925 facultatem.
2573 4867 2704 4923 Nam
2735 4883 2857 4923 cum
2897 4867 3121 4923 dixisset
3150 4881 3313 4920 unum
3343 4866 3413 4920 ab
3440 4881 3565 4930 uno,
3592 4878 3648 4922 ct

2039 4963 2204 5018 alium
2232 4961 2301 5015 ah
2337 4960 2444 5015 alio
2483 4959 2652 5015 libere
2680 4968 2734 5014 et
2773 4959 2998 5014 licenter
3033 4958 3158 5022 coli,
3188 4957 3308 5012 illos
3348 4958 3426 5014 sic
3461 4965 3644 5025 urget:
3699 4999 3706 5009 .

2051 5054 2230 5109 Videte
2254 5072 2316 5109 ne
2336 5057 2430 5108 Itoc
2455 5054 2524 5107 ad
2552 5052 2945 5125 irreligiositutis
2957 5051 3178 5123 elogium
3204 5059 3498 5118 concurrat,
3528 5051 3650 5103 adi-

2044 5166 2178 5204 mere
2206 5148 2486 5202 libertatem
2512 5147 2790 5218 religionis,
2818 5155 2864 5199 et
2886 5145 3183 5199 interdicere
3217 5143 3473 5214 aptianent
3518 5142 3650 5196 divi-

2043 5244 2255 5307 nitatis;
2283 5253 2336 5296 ut
2362 5258 2463 5295 non
2485 5240 2629 5294 liceat
2652 5239 2779 5293 mitti
2810 5239 2993 5300 calere,
3017 5254 3165 5307 quem
3189 5237 3356 5300 velim,
3379 5235 3468 5291 sed
3493 5251 3650 5306 cogar

2042 5337 2225 5401 calere,
2267 5351 2415 5404 quem
2476 5334 2635 5388 nolim
2678 5331 2864 5404 (Ibid.,
2894 5349 3012 5401 cap.
3049 5331 3141 5396 24,
3194 5348 3247 5401 p.
3288 5329 3457 5403 M8)?
3503 5328 3651 5386 Reli—

2044 5428 2227 5497 giosus
2261 5426 2457 5481 ctenim
2491 5425 2666 5479 cultus
2695 5424 2850 5488 liber,
2871 5424 3063 5492 inquit,
3092 5432 3146 5477 et
3177 5422 3508 5478 voluntarius
3526 5436 3651 5480 esse

2043 5519 2224 5585 debet,
2253 5534 2354 5573 nec
2382 5516 2522 5571 ullus
2560 5531 2792 5589 unquam
2819 5516 2887 5569 ab
2908 5516 3017 5570 ulla
3041 5514 3258 5569 homine
3281 5522 3375 5569 aut
3401 5513 3506 5568 ulla
3533 5516 3652 5584 lege

2039 5614 2158 5683 cogi
2201 5620 2375 5682 potest
2410 5610 2476 5665 ad
2510 5625 2651 5676 eam,
2683 5623 2842 5680 quam
2892 5608 3079 5663 falsam
3114 5620 3257 5661 esse
3311 5605 3479 5672 novit,
3529 5620 3653 5659 am-

2039 5704 2355 5776 plexandam
2401 5702 2709 5773 religionem
2744 5720 2757 5755 :
2793 5699 2990 5754 Divina:
3008 5697 3270 5769 siquidem
3296 5697 3393 5762 rei,
3442 5696 3516 5752 uti
3561 5696 3651 5753 ille

2037 5807 2223 5868 posma
2264 5794 2431 5862 dixit,
2457 5790 2713 5864 ﬁtciundte
2747 5789 2905 5848 libens
2943 5789 3143 5845 animus
3166 5787 3406 5845 indicitur
3445 5784 3639 5861 (lbid.,
