4212 6262
575 303 685 368 987

1672 297 1744 358 ΙΝ
1780 296 2250 361 TERTULUAN
2285 297 2811 361 arctosarth

3770 298 3889 368 988

577 410 698 496 ap.
744 419 841 491 es,
871 436 931 493 ρ.
961 418 1117 491 tas).
1145 415 1433 474 Rationem
1478 428 1607 472 vero
1658 414 1708 471 si
1743 414 2004 486 postules,
2035 414 2177 472 bene
2198 417 2257 479 Α
2279 424 2369 472 tur
2397 415 2601 487 Fidiae,
2630 414 2729 473 sed
2756 373 3096 474 librariorum
3127 418 3315 489 procul
3343 417 3509 475 dubio
3534 434 3743 479 errore.
3773 420 3885 479 ro:

578 518 675 577 tibi
694 514 847 573 dabit
871 529 887 568 :
918 512 1148 568 Humani
1159 510 1301 583 juris
1324 519 1374 565 et
1394 509 1645 567 naturalis
1668 511 1932 581 potestatis
1956 521 2032 566 ut
2066 512 2177 566 uni-

577 612 778 682 cuique,
802 604 941 675 quod
959 603 1230 675 putum“,
1255 602 1455 667 coiere;
1478 617 1569 657 nec
1596 600 1690 656 alii
1729 601 1899 669 obest,
1926 611 2019 658 ω
2056 619 2177 674 ρω-

575 703 686 759 dat
706 700 921 756 auaritia
956 697 1156 769 religio.
1190 696 1298 753 Sed
1326 712 1418 752 nos
1440 696 1706 768 religionis
1742 706 1818 752 at
1851 706 2033 769 cogere
2054 698 2177 753 reii-

576 796 798 869 9ionent,
823 807 940 863 qua
965 800 1145 861 sponte
1169 790 1360 860 suscipi
1382 789 1580 852 debeat.
1610 804 1715 845 non
1744 789 1793 845 ui
1807 806 1828 856 ;
1857 798 1974 845 cunt
2002 797 2052 844 ct
2077 789 2174 844 ito-

572 889 689 944 alia
714 887 779 943 ab
819 886 991 942 animo
1033 885 1209 941 arma
1236 884 1638 955 “punientur.
1668 880 1758 937 Ita
1782 883 1874 938 etsi
1912 897 2004 937 nos
2033 896 2174 937 com-

576 978 809 1051 pulerim
830 976 1336 1052 adyacriﬁcandunt,
1351 975 1485 1031 nihil
1508 972 1815 1045 munditis
1848 972 1949 1029 diis
1973 976 2171 1030 nostris.

572 1071 653 1128 Δὺ
675 1072 844 1127 inuitis
873 1071 1008 1127 enim
1029 1069 1288 1139 sacriﬁcia
1316 1084 1418 1124 non
1440 1066 1818 1135 desiderabant,
1848 1067 1945 1123 nisi
1970 1077 2176 1123 conten-

476 1215 480 1231 ,
572 1164 694 1219 tiosi
719 1164 842 1220 sint.
866 1161 1217 1219 Contentiosus
1237 1162 1373 1217 enim
1397 1160 1655 1232 Demnea
1679 1171 1751 1216 est
1782 1159 1833 1232 (1
1840 1160 1975 1230 dem,
1993 1161 2083 1218 tib.
2105 1162 2175 1216 ad

574 1254 794 1325 Scapul.
818 1271 935 1326 cap.
961 1256 1045 1325 2).

649 1349 817 1405 Audis
870 1359 1019 1405 certe
1052 1348 1248 1419 quibus
1272 1348 1472 1404 Auctor
1510 1356 1694 1404 noster
1738 1347 2005 1403 rationum
2052 1361 2174 1403 mo-

576 1442 778 1499 mentis
802 1440 1050 1499 ostendat
1087 1440 1218 1511 juri,
1242 1455 1349 1496 non
1376 1441 1554 1496 solum
1584 1440 1838 1507 humano,
1875 1438 1972 1495 sed
2008 1440 2173 1495 etiam

579 1534 806 1591 naturali
834 1548 1134 1604 repugnare
1154 1573 1168 1599 ,
1198 1542 1256 1588 ut
1274 1533 1395 1604 quis
1423 1536 1666 1603 junquam
1694 1532 1798 1587 ulla
1823 1532 1873 1586 vi
1899 1530 1966 1587 ad
2006 1532 2177 1587 suscis

576 1628 826 1700 piendam
852 1628 1084 1699 aliquam
1117 1627 1301 1685 falsam
1340 1616 1654 1698 religionem
1683 1635 1775 1681 aut
1803 1625 1919 1681 falsi
1949 1626 2034 1681 dei
2072 1626 2178 1682 cul-

580 1729 690 1774 tum
720 1719 1089 1788 compellatur.
1116 1716 1413 1787 Cujuslibet
1436 1718 1697 1788 siquidem
1727 1718 1913 1788 religio
1939 1731 2041 1773 nec
2060 1732 2179 1788 pro-

2279 509 2554 567 lerabilius
2580 511 2803 568 forsitan
2845 512 3106 582 scriptum
3134 521 3280 569 esset
3310 510 3472 580 Fidii,
3504 524 3663 585 quem
3702 517 3885 589 genti-

2276 604 2379 669 les,
2412 613 2469 660 ut
2495 606 2640 661 canit
2666 604 2888 661 Ovidius
2907 642 2923 672 ,
2955 605 3104 662 lovis
3140 606 3310 661 tilium
3337 616 3393 663 et
3419 608 3578 663 deum
3608 625 3730 667 esse
3759 611 3883 683 opi-

2276 696 2544 751 nabantur
2595 696 2617 768 (
2651 695 2802 751 Ouid.
2834 697 2924 751 tib.
2966 697 3034 753 Vl
3069 694 3274 751 Faster.
3304 698 3335 770 ᾗ
3365 700 3446 767 4).
3477 698 3646 756 Recte
3697 710 3882 759 autem

2276 787 2451 855 Fidei,
2498 789 2657 860 cujus
2695 799 2947 860 tanquam
2982 790 3101 847 dere
3128 793 3387 861 templum
3425 802 3546 848 erat
3584 794 3637 848 in
3664 792 3885 865 Capito:-

2278 880 2374 950 lio,
2405 882 2856 953 quemadmodum
2896 883 3028 940 alibi
3054 883 3463 940 observavimus
3507 884 3698 958 (Tom.
3726 886 3749 943 l
3774 888 3887 961 Ap-

2278 983 2448 1044 paret.
2480 993 2535 1045 ρ.
2581 973 2731 1047 866).
3756 1054 3773 1060 _

2349 1065 2431 1123 Ad
2451 1066 2665 1123 iudaice
2696 1082 2828 1123 vero
2852 1078 3096 1136 spectare
3115 1070 3362 1127 videntur
3380 1069 3755 1142 subsequentia
3781 1073 3888 1127 Au-

2276 1160 2443 1216 cteris
2470 1161 2637 1215 nostri
2665 1161 2825 1216 verba
2858 1178 2872 1215 τ
2903 1142 3070 1229 Atius,
3093 1163 3139 1217 si
3157 1165 3252 1217 hoc
3284 1163 3493 1234 putatis,
3526 1164 3679 1219 nubes
3706 1180 3889 1219 naute-

2274 1265 2353 1310 rct
2375 1270 2550 1309 oram.
2584 1253 2717 1310 Nam
2737 1253 2808 1310 de
2832 1253 3018 1311 iisdem
3046 1254 3246 1310 ludatis
3272 1255 3544 1311 iuvenalis
3572 1255 3801 1314 cecinit:

2432 1365 2637 1431 Quidam
2656 1365 2830 1431 sortiti
2858 1372 3167 1431 metuentem
3192 1367 3389 1431 sabbata
3413 1375 3629 1431 patrem,

2434 1429 2513 1480 Nil
2534 1436 2715 1491 praeter
2735 1428 2896 1479 nubes
2916 1437 2971 1480 et
2988 1428 3103 1481 οωιί
3120 1441 3307 1480 nomen
3330 1428 3550 1480 adorant.

2959 1508 3212 1574 (rami.
3235 1509 3391 1592 satin
3416 1513 3489 1578 to,
3514 1526 3564 1564 ν.
3588 1512 3728 1577 sta)

2275 1614 2389 1672 Cur
2404 1624 2587 1691 autem
2601 1613 2795 1686 adjecit
2810 1614 3166 1672 Tertullianus
3189 1635 3202 1671 :
3228 1617 3293 1672 Si
3320 1617 3416 1672 hoc
3438 1620 3628 1689 putatis
3644 1621 3673 1674 t
3697 1619 3896 1677 Nonne

2276 1706 2366 1764 his
2414 1708 2592 1764 verbis
2641 1707 2865 1764 eosdem
2910 1708 3128 1765 Judzeos
3180 1708 3438 1766 denotare
3488 1710 3657 1766 voluit
3686 1751 3703 1775 ,
3750 1728 3899 1782 quos

577 1809 719 1878 dest,
749 1824 851 1865 nec
874 1817 1036 1864 nocet
1053 1808 1231 1875 alteri,
1261 1810 1352 1879 qui
1376 1809 1607 1879 proximi
1628 1808 1715 1864 sui
1741 1808 1887 1864 bono
1912 1817 2007 1864 aut
2033 1809 2178 1865 malo
2205 1812 2255 1878 Β
2282 1800 2482 1858 ethnici
2508 1811 2565 1857 el
2591 1800 2761 1858 nubes
2800 1811 2856 1857 et
2897 1801 3094 1858 calum
3138 1802 3369 1858 adorare
3416 1802 3552 1858 falso
3591 1805 3901 1875 putabant?

577 1917 678 1958 nec
706 1901 900 1957 melior
920 1915 1022 1956 nec
1054 1900 1207 1972 pejor
1218 1900 1471 1956 efﬁcitur.

651 1992 858 2050 Deinde
882 2007 1012 2049 vero
1048 1994 1190 2049 Deus
1215 1993 1285 2048 ab
1318 1993 1484 2048 invito
1506 2001 1564 2049 et
1591 1992 1888 2049 remittente
1915 1991 2177 2048 sacriﬁcia

578 2100 685 2139 non
733 2084 1021 2151 desiderat,
1068 2084 1173 2140 nisi
1197 2085 1566 2155 contentiusus
1614 2085 1704 2149 sit,
1743 2083 1796 2139 id
1834 2091 1936 2150 est,
1964 2084 2085 2139 lites
2122 2092 2177 2140 et

572 2177 745 2248 jurgia
770 2177 1038 2233 seminare
1064 2176 1209 2232 velit.
1238 2177 1310 2231 At
1331 2176 1451 2231 tatis
1472 2176 1617 2231 Deus
1645 2191 1802 2229 verus
1829 2190 1951 2231 esse
1975 2190 2178 2245 nequa-

577 2285 738 2341 quam
765 2277 958 2341 potest.
987 2269 1123 2338 Quin
1168 2270 1330 2327 etiam
1380 2284 1545 2334 nemo,
1591 2268 1667 2324 ait
1695 2268 1871 2324 adhuc
1890 2267 2174 2324 Tertullia-

577 2378 702 2431 nus,
728 2360 790 2416 ab
821 2361 975 2417 invito
1000 2361 1098 2416 coli
1126 2360 1278 2428 volet,
1303 2378 1364 2415 ne
1388 2362 1538 2415 homo
1565 2358 1767 2432 quidem
1792 2358 1986 2434 (Idem,
2035 2352 2176 2433 Apo-

579 2455 732 2528 logel.
765 2469 881 2526 cap.
931 2450 1003 2507 24
1032 2496 1048 2521 ,
1088 2468 1141 2524 p.
1173 2451 1326 2523 M8).
1384 2448 1516 2507 Nam
1554 2451 1856 2507 damnanda
1897 2452 2053 2524 plane
2094 2460 2181 2508 est

576 2545 863 2612 simulatio,
892 2555 947 2602 et
998 2545 1198 2601 nefaria
1250 2535 1570 2616 hypocrisis,
1613 2560 1713 2616 qua
1747 2545 1792 2599 is
1834 2558 1893 2599 se
1939 2559 2063 2599 eum
2087 2560 2180 2600 co-

576 2638 689 2694 lere
719 2636 958 2693 exterius
998 2636 1168 2707 lingit,
1193 2651 1352 2707 quem
1383 2635 1609 2690 interius
1659 2634 1865 2706 spernit
1902 2644 2060 2706 atque
2082 2631 2180 2691 de-

579 2740 821 2789 testatur.

650 2824 733 2880 Ad
764 2825 879 2881 haec
927 2836 1076 2892 vero,
1108 2840 1179 2881 ea
1204 2839 1337 2881 sane
1376 2834 1463 2882 est
1494 2824 1735 2881 hominis
1791 2825 2072 2899 fragilitas,
2119 2835 2180 2899 ut

578 2918 749 2975 Deum
776 2932 961 2974 verum
1154 2920 1357 2991 sapius
1376 2918 1638 2975 claudat.
1670 2918 1829 2990 Atqui
1852 2890 2070 2990 placare
2115 2890 2182 2974 il-

575 3012 686 3067 lum
726 3012 930 3082 nequit,
957 3012 1059 3067 nisi
1090 3011 1258 3067 libera
1296 3025 1361 3067 ac
1386 3013 1599 3068 sincera
1630 3010 1795 3066 animi
1824 3012 2179 3068 conversione

575 3117 632 3163 et
657 3105 988 3176 paenitentia,
1026 3116 1122 3161 aut
1158 3106 1302 3163 facto
1342 3107 1577 3161 maxima
1615 3104 1863 3162 libertate
1886 3105 2172 3162 sacriﬁcio.

2280 1893 2421 1951 Huic
2447 1903 2625 1950 autem
2653 1908 2683 1948 a
2709 1893 3040 1950 Tertulliano
3058 1895 3350 1965 opponitur
3364 1896 3518 1960 atina,
3537 1897 3773 1967 gentilis,
3802 1900 3903 1969 qui

2282 1987 2497 2044 colebat
2522 1987 2793 2043 («unum
2817 2002 3039 2043 suorum
3060 1988 3269 2044 scilicet
3296 1989 3643 2060 templorum,
3668 1999 3729 2044 nt
3754 1990 3902 2047 infra

2282 2080 2650 2135 ostendemus.
2680 2079 2871 2150 Pergit
2892 2079 3001 2146 ille,
3032 2089 3079 2134 et
3103 2078 3260 2148 alius,
3280 2081 3471 2151 inquit,
3494 2090 3618 2151 puta
3634 2081 3900 2139 christia-

2279 2188 2408 2239 nus,
2430 2186 2576 2227 suam
2597 2173 2822 2226 animant
2840 2170 2948 2227 Deo
2967 2186 3059 2227 suo
3080 2182 3272 2241 unum,
3297 2183 3351 2229 et
3374 2185 3684 2243 consecret;
3704 2185 3900 2234 mira

2282 2279 2410 2320 vero
2424 2265 2579 2331 alias,
2601 2264 2866 2333 etlmicus,
2885 2265 3014 2319 hirci
3030 2256 3265 2320 animum
3286 2264 3423 2322 falso
3434 2266 3538 2323 deo
3556 2275 3769 2324 voveat.
3791 2267 3899 2324 Cri-

2278 2356 2363 2413 llit
2387 2356 2531 2412 enim
2558 2355 2856 2427 Virgilius:

2436 2468 2568 2532 Ergo
2588 2469 2689 2519 rite
2713 2481 2853 2519 suum
2875 2468 3068 2521 Baccho
3091 2469 3313 2522 dicemus
3335 2471 3574 2522 honorem

2439 2530 2746 2595 Qarminibus
2768 2533 2954 2595 patriis.
2981 2532 3206 2584 lancesve
3233 2541 3285 2584 et
3307 2535 3405 2584 liba
3421 2535 3665 2593 tet-eruas;

2438 2592 2502 2643 Et
2523 2594 2700 2643 ductus
2713 2592 2867 2645 cornu
2890 2595 3037 2647 stabit
3058 2608 3200 2645 sacer
3224 2596 3386 2648 hircus
3407 2596 3471 2646 ad
3486 2609 3639 2647 aram.

2901 2659 3107 2744 (Virga.
3132 2676 3214 2730 tib.
3235 2685 3267 2727 ιι
3291 2680 3466 2745 Georg.
3493 2692 3539 2730 υ.
3563 2680 3699 2743 595.)

2282 2780 2540 2837 Martialis
2561 2798 2689 2838 vero
2716 2801 2729 2838 :

2406 2893 2523 2955 Vite
2554 2908 2739 2955 nocens
2755 2909 2906 2949 rosea
2925 2898 3088 2948 stabat
3109 2898 3375 2948 moriturus
3394 2897 3455 2947 ad
3472 2911 3584 2949 aras

2466 2952 2659 3019 Hircus,
2680 2952 3008 3028 BaccbeLtuis
3032 2960 3226 3028 victima
3242 2969 3383 3024 grata

2882 3018 3129 3083 (Martial.
3155 3018 3340 3081 libful,
3362 3019 3591 3087 epigram.
3619 3018 3725 3087 2t.)

2280 3120 2480 3178 Verum
2502 3122 2628 3194 quid
2656 3124 2834 3179 obstat
2857 3125 3144 3195 quominus
3169 3123 3524 3182 Tertulliauus
3552 3125 3663 3181 lucc
3692 3128 3888 3184 omnia

576 3197 796 3254 Summa
821 3196 989 3270 igitur
1010 3198 1129 3255 sine
1154 3198 1411 3270 injustitia
1438 3210 1601 3254 nemo
1637 3212 1836 3270 cogere
1871 3210 1959 3255 me
1994 3209 2173 3270 potest

2276 3224 2383 3268 nun
2399 3210 2722 3269 Christianis
2748 3223 2802 3269 et
2826 3213 3044 3280 inducis,
3067 3214 3161 3270 sed
3194 3214 3323 3270 solis
3348 3216 3628 3287 gentilibus
3644 3204 3891 3273 tribuat?

575 3290 642 3346 ad
669 3289 1079 3347 sacriﬁcandum
1112 3289 1255 3360 Iovi,
1284 3301 1379 3346 aut
1409 3290 1630 3347 cuilibet
1664 3291 1823 3348 alteri
1854 3291 1958 3348 deo
1977 3333 1992 3358 ,
2016 3306 2179 3360 quem

576 3397 685 3438 non
706 3397 843 3439 curo
868 3398 938 3438 nu
964 3383 1095 3437 mihi
1118 3383 1381 3454 propitius
1410 3383 1480 3437 sit
1498 3422 1513 3450 ,
1541 3384 1626 3438 vel
1652 3382 1848 3449 iratus;
1879 3383 2048 3439 ntulto
2079 3384 2180 3439 mi-

574 3490 678 3532 nus
708 3476 756 3531 si
794 3476 944 3532 illum
986 3470 1258 3532 hominem
1294 3476 1495 3544 fuisse,
1518 3490 1620 3531 nec
1664 3476 1899 3547 amplius
1945 3476 2180 3533 existere

572 3576 727 3622 certo
749 3567 949 3622 certius
989 3567 1354 3638 cognoverim.

652 3658 818 3713 Instat
840 3658 1023 3714 adhuc
1065 3659 1458 3726 Tertullianus,
1504 3669 1563 3716 et
1606 3660 1763 3730 colat,
1808 3661 1999 3732 inquit,
2046 3662 2180 3716 alius

575 3750 766 3817 Deum,
797 3751 930 3805 otius
957 3751 1157 3819 Jovem,
1203 3752 1338 3807 alius
1363 3753 1435 3806 ad
1468 3754 1653 3808 eiciunt
1697 3753 1952 3823 supplices
1994 3766 2178 3809 manus

574 3842 749 3898 trudat
772 3856 792 3907 ;
813 3843 949 3898 alius
970 3843 1041 3897 ad
1061 3858 1204 3898 aram
1233 3843 1383 3900 Fidei
1414 3861 1433 3900 :
1457 3846 1611 3914 alius,
1648 3846 1695 3900 si
1714 3845 1809 3902 hoc
1836 3847 2047 3916 putatis,
2074 3863 2176 3902 mt-

574 3951 662 4007 bes
684 3960 908 4007 numeret
938 3964 1112 4018 orans,
1145 3951 1277 4006 alius
1304 3950 1568 4005 lacunaria
1584 3969 1617 4019 ,1
1634 3951 1768 4006 alius
1787 3950 2011 4005 animam
2030 3966 2177 4005 suam

576 4048 671 4103 deo
687 4062 779 4104 suo
798 4058 990 4114 voveat,
1009 4047 1145 4105 alius
1165 4049 1294 4105 hirci
1313 4047 1518 4122 (Ibid).
1537 4049 1727 4107 Nonne
1746 4051 1799 4107 bi
1816 4062 2005 4109 omnes
2021 4066 2177 4121 aequo

573 4143 695 4216 jure
720 4150 812 4197 aut
842 4141 1060 4199 tolerari
1094 4148 1187 4199 aut
1220 4140 1568 4199 condemnari
1611 4144 1902 4213 debebant,
1950 4159 2050 4201 nec
2084 4145 2176 4201 uni

575 4236 757 4308 potius
785 4246 941 4307 quam
972 4240 1124 4295 alteri
1147 4236 1499 4311 eripiendum,
1530 4250 1691 4311 quem
1723 4239 1970 4306 vo!uerit,
1995 4240 2176 4297 colen-

576 4330 630 4387 di
661 4328 999 4387 libertatem?

648 4420 754 4479 Sed
785 4436 891 4478 non
928 4423 1070 4479 clara
1099 4426 1321 4481 omnino
1346 4430 1412 4482 ac
1445 4424 1722 4500 perspicua
1749 4434 1874 4482 sunt
1898 4424 2016 4482 haec
2044 4427 2175 4483 Ter-

576 4515 780 4571 tulliani
814 4514 995 4584 verba,
1025 4531 1089 4571 ac
1120 4516 1343 4573 forsitan
1367 4516 1643 4573 dubitandi
1679 4516 1832 4575 locus
1869 4529 1953 4576 est
1993 4529 2172 4576 utrum

2280 3306 2472 3363 Nonne
2490 3304 2813 3374 Menecasus,
2845 3306 3053 3363 Codrus
3083 3314 3139 3364 et
3167 3306 3366 3375 Mures,
3394 3308 3463 3365 de
3492 3310 3684 3381 quibus
3707 3325 3808 3364 nos
3834 3311 3895 3367 in

2283 3397 2545 3470 superiori
2594 3398 2971 3454 dissertatione
3020 3408 3142 3471 post
3189 3398 3527 3455 Lactantium
3572 3399 3884 3474 (Lactant,,

2282 3490 2371 3545 tib.
2396 3488 2507 3556 'lll,‘
2534 3505 2651 3560 cap.
2696 3487 2788 3558 l2,
2827 3502 2946 3562 pag.
2984 3490 3114 3562 570)
3154 3491 3551 3563 disputavimus
3587 3491 3886 3565 (Dissertat.

2280 3581 2333 3636 in
2356 3579 2620 3648 Ladona,
2650 3596 2767 3653 cap,
2804 3580 2891 3650 to,
2922 3592 3025 3638 art.
3058 3581 3137 3657 4),
3160 3585 3393 3640 animam
3419 3600 3569 3640 suam
3600 3584 3701 3640 diis
3726 3600 3889 3641 vove-

2279 3678 2427 3730 runt.
2482 3675 2872 3747 Aristophanes
2921 3684 3101 3733 autem
3142 3675 3419 3734 Socratem
3466 3677 3668 3733 inducit
3714 3677 3887 3734 nubes

2280 3779 2525 3824 orantem
2553 3775 2607 3825 et
2636 3769 2972 3825 invocantem
3003 3769 3022 3844 (
3052 3752 3339 3843 Aristoph"
3379 3787 3511 3826 com.
3544 3768 3741 3841 Nubes,
3770 3780 3877 3827 act.

2280 3862 2321 3929 ι,
2363 3874 2500 3917 scen.
2536 3858 2617 3933 ὅ).
2650 3860 2889 3920 Gentiles
2914 3876 3129 3937 quoque
3166 3864 3417 3930 sublatis,
3451 3874 3509 3920 ut
3546 3864 3741 3922 dictum
3776 3874 3881 3934 est,

2280 3958 2332 4014 in
2363 3957 2564 4014 etelum
2595 3958 2859 4025 manibus,
2882 3958 3013 4014 deos
3033 3973 3159 4013 suos
3184 3957 3558 4029 precabantur.
3581 3957 3720 4032 Ergo
3754 3955 3888 4017 Ter-

2278 4050 2538 4107 lullianus
2561 4050 2626 4107 de
2660 4049 2747 4107 his
2773 4052 2907 4107 solis
2948 4051 3093 4122 loqui
3134 4052 3308 4123 putius
3348 4051 3576 4118 videtur,
3620 4062 3672 4107 et
3710 4053 3886 4123 majus

2278 4145 2401 4201 inde
2417 4148 2863 4217 argumentationi
2882 4147 2996 4217 ejus
3017 4144 3180 4201 robur
3200 4147 3437 4204 accedet.
3459 4148 3623 4205 Recte
3643 4147 3884 4218 quidem,

2278 4238 2508 4312 inquies,
2535 4240 2632 4294 nisi
2659 4240 2746 4296 ille
2769 4239 2886 4295 Jovi
2914 4251 3213 4310 apponeret
3241 4240 3407 4296 Deum
3434 4241 3573 4296 haud
3602 4241 3763 4296 dubie
3792 4256 3889 4298 ve-

2222 4331 2233 4349 '
2277 4348 2419 4400 rum,
2447 4348 2607 4405 quem
2632 4332 2811 4389 adhuc
2829 4333 3085 4404 singulari
3106 4348 3331 4388 numero
3351 4332 3547 4389 deinde
3571 4332 3882 4404 appellavit.

2277 4425 2385 4482 Sed
2423 4424 2548 4497 quid
2576 4436 2718 4482 vetat
2741 4426 3024 4499 quominus
3052 4423 3141 4481 ille
3179 4422 3298 4480 Jovi
3330 4428 3564 4481 maximo
3603 4424 3884 4496 gentilium

2278 4520 2382 4576 deo
2420 4520 2581 4575 alium
2631 4519 2925 4591 quemlibet
2969 4520 3083 4574 sive
3122 4517 3408 4588 majorum,
3450 4515 3563 4573 sive
3615 4518 3882 4581 minorum

574 4606 826 4678 loquatur
873 4608 1077 4665 tantum
1115 4608 1184 4665 de
1216 4610 1527 4681 gentilibus,
1571 4620 1661 4666 aut
1701 4610 1768 4666 de
1809 4612 1873 4667 iis
1914 4610 2076 4668 simul
2121 4608 2254 4669 etD
2278 4614 2514 4685 gentium
2541 4608 2700 4667 deum
2725 4609 3316 4682 opposuerit?Quoquo
3336 4617 3512 4665 autem
3536 4609 3698 4664 modo
3717 4608 3881 4665 verba

575 4698 901 4767 Christianis,
934 4709 992 4756 ut
1020 4700 1259 4770 pluribus
1273 4702 1446 4758 visum
1465 4713 1566 4758 est.
1598 4701 1733 4770 Quid
1762 4717 1892 4758 vero
1919 4703 1965 4757 si
1994 4713 2171 4759 utros-

574 4804 680 4859 que
721 4799 883 4860 atque
924 4791 1145 4862 insuper
1203 4789 1418 4848 Judzcos
1466 4790 1778 4863 designasse
1821 4792 2064 4848 dicatur?
2097 4794 2171 4851 De

575 4879 888 4937 Christianis
916 4882 1179 4953 siquidem
1210 4893 1260 4938 et
1289 4882 1490 4939 Judazis
1518 4884 1754 4940 scribere
1776 4885 1947 4955 putuit
1977 4903 1990 4939 :
2023 4882 2172 4940 Colat

574 4972 708 5028 alius
738 4971 920 5040 Deum,
953 4974 1166 5029 unicum
1198 4972 1477 5041 videlicet,
1508 4982 1668 5046 atque
1709 4976 2165 5047 omnipotentem;

575 5065 643 5124 de
681 5066 911 5123 ethnicis
951 5080 1080 5122 vero
1122 5085 1134 5121 :
1169 5067 1313 5121 Alius
1343 5065 1553 5131 Jovem,
1593 5071 1730 5124 sicut
1776 5070 2166 5140 incompertum

575 5160 776 5215 nemini
803 5169 905 5214 cst.
938 5160 1013 5215 lle
1038 5159 1231 5214 iisdem
1260 5158 1420 5216 etiam
1443 5161 1762 5217 Christianis
1790 5160 1970 5218 dieere
1997 5162 2172 5219 adhuc

575 5254 745 5325 potuit
776 5270 791 5311 :
822 5253 968 5309 Atius
997 5254 1065 5308 ad
1108 5254 1288 5309 omium
1319 5252 1577 5325 supplices
1606 5272 1786 5310 manus
1815 5255 2006 5310 tendat.
2036 5255 2172 5312 Nam

576 5342 654 5413 hi,
708 5346 782 5400 uti
828 5344 1058 5401 vidimus
1104 5345 1293 5418 (Supr.
1348 5362 1464 5419 cap.
1519 5346 1606 5414 14,
1649 5357 1750 5401 art.
1796 5346 1888 5419 5),
1921 5349 2173 5419 expansis

575 5438 822 5492 manibus
865 5436 1033 5493 Deum
1083 5438 1328 5493 orabant.
1360 5437 1594 5493 Tametsi
1636 5438 1779 5494 enim
1821 5439 2068 5494 ethnicus
2096 5440 2173 5492 si-

570 5528 688 5584 mili
718 5528 878 5584 modo
905 5516 1037 5584 deos
1066 5541 1194 5584 suos
1223 5539 1564 5600 precaretur;
1596 5530 1643 5585 is
1671 5530 1964 5585 christiano
1992 5539 2172 5585 tamen

573 5619 772 5689 apponi
801 5632 830 5672 a
860 5617 1188 5674 Tertulliano
1221 5620 1453 5690 videtur,
1484 5623 1574 5694 qui
1594 5618 1793 5677 ibidem
1816 5621 1951 5677 dixit
1982 5640 1995 5677 :
2027 5622 2174 5676 Alius

572 5720 724 5777 vero,
774 5712 1025 5767 nimirum
1075 5713 1314 5783 gentilis,
1344 5720 1535 5770 manus
1580 5714 1831 5770 similiter
1879 5714 2060 5771 tendat
2103 5714 2172 5769 ad

570 5802 724 5856 aram
752 5797 906 5857 Fidei
934 5803 1035 5862 :‘in
1074 5804 1348 5865 codicibus
1376 5804 1574 5864 nostris
1622 5806 2000 5880 manuscriptis
2038 5804 2172 5879 legi-

2276 4704 2395 4774 ejus
2433 4703 2835 4774 intelligantur,
2893 4718 2955 4758 ex
3016 4702 3082 4758 iis
3132 4710 3279 4757 recte
3332 4701 3555 4755 omnino
3610 4692 3886 4757 concludit

2273 4796 2518 4852 etlmicos
2543 4805 2730 4851 contra
2753 4795 2842 4867 jus
2870 4811 3030 4850 omne
3053 4804 3106 4849 et
3146 4792 3227 4847 fas
3272 4792 3539 4848 ademisse
3563 4790 3884 4847 Christianis

2274 4890 2384 4944 veri
2412 4887 2510 4943 Dei
2550 4887 2758 4944 colendi
2792 4886 3121 4942 facultatem.
3152 4885 3258 4941 Per
3284 4882 3405 4939 illos
3430 4878 3692 4955 siquidem
3720 4889 3887 4937 caue-

2271 4981 2346 5036 ris
2372 4981 2623 5036 omnibus
2644 4978 2842 5035 licebat
2872 4996 2976 5034 non
3010 4978 3186 5035 solum
3212 4976 3422 5043 Jovem,
3450 4976 3563 5043 scd,
3594 4992 3704 5032 uno
3743 4974 3884 5031 dun-

2275 5080 2419 5128 taxat
2444 5086 2569 5127 vero
2595 5071 2705 5125 Deo
2734 5079 2960 5141 excepto
2980 5112 2996 5138 ,
3026 5064 3426 5142 quemcumque
3469 5067 3644 5123 colere
3683 5064 3883 5122 falsum

2275 5178 2341 5220 ac
2364 5161 2648 5219 ridiculum
2692 5162 2876 5218 deum.
2904 5161 3018 5233 Qua
3049 5161 3193 5216 enim
3238 5160 3554 5217 crudelitate
3594 5158 3738 5228 impii
3772 5158 3886 5213 ho-

2277 5256 2449 5310 mines
2468 5254 2787 5310 Christianis
2810 5268 2990 5308 verum
3016 5250 3187 5308 Deum
3212 5251 3513 5308 honorandi
3541 5246 3801 5307 tollebant
3822 5249 3863 5307 li

2276 5347 2524 5412 centiam,
2558 5346 2670 5416 pari
2718 5344 3043 5417 indulgentia
3082 5344 3423 5414 patiebantur
3447 5342 3687 5413 qualibet
3716 5342 3776 5397 in
3802 5341 3886 5397 ci-

2276 5442 2439 5495 vitate
2459 5454 2521 5494 ac
2541 5438 2837 5509 provincia,
2868 5448 2926 5492 ut
2947 5436 3084 5493 intra
3102 5439 3333 5504 dicetur,
3363 5452 3392 5491 a
3416 5435 3604 5507 quovis
3634 5434 3879 5502 homine,

2278 5536 2436 5603 quem
2450 5530 2700 5585 libuisset
2714 5529 2895 5595 deum,
2913 5529 3124 5584 etiamsi
3144 5529 3263 5585 aliis
3282 5530 3499 5601 penitus
3516 5522 3880 5599 incognitum,

2276 5621 2401 5689 coli,
2434 5630 2486 5678 ct
2511 5623 2745 5679 adorari.

2347 5714 2454 5771 Sed
2478 5715 2590 5785 jam
2633 5717 2863 5787 aliquem
2894 5715 3081 5772 audire
3111 5716 3264 5772 nobis
3295 5714 3568 5781 videmur,
3601 5712 3690 5785 qui
3723 5708 3893 5769 nobis

2273 5808 2333 5867 in
2356 5812 2540 5868 aurem
2562 5808 2865 5869 insusurrat
2887 5808 2960 5869 ibi
2986 5809 3374 5871 Tertullianum
3404 5816 3514 5867 tota
3526 5806 3614 5868 via
3643 5806 3889 5876 errasse.
