4170 6264
329 276 443 344 089
1482 280 1941 342 DISSERTATIO
1974 281 2041 341 D.
2078 282 2169 341 LE
2202 282 2515 343 NOUBRY.
3539 286 3648 347 99.

331 406 521 471 utpote
550 397 641 470 qui
672 395 756 452 his
800 392 1131 466 irgumentis
1156 395 1385 465 probare
1415 397 1704 453 contendat
1739 411 1937 454 conce-
1967 396 2020 461 Α
2046 399 2249 467 injust
2275 399 2419 471 legis,
2456 408 2518 455 ut
2545 407 2691 456 recte
2739 399 2814 456 ait
2844 399 3228 469 Tertullianus,
3267 402 3441 459 nullus
3476 404 3644 461 nonor

335 491 568 547 deudam
594 505 727 549 esse
754 487 978 544 cuilibet
1021 487 1327 544 facultatem
1355 504 1514 560 quem
1542 490 1793 559 voluerit,
1824 491 1940 546 sive
2044 502 2116 547 est
2145 492 2385 564 (Tertull.
2406 534 2422 560 ,
2477 492 2567 549 lib.
2604 492 2623 549 l
2685 494 2755 547 ad
2784 492 2998 549 Nation.
3023 535 3038 561 ,
3080 510 3198 565 cap.
3227 495 3296 560 6,
3333 513 3454 568 pag.
3488 497 3642 570 566),

332 602 546 651 verum,
566 585 678 643 sive
708 582 922 648 falsum,
944 582 1154 637 colendi
1182 582 1443 647 deum,ac
1470 598 1569 654 pro
1595 583 1817 639 arbitrio
1841 583 1940 638 alia

336 696 495 753 quam
523 670 838 748 religionem
861 675 1114 747 eligendi.
1135 675 1282 730 Itane
1310 690 1442 731 vero
1469 674 1702 748 desipuit
1726 675 1938 731 Tertul-

336 772 531 837 lianus,
558 771 646 841 qui
683 767 829 835 totis,
873 768 952 824 uti
979 766 1234 834 vidimus,
1264 767 1465 838 ingenii
1488 766 1689 822 viribus
1717 758 1938 823 demon-

333 873 472 922 strat
516 864 688 919 solam
743 862 1094 917 cliristianam
1137 861 1450 931 religionem
1496 876 1681 917 veram
1713 875 1834 915 esse
1884 869 1939 915 et

333 957 713 1031 proﬁtendam,
745 967 972 1012 caeteras
991 969 1180 1010 omnes
1212 953 1377 1009 falsas
1404 963 1459 1009 et
1487 953 1825 1023 rejiciendas,
1850 952 1938 1023 qui

334 1052 493 1124 plane
520 1050 838 1122 penitusque
879 1046 1157 1107 contendit
1186 1060 1455 1100 summum
1497 1044 1791 1099 christiano
1815 1058 1940 1105 esse

335 1141 488 1198 nefas
528 1156 681 1197 suam
721 1153 918 1211 negare
961 1139 1068 1193 imo
1112 1146 1167 1193 et
1209 1135 1550 1192 dissimulare
1587 1135 1935 1208 religionem,

336 1236 427 1306 qui
450 1243 716 1306 martyres
748 1240 964 1289 nostros
990 1229 1137 1284 omni
1180 1227 1337 1283 laude
1363 1227 1487 1283 ideo
1510 1228 1767 1294 cumulat,
1797 1226 1937 1297 quod

335 1326 623 1382 maluerint
651 1324 979 1395 quibuslibet
1006 1321 1293 1377 dirissimis
1322 1318 1650 1376 cruciatibus
1687 1319 1937 1375 excarni-

338 1419 569 1489 licariet
597 1415 821 1473 intcrlici
844 1456 860 1483 ,
891 1431 1048 1486 quam
1080 1414 1177 1469 tria
1226 1412 1397 1467 thuris
1436 1427 1604 1483 grana
1644 1406 1813 1468 falsis
1836 1410 1940 1467 diis

337 1512 577 1579 adolere,
608 1526 672 1567 ac
702 1508 934 1564 mirabili
976 1507 1135 1577 plane
1175 1506 1475 1560 constantia
1506 1520 1660 1561 suum
1692 1520 1789 1575 pro
1816 1502 1939 1559 lidoi

336 1613 393 1659 et
432 1602 707 1673 religionis
732 1614 843 1655 sua:
881 1598 1195 1653 defensione
1215 1596 1528 1665 sanguinem
1558 1595 1816 1651 fuderint.
1845 1593 1940 1650 Se—

336 1709 434 1750 cus
460 1708 590 1748 vero
617 1693 661 1746 si
684 1692 962 1757 sensisset,
985 1704 1135 1744 suam
1168 1690 1220 1742 in
1249 1687 1597 1759 Apologetico
1623 1688 1846 1758 aliisque
1864 1686 1941 1742 si-

2042 601 2143 641 nce
2184 587 2343 642 ullius
2384 598 2616 657 unquam
2665 584 2897 640 hominis
2935 586 3327 641 conscientiam
3365 589 3641 659 obligavit.

2041 678 2195 735 Nulla
2233 679 2392 750 igitur
2418 678 2648 735 humana
2691 679 2807 749 lege
2831 678 3119 733 Christiani
3155 676 3225 733 ad
3266 677 3480 734 lietitios
3511 679 3645 738 deos

2042 770 2297 827 colendos
2323 771 2439 842 cogi
2462 779 2726 841 poterant.
2755 769 2870 838 Qua
2900 784 3029 841 ergo
3060 769 3235 825 fronte
3273 770 3473 826 ethnici
3504 771 3644 842 obji-

1994 888 1999 892 ·
2041 878 2165 920 cere
2192 873 2437 934 poterant
2458 877 2519 920 se
2542 863 2608 917 ad
2627 877 2722 919 eos
2753 863 3078 933 torquendus
3107 871 3162 918 et
3199 863 3492 932 necandos,
3524 866 3644 936 qui-

2041 958 2265 1015 busdam
2302 961 2685 1028 imperatorum
2721 971 2940 1011 suorum
2979 956 3184 1027 legibus
3227 955 3510 1028 obstringi,
3551 958 3643 1029 qui

2040 1064 2238 1123 negare
2282 1064 2387 1103 non
2433 1057 2681 1119 poterant
2732 1048 2991 1119 plurimas
3020 1048 3089 1103 ab
3134 1048 3441 1104 hominibus
3480 1050 3640 1106 etiam

2044 1141 2262 1210 majoris
2281 1138 2631 1205 auctoritatis,
2666 1147 2724 1193 ut
2745 1139 2856 1209 jam
2888 1139 2940 1193 in
2974 1138 3240 1209 superiori
3261 1140 3643 1197 dissertatione

2043 1232 2272 1288 vidimus
2324 1230 2623 1301 (Dissertat.
2676 1230 2731 1285 in
2766 1229 3032 1297 Lactant.,
3081 1246 3198 1300 cap.
3253 1230 3345 1294 28,
3406 1239 3507 1286 art.
3562 1234 3641 1304 l),

2044 1340 2139 1395 pro
2183 1324 2414 1379 humana
2461 1323 2771 1380 inﬁmitate
2805 1328 2862 1379 et
2901 1332 3201 1394 temporum
3240 1326 3642 1395 opportunitate

2038 1419 2199 1482 latas,
2229 1431 2361 1487 quas
2395 1416 2596 1471 idcirco
2633 1416 2889 1471 audacter
2927 1424 2981 1471 et
3021 1417 3239 1486 impune
3266 1417 3639 1483 eniendarunt,

2040 1518 2376 1582 spreverunt,
2401 1508 2889 1565 conculcaverunt?
2922 1507 3041 1575 Quo
3066 1518 3243 1563 autem
3273 1516 3427 1578 pacto
3456 1508 3508 1563 id
3548 1524 3641 1565 ne.

2036 1614 2278 1675 gassent,
2323 1601 2466 1672 quod
2505 1616 2609 1656 non
2644 1601 2818 1657 solum
2863 1584 3460 1657 certissimo/Ciceronis
3497 1604 3643 1659 testi-

2042 1696 2223 1752 monio
2248 1693 2462 1767 (Civem,
2508 1694 2596 1748 lib.
2645 1693 2664 1747 l
2702 1694 2767 1747 de
2804 1693 2953 1764 legib.
2985 1734 2999 1758 ,
3051 1710 3172 1763 pag.
3205 1694 3309 1749 518
3334 1735 3348 1759 ,
3391 1694 3483 1749 lin.
3526 1695 3563 1753 ὃ
3594 1707 3642 1753 ει

335 1786 555 1843 milibus
588 1784 738 1839 libris
776 1782 1178 1839 conscribendis
1210 1782 1363 1852 plane
1403 1783 1676 1853 gratisque
1718 1782 1937 1839 lusisset
1954 1797 2012 1858 θ
2038 1785 2202 1859 κᾳᾳ.)
2223 1828 2237 1853 ,
2274 1786 2369 1842 sed
2398 1786 2663 1841 constanti
2685 1785 3007 1840 saeculorum
3042 1785 3281 1839 omnium
3314 1786 3639 1856 experientia

335 1893 577 1950 operam.
598 1877 715 1935 Non
737 1877 843 1932 alio
870 1877 1028 1947 igitur
1049 1876 1274 1931 tendunt
1297 1874 1438 1930 illius
1468 1884 1808 1945 argumenta,
1837 1874 1941 1929 nisi

338 1980 398 2026 ut
426 1972 490 2025 iis
514 1970 853 2026 demonstret
880 1968 1146 2023 neminem
1168 1968 1286 2039 cogi
1314 1981 1469 2037 posse
1493 1967 1560 2021 ad
1588 1966 1938 2022 deserendum

333 2080 538 2131 veram,
570 2074 625 2119 et
655 2062 842 2118 falsam
874 2060 1301 2132 amplectendam
1345 2061 1695 2131 religionem;
1724 2076 1788 2115 ac
1833 2060 1937 2115 ini-

333 2155 623 2228 quissimos
673 2170 795 2211 esse
848 2153 1116 2225 gentiles,
1171 2154 1261 2223 qui
1318 2153 1604 2223 unicuique
1649 2151 1940 2222 quemlibet

332 2249 513 2315 deum,
540 2248 642 2305 etsi
688 2246 808 2302 aliis
855 2246 1206 2318 incognitum.
1238 2245 1447 2303 colendi
1489 2244 1688 2327 dabant
1724 2244 1939 2299 liberta-

334 2352 468 2411 tem,
513 2357 676 2414 quam
720 2343 850 2398 solis
886 2340 1193 2397 christianis
1232 2354 1415 2394 verum
1445 2338 1611 2394 Deum
1639 2337 1939 2394 colentibus

332 2435 662 2493 adimebant.
1726 2462 1731 2467 ι
1814 2496 1821 2505 ι

404 2531 473 2584 At
501 2528 635 2584 alius
666 2528 927 2600 quispiam
968 2543 996 2582 a
1030 2527 1186 2583 nobis
1228 2525 1516 2598 postulabit
1544 2540 1643 2580 cur
1682 2524 1773 2582 ille
1798 2525 1938 2581 adeo

335 2620 602 2678 allirmate
630 2629 911 2677 asseverat
945 2614 1298 2674 voluntariam
1336 2632 1456 2673 esse
1482 2618 1815 2688 religionem,
1845 2618 1937 2688 qui

336 2715 539 2772 diserte
568 2714 690 2769 alibi
709 2713 845 2769 dixit
870 2731 887 2768 ε
913 2712 994 2767 Ad
1008 2713 1232 2783 officium
1251 2711 1515 2766 hatreticos
1539 2712 1776 2781 compelli
1790 2748 1806 2776 ,
1830 2726 1936 2765 non

334 2807 480 2870 illisi,
513 2807 727 2878 dignum
754 2813 848 2860 est.
886 2804 1087 2859 Duritia
1115 2803 1369 2858 uincendo
1408 2811 1499 2865 est,
1534 2815 1637 2857 non
1672 2801 1938 2857 suadenda

336 2898 664 2969 (Tertullian.
698 2898 1129 2968 Scorpiac.,cap.
1178 2896 1266 2970 2).
1316 2896 1514 2952 Verum
1565 2904 1709 2964 petat
1760 2896 1852 2950 ille
1902 2906 1935 2951 a

334 2992 564 3062 Rigaltio
635 2990 907 3062 quomodo
972 2991 1175 3045 Auctor
1232 2999 1417 3045 noster
1464 2989 1781 3046 vincendam
1839 3004 1934 3046 ve-

334 3081 396 3138 lit
425 3083 799 3138 liairetieorum
843 3080 1121 3145 duritiam,
1169 3095 1374 3150 eosque
1415 3081 1483 3136 ad
1510 3080 1744 3136 cilicium
1777 3081 1937 3137 redu-

2041 1881 2294 1938 omnibus
2315 1888 2647 1948 compertum
2667 1877 2793 1931 est?
2823 1875 2960 1930 Nihil
2992 1876 3170 1947 itaque
3190 1890 3411 1935 necesse
3439 1877 3556 1945 fuit,
3582 1888 3643 1935 ut

2042 1977 2096 2031 id
2124 1973 2485 2031 Tertullianus
2513 1971 2709 2039 variis,
2741 1977 2795 2024 et
2835 1970 2994 2041 longe
3019 1970 3288 2040 pluribus,
3338 1984 3497 2043 quam
3545 1988 3644 2043 par

2038 2077 2177 2131 erat,
2201 2065 2463 2136 exemplis
2499 2064 2898 2134 comprobaret.
2930 2064 3309 2121 Verumtamen
3348 2065 3472 2136 quia
3500 2066 3641 2135 quod

2040 2158 2297 2224 abundat,
2324 2166 2383 2214 ut
2418 2156 2590 2222 aiunt,
2625 2172 2731 2210 non
2762 2155 2932 2222 vitiat,
2959 2155 3217 2225 plurimas
3245 2157 3330 2212 ille
3354 2158 3587 2213 saucitas
3611 2172 3640 2213 ε

2041 2251 2204 2306 variis
2247 2248 2643 2321 legislatoribus
2683 2247 2848 2317 leges,
2890 2257 2945 2303 et
2982 2262 3013 2302 a
3051 2248 3259 2317 populis
3307 2259 3517 2319 postea,
3552 2258 3644 2305 aut

2040 2342 2375 2408 emendatas,
2403 2332 2495 2395 aut
2517 2341 2818 2410 antiquatas
2854 2338 2979 2396 ideo
3003 2340 3302 2411 congessit,
3334 2350 3393 2397 ttt
3427 2342 3640 2399 tandem

2040 2436 2292 2507 ethnicis,
2322 2434 2498 2504 legum
2529 2432 2582 2487 in
2610 2431 2945 2487 Christianos
2984 2426 3230 2488 datarum
3265 2433 3640 2489 auctoritatem

2039 2542 2311 2599 nunquam
2354 2540 2461 2581 non
2502 2535 2557 2581 et
2599 2524 2665 2580 ad
2703 2536 2957 2581 nauseam
2998 2525 3166 2595 usque
3210 2524 3637 2593 objectantibus,

2039 2620 2272 2691 linguam
2310 2619 2526 2689 penitus
2563 2615 2891 2672 occluderet.
2920 2615 3099 2670 Nostri
3131 2617 3307 2686 itaque
3334 2614 3495 2671 ollieii
3522 2631 3641 2673 esse

2037 2711 2292 2767 duximus
2331 2709 2510 2764 omnia
2544 2707 2664 2777 ejus
2701 2707 2919 2776 vestigia
2961 2706 3230 2776 persequi,
3273 2719 3336 2760 ac
3364 2720 3461 2776 pro
3500 2707 3640 2762 virili

2036 2816 2190 2876 parte
2211 2814 2416 2869 nostra,
2444 2803 2710 2871 solitoque
2731 2814 2881 2855 more
2900 2814 2962 2855 ea
2985 2799 3289 2865 enucleare,
3316 2814 3437 2870 qure
3458 2799 3527 2855 ab
3546 2802 3641 2856 illo

2037 2899 2108 2955 de
2122 2898 2358 2968 antiquis
2373 2894 2709 2952 ethnicorum
2737 2892 2963 2964 legibus,
2978 2906 3274 2964 earumque
3302 2888 3635 2961 auctoribus,

2038 2989 2416 3047 emendatione
2436 2997 2490 3044 et
2509 2988 2857 3059 abrogatione
2881 2985 3156 3057 speciatim
3182 2986 3371 3041 tradita
3396 2995 3541 3041 sunt.

2108 3083 2329 3139 Orditur
2356 3090 2535 3138 autem
2561 3081 2629 3135 ab
2654 3080 3025 3151 antiquissimo
3045 3078 3347 3149 legislatore
3370 3076 3633 3150 Lycurgo,

334 3178 553 3243 condes,
589 3187 641 3231 et
665 3177 867 3243 audiet,
891 3192 997 3231 non
1027 3176 1078 3231 vi
1108 3176 1199 3230 a‘ut
1226 3176 1501 3231 coactione
1527 3190 1809 3245 corporea,
1838 3176 1936 3231 sed
1964 3180 2021 3259 (1⁴
2040 3176 2194 3246 cujus
2218 3176 2372 3247 leges:
2403 3174 2592 3246 inquit,
2626 3190 2658 3227 η
2691 3172 3085 3228 Lacedaemoniis
3103 3171 3406 3237 emendatur,
3438 3182 3637 3225 tantum

334 3269 701 3338 spiritualibns
730 3268 923 3322 divinae
964 3267 1255 3337 Scriptum
1296 3269 1460 3322 armis
1494 3266 1781 3337 divinaque
1841 3282 1936 3323 an-

332 3360 605 3417 ctoritate.
637 3361 715 3416 Ac
764 3376 826 3416 re
872 3359 1091 3431 quidem
1126 3375 1253 3414 vera
1298 3359 1411 3429 ipse
1455 3358 1820 3414 Tertullianus
1854 3360 1937 3415 sic

333 3452 676 3523 prosequitur
708 3467 723 3506 :
750 3451 822 3506 Et
848 3452 1023 3523 utique
1050 3452 1174 3506 satis
1213 3450 1461 3521 optimum
1493 3450 1929 3521 prwjudicabitur,

333 3546 471 3615 quod
498 3544 794 3615 probabitur
818 3560 851 3597 a
896 3543 1003 3599 Deo
1042 3544 1369 3598 constitutum
1414 3552 1566 3613 atque
1603 3550 1932 3613 prteceptum.

334 3640 697 3709 Quamobrem
742 3639 893 3695 hisee
936 3638 1103 3693 armis
1134 3637 1253 3692 illos
1296 3637 1368 3691 ibi
1409 3636 1638 3692 revincit
1677 3644 1732 3691 et
1778 3649 1938 3706 expu-

334 3742 484 3804 gnat.
1127 3787 1136 3795 .

410 3824 575 3880 Nobis
605 3839 735 3879 vero
758 3823 994 3895 adjicere
1022 3823 1181 3879 liceat
1207 3837 1315 3878 non
1338 3822 1586 3878 eamdem
1611 3836 1731 3877 esse
1760 3822 1937 3877 ἰδίει-ει

336 3919 562 3973 ticorum
588 3932 652 3972 ac
674 3916 956 3987 gentilium
987 3917 1275 3971 rationem.
1304 3914 1580 3989 Quidquid
1608 3930 1839 3987 namque
1867 3915 1936 3970 de

335 4008 626 4077 haereticis,
674 4008 764 4079 qui
808 4023 995 4062 verum
1029 4008 1194 4064 Deum
1226 4016 1582 4079 agnoverunt,
1614 4008 1710 4063 sed
1736 4006 1937 4062 errori-

334 4098 437 4156 bus
479 4099 882 4168 seeleribusque
918 4100 1031 4154 suis
1057 4101 1128 4155 ab
1175 4100 1412 4155 Ecclesia
1450 4098 1788 4167 defecerunt,
1828 4109 1938 4154 sta-

332 4190 595 4246 tuendum
623 4190 861 4256 dixeris;
892 4205 1001 4246 non
1042 4190 1162 4246 ideo
1204 4200 1380 4246 tamen
1406 4190 1661 4257 ethnicis,
1684 4198 1747 4245 'ut
1786 4200 1936 4245 recte

329 4284 409 4340 ait
432 4282 824 4350 Tertullinus,
848 4283 929 4337 fas
952 4299 1188 4354 unquam
1231 4282 1329 4338 fuit
1348 4283 1673 4338 christianos
1696 4292 1935 4338 lcumen-

333 4376 406 4431 tis
431 4390 501 4431 ac
523 4376 849 4432 cruciatibus
872 4376 943 4430 ad
984 4376 1243 4431 falsorum
1266 4376 1494 4431 deorum
1534 4376 1816 4446 impellere
1844 4389 1937 4430 ve-

334 4468 690 4523 perationem.
746 4467 937 4522 Nullus
986 4470 1135 4521 enim
1166 4468 1285 4523 sine
1334 4467 1549 4537 piaculo
1592 4467 1645 4521 in
1693 4481 1934 4521 erronem

2038 3270 2232 3323 auctori
2252 3286 2347 3322 suo
2373 3267 2564 3322 doloris
2588 3267 2926 3332 incusserunt,
2949 3273 3006 3318 ut
3024 3265 3077 3318 in
3099 3279 3293 3319 messu
3312 3264 3484 3318 utalia
3502 3264 3567 3318 de
3586 3280 3640 3319 se

2038 3365 2147 3435 ipsa
2174 3363 2493 3431 iudicat-erit,
2534 3371 2624 3415 aut
2655 3371 2710 3415 ut
2745 3360 2869 3414 alibi
2895 3359 3016 3414 aliis
3044 3358 3221 3413 verbis
3250 3357 3390 3413 idem
3430 3357 3640 3428 signifi-

2032 3455 2282 3511 cantibus
2300 3454 2453 3517 dixit,
2473 3452 2847 3524 apocarteresin
2867 3438 3058 3523 optarit
3078 3450 3323 3521 (Tertull.
3342 3449 3634 3522 Apologel.,

2038 3563 2153 3618 cap.
2187 3547 2244 3614 4,
2275 3556 2395 3619 pag.
2422 3537 2568 3612 9:86;
2599 3557 2643 3600 et
2669 3562 2783 3616 culp.
2818 3544 2914 3612 46,
2948 3560 3067 3616 pag.
3101 3542 3253 3614 ΜΞ),
3281 3544 3383 3599 hoc
3407 3552 3511 3609 est,
3538 3557 3638 3599 v0-

2040 3639 2267 3695 luntaria
2293 3641 2431 3695 fame
2452 3648 2508 3693 et
2528 3640 2700 3694 inedia
2725 3647 2969 3693 mortuus
2994 3647 3096 3692 est.
3123 3637 3234 3693 Cur
3248 3644 3451 3703 autem,
3476 3636 3641 3695 obse-

2035 3745 2130 3787 cro
2159 3740 2227 3797 te,
2266 3733 2361 3785 has
2395 3733 2537 3803 leges
2563 3730 2951 3786 Lacedaemonii
2978 3728 3353 3790 emendavere.
3384 3730 3488 3784 nisi
3514 3730 3640 3801 quia

2032 3836 2130 3877 eas
2162 3822 2523 3893 imperfectas,
2550 3838 2650 3879 nec
2683 3823 2785 3877 sibi
2822 3822 2981 3877 utiles
3017 3831 3074 3877 et
3102 3821 3485 3878 convenientes
3518 3836 3641 3879 esse

2034 3910 2472 3971 arbitrabantur?
2489 3916 2557 3970 At
2574 3916 2865 3971 Pausanias
2886 3915 3160 3971 memoria:
3191 3915 3463 3970 mandavit
3478 3915 3630 3978 illum

2032 4009 2092 4065 in
2128 4008 2414 4079 quemdam
2458 4007 2764 4078 confugisse
2807 4007 3005 4072 vicum,
3048 4008 3135 4061 cui
3182 4006 3394 4076 Alpium
3440 4018 3636 4062 nomen

2036 4110 2176 4168 erat,
2225 4112 2507 4172 postquam
2537 4102 2673 4156 alter
2700 4100 2889 4155 oculos
2912 4098 2971 4154 ei
3016 4111 3274 4153 excussus
3329 4096 3518 4154 fuisset
3567 4098 3638 4153 ab

2038 4195 2327 4261 Alcandro,
2374 4193 2460 4249 cui
2508 4194 2653 4264 leges
2690 4194 2809 4262 ejus
2852 4207 2958 4245 non
3010 4192 3317 4261 placuerant
3354 4190 3636 4265 (Pansam,

2030 4288 2127 4341 lib.
2151 4285 2241 4353 lli,
2276 4302 2396 4356 pag.
2430 4284 2580 4351 100).
2609 4284 2853 4339 Valerius
2870 4298 3001 4339 vero
3033 4284 3291 4339 Maximus
3318 4284 3452 4339 illud
3482 4284 3640 4354 paulo

2037 4378 2208 4434 iusius
2236 4379 2423 4447 hisque
2444 4378 2623 4432 verbis
2647 4386 2864 4432 enarrat
2894 4396 2908 4433 :
2936 4376 3177 4451 Lycurgo
3211 4395 3371 4451 neque
3392 4381 3530 4449 leges
3556 4394 3642 4432 sa-

2032 4471 2271 4525 lutariter
2292 4470 2591 4539 excogitatas
2619 4469 2811 4523 auxilio
2831 4486 2937 4525 esse
2961 4480 3252 4541 potuerunt,
3275 4470 3541 4538 quominus
3556 4470 3639 4525 in-

334 4559 647 4631 impellitnr,
670 4561 780 4615 imo
813 4576 1066 4617 vemnec
1087 4560 1379 4615 inducitur.
1420 4561 1485 4615 At
1512 4558 1643 4615 nihil
1685 4558 1934 4629 prohibet
1961 4570 2015 4632 ι)
2038 4564 2194 4631 {suos
2230 4561 2359 4614 ciues
2396 4562 2732 4631 experiretur.
2760 4560 2916 4628 Str-pe
2955 4562 3086 4615 enim
3126 4556 3383 4629 lapidibus
3430 4561 3637 4629 petitus,

332 4654 622 4724 quominus
642 4653 888 4710 haeretici
904 4653 1147 4725 legitima
1170 4653 1495 4708 auctoritate
1512 4652 1581 4708 ad
1602 4666 1748 4718 eam,
1768 4667 1932 4722 quam

331 4745 689 4817 reliquerunt,
718 4745 1045 4801 reducantur
1068 4745 1372 4801 veritatem.

942 4872 1240 4915 Αιιτῐουιυε
1278 4872 1336 4913 ll.

339 4974 506 5043 Quam
548 4974 737 5029 insulse
769 4974 958 5030 ethnici
984 4976 1053 5030 ad
1080 4974 1382 5049 torquendus
1411 4973 1754 5046 tollendosque
1783 4971 1937 5031 Clari-

405 5070 596 5123 stianos
640 5067 912 5138 objicerent
956 5085 1010 5122 se
1048 5066 1347 5140 quibusdam
1406 5068 1769 5139 imperatorum
1819 5068 1938 5140 legi-

406 5157 497 5212 bus
528 5157 802 5230 adstringi,
846 5158 1255 5231 quandoquidem
1289 5158 1351 5211 ab
1390 5158 1461 5212 iis
1494 5159 1618 5228 ipsis
1660 5158 1940 5213 emendata:

407 5260 523 5305 sunt
563 5251 697 5323 leges
735 5250 958 5324 Lycurgi
982 5293 996 5316 ,
1027 5253 1114 5320 qui
1156 5250 1345 5305 idcirco
1380 5246 1548 5305 inedia
1588 5260 1795 5304 mortem
1846 5248 1939 5304 sibi

407 5343 678 5410 conscivit,
717 5353 867 5415 atque
895 5344 1013 5398 alia:
1042 5361 1071 5395 a
1102 5340 1345 5397 Romanis
1370 5342 1643 5413 abrogatis,
1676 5360 1736 5396 ac
1758 5344 1939 5397 nanti-

409 5438 574 5490 natim
596 5436 776 5503 Juliar,
811 5435 1012 5507 Papiae,
1045 5438 1093 5491 et
1120 5452 1234 5508 qua:
1256 5435 1500 5490 debitores
1530 5436 1582 5489 in
1612 5435 1741 5491 duas
1770 5445 1938 5506 partes

406 5530 568 5586 secari
587 5526 856 5601 iubebant,
878 5538 943 5585 'ac
969 5540 1203 5601 quianam
1234 5528 1366 5601 leges
1396 5528 1499 5583 illae
1527 5528 1741 5600 fuerint.

410 5663 599 5721 Nullus
622 5679 858 5736 unquam
886 5664 994 5719 ulla
1014 5705 1031 5731 ,
1062 5664 1169 5719 nisi
1196 5661 1531 5734 iniquissima
1568 5662 1684 5733 lege
1704 5701 1719 5728 ,
1746 5661 1813 5717 ad
1840 5660 1938 5719 ial-

334 5768 460 5815 sum
496 5757 737 5831 aliquem
787 5756 946 5815 deum
990 5756 1277 5813 celandum
1326 5756 1587 5828 adstringi
1626 5766 1826 5828 potest.
1868 5758 1940 5814 At

2038 4655 2318 4727 aliquando
2344 4655 2518 4725 [iit-Ore
2552 4654 2754 4723 publica
2782 4657 2970 4724 ζέει-ιω
2990 4696 3005 4721 ,
3035 4655 3184 4707 etiam
3213 4655 3439 4724 privatus
3468 4655 3637 4722 oculo,

2034 4748 2109 4802 ad
2131 4747 2370 4801 ultimum
2394 4745 2511 4816 ipsa
2554 4748 2725 4814 patria
2759 4745 2937 4815 pulsus
2970 4754 3052 4798 est
3081 4742 3226 4816 (Val.
3261 4742 3389 4809 Max
3417 4786 3433 4813 ,
3458 4745 3545 4800 lib.
3574 4744 3637 4809 V,

2040 4857 2160 4911 cap.
2198 4842 2233 4897 5
2261 4882 2275 4906 ,
2302 4850 2464 4895 exter.
2492 4839 2526 4912 §
2556 4839 2640 4909 2).
2695 4837 2801 4895 Sed
2840 4849 3066 4909 uterque
3102 4839 3267 4893 tacuit
3304 4854 3410 4909 quo
3445 4840 3637 4896 mortis

2034 4947 2237 5005 genere
2265 4931 2427 4987 vitam
2460 4930 2554 4987 ille
2592 4929 2813 4986 ﬁnierit.
2856 4928 3103 4986 Elianus
3145 4944 3275 4986 vero
3314 4932 3500 4986 scribit
3538 4931 3636 4998 illi,

2036 5036 2162 5082 cum
2186 5023 2623 5080 Lacedaemonius
2639 5022 2841 5094 justitia
2864 5022 3106 5078 imbuere
3126 5021 3405 5089 voluisset,
3424 5032 3638 5077 erutum

2042 5119 2257 5189 quidem
2296 5117 2533 5181 oculum,
2554 5124 2645 5170 aut
2673 5130 2739 5171 ex
2780 5115 2986 5169 insidiis
3006 5116 3150 5185 jactu
3192 5115 3402 5185 lapidis,
3432 5124 3523 5169 aut
3547 5114 3641 5167 ba-

2044 5210 2149 5265 culi
2202 5209 2309 5263 ictu
2338 5210 2360 5279 (
2398 5206 2631 5273 Iliam,
2665 5205 2753 5261 lib.
2780 5203 2906 5261 XIII
2965 5205 3112 5271 Vara,
3141 5223 3256 5276 cap.
3287 5205 3406 5275 25),
3448 5221 3639 5277 quem-

2044 5301 2331 5355 admodum
2361 5316 2391 5355 ιι
2414 5300 2579 5355 variis
2596 5300 2949 5370 scriptoribus
2970 5299 3240 5369 proditum
3266 5300 3460 5355 fuerat.
3483 5299 3638 5368 Quod

2040 5406 2170 5447 vero
2189 5392 2255 5445 ad
2296 5407 2408 5447 nem
2438 5401 2685 5446 nostram.
2711 5392 2878 5461 magis
2904 5390 3029 5445 facit
3052 5432 3066 5457 ,
3107 5400 3294 5446 testem
3326 5392 3639 5446 nominatim

2040 5483 2172 5538 citat
2199 5483 2497 5555 Ephorum,
2528 5483 2618 5553 qui
2642 5498 2768 5537 eum
2799 5483 2851 5536 in
2880 5481 3069 5538 exsilio
3096 5481 3239 5538 fame
3268 5483 3491 5553 periisse
3521 5497 3641 5553 per-

2045 5575 2210 5629 hibet.
2242 5575 2349 5632 Sed
2376 5576 2448 5631 ibi
2476 5576 2565 5632 ille
2593 5590 2699 5631 non
2729 5575 2862 5630 dixit
2905 5584 3083 5630 utrum
3112 5575 3228 5631 htec
3266 5577 3430 5631 fames
3457 5577 3640 5643 volun:

2045 5666 2177 5721 taria
2206 5665 2382 5722 fuerit.
2424 5666 2782 5735 Quamobrem
2828 5666 3032 5722 Auctor
3068 5676 3257 5723 noster
3283 5666 3517 5737 pressius
3557 5681 3644 5723 se.

2036 5759 2227 5829 quitur
2258 5759 2635 5829 Plutarchum,
2672 5758 2765 5830 qui
2798 5757 3001 5816 diserte
3014 5758 3210 5818 scribit
3243 5758 3395 5816 illum
3426 5757 3636 5830 iureint-
