2085 3132
269 180 320 210 991
805 181 838 209 ΙΝ
858 177 1092 209 TERTULLIANI
1110 177 1378 209 APOLOGETICUM

1866 178 1927 207 993

270 241 354 270 rando
368 248 456 277 reges,
477 243 597 267 senatum
613 246 644 267 ac
663 239 735 267 cives
753 239 939 269 obstrinxisse,
956 238 1013 265 fore
1039 241 1067 264 ut
1080 236 1106 267 Δ
1119 241 1228 265 coactus
1237 243 1287 265 est.
1297 238 1377 266 Addit
1388 245 1468 273 porro
1478 237 1624 266 Suetonius
1640 245 1647 263 :
1661 236 1725 265 Cum
1739 237 1926 265 immaturitate

272 287 346 323 leges
358 288 417 322 ejus
431 285 524 313 sedulo
538 286 724 318 observarent,
744 285 830 312 donec
846 284 954 319 Delphis
969 283 1069 310 rediret

272 333 431 367 (Plutarclt.,
447 331 495 363 t.I,
510 331 536 358 in
553 330 609 358 Vita
628 330 750 366 Lycurg.,
765 340 790 366 p.
806 331 861 365 57).
875 330 1008 358 Neantem
1024 336 1069 356 sa-

272 378 403 406 cramettti
417 378 545 413 religione
560 377 731 405 solverentur
743 397 751 411 ,
767 380 914 408 ἐτελεύτησεν
934 378 1070 412 eiram,"-

271 431 356 459 ρ-ιξσας,
365 428 469 450 mortem
478 423 525 450 sibi
535 423 619 450 inedia
629 424 757 450 conscivit.
767 423 820 450 Sed
833 423 857 450 id
871 431 922 450 non
938 422 1072 457 prohibuit

272 470 415 505 quominus
431 470 627 497 Lacedaemonii
644 478 721 497 suum
745 478 797 497 tum
819 470 898 497 modo
920 476 1072 497 sacramen-

274 519 340 548 tum,
352 515 399 542 sed
422 515 492 542 illius
505 515 585 542 etiam
600 515 672 550 leges
688 515 838 549 spreverint
855 519 881 542 ct
896 515 1070 542 aboleret-int.

309 561 350 588 Ad
364 561 499 588 Romanos
514 561 627 589 subinde
640 562 741 588 Auctor
758 567 850 588 uoster
866 562 938 588 venit
951 582 958 594 ,
975 567 1074 595 eosque

274 607 317 634 bis
327 607 565 642 compellatverbis
577 615 583 633 ι
597 606 691 634 Nonne
704 612 726 634 et
738 615 780 633 vos
792 607 909 641 quotidie,
921 606 1075 641 experimen-

277 655 308 681 tis
328 653 531 680 illuminantibus
546 654 660 681 tenebras
682 654 856 688 antiquitatis,
879 653 904 680 id
922 658 962 680 est
981 654 1074 687 (expe-

276 700 372 728 rientia
390 706 476 727 vestra
492 700 602 736 edocti),
620 705 697 727 totam
709 701 781 727 illam
795 706 899 727 ueterem
911 704 933 726 et
946 699 1075 735 squallen-

278 752 326 775 tem
341 735 449 782 sylvam:
469 748 524 774 sive
540 748 670 774 inlinith
692 752 719 774 et
739 747 879 774 obscuram
898 751 1019 774 veterum
1037 746 1076 773 le-

277 801 339 828 gum
355 793 562 827 tnultitudineut,
579 794 649 820 navis
665 793 848 829 principalium
863 793 1041 827 rescriptorum
1054 796 1078 818 et

279 839 418 865 edictorum
431 839 573 870 securibus,
593 839 649 866 sive
665 839 740 865 noris
762 838 908 872 principum
931 837 1077 872 rescriptis,

279 884 399 911 truncatis
410 889 433 911 et
446 884 542 911 creditis
554 884 673 919 (Tertull.
688 885 831 920 Apologct.,
847 893 904 919 cap.
921 884 947 914 4.
962 893 990 919 ρ.
1001 883 1077 919 286).

1120 291 1284 318 sponsarum,
1312 289 1335 311 et
1354 284 1574 311 matrimoniorum
1594 283 1682 310 crebra
1703 284 1853 314 mutatione,
1872 283 1925 309 vim

1122 330 1184 364 legis
1197 331 1265 357 eludi
1287 331 1398 363 sentiret,
1421 336 1518 366 tempus
1532 338 1638 365 sponsas
1653 329 1762 356 habendi
1770 330 1923 362 court-tavit,

1122 377 1235 405 divortii:
1258 378 1361 405 modum
1382 377 1503 413 imposuit
1526 376 1618 413 (Suet.
1635 377 1724 412 ibid.).
1747 377 1843 405 Nonne
1858 384 1925 404 vero

1124 423 1164 450 his
1184 424 1272 451 verbis
1287 445 1295 456 ,
1322 425 1502 451 immaturitate
1527 432 1694 459 sponsarum.
1718 424 1806 459 colligi
1835 428 1927 458 pote~t

1124 474 1235 504 propter
1262 470 1459 497 tnttltitudiuem
1486 478 1597 503 corttm,
1627 470 1671 505 qui
1697 469 1774 497 bellis
1798 469 1927 497 civilibus

1124 516 1238 551 aliisque
1248 521 1326 543 antra
1337 517 1461 544 exstincti
1477 516 1591 547 fuerant,
1607 520 1735 543 statutum
1751 523 1812 543 esse
1825 515 1861 542 ab
1876 516 1927 542 into

1125 567 1250 597 peralore
1266 563 1393 597 Angusto,
1412 568 1438 589 ut
1458 563 1574 597 virgines
1586 584 1594 595 ,
1610 562 1691 589 etiam
1716 561 1834 589 nondum
1859 562 1927 588 satis

1126 607 1222 635 adulta:
1244 613 1270 635 et
1289 609 1347 635 viro
1375 614 1497 642 matura),
1522 608 1661 635 nuberem.
1687 607 1715 635 Si
1738 613 1826 635 autem
1851 607 1875 635 is
1892 608 1930 635 sit

1126 654 1246 682 Suetonii
1256 662 1352 682 sensus
1363 676 1369 687 ,
1386 655 1428 682 hic
1438 655 1593 682 Tertulliani
1605 663 1664 682 esse
1675 655 1779 682 videtur
1791 662 1797 681 :
1810 655 1928 688 Poppa'a

1128 700 1186 735 lege
1200 701 1342 734 sancitum,
1360 706 1388 728 ut
1402 702 1519 736 virgines
1534 709 1564 728 ea
1579 701 1677 735 jnniori
1694 705 1773 727 a-tate
1790 701 1815 726 in
1830 700 1927 727 matri-

1128 746 1247 773 monium
1261 747 1466 780 collocarentur,
1481 752 1623 782 antequam
1638 746 1701 773 illud
1716 745 1850 781 legeJulia
1862 753 1930 773 con-

1130 791 1235 818 trahere
1243 793 1401 827 potuissent.
1410 792 1443 820 Et
1452 800 1515 820 vero
1524 801 1556 819 cx
1566 793 1650 820 Dione
1657 792 1929 820 discimusabeodem

1130 840 1249 873 Angusto
1260 838 1405 869 decretum,
1422 843 1449 865 ttt
1470 839 1556 873 pactio
1579 839 1705 873 nuptialis
1718 839 1791 866 irrita
1804 843 1891 870 esset.
1909 838 1931 866 si

1132 886 1230 920 nuptim
1256 885 1325 912 ultra
1352 884 1489 912 biennium
1517 884 1698 917 dil‘l‘crrentur,
1724 883 1749 911 id
1769 889 1820 916 est,
1843 884 1934 918 inquit

281 928 307 955 In
323 929 427 964 lligaltii
444 935 532 956 autem
555 935 583 957 et
602 930 701 956 secutis
715 930 894 961 cditionibus,
910 930 1032 961 rustatis,
1053 934 1076 956 et
1090 931 1114 961 B
1129 931 1198 959 idem
1214 931 1290 963 Dion,
1305 935 1335 958 ut
1350 938 1380 957 ea
1396 931 1481 966 virgo,
1494 938 1574 965 quam
1588 930 1648 965 quis
1668 929 1838 965 despondere
1854 930 1933 958 volc-

280 974 395 1005 cwditis;
413 974 459 1001 scd
479 983 530 1009 qua
548 976 715 1008 auctoritate,
731 983 780 1002 nec
801 975 846 1002 ille
864 975 941 1008 dixit,
962 983 1012 1002 nec
1028 982 1077 1003 nos

280 1020 352 1047 aliud
375 1021 444 1047 scire
458 1028 611 1054 pessumus,
629 1021 678 1047 nisi
700 1021 769 1048 hanc
788 1021 930 1048 lectionem
954 1020 1078 1048 omnibus

282 1074 431 1101 repugnare
444 1067 592 1099 codicibus,
607 1073 686 1102 atque
699 1068 759 1102 ipsi,
773 1075 851 1102 quem
866 1067 911 1094 ille
925 1074 979 1102 pra:
994 1067 1080 1093 tnani—

282 1112 332 1139 bus
343 1112 468 1145 habebat,
481 1114 625 1147 cxctnplari
641 1113 768 1140 Putcauo.
782 1112 837 1140 Nos
848 1118 936 1140 tamen
949 1120 1002 1139 non
1016 1113 1092 1140 latet»

282 1166 296 1184 τι
320 1158 341 1184 Τ
343 1158 485 1186 crtulliano
500 1159 563 1186 alibi
578 1159 706 1194 scriptum
722 1168 728 1186 :
745 1158 834 1186 Colere
850 1159 945 1191 omnia,
961 1167 1078 1192 runcare,

282 1209 356 1239 atque
369 1210 467 1232 rustare
481 1206 588 1232 instituit
600 1213 610 1236 ;
624 1211 650 1232 ut
663 1206 722 1232 inde
735 1205 802 1232 velut
816 1213 847 1232 ea:
862 1205 969 1232 surculis
982 1210 1004 1232 et
1012 1213 1080 1244 pro-

283 1252 415 1287 paginibus
430 1252 517 1287 populi
532 1253 562 1279 de
578 1253 690 1288 populis,
706 1252 779 1279 urbes
796 1252 828 1279 de
840 1251 951 1285 urbibus,
966 1260 1010 1286 per
1023 1251 1080 1278 ubi-

282 1306 330 1333 que
354 1299 420 1325 orbis
444 1303 613 1334 paugerentur
647 1298 748 1331 ‘ltlem.
780 1299 824 1326 lib.
856 1299 888 1326 de
909 1298 990 1330 Pall.,
1020 1306 1078 1332 cap.

283 1343 333 1378 2).
360 1344 412 1371 Sed
437 1345 478 1371 cui
514 1353 628 1379 unquam
666 1345 741 1372 licuit
773 1345 882 1372 verbum
915 1345 1022 1379 aliquod
1048 1352 1080 1371 ex

285 1396 337 1416 uno
350 1390 467 1416 auctoris
488 1389 557 1417 libro
570 1390 595 1417 in
614 1390 694 1417 alium
718 1395 810 1418 contra
826 1390 946 1418 codicum
962 1390 1082 1418 omnium

284 1435 501 1463 rcclamaIiOnem
526 1436 692 1464 transferre?
707 1438 820 1472 Quoquo
842 1442 931 1464 autem
948 1436 1027 1464 modo
1043 1437 1082 1464 le-

284 1489 341 1517 gas,
355 1483 534 1517 satisapertus
547 1489 587 1511 est
597 1485 722 1511 Auctoris
737 1484 820 1511 nostii
836 1492 931 1511 sensus
947 1493 954 1511 :
967 1484 1082 1511 horren-

286 1532 338 1554 lctn
350 1533 469 1556 vetcrunt
484 1529 571 1564 legunt
586 1530 686 1565 sylvtttlt
699 1529 776 1556 novis
790 1534 963 1564 expurgatam
976 1537 1084 1557 rescca-

287 1580 393 1610 tamque
408 1575 489 1605 l'uiSse
505 1577 653 1612 priuciptnn
669 1576 763 1604 edictis
775 1598 785 1605 ..
807 1577 903 1612 quibus
918 1576 1003 1611 plura,
1026 1581 1084 1603 tan-

1129 977 1184 1010 bat,
1206 977 1298 1005 decem
1319 984 1404 1003 annos
1417 981 1477 1003 nata
1502 981 1588 1008 esset,
1611 981 1638 1003 et
1661 977 1760 1010 nuptia:
1782 984 1835 1003 tton
1859 976 1933 1004 ultra

1131 1026 1264 1054 biennium
1280 1029 1487 1059 prorogarentur
1500 1023 1605 1057 (Diom,
1617 1023 1661 1050 lib.
1671 1022 1728 1051 LIV
1740 1023 1815 1050 Rom.
1828 1021 1932 1050 Hister.

1132 1081 1191 1107 pug.
1220 1071 1294 1106 n09).
1311 1070 1390 1105 Atqui
1408 1070 1430 1097 si
1453 1069 1538 1104 puella
1553 1068 1658 1096 decimo
1673 1069 1760 1096 aetatis
1781 1076 1838 1095 sua:
1859 1076 1935 1095 anno

1130 1117 1298 1152 despondere
1313 1121 1340 1144 ct
1356 1116 1457 1143 nubere
1472 1119 1586 1151 poterat,
1604 1119 1659 1141 tum
1678 1121 1743 1150 ergo
1759 1113 1829 1141 ﬁlios
1844 1114 1934 1141 susci-

1133 1170 1205 1198 pere,
1224 1162 1260 1189 ttli
1274 1163 1311 1189 ait
1323 1161 1517 1194 Tertullianus,
1532 1160 1689 1196 cogebatur,
1706 1167 1765 1194 qua:
1777 1160 1838 1195 lege
1848 1159 1933 1192 Julia,

1132 1208 1330 1235 matrimonium
1346 1214 1419 1234 anno
1432 1214 1482 1234 suo
1497 1211 1599 1233 tantum
1614 1205 1775 1233 duodecimo
1790 1205 1859 1232 inire
1877 1213 1931 1240 po-

1133 1259 1209 1282 terat.
1229 1253 1305 1285 Vide,
1331 1253 1353 1280 si
1380 1253 1478 1287 placet,
1494 1251 1652 1280 Gotltol‘redi
1674 1251 1837 1287 (Gothofred.
1862 1250 1933 1278 Cod.

1133 1299 1259 1328 Tlteodos.
1279 1299 1370 1334 p.216
1386 1304 1409 1326 et
1421 1300 1504 1334 seqq.)
1523 1304 1551 1326 et
1571 1298 1684 1326 aliorum
1703 1318 1710 1330 ,
1727 1298 1753 1326 in
1768 1297 1868 1324 tertiam
1894 1297 1933 1324 dc

1133 1345 1302 1381 sponsalibus
1313 1345 1411 1380 legem,
1424 1344 1610 1371 annotationcs
1621 1351 1628 1376 ;
1640 1347 1667 1370 et
1679 1342 1811 1378 expende,
1825 1349 1933 1377 quaeso,

1134 1396 1223 1418 utrum
1246 1391 1321 1423 haec,
1343 1395 1388 1418 aut
1413 1390 1464 1417 alia
1486 1389 1628 1424 quasdam,
1652 1396 1732 1424 quam
1756 1388 1934 1424 excogitabis,

1134 1438 1277 1466 verborum
1299 1436 1457 1465 Tertulliani
1481 1435 1668 1471 interpretatio
1689 1434 1734 1462 tibi
1757 1434 1843 1470 magis
1865 1434 1937 1461 arri-

1135 1484 1206 1512 deat.

1173 1530 1284 1557 Dubium
1305 1534 1393 1556 autem
1414 1535 1474 1556 esse
1493 1535 1546 1555 non
1564 1531 1661 1562 potest,
1674 1526 1738 1562 quin
1751 1526 1867 1554 Severus
1881 1526 1937 1557 im-

1137 1579 1244 1610 perator
1255 1574 1327 1601 illam
1338 1574 1474 1608 utriusque
1484 1572 1560 1601 Julia:
1574 1577 1602 1600 et
1616 1572 1738 1607 Poppaea:
1749 1571 1817 1606 legis
1831 1576 1935 1606 partem

285 1630 364 1657 quam
379 1623 576 1657 noxiasherbze,
588 1623 680 1651 evulsa
690 1628 761 1650 sunt.
772 1623 883 1650 Frustra
893 1623 972 1657 igitur
982 1623 1082 1651 ethnici
1095 1622 1118 1654 C
1134 1620 1321 1656 abrogaverit,
1345 1625 1503 1654 tempusque
1526 1619 1703 1654 assignavel'it
1713 1639 1721 1651 1
1742 1625 1797 1653 (Ith
1818 1618 1938 1653 νὶτεῖηεε

288 1669 368 1697 tantis
381 1670 544 1697 clamoribus
554 1678 663 1697 suartnn
676 1670 702 1697 in
713 1669 880 1697 Christianos
893 1670 979 1705 legum
991 1674 1085 1697 aucto-

286 1716 391 1744 ritatem
408 1716 591 1744 Venditabant.

322 1762 362 1790 Ad
389 1763 414 1790 id
436 1768 523 1790 autem
544 1763 632 1791 adhuc
653 1763 893 1791 demonstrandum
918 1763 1087 1791 continenter

287 1808 468 1836 Tcrtullianus
480 1809 577 1844 adjecit
593 1818 599 1836 :
621 1809 714 1836 Nonne
734 1809 882 1836 vanissimas
900 1808 994 1844 Papias
1010 1810 1086 1845 leges,

287 1861 344 1889 qua:
362 1859 420 1881 ante
434 1855 525 1881 liberos
540 1856 635 1890 suscipi
655 1860 757 1890 cogunt,
773 1863 848 1890 quant
867 1854 946 1882 Julia:
959 1856 1089 1882 matrimo-

289 1900 358 1926 nium
376 1901 503 1932 contra/ti,
524 1906 581 1935 post
599 1905 676 1927 tanta:
695 1901 853 1927 auctoritatis
872 1905 1020 1928 senectutem
1034 1901 1089 1928 lteri

292 1945 401 1972 Severus
413 1946 633 1973 constantissimus
643 1946 786 1980 principum
795 1946 900 1973 exclusit
914 1945 940 1982 (Ι
943 1946 1010 1979 dem,
1021 1947 1090 1979 Apo-

290 1991 379 2026 loget.,
401 1999 458 2026 cap.
473 1991 500 2024 4,
516 2000 543 2026 ρ.
557 1991 611 2019 286
630 1997 652 2018 et
665 1991 748 2027 seq.)?
763 1992 862 2026 Aperte
878 1996 969 2022 autem
993 1992 1027 2019 ibi
1044 1992 1090 2020 ille

290 2037 370 2065 docet
385 2037 432 2064 has
443 2037 528 2065 Julias
542 2037 615 2073 leges
631 2037 720 2072 Papiis
731 2037 895 2070 emendatas,
905 2037 952 2065 sed
965 2043 1090 2073 utrasque

290 2082 433 2118 abrogatas
448 2084 483 2111 ab
498 2084 663 2119 imperatore
678 2083 790 2111 Severo.
809 2084 896 2111 Varia:
913 2089 1001 2111 autem
1015 2088 1091 2111 erant

291 2127 370 2156 Julia;
390 2129 472 2164 leges,
494 2137 555 2164 qua:
578 2137 593 2156 a
614 2129 684 2157 Julio
706 2129 812 2157 Ca‘sarc
838 2129 873 2157 ita
896 2130 1091 2164 Cognominatze

292 2179 364 2202 sunt.
387 2174 475 2209 Papiis
499 2183 561 2202 vero
586 2183 633 2203 seu
650 2176 736 2210 potius
758 2176 879 2210 l'ttpptllls
900 2183 996 2202 uotncn
1011 2174 1091 2202 dede—

292 2225 356 2248 runt
369 2220 466 2256 Papius
490 2226 517 2248 ct
539 2221 669 2256 Poppaeus
693 2221 817 2248 Consules
843 2221 953 2255 Augusti
978 2221 1092 2249 Caesaris

293 2271 413 2301 tempore
434 2267 546 2294 sull'ecti.
575 2267 672 2294 .luliam
695 2275 759 2295 vero
781 2268 867 2302 legem
890 2268 921 2294 de
941 2267 1091 2294 maritandis

1138 1672 1241 1694 matura
1258 1672 1337 1693 relate
1358 1666 1498 1693 uuherent.
1512 1665 1579 1692 Nam
1593 1665 1618 1692 id
1632 1664 1813 1692 Tertullianus
1828 1664 1893 1697 lteri,
1910 1663 1938 1691 id

1138 1718 1190 1745 est,
1205 1721 1253 1740 stto
1269 1717 1389 1747 tempore
1410 1712 1506 1738 factum
1524 1718 1583 1738 esse
1595 1714 1743 1738 asseverat.
1756 1710 1890 1738 Prxterca
1904 1717 1939 1738 ex

1139 1758 1270 1786 Martiano
1291 1758 1419 1785 diseimus
1439 1757 1539 1792 aliquid
1550 1757 1576 1784 iu
1594 1757 1696 1792 legibus
1706 1756 1783 1784 Iuliis
1796 1756 1831 1783 ab
1840 1756 1940 1785 eodem

1140 1804 1243 1832 Severo
1264 1804 1435 1832 ctnettdatum
1457 1801 1533 1839 (Lib.
1549 1802 1634 1831 XXIII
1660 1802 1760 1838 Digest.
1780 1803 1820 1830 tit.
1834 1803 1853 1830 2
1864 1824 1872 1834 ,
1887 1803 1940 1838 leg.

1141 1851 1206 1885 l9).
1223 1850 1291 1877 Alibi
1314 1857 1376 1877 vero
1392 1849 1557 1876 ostendimus
1576 1848 1662 1884 (Tom.
1674 1848 1685 1876 l
1698 1849 1824 1884 Apparat.
1836 1847 1937 1882 lib.III,

1141 1897 1240 1923 dissert.
1262 1896 1289 1928 εὶ,
1309 1895 1427 1930 cap.18,
1444 1900 1492 1922 art.
1509 1896 1535 1927 3,
1561 1904 1586 1930 p.
1608 1895 1689 1930 “53)
1712 1894 1815 1922 ablatas
1828 1894 1910 1922 fuisse
1923 1902 1941 1922 a

1141 1943 1317 1970 Constantino
1328 1941 1421 1976 Magno
1432 1948 1534 1976 poenas,
1549 1948 1608 1976 qua:
1618 1940 1659 1968 bis
1673 1940 1750 1968 Juliis
1764 1940 1942 1975 Poppzeisque

1142 1989 1244 2024 legibus
1253 1993 1346 2015 contra
1361 1988 1468 2015 ca:libes
1491 1991 1518 2014 et
1534 1987 1614 2014 orbos
1627 1986 1743 2014 decreta:
1757 1986 1871 2014 I'uerant.
1883 1985 1941 2014 Sed

1143 2034 1185 2061 ha:
1198 2033 1354 2060 Tertulliani
1369 2035 1452 2060 nostri
1466 2037 1586 2067 tempore
1599 2032 1761 2067 posteriores
1774 2037 1845 2059 sunt.

1180 2081 1298 2113 Denique
1310 2079 1439 2114 Rigaltius
1452 2079 1577 2113 opinatur
1595 2078 1675 2105 hascc
1687 2078 1760 2113 leges
1774 2077 1835 2105 ideo
1847 2077 1943 2104 vanis-

1143 2127 1225 2154 simas
1236 2134 1249 2152 a
1259 2125 1424 2153 Tertulli-ano
1435 2125 1580 2160 appellari,
1595 2124 1655 2160 quia
1668 2124 1699 2151 de
1705 2124 1766 2158 ﬁliis
1774 2124 1946 2158 suscipiendis

1143 2172 1255 2208 cogitare
1281 2180 1332 2198 non
1360 2171 1484 2198 immerito
1510 2178 1602 2197 vanum
1628 2170 1782 2204 stultamque
1812 2170 1946 2196 videbatur

1145 2218 1305 2250 Christianis,
1313 2217 1389 2252 ﬁnem
1402 2216 1552 2244 sucularum
1566 2218 1660 2243 instare
1668 2214 1840 2247 credentibus,
1851 2220 1874 2241 et
1884 2216 1945 2241 vita

1145 2265 1260 2292 mortalis
1277 2265 1303 2291 in
1321 2269 1443 2291 retentam
1455 2263 1642 2289 commutanda:
1663 2261 1789 2288 desiderio
1812 2261 1948 2295 suspiran-

294 2312 424 2340 ortlmibus
438 2322 453 2340 a
469 2313 635 2341 Tcrtulliauo
648 2313 780 2348 designari
795 2321 889 2341 omnes
904 2313 982 2341 facile
993 2321 1091 2341 conce-
1105 2317 1132 2349 Ι)
1146 2313 1220 2340 tibus.
1238 2311 1291 2338 Sed
1308 2310 1421 2337 vidimus
1434 2309 1543 2335 eosdem
1557 2307 1723 2335 Christianos
1742 2307 1836 2334 solitos
1860 2306 1949 2335 fuisse

296 2358 371 2385 dunt.
386 2358 485 2386 Ve'rum
497 2359 632 2394 quomodo
648 2359 728 2394 Papia
742 2359 784 2386 lex
792 2359 909 2393 ccegerit
920 2359 1018 2387 liberos
1031 2364 1093 2386 ante

295 2404 404 2438 suscipi,
428 2412 507 2438 quam
533 2405 573 2431 lex
589 2404 657 2431 Julia
675 2404 786 2439 jusserit
807 2405 1005 2441 matrimonium
1029 2413 1093 2432 cott-

296 2450 377 2484 lt‘alli,
393 2450 524 2478 lleraldus
538 2459 568 2478 se
583 2459 637 2478 non
653 2452 718 2479 satis
734 2452 881 2486 intelligere
897 2450 1018 2487 (llerald.
1038 2456 1091 2479 not.

296 2497 321 2524 in
337 2496 468 2532 Tertull)
484 2503 510 2525 et
520 2498 651 2524 Antonius
661 2490 823 2533 Augustinus
838 2498 887 2525 sibi
900 2505 960 2524 esse
971 2497 1092 2532 incogni-

297 2549 352 2572 tutn
378 2545 449 2572 ultro
464 2544 580 2572 fatentur
594 2545 714 2580 (August.
740 2544 784 2572 tib.
801 2544 833 2571 de
854 2543 941 2579 legib.,
964 2552 1023 2579 cap.
1037 2543 1093 2579 18).

295 2591 330 2618 Αι
344 2599 408 2629 sane
422 2596 526 2619 constat
540 2599 598 2619 earn
614 2591 710 2618 Iuliam
731 2591 828 2626 legem,
852 2591 887 2617 uti
907 2590 972 2617 Dion
989 2589 1094 2625 (Diom,

297 2637 342 2664 lib.
356 2637 389 2664 IV
402 2637 477 2665 Rom.
490 2637 600 2670 Histor.,
611 2646 638 2673 p.
647 2637 725 2671 256),
735 2631 875 2664 Cornelius
883 2637 904 2664 Τ
906 2635 1096 2670 acitus(Tacit.

299 2682 342 2709 lib.
371 2682 402 2710 Ill
427 2683 521 2710 Annal.
543 2688 601 2710 ante
620 2683 712 2719 nted.).
738 2687 765 2710 et
788 2683 932 2710 Suetonius
958 2683 1098 2717 perhibent

301 2729 420 2764 (Suetou.
437 2730 463 2756 iu
484 2729 541 2756 Vita
558 2730 679 2765 Angust.,
693 2729 707 2765 §
722 2728 779 2765 54).
800 2729 833 2757 ab
855 2730 973 2765 Augusto
991 2729 1097 2757 Ca-sarc

298 2776 432 2810 severius,
445 2784 524 2811 quain
540 2777 615 2810 alias,
631 2776 712 2804 luisse
724 2781 904 2803 rctraetatam.
920 2776 985 2803 Nam
1001 2782 1098 2811 prtcter

300 2822 408 2856 prannia
434 2822 466 2849 iis
492 2823 536 2857 qui
558 2823 657 2850 liberos
679 2828 853 2858 susceperant
877 2823 1012 2857 proposita
1026 2844 1032 2854 ,
1054 2823 1097 2850 ille

300 2869 438 2902 graviores
468 2869 586 2902 innuptis
613 2874 640 2897 et
663 2870 801 2897 cmlibibus
829 2877 922 2904 poenas
949 2869 1098 2902 indixerat,

301 2920 367 2947 quas
380 2913 486 2948 deinde,
497 2920 606 2950 propter
619 2917 800 2946 recusantium
811 2916 963 2951 tumultum,
976 2916 1099 2951 mitigare

1147 2365 1195 2393 pro
1211 2357 1289 2391 hujus
1304 2355 1363 2382 linis
1379 2362 1453 2382 mora
1471 2353 1619 2389 deprecari.
1639 2352 1722 2380 Nobis
1744 2353 1825 2388 igitur
1840 2353 1947 2381 facilius

1147 2404 1300 2439 probabitur
1309 2402 1371 2430 illud
1382 2402 1416 2429 ab
1423 2403 1541 2428 Auctore
1555 2405 1648 2427 nostro
1659 2400 1760 2427 dictum
1773 2399 1856 2427 fuisse
1865 2399 1952 2427 casti-

1147 2451 1207 2477 tatis
1217 2457 1248 2476 ac
1260 2448 1417 2484 virginitatis
1428 2448 1532 2480 studio;
1541 2454 1607 2482 quas
1620 2446 1726 2482 quidem
1739 2446 1851 2473 virtutes
1864 2445 1949 2473 Citri-

1147 2496 1225 2523 stiani
1241 2500 1314 2522 tanto
1327 2494 1424 2521 ardore
1439 2494 1573 2523 eolebant.
1589 2498 1688 2527 quanto
1700 2500 1746 2520 eas
1764 2492 1879 2527 gentiles
1901 2491 1951 2520 dc-

1148 2543 1248 2577 spectui
1268 2542 1351 2567 ludtelt
1363 2546 1396 2566 ιιιι
1413 2545 1440 2567 ct
1452 2540 1690 2574 adsperuabautur.
1940 2534 1944 2537 ’

1184 2590 1250 2616 Τιιιιι
1267 2589 1365 2615 dehinc
1379 2587 1559 2614 Tertulliantts
1571 2586 1739 2613 continenter
1750 2585 1922 2620 prosequitur
1939 2594 1949 2612 :

1148 2635 1281 2662 Jtttlicatos
1307 2640 1372 2660 retro
1397 2635 1421 2659 in
1447 2638 1529 2666 partes
1550 2633 1629 2658 securi
1652 2641 1667 2657 a
1692 2631 1857 2657 creditoribus
1880 2630 1951 2667 (ego:

1150 2686 1231 2708 erant.
1249 2680 1376 2706 Conscusu
1398 2685 1480 2705 tamen
1496 2678 1597 2712 publica
1612 2678 1750 2703 crudelitas
1773 2681 1858 2711 postea
1872 2684 1951 2703 cram

1150 2733 1185 2754 est
1203 2726 1365 2761 (Tt't‘tullimt.
1382 2725 1513 2759 Apologet.
1530 2733 1586 2757 cap.
1602 2724 1629 2755 Δ,
1648 2732 1673 2757 p.
1689 2723 1766 2756 287).
1779 2722 1834 2750 Una
1856 2726 1952 2752 autem

1151 2774 1208 2800 Inrc
1223 2778 1279 2799 erat
1292 2780 1322 2799 ex
1340 2771 1525 2798 \ctustisximis
1541 2770 1651 2804 legibus,
1667 2770 1782 2804 primum
1799 2769 1824 2796 in
1838 2768 1952 2804 decem,

1151 2825 1174 2847 ct
1191 2824 1280 2854 postea
1302 2819 1327 2844 in
1343 2817 1482 2844 duodecim
1499 2816 1599 2843 tabulas
1614 2816 1716 2847 relatis,
1735 2823 1805 2850 quat,
1823 2819 1891 2842 tcstc
1902 2814 1954 2842 Li-

1150 2867 1204 2900 vio,
1224 2867 1251 2893 in
1270 2867 1392 2892 immenso
1406 2864 1516 2891 aliarum
1538 2871 1614 2898 super
1634 2863 1700 2889 alias
1714 2866 1891 2889 acervatarum
1915 2862 1954 2889 lc-

1150 2921 1209 2948 gum
1231 2912 1332 2942 cumulo
1354 2915 1413 2940 sunt
1438 2910 1519 2939 omnis
1538 2911 1595 2945 [ous
1613 2909 1707 2945 publici
1725 2908 1866 2944 privatique
1878 2908 1954 2946 juris
