4170 6264
224 276 334 336 993

1372 260 1828 323 DlSSERTATlO
1859 261 1920 320 D.
1963 258 2050 316 LE
2087 259 2388 321 NOURRY.

3426 257 3534 324 991

228 394 391 467 (Liv.,
436 392 526 448 lib.
575 387 664 454 lll,
695 387 724 460 §
751 385 823 442 54
872 385 919 441 'et
963 383 1078 455 55).
1121 383 1256 454 Qua:
1307 393 1508 448 autem,
1546 397 1608 437 ac
1641 381 1834 452 quibus
1860 381 1914 443 Α
2011 379 2394 446 Argumentum
2441 394 2594 434 suum
2647 379 2990 450 prosequitur
3039 376 3442 440 Tertullianus,
3483 389 3540 436 et

224 488 406 544 verbis
435 496 693 555 concepta
725 482 883 537 fuerit
913 482 995 535 lex
1026 480 1139 543 illa,
1184 488 1235 534 te
1260 478 1475 533 docebit
1505 479 1568 531 A.
1599 475 1825 542 Gellius,

227 580 320 652 qui
362 579 508 634 illius
549 577 755 631 initium
797 571 992 627 alicubi
1023 569 1180 643 (Gell.
1214 571 1302 624 lib.
1349 568 1443 624 XV
1491 566 1644 622 Noct.
1677 567 1826 632 Atti.,

226 689 345 743 cap.
377 673 464 737 15,
488 688 541 740 p.
582 666 734 737 82l),
763 664 1020 735 illamque
1068 665 1327 733 integram
1358 661 1483 715 alibi
1524 660 1664 714 hunc
1702 659 1828 714 des-

231 765 419 834 cripsit
444 765 493 817 in
523 760 740 816 modum
775 775 788 812 :
818 757 976 814 JEnts
1005 771 1252 812 δοκι-εδει
1275 770 1450 810 unum
1483 754 1548 822 ρ.
1579 769 1712 808 suae
1738 768 1828 807 w-

232 870 454 915 DICATIS.
501 868 771 907 TRIGINTA.
820 866 958 905 DIES.
995 863 1163 904 JUSTI.
1193 862 1383 903 SUNTO.
1415 859 1568 901 POST.
1612 861 1826 899 DEINDE.

233 963 419 1004 κΑΝυε.
451 959 706 1000 INJECTIO.
741 957 896 997 Εςτο.
921 957 994 996 ιη.
1027 955 1136 996 JUS.
1159 933 1371 995 DUCTIO.
1398 955 1470 993 Nl.
1515 952 1828 993 JUDICATUM.

233 1054 412 1095 FACIT.
450 1052 574 1092 LUT.
603 1050 741 1100 QUIS.
773 1050 1000 1089 EDENDO.
1028 1049 1125 1087 EI.
1149 1047 1300 1087 JURE.
1329 1045 1600 1085 VINDICBT.
1635 1043 1834 1083 SECUK.‘

233 1146 446 1190 DUCITO.
465 1143 700 1185 VINCITO.
723 1143 849 1182 AU'I‘.
877 1140 1072 1181 NERVO.
1095 1141 1220 1181 Αυτ.
1242 1138 1590 1179 εοὶιιδεωιιυε.
1612 1137 1833 1185 ουικυε-

235 1238 346 1279 CII.
388 1237 575 1278 PONDO.
607 1236 696 1275 ΝΕ.
727 1233 948 1274 IIINORE.
981 1233 1104 1272 AUT.
1134 1232 1201 1270 SI.
1234 1231 1426 1271 VOLET.
1474 1228 1698 1269 HAJORE.
1729 1229 1834 1266 VIN‘

236 1323 378 1364 ClTO.
407 1323 475 1362 Si.
506 1321 702 1363 VOLET.
727 1319 843 1360 SUO.
865 1317 1060 1358 \‘lVlTO.
1087 1317 1160 1357 Nl.
1189 1315 1308 1356 SUO.
1351 1315 1516 1354 VlVl'l‘.
1539 1315 1646 1362 QUI.
1681 1314 1829 1354 ειη.

237 1415 489 1456 VINCTUII.
523 1412 772 1454 ΒΑΒΕΒΙΤ.
807 1409 1009 1450 LIBRAS.
1052 1409 1260 1448 FABIUS.
1292 1409 1349 1447 Ι.
1393 1407 1530 1454 DIES.
1570 1405 1730 1446 DATO.
1764 1405 1831 1445 SI.

235 1507 430 1548 νοιετ.
477 1506 625 1546 ιιιυε.
682 1503 842 1544 DATO.
889 1502 1118 1542 TERTIIS.
1168 1500 1432 1540 NUNDINIS.
1482 1497 1692 1539 PARTIS.
1742 1498 1834 1536 εε-

236 1597 432 1640 εΑκτο.
479 1598 547 1637 SI.
601 1595 749 1635 PLUS.
795 1593 1041 1633 IINUSVE.
1096 1591 1423 1632 SECUEBUNT.
1467 1591 1548 1630 SE.
1601 1589 1829 1628 FRAUDE.

239 1692 375 1754 Esto
411 1675 571 1747 (lbid.
611 1676 698 1729 lib.
731 1669 852 1737 XX,
880 1672 1070 1742 cap.i,
1104 1688 1157 1740 ρ.
1201 1670 1326 1725 1101
1372 1679 1418 1724 et
1455 1669 1639 1740 seqq.).
1674 1669 1834 1723 Eam-

1931 470 2162 525 etltnicis
2204 473 2254 526 in
2299 471 2637 528 Christianos
2689 472 3040 543 quarumdam
3095 474 3270 545 legum
3321 476 3541 531 simula-

1934 564 2079 618 tione
2118 566 2502 632 saevientibus,
2535 566 2718 634 objicit
2767 565 2849 619 his
2898 581 3004 619 non
3055 567 3236 636 magis.
3270 568 3534 638 obligatos

1931 654 2120 722 fuisse,
2155 671 2316 725 quam
2355 657 2613 726 ipsosmct
2640 656 2888 713 ethnicos
2918 657 3266 726 sumptuariis
3305 656 3535 729 legibus,

1933 761 2052 817 qum
2081 763 2269 817 magna
2301 749 2554 819 aequitate
2594 763 2657 802 ac
2687 747 2962 817 prudentia
2995 760 3239 818 sumptus
3267 749 3317 803 in
3345 752 3537 819 cmnis,

1934 841 2233 896 domestica
2273 843 2607 913 supellectile
2651 857 2715 897 ac
2754 842 2992 898 vestibus
3027 845 3341 899 coercebant
3374 844 3537 915 (Tert.

1934 933 2071 1004 Ap.,.
2087 951 2204 1004 cap.
2223 935 2277 999 4,
2299 952 2351 1004 p.
2377 934 2529 1004 9.88),
2552 944 2712 988 autut
2729 935 2841 1005 ipse
2865 935 3004 1006 loqui
3023 945 3188 998 amat,
3209 947 3468 1007 sumptum
3494 947 3543 993 et

1933 1025 2256 1086 ambitionem
2283 1025 2901 1097 comprirnenles(ldent.,
2927 1043 3044 1097 cap.
3063 1031 3116 1107 6,
3151 1047 3271 1100 pag.
3288 1029 3438 1100 205).
3472 1032 3542 1085 At

1935 1122 2079 1168 tanta
2127 1116 2346 1171 audacia
2403 1132 2494 1171 eas
2553 1117 2709 1187 plane
2764 1117 3281 1188 pessutndederant,
3329 1131 3386 1174 ut
3437 1121 3541 1191 ipsi

1936 1205 2269 1262 Tertulliano
2310 1208 2642 1280 respondere
2697 1225 2802 1264 non
2849 1212 3159 1280 potuerint,
3209 1211 3277 1266 ab
3319 1213 3399 1269 eis
3441 1228 3540 1284 pe-

1936 1301 2106 1356 tenti:
2145 1301 2398 1368 Quoniam
2442 1304 2547 1358 illa:
2584 1305 2719 1376 leges
2763 1305 3012 1373 abierunt,
3055 1324 3168 1377 qua'
3201 1321 3400 1363 centum
3435 1326 3541 1364 tera

1939 1411 2040 1448 non
2069 1396 2291 1465 amplius
2318 1397 2370 1450 in
2397 1399 2592 1451 comam
2630 1397 2875 1452 subscribi
2895 1399 3171 1470 jubebant,
3207 1417 3296 1454 nec
3320 1403 3540 1475 amplius

1935 1505 2090 1560 quam
2128 1505 2283 1542 unam
2322 1490 2505 1560 inferri
2535 1491 2815 1562 gallinam,
2854 1501 2900 1545 et
2939 1509 3050 1546 eam
3093 1509 3193 1548 non
3230 1495 3536 1565 saginatam.

1937 1581 2130 1636 Narrat
2155 1597 2284 1636 vero
2331 1581 2397 1636 A.
2431 1583 2634 1638 Gellius
2661 1597 2720 1638 se
2743 1587 2801 1649 in
2847 1582 3122 1649 Capitonis
3165 1587 3282 1640 Atei
3318 1587 3539 1657 conjec-

1937 1675 2112 1729 taneis
2141 1674 2337 1745 legisse
2383 1666 2612 1730 Senatus
2639 1676 2937 1742 decretum,
2979 1695 3084 1749 quo
3113 1679 3346 1736 civitatis
3386 1682 3534 1752 prin-

239 1767 363 1822 dent
395 1768 530 1821 hanc
560 1766 731 1835 legem
762 1779 867 1817 non
905 1763 1023 1818 sine
1055 1763 1216 1816 variis
1255 1760 1576 1816 lectionibus
1616 1759 1834 1814 Fulvius
1865 1773 1912 1832 Β
1939 1765 2089 1835 cipes
2114 1765 2296 1835 jurare
2317 1766 2646 1837 jubebantur
2678 1782 2737 1822 se
2761 1769 2810 1821 in
2841 1768 2978 1823 Indis
3012 1768 3406 1840 Megalensibus
3433 1790 3539 1828 non

240 1857 466 1915 Ursinus
491 1857 672 1913 retulit
698 1855 877 1927 (Fulv.
914 1854 1090 1910 Ursin.
1117 1863 1221 1909 not.
1245 1854 1318 1907 in.
1343 1854 1428 1907 cit.
1453 1853 1672 1924 August.
1698 1850 1836 1923 lib.).

313 1949 440 2004 Aﬂre
468 1949 647 2018 itaque
671 1949 848 2002 alieno
884 1947 1154 2002 obstrictis
1182 1947 1409 2017 primum
1440 1945 1538 2000 hac
1570 1945 1683 2015 lege
1712 1959 1842 2000 con-

243 2042 532 2098 cedebatur
573 2040 787 2110 triginta
839 2038 1047 2093 dierum
1087 2039 1355 2108 spatium,
1402 2051 1510 2107 quo
1551 2037 1835 2106 pecmtiam

247 2141 568 2204 qurererent.
593 2131 729 2186 Tum
761 2129 956 2184 deinde
985 2130 1144 2183 vincti
1173 2130 1223 2183 in
1247 2143 1521 2184 carcerem
1552 2127 1840 2184 trudeban-

249 2236 354 2281 tur.
388 2224 584 2280 Tertiis
615 2233 794 2278 autem
823 2221 1096 2285 nundinis,
1117 2222 1230 2276 sive
1260 2229 1379 2290 post
1407 2222 1541 2276 alios
1570 2222 1842 2291 sexaginta

249 2318 365 2380 dies
391 2319 564 2388 capite
592 2331 779 2388 poenas
811 2314 1060 2380 luebant;
1090 2324 1142 2369 et
1169 2314 1212 2368 si
1257 2313 1437 2384 plures
1473 2321 1624 2368 erant
1668 2312 1845 2367 credi-

251 2421 418 2477 tores,
472 2412 750 2468 secnbatnr
789 2425 984 2480 corpus
1031 2408 1323 2475 debitoris,
1369 2416 1423 2462 et
1465 2407 1688 2478 singula:
1731 2406 1848 2477 ejus

250 2515 433 2577 partes
457 2503 675 2574 singulis
701 2502 1052 2558 creditoribus
1074 2501 1356 2556 dabantur.
1380 2500 1497 2568 Quo
1522 2511 1668 2556 certe
1696 2501 1841 2566 nihil,

250 2601 326 2654 ait
352 2598 574 2664 Gellius,
603 2598 860 2663 immitius,
890 2597 1007 2661 nisi,
1032 2605 1085 2649 ut
1113 2596 1280 2666 reipsa
1304 2605 1535 2666 apparet,
1561 2612 1617 2650 eo
1637 2596 1849 2649 consilio

255 2701 393 2745 tanta
422 2691 708 2746 immanitas
757 2705 916 2752 urente
953 2689 1251 2744 denuntiata
1279 2698 1383 2754 est,
1427 2706 1489 2743 ne
1517 2689 1584 2742 ad
1612 2706 1724 2743 eam
1754 2706 1851 2743 un—

254 2802 404 2859 quam
462 2785 822 2855 perveniretur.
865 2782 1048 2836 Addici
1099 2799 1314 2854 namque
1363 2799 1528 2847 nunc,
1577 2793 1622 2836 et
1673 2783 1852 2836 vinciri

256 2880 440 2934 multos
467 2877 692 2932 videmus
712 2918 727 2940 ,
758 2877 877 2944 quia
911 2875 1224 2928 vinculorum
1254 2890 1456 2944 poenam
1486 2873 1741 2928 deterrimi
1762 2875 1853 2927 ho-
1897 2890 1906 2898 κ

257 2975 415 3028 mines
443 2981 782 3027 contemnunt.
822 2970 1106 3025 Dissectum
1146 2987 1252 3024 esse
1284 2968 1562 3038 antiquitus
1605 2969 1851 3022 neminem

258 3083 416 3137 neque
455 3066 553 3134 legi
594 3081 752 3135 neque
794 3064 998 3128 audivi,
1038 3063 1279 3133 quoniam
1318 3061 1508 3116 sterilia
1551 3061 1646 3113 ista
1695 3075 1854 3130 paena:

1943 1856 2177 1927 majores
2222 1858 2274 1912 in
2323 1872 2506 1913 cmnas
2542 1859 2779 1929 singulas
2807 1869 3052 1930 sumptus
3081 1861 3334 1927 facturos,
3381 1879 3541 1934 quam

1942 1957 2200 2003 centenos
2222 1949 2438 2003 vicenos
2461 1950 2583 2003 reris
2614 1951 2726 2004 sive
2752 1964 2918 2016 asses,
2953 1962 3148 2021 praeter
3176 1955 3294 2008 olus
3317 1995 3331 2020 ,
3365 1955 3445 2009 lar
3489 1966 3544 2013 et

1944 2039 2126 2094 vinum
2159 2041 2430 2110 patrium:
2461 2056 2634 2111 neque
2662 2043 2866 2112 argenti
2895 2043 2946 2096 in
2981 2045 3227 2099 convivio
3259 2049 3378 2116 plus
3407 2063 3544 2117 pono

1946 2131 2114 2194 deris,
2145 2147 2302 2201 quam
2332 2133 2496 2186 libras
2520 2144 2733 2186 centum
2767 2132 2922 2204 (Gell.
2945 2178 2959 2197 ,
2996 2136 3084 2189 lib.
3115 2135 3157 2190 ll
3182 2136 3337 2192 t\'oct.
3373 2140 3498 2193 Atti.
3527 2183 3543 2208 ,

1947 2239 2064 2294 cap.
2093 2222 2208 2293 21).
2268 2224 2471 2280 Deinde
2505 2224 2620 2295 lege
2641 2209 2869 2279 ~Fannia
2920 2238 3155 2294 cautum,
3209 2246 3275 2285 ne
3326 2233 3376 2286 in
3409 2232 3546 2288 Indis

1947 2313 2228 2381 Romanis,
2259 2314 2507 2381 Plcbeiis,
2548 2315 2940 2384 Saturnalibus,
2973 2319 3198 2390 aliisque
3226 2322 3546 2392 quibusdam

1950 2406 2160 2469 diebus,
2187 2407 2369 2476 plures
2398 2421 2557 2476 quam
2585 2407 2820 2476 centeni,
2852 2408 3146 2480 decemque
3179 2412 3300 2466 aliis
3333 2414 3548 2483 diebus,

1950 2499 2004 2554 in
2044 2501 2272 2570 singulis
2303 2501 2580 2555 mensibus
2607 2503 2816 2568 triceni,
2850 2505 3060 2559 caeteris
3102 2507 3314 2562 tandem
3359 2508 3550 2565 diebus

1951 2593 2074 2648 deni
2098 2609 2246 2648 asses
2299 2594 2754 2664 impenderentur.
2790 2596 3139 2654 Postea’vero
3187 2602 3302 2672 lege
3343 2603 3548 2660 Licinia

1953 2687 2215 2742 indultum
2249 2689 2453 2758 nuptiis
2494 2689 2872 2756 ducentorum,
2920 2690 3037 2745 aliis
3081 2692 3270 2747 diebus
3313 2695 3550 2751 triceno-

1962 2794 2080 2833 rum
2109 2781 2307 2833 assium
2338 2791 2532 2849 pratter
2559 2796 2713 2849 poma
2744 2789 2798 2836 et
2824 2783 2971 2837 olera
2999 2783 3292 2854 impensam
3313 2787 3447 2842 lieri.
3483 2793 3554 2846 At

1954 2882 2074 2942 post
2102 2872 2218 2926 ha-c
2250 2871 2459 2942 legibus
2507 2872 2590 2926 his
2619 2875 2723 2928 situ
2773 2884 2830 2930 et
2875 2877 3028 2931 senio
3054 2879 3394 2947 oblitteratis,
3427 2898 3548 2940 cum

1954 2963 2139 3033 plures
2161 2963 2214 3017 in
2250 2965 2441 3032 amplis
2466 2965 2803 3034 patrimoniis
2849 2967 3232 3038 helluarentur,
3264 2973 3385 3057 days
3411 2987 3496 3031 est
3521 2993 3553 3033 a

1957 3057 2104 3128 Sylla
2147 3056 2409 3113 dictatore
2454 3058 2539 3112 lex
2588 3060 2851 3126 Cornelia,
2891 3078 2995 3133 qua
3035 3063 3259 3122 facultas
3295 3056 3552 3127 coitcessa

258 3161 506 3213 contemni
533 3176 632 3212 non
661 3159 801 3228 quita
827 3166 898 3210 est
933 3153 1090 3226 (Gell.
1127 3155 1302 3224 ibid.).
1339 3154 1524 3208 Cernis
1552 3169 1680 3208 sane
1716 3153 1854 3208 hanc
1879 3158 1924 3222 ρ
1957 3159 2039 3203 cst
2069 3147 2382 3217 quibusdam
2429 3148 2577 3204 feriis
2608 3151 2936 3208 solemnibus
2977 3160 3254 3213 sestertios
3297 3163 3551 3232 tricenos,

259 3250 426 3320 ipsam
456 3266 576 3306 esse
608 3249 819 3325 legent),
852 3264 1013 3319 quam
1057 3246 1419 3302 'l‘ertullianns
1456 3261 1720 3301 consensu
1749 3261 1849 3316 pu-

258 3341 750 3412 blicoantiqnatam
789 3358 852 3396 ae
890 3340 1220 3410 repudiatam
1257 3340 1470 3394 asserit.
1495 3339 1853 3407 Quintilianus

259 3451 474 3508 quoque
527 3435 654 3490 illud
697 3435 841 3490 hisce
904 3434 1080 3489 verbis
1149 3434 1459 3503 planissime
1511 3435 1788 3488 conlirmat
1837 3451 1850 3487 :

260 3526 396 3582 Sunt
425 3528 660 3597 quautam
681 3543 781 3580 non
812 3523 1092 3579 laudabilia
1120 3535 1325 3588 natura,
1349 3524 1435 3577 sed
1448 3524 1569 3593 jure
1596 3540 1854 3590 concessa;

261 3629 316 3674 ut
345 3619 610 3673 duodecim
638 3617 822 3672 tabulis
852 3617 1090 3672 debitoris
1116 3633 1300 3687 corpus
1325 3618 1456 3671 inter
1478 3618 1750 3671 creditores
1771 3616 1854 3670 di-

263 3713 366 3766 vidi
387 3713 550 3772 licuit.
575 3729 726 3782 quam
747 3713 904 3782 legem
928 3727 1035 3765 mos
1053 3709 1283 3780 publicus
1308 3711 1588 3782 repudiavit
1612 3709 1849 3780 (Quintil.

266 3803 353 3858 lib.
380 3803 438 3858 lll
471 3802 602 3858 Inst.
639 3804 845 3858 Orator.
871 3820 986 3874 cap.
1015 3802 1094 3871 6).

1955 3241 2074 3295 aliis
2105 3239 2294 3294 diebus
2317 3257 2420 3294 non
2450 3242 2680 3312 amplius
2709 3259 2869 3314 quam
2899 3257 3102 3315 ternos,
3140 3252 3190 3304 in
3217 3267 3428 3308 emnam
3456 3256 3557 3311 im-

1956 3332 2243 3404 pendendi.
2275 3333 2537 3388 Praeterea
2568 3335 2648 3389 lex
2678 3334 2889 3391 ASmilia
2916 3349 2971 3394 et
3001 3341 3158 3395 Antia
3179 3355 3423 3413 sumptus
3439 3362 3553 3404 etn-

1959 3440 2168 3485 narum.
2191 3423 2542 3495 cibormnque
2563 3442 2732 3495 genus
2761 3439 2814 3484 et
2853 3431 3069 3487 modum
3092 3433 3267 3490 adhuc
3295 3441 3559 3507 praeﬁnie-

1959 3527 2102 3572 runt.
2137 3517 2276 3588 Lege
2317 3519 2530 3574 tandem
2571 3519 2730 3586 Julia,
2781 3538 2902 3592 qua:
2948 3526 3193 3596 Angusto
3239 3531 3556 3601 imperante,

1959 3623 2018 3665 ut
2039 3611 2294 3677 diximus,
2321 3621 2516 3667 statuta
2547 3624 2650 3682 est,
2680 3617 2963 3686 plurimum
2992 3607 3207 3690 quidem
3232 3623 3286 3678 lti
3315 3627 3560 3698 sumptus

1960 3705 2098 3758 aucti
2145 3715 2309 3770 sunt;
2357 3705 2450 3759 sed
2480 3706 2552 3761 ita
2583 3720 2782 3775 tamen,
2814 3721 2868 3764 ut
2897 3716 3059 3768 certis
3084 3717 3399 3786 quibusdam
3445 3723 3565 3778 lini-

1960 3795 2060 3850 btts
2086 3796 2303 3851 cﬂ‘zeuis
2339 3797 2563 3852 luxuriae
2600 3809 2763 3854 aestus
2806 3816 3138 3862 coercentur.
3172 3812 3304 3877 Qua:
3347 3814 3561 3882 quidem

338 3900 493 3970 Atqui
539 3899 583 3953 si
634 3898 687 3952 in
744 3897 1028 3952 duodecim
1083 3897 1383 3952 tabularum
1441 3895 1860 3967 legibtts,.quas
1945 3890 2140 3981 dilaniat
2169 3888 2490 3981 aMacrobio
2535 3889 2813 3962 (Macrob..
2848 3897 2937 3950 lib.
2986 3899 3052 3953 ΙΙΙ
3103 3900 3414 3971 Saturnal.,
3445 3924 3560 3981 cap,

267 3991 427 4045 etiam
461 3991 630 4060 pueri,
651 3999 903 4060 tanquam
932 3987 1169 4041 omnium
1192 3988 1444 4057 optimas,
1481 3989 1607 4040 olim
1626 3985 1858 4052 discere,

271 4084 344 4138 uti
371 4085 443 4138 ait
467 4085 655 4139 Cicero
683 4083 852 4154 (Cicer
880 4122 895 4147 ,
930 4082 1019 4136 lib.
1065 4080 1107 4135 11
1151 4082 1214 4135 de
1253 4081 1403 4151 legib.
1432 4097 1550 4152 pag.
1591 4081 1716 4145 ⁸541,
1765 4081 1858 4134 lin.

269 4176 382 4249 27),
425 4177 764 4239 tenebantur,
801 4175 999 4243 aliquid
1045 4161 1204 4228 fuerit
1253 4191 1358 4228 non
1402 4173 1561 4227 modo
1604 4189 1709 4228 ttott
1746 4171 1863 4225 latt~

273 4269 527 4334 dandum,
576 4278 634 4324 ut
673 4269 796 4323 alibi
835 4267 1171 4323 ostendimus
1212 4265 1507 4338 (Dissertat.
1539 4267 1593 4319 in
1629 4264 1860 4318 Lactant.

270 4377 387 4432 cap.
432 4361 527 4426 26,
560 4371 660 4415 art.
714 4359 788 4432 1),
823 4360 916 4414 sed
947 4374 1166 4429 prorsus
1191 4359 1352 4412 etiam
1401 4359 1625 4423 immite,
1669 4365 1866 4425 quanto

274 4456 444 4526 magis
491 4457 543 4509 in
591 4454 732 4517 aliis,
785 4469 918 4524 quas
963 4453 1208 4507 homines
1258 4461 1478 4521 propter
1517 4465 1611 4504 sua
1663 4459 1865 4503 tantum

1967 3979 2069 4050 17)
2110 3990 2231 4050 post
2261 3980 2578 4036 A.Gelliunt
2625 3986 2886 4054 explicata
2935 3990 3076 4060 (Aul.
3125 3991 3258 4048 Gell.
3306 3979 3561 4069 loc.cit.),

1967 4071 2281 4127 Tertulliani
2313 4075 2483 4128 nostri
2512 4079 2832 4133 sententiam
2863 4081 3019 4149 plane
3045 4085 3322 4141 stabiliunt
3347 4103 3411 4144 ac
3437 4106 3568 4148 eon-

1969 4163 2208 4220 firmant.

2039 4257 2148 4313 Nec
2188 4261 2376 4331 majori
2405 4277 2547 4316 cura:
2587 4261 2690 4316 illis
2719 4261 2816 4316 fuit
2851 4263 2962 4332 jam
2988 4265 3198 4323 laudata
3238 4285 3267 4325 a
3301 4272 3454 4330 nobis
3481 4276 3566 4333 lex

1968 4347 2171 4404 Fannia
2205 4393 2220 4417 ,
2273 4367 2376 4421 qua
2429 4353 2810 4421 prohibebatur
2859 4370 2926 4410 nc
2978 4359 3207 4428 amplius
3253 4379 3410 4433 quam
3465 4383 3570 4422 una

1969 4443 2189 4514 gallina,
2219 4461 2390 4515 eaque
2419 4463 2522 4499 non
2549 4447 2810 4516 saginata,
2846 4449 2899 4503 in
2919 4464 3128 4507 coenam
3166 4454 3474 4512 inferretur.
3503 4464 3576 4516 At

275 4547 558 4603 Commoda
590 4547 866 4602 tulerunt!
901 4545 1050 4600 Nulla
1080 4544 1225 4599 enim
1267 4543 1577 4612 antiquitas,
1625 4556 1724 4595 nec
1765 4542 1869 4596 ulla
1896 4548 1950 4609 ι)
1978 4539 2182 4592 l’linius
2225 4538 2383 4608 hujus
2424 4538 2556 4609 legis
2607 4542 2936 4613 mentionem
2990 4546 3146 4614 facit,
3193 4563 3257 4603 ac
3297 4553 3571 4620 quomodo

279 4641 602 4712 legislatoris
622 4641 874 4714 dignitas,
896 4639 990 4694 sed
1013 4639 1125 4693 sola
1150 4638 1375 4708 aequitas
1397 4636 1566 4706 legem
1594 4650 1870 4689 commen-

277 4737 386 4792 dat.
417 4735 571 4791 Nulla
602 4735 762 4807 igitur
807 4734 1037 4805 iniquior
1074 4742 1160 4790 est
1202 4748 1287 4799 ea,
1319 4747 1421 4802 qua
1449 4719 1874 4785 chrisdanus'ob

279 4833 452 4886 Solum
479 4845 636 4885 suum
669 4845 889 4895 nomen,
923 4842 1024 4884 nec
1049 4827 1227 4883 audita
1257 4841 1493 4896 unquam
1521 4839 1709 4880 caussa
1743 4839 1875 4880 con-

281 4923 585 4980 demuntur.
1117 4981 1128 4988 λ

873 5028 1164 5070 Ακτιουιυε
1204 5027 1284 5068 111.

287 5106 629 5165 Examinatur
647 5125 799 5179 quam
825 5108 1034 5175 impune
1071 5105 1256 5160 ethnici
1277 5103 1574 5158 violaverim
1601 5103 1736 5173 leges
1779 5101 1879 5154 im-

360 5203 613 5256 modicum
637 5215 916 5263 cenarum,
947 5197 1276 5268 supellectilis
1318 5206 1364 5250 et
1391 5195 1597 5248 vestium
1623 5205 1881 5261 sumptum

358 5295 664 5361 cohibentes,
695 5303 739 5348 et
767 5309 882 5364 qua:
905 5293 1010 5348 illa:
1045 5291 1234 5361 fuerint
1259 5305 1320 5342 ac
1363 5286 1665 5342 centenario:
1706 5299 1881 5346 t'tBttaE,’

361 5404 511 5457 quam
538 5388 784 5442 audacter
807 5388 934 5440 alias
963 5382 1417 5456 pessumdederint,
1449 5397 1512 5433 ac
1537 5395 1646 5434 eam
1673 5377 1881 5449 potissi-

358 5497 519 5548 mum,
542 5497 642 5550 qua
668 5478 909 5550 patricius
934 5478 1102 5531 decem
1133 5473 1329 5545 argenti
1352 5471 1520 5540 pando
1550 5467 1736 5521 habens
1755 5509 1767 5528 .
1799 5483 1884 5520 se-

358 5586 480 5628 natu
506 5574 766 5629 submotus
791 5583 886 5637 est;
915 5573 1027 5643 quis
1053 5570 1158 5631 ille,
1181 5569 1326 5638 quive
1351 5564 1568 5620 libertini
1577 5564 1698 5634 ‘qui,
1717 5563 1884 5633 flagra

354 5667 523 5721 adhuc
540 5675 852 5737 rumpentes,
876 5663 1066 5719 similes
1077 5658 1432 5731 sumptuarias
1445 5655 1577 5730 leges
1591 5655 1888 5726 adspernati

281 5817 316 5838 η
355 5767 493 5813 sunt.

1976 4644 2095 4686 eam
2124 4631 2354 4700 gentiles
2398 4631 2723 4688 labefactare
2750 4648 3035 4704 emperint,
3082 4640 3163 4693 his
3193 4642 3423 4710 explicat
3449 4661 3573 4701 ver-

1977 4725 2060 4780 bis
2107 4725 2390 4780 :Galh‘nas
2438 4728 2675 4797 saginare
2728 4728 2926 4784 Deliaci
2976 4748 3186 4804 coepere.
3227 4735 3380 4792 Unde
3420 4743 3578 4809 pestis

1977 4827 2156 4872 exorta
2179 4819 2378 4888 opimas
2409 4834 2542 4883 aves,
2570 4829 2616 4872 et
2638 4831 2817 4890 suopte
2842 4837 3052 4892 corpore
3077 4836 3256 4881 unctas
3275 4829 3576 4887 dcvorandi.

1983 4909 2099 4966 [loc
2119 4913 2337 4982 primum
2365 4912 2586 4976 antiquis
2612 4929 2867 4968 recitarunt
2894 4916 3174 4973 interdictis
3201 4933 3464 4988 exceptum
3499 4926 3582 4980 in-

1981 5005 2126 5058 venio
2134 5005 2249 5074 jam
2273 5006 2381 5076 lege
2402 5002 2460 5058 C.
2493 5002 2680 5058 Fannii
2705 5022 2809 5060 cos.
2828 5010 2977 5062 annis
3002 5010 3238 5066 undecim
3265 5025 3382 5069 ante
3409 5013 3579 5070 Puni-

1980 5113 2096 5152 cum
2138 5097 2343 5164 bellum,
2375 5113 2436 5151 ne
2481 5098 2605 5167 quid
2653 5099 2853 5154 volucre
2891 5113 3160 5169 parceretur
3196 5116 3379 5176 prater
3423 5125 3581 5165 unam

1982 5191 2249 5262 gallinam,
2293 5205 2406 5261 qua:
2461 5207 2563 5244 non
2613 5202 2740 5246 esset
2789 5194 2947 5248 altilis
2980 5195 3171 5265 (Plin.,
3207 5199 3295 5253 lib.
3345 5200 3392 5256 Χ
3439 5201 3580 5260 Hist.

1985 5293 2181 5348 natur.,
2218 5298 2335 5352 cap.
2368 5281 2459 5348 50,
2503 5300 2556 5350 ρ.
2587 5282 2742 5355 442),
2769 5300 2865 5340 seu
2910 5287 3123 5357 pinguis
3155 5298 3210 5345 et
3238 5293 3498 5361 saginata,
3530 5306 3586 5351 et

1986 5387 2015 5426 a
2042 5372 2296 5429 iuvenale
2317 5374 2476 5428 altilis
2505 5375 2820 5444 simpliciter
2839 5379 3154 5448 appellatur.
3208 5383 3359 5451 Quod
3401 5389 3587 5444 deinde

1987 5478 2140 5538 caput
2168 5467 2471 5521 translatum
2497 5485 2586 5536 per
2615 5485 2786 5523 omnes
2811 5469 2944 5542 leges
2969 5473 3264 5538 ambulavit,
3303 5477 3589 5534 inventum-

1988 5576 2084 5630 que
2103 5559 2455 5614 diverticulum
2477 5572 2548 5614 est
2576 5561 2628 5614 in
2655 5562 2837 5632 fraude
2856 5580 3029 5619 earum
3062 5567 3370 5638 gallinaceos
3391 5588 3590 5644 quoque

1986 5653 2230 5724 pascendi
2274 5655 2402 5708 lacte
2430 5654 2650 5709 madidis
2690 5656 2855 5721 cibis;
2897 5659 3057 5715 multo
3091 5661 3165 5715 ita
3208 5665 3456 5734 gratiores
3487 5683 3584 5738 ap-

1987 5747 2268 5819 probantur
2311 5745 2572 5818 (luvenal.
2607 5749 2749 5805 satir.
2789 5750 2844 5818 5,
2895 5767 2946 5811 v.
2999 5753 3142 5827 117).
3173 5756 3250 5814 De
3294 5758 3378 5816 his
3405 5771 3587 5820 autem
