4212 6262
596 265 707 327 995
1679 257 1748 317 ΙΝ
1781 252 2257 317 TERTULLIANI
2290 249 2821 313 APOLOGETICUII
3020 292 3029 298 ς
3796 246 3911 308 998

601 381 948 455 sumptuariis
975 388 1029 438 et
1051 377 1268 451 cibariis
1290 375 1517 448 legibus.
1547 374 1697 445 plura
1721 375 1919 432 Paulus
1934 376 2200 432 Manutius
2226 376 2280 439 Α
2304 372 2441 428 malo
2465 370 2697 443 exemplo
2718 366 3040 425 luxuriosum
3067 367 3131 447 in
3146 366 3329 422 ordine
3353 365 3626 423 Senatorio
3656 373 3911 421 retentum

603 477 783 550 (Paul.
817 474 1149 541 Manut.,lib.
1177 472 1241 526 de
1261 470 1437 543 Legib.
1467 468 1719 536 Romam,
1750 486 1866 542 cap.
1895 470 1986 543 18)
2016 479 2072 526 et
2097 472 2199 526 An.
2302 483 2402 522 non
2443 481 2571 520 esse.
2605 462 2740 519 Tum
2771 462 2888 525 haec
2913 461 3255 517 continenter
3279 459 3557 529 subiunxit
3589 476 3601 513 :
3638 457 3777 529 Ipsae
3806 474 3913 513 me-

606 549 783 628 tonius
828 567 1157 639 Augustinus
1200 565 1344 637 (Ant.
1393 563 1633 635 August,
1685 563 1775 620 lib.
1832 563 1855 617 I
1906 563 1971 617 de
2023 562 2196 634 legib.,
2302 561 2419 615 dius
2461 558 2620 628 fidius
2663 555 2791 610 mihi
2833 555 3012 610 litteris
3036 552 3212 608 saeculi
3249 552 3409 607 nostri
3450 551 3801 622 obstupescere
3838 549 3915 604 oi-

605 680 721 734 cap.
756 662 866 732 i8),
917 674 946 715 a
979 658 1133 715 nobis
1163 657 1305 714 citati
1345 657 1446 712 alia
1477 657 1530 711 in
1561 653 1941 711 dissertatione
1960 696 1974 720 ,
2008 654 2100 709 ubi
2127 669 2199 709 ex
2302 654 2502 718 dentur,
2528 667 2644 706 cum
2679 649 2747 703 ad
2772 656 2968 703 tantam
2993 646 3306 702 severitatem
3331 644 3652 714 referendam
3677 642 3913 697 mittiue-

605 755 755 819 ltisec
803 752 1010 823 legibus
1040 751 1337 808 Arnobium
1384 760 1506 821 post
1536 750 1923 806 'l‘ertullianum
1954 749 2205 804 similiter
2304 748 2440 801 rium
2476 743 2863 800 accommodare
2902 738 3185 813 coguntur,
3218 749 3279 793 ue
3316 738 3477 793 vereri
3510 752 3575 791 ne
3600 753 3705 791 non
3727 744 3919 790 nostra

605 849 964 919 disputantem
992 846 1291 903 audivimus
1319 842 1613 917 (Dissertat.
1642 843 1695 897 in
1714 841 1976 908 Lactant.,
2005 858 2122 913 cap.
2145 840 2201 909 9,
2306 842 2446 897 urbis
2470 849 2585 895 acta
2612 851 3005 893 commemorare
3032 834 3398 889 existimatur.
3447 829 3549 885 γεω
3575 831 3710 885 enim
3747 829 3919 885 credi-

607 950 705 1001 ot't.
734 938 811 1012 1).
2308 935 2406 990 bile
2429 942 2501 990 est
2536 933 2670 987 idem
2699 931 2977 1002 pomerium
3010 928 3183 983 decem
3211 926 3382 998 pondo
3404 924 3601 997 argenti
3623 934 3671 979 et
3690 923 3919 979 invidie.-

678 1030 948 1099 Quaatum
1004 1038 1183 1089 autem
1237 1028 1439 1087 ethnici
1499 1030 1788 1097 praeclaras
1836 1025 2001 1081 hasce
2053 1024 2203 1095 leges

609 1124 928 1195 Spreverint,
961 1138 1025 1178 ac
1049 1138 1149 1193 pro
1188 1120 1357 1176 nihilo
1396 1120 1717 1184 habuerint,
1764 1117 1941 1173 discos
1978 1131 2046 1171 ex
2081 1117 2207 1170 toti-

610 1216 733 1272 dem
777 1217 1025 1274 Auctoris
1066 1214 1236 1270 nostri
1279 1213 1428 1271 hisce
1459 1211 1639 1266 verbis
1673 1230 1686 1266 :
1720 1209 1877 1265 Video
1907 1218 1954 1264 et
1975 1218 2213 1264 centena-

610 1311 719 1367 rias
737 1326 924 1376 coenas,
947 1325 978 1363 a
1002 1308 1222 1365 centenis
1234 1308 1341 1375 iam
1365 1306 1600 1360 sestertiis
1623 1303 1865 1358 dicendus
1881 1300 2206 1375 (Tertullian.

614 1404 908 1475 Apologet.,
959 1419 1075 1472 cap.
1105 1402 1160 1467 6,
1189 1419 1240 1472 p.
1270 1400 1418 1470 300).
1438 1398 1769 1455 Cetitonarize
1796 1405 1975 1451 autem
2018 1408 2210 1460 οωιιιιξ,

2309 1044 2422 1084 sum
2442 1028 2596 1097 fuisse
2609 1040 2832 1090 censum,
2858 1031 2903 1078 et
2920 1023 3148 1092 inopiam
3171 1020 3348 1075 haberi
3366 1017 3877 1089 contemptissimus.

2382 1119 2574 1175 Nonne
2616 1125 2798 1172 autem
2843 1114 3205 1171 Tertullianus
3262 1111 3510 1168 similiter
3558 1109 3756 1166 indicat
3796 1122 3923 1165 eam

2313 1211 2517 1284 argenti
2544 1224 2809 1265 summam
2836 1222 2866 1263 ιι
2901 1205 3152 1262 Cornelio
3188 1202 3329 1259 Rufo
3374 1202 3443 1257 ad
3482 1199 3796 1257 fabricanda
3826 1206 3926 1254 aut

2315 1306 2541 1363 emenda
2567 1310 2821 1375 argentea
2845 1314 2975 1356 vasa
2997 1301 3293 1370 impensam
3321 1294 3505 1359 fuisse,
3538 1294 3629 1366 qui
3653 1294 3928 1364 majorem

2314 1398 2681 1453 Romanorum
2717 1393 2901 1448 luxum
2927 1392 3050 1463 jure
3078 1391 3271 1445 merito
3300 1386 3449 1443 hisce
3492 1384 3762 1456 redarguit
3790 1383 3934 1438 sub-

615 1468 690 1565 ιιίί
720 1468 971 1550 observat
994 1468 1212 1558 estus,
1257 1468 1575 1556 dicebautur,
1612 1491 1664 1543 in
1693 1505 1820 1559 quas
1861 1487 1972 1559 lege
2014 1486 2220 1541 Licinia

2330 1480 2665 1562 sequentibus
2694 1486 2873 1543 verbis
2900 1502 2915 1540 :
2956 1480 3112 1540 Video
3146 1483 3199 1537 in
3228 1481 3396 1536 lances
3415 1522 3431 1548 ,
3456 1468 3525 1534 ad
3550 1478 3699 1541 cibos
3732 1476 3935 1532 videli-

616 1603 718 1643 non
746 1586 861 1657 plus
877 1584 1219 1650 .ceittussibus,
1254 1592 1439 1656 prwter
1463 1593 1612 1637 terra:
1647 1591 1773 1636 nata
1798 1579 2213 1653 impendebatur,
2319 1594 2406 1642 cei
2432 1580 2771 1640 manantibus
2799 1577 3070 1642 ferendos,
3102 1590 3285 1647 parum
3330 1583 3402 1629 est
3437 1572 3485 1626 si
3509 1580 3804 1628 senatorum
3830 1612 3848 1637 ,
3884 1578 3939 1624 et

615 1681 675 1764 id
708 1690 801 1745 est,
826 1690 1027 1736 centum
1070 1678 1269 1735 assibus
1310 1679 1396 1746 qui
1423 1687 1565 1732 erant
1595 1676 1766 1730 breves
1791 1675 1984 1729 nummi
2024 1690 2087 1728 ex
2115 1688 2221 1729 rere
2322 1695 2420 1733 non
2467 1676 2834 1737 libertinorum,
2866 1669 2947 1725 vel
2973 1669 3144 1723 adhuc
3171 1668 3339 1739 ﬂagra
3374 1664 3717 1735 rumpentium
3738 1677 3934 1734 argen—

619 1755 788 1846 .(Fest.
819 1766 955 1831 adv.
986 1772 1366 1843 Centeuariai),
1388 1772 1460 1826 uti
1482 1786 1641 1841 supra
1672 1771 1996 1824 monuimus.
2027 1768 2224 1825 Noster
2250 1772 2300 1833 Β
2328 1773 2459 1826 tario
2488 1768 2695 1825 metalla
2735 1765 2982 1836 producta
3015 1760 3235 1833 (Tertul.
3260 1760 3435 1830 Apol.,
3460 1774 3575 1830 cap.
3602 1756 3659 1823 6,
3691 1773 3745 1827 ρ.
3772 1755 3934 1827 501).

620 1867 782 1939 igitur
833 1870 1034 1924 Auctor
1085 1866 1351 1938 signiﬁcat
1414 1866 1612 1921 veteris
1668 1864 1995 1935 irugalisque
2045 1877 2216 1918 coenae
2320 1864 2462 1920 Vitio
2503 1864 2680 1931 itaque
2719 1855 2950 1913 ethnicis
2989 1852 3169 1915 vertit,
3208 1849 3350 1923 quod
3392 1858 3538 1904 tanto
3588 1848 3716 1903 luxu
3768 1845 3939 1901 soluti

620 1970 805 2017 auctos
830 1967 982 2017 extra
1005 1958 1221 2015 modum
1243 1967 1508 2027 sumptus.
1525 1957 1657 2011 Nam
1673 1973 1790 2026 qua:
1811 1965 1966 2010 antea
1993 1962 2215 2009 centum

623 2064 677 2111 ut
719 2053 1005 2123 plurimum
1047 2051 1257 2108 assibus
1285 2050 1518 2107 debebat
1565 2048 1791 2111 instrui,
1843 2047 1958 2102 haec
2001 2054 2218 2101 centum

623 2145 884 2215 sestertiis
912 2144 1029 2200 dari
1058 2144 1201 2199 illius
1241 2152 1484 2212 tempore
1515 2147 1891 2197 consueverat.
1920 2137 2220 2194 Sestertius

622 2245 800 2297 autem
831 2236 966 2293 duos
986 2250 1138 2293 asses
1157 2243 1213 2291 et
1235 2235 1515 2290 semissem
1541 2232 1778 2288 valebat.
1802 2231 2027 2287 Centum
2050 2244 2213 2301 porro

624 2328 905 2385 sestertios
930 2327 1159 2384 rotunde
1175 2325 1330 2393 dixit,
1356 2340 1690 2396 numeroque
1715 2335 1871 2380 certo
1894 2338 1990 2393 pro
2018 2324 2225 2378 incerto

627 2438 755 2485 usus
780 2432 885 2487 est,
930 2432 988 2477 ιιι
1014 2430 1231 2477 centum
1260 2419 1465 2475 assium
1511 2428 1566 2473 et
1595 2418 1978 2473 sestertiorum
2010 2415 2226 2487 opposi-

627 2514 1289 2579 tione,nimiosemnarum
1308 2520 1555 2580 sumptus
1579 2509 1892 2579 exagitaret.
1913 2506 2045 2574 Quis
2068 2519 2227 2576 porro

628 2608 764 2663 vitas
788 2604 1083 2673 Caesarum,
1110 2619 1141 2658 a
1165 2602 1425 2659 Suetonio
1453 2602 1681 2672 aliisque
1719 2600 2027 2656 auctoribus
2058 2600 2228 2669 scrip-

630 2711 732 2768 tas,
761 2700 846 2756 vel
877 2698 1151 2756 levissime
1174 2694 1611 2767 perstringendo,
1660 2708 1768 2749 non
1818 2691 2223 2755 animadvertit,

629 2792 732 2848 illis
762 2788 1129 2861 regnantibus,
1177 2802 1363 2844 comas
1390 2785 1528 2842 adeo
1560 2785 1723 2843 luisse
1745 2791 2121 2853 sumptuosas,
2171 2791 2230 2837 ut

630 2884 763 2941 ﬁdes
790 2882 875 2940 his
896 2884 1186 2949 historicis,
1217 2880 1428 2937 tametsi
1461 2879 1565 2936 lide
1586 2879 1781 2950 dignis,
1815 2879 1904 2934 vix
1927 2876 2230 2933 habeatur?

630 2975 795 3032 Vides
819 2990 951 3032 sane
987 2984 1185 3045 quanta
1216 2965 1469 3030 facilitate
1506 2972 1735 3030 Romani
1771 2973 2016 3042 antiquas
2041 2986 2107 3026 ac
2141 2985 2235 3026 vc-

632 3067 897 3125 neraudas
927 3067 1074 3138 leges
1097 3081 1223 3122 suas
1250 3065 1662 3123 emendaverint
1714 3076 1771 3122 et
1814 3063 2228 3129 inlirmaverint,

2321 1955 2517 2011 fuerint
2551 1967 2656 2007 non
2693 1950 2866 2006 solum
2892 1955 3171 2002 senatores
3193 1985 3208 2010 ,
3248 1957 3437 1998 verum
3477 1939 3636 1996 etiam
3668 1938 3936 2004 libertini,

2322 2047 2483 2118 ﬂagra
2511 2046 2687 2118 adhuc
2718 2050 3052 2114 rumpentes,
3085 2036 3136 2094 id
3167 2045 3270 2105 est,
3302 2036 3393 2108 qui
3421 2047 3620 2105 paucos
3647 2040 3777 2088 ante
3811 2031 3940 2088 dies

2322 2117 2946 2195 servitutem'exucrnnt.
2977 2129 3130 2186 Servi
3156 2126 3420 2199 siquidem
3446 2125 3627 2196 ﬂagris
3674 2134 3937 2195 tanquam

2325 2229 2580 2303 peculiari
2620 2241 2806 2282 eorum
2853 2218 3119 2294 supplicio
3160 2218 3296 2275 caedi
3340 2217 3608 2273 solebant.
3658 2215 3944 2285 Quamob-

2326 2340 2439 2380 rem
2468 2322 2538 2378 de
2564 2320 2803 2377 Liburno
2832 2330 2993 2374 servo
3018 2313 3292 2371 Iuvenalis
3313 2310 3432 2366 lucc
3455 2310 3649 2366 cecinit
3676 2327 3691 2364 :

2488 2475 2499 2484 .
2599 2469 2613 2482 .
2712 2470 2723 2481 .
2828 2465 2841 2479 .
2939 2427 3101 2479 Tarde
3127 2427 3323 2476 venisse
3339 2424 3593 2474 Liburnus

2483 2496 2691 2552 Dicitur,
2710 2502 2763 2545 et
2783 2506 2953 2557 pinnas
2976 2491 3123 2557 alieni
3148 2488 3371 2557 pendere
3395 2487 3555 2557 somni

2484 2545 2703 2621 Cogitur,
2727 2545 2807 2608 uti:
2829 2555 3013 2618 frangit
3034 2545 3236 2611 ferulas,
3262 2552 3412 2621 rubet
3434 2548 3521 2599 ille
3540 2545 3772 2658 ﬂagellis.

3035 2612 3276 2658 lJnvenal.
3303 2609 3459 2658 Sultr.
3480 2609 3532 2658 6.
3552 2623 3595 2658 υ.
3642 2609 3745 2658 90.l

3035 2609 3276 2680 (Juvenal.
3302 2609 3459 2663 Sutir.
3480 2609 3532 2673 6,
3552 2609 3745 2673 p.390.)

2334 2728 2488 2802 Apud
2517 2726 2827 2784 Terentium
2864 2738 2994 2780 vero
3040 2721 3226 2779 Simon
3268 2718 3432 2790 ﬂagra
3461 2726 3517 2775 et
3557 2715 3777 2779 verbera
3818 2727 3943 2771 scr.-

2333 2840 2400 2881 vo
2420 2841 2519 2882 suo
2548 2823 2694 2881 Davo
2718 2821 2798 2879 sic
2826 2816 3102 2874 minitatur
3136 2834 3149 2871 :

2488 2924 2796 2979 Verberibus
2816 2934 2997 2975 caesum
3021 2925 3094 2981 te,
3112 2917 3273 2978 Dave,
3291 2920 3343 2981 in
3356 2916 3617 2981 pistrinum
3636 2910 3821 2964 dedam

3092 2993 3254 3043 usque
3278 2979 3336 3029 ad
3361 2979 3549 3028 necem.

2897 3046 3121 3109 (Terent.
3145 3036 3307 3094 A‘ndr.
3334 3043 3377 3104 l,
3400 3051 3529 3091 secti.
3554 3037 3603 3096 2,
3629 3049 3674 3086 ιι.
3697 3036 3775 3098 8.)

631 3159 760 3217 dum
812 3175 872 3221 se
911 3159 1263 3231 iniquissimis
1291 3159 1347 3214 iu
1374 3158 1710 3215 Christianos
1742 3157 2016 3227 rescriptis
2056 3153 2227 3212 teneri
2253 3163 2297 3226 ρ
2403 3157 2508 3214 Sed
2530 3156 2596 3213 de
2626 3168 2905 3211 servorum
2936 3151 3111 3224 pomis
3140 3150 3311 3205 iusius
3339 3149 3390 3203 in
3432 3143 3674 3215 sequenti
3714 3140 3941 3196 disser-

590 3290 604 3301 ι
631 3254 962 3313 etintiebant.
1518 3294 1523 3299 .

704 3348 839 3404 Tum
869 3345 1063 3404 deinde
1092 3345 1461 3402 Tertullianus
1480 3344 1675 3400 asserit
1702 3342 1953 3398 similiter
1977 3355 2224 3412 pessum-

633 3441 785 3501 datas
807 3442 972 3512 leges,
1004 3455 1117 3512 qua:
1146 3440 1436 3511 patricium,
1465 3438 1601 3509 quod
1632 3438 1802 3490 decem
1834 3434 2005 3504 pondo
2033 3432 2234 3505 argenti

633 3535 904 3601 habuisset,
932 3551 1025 3606 pro
1054 3550 1238 3606 magno
1266 3531 1413 3588 titulo
1434 3531 1720 3586 ambitionis
1747 3530 1943 3587 Senatu
1965 3528 2229 3584 submove-

634 3627 753 3681 bant
772 3626 1099 3699 (Tertullian.
1129 3625 1225 3680 loc.
1251 3623 1387 3697 cit.).
1412 3625 1469 3680 Si
1489 3625 1607 3694 quis
1628 3634 1805 3685 autem
1832 3638 1862 3676 a
1886 3623 2042 3679 nobis
2066 3622 2235 3691 petie-

633 3719 704 3775 rit
732 3718 851 3790 quis
892 3717 979 3773 ille
1020 3718 1090 3773 sit
1134 3718 1409 3786 patricius,
1453 3715 1576 3770 huic
1615 3718 1680 3770 A.
1723 3715 1882 3770 Gellii
1928 3714 2106 3770 verbis
2143 3727 2232 3768 re-

633 3807 1019 3881 spondebimus
1050 3825 1062 3860 ε
1097 3805 1158 3863 C.
1202 3806 1470 3861 Fabricius
1508 3805 1756 3872 Lucinas,
1802 3816 1850 3859 et
1885 3805 1950 3873 Ω.
1984 3804 2235 3860 ιΕηιίιὶιιε

635 3900 815 3973 Papus
842 3899 1020 3957 Romw
1039 3915 1268 3955 censores
1290 3899 1519 3969 fuerunt,
1541 3908 1587 3952 et
1614 3898 1681 3952 Ρ.
1706 3895 2231 3967 Corneliumﬂufum,

633 3998 717 4071 qui
739 3996 813 4053 bis
829 3995 1005 4053 consul
1025 4005 1072 4050 et
1101 3995 1316 4050 dictator
1333 3994 1503 4062 fuerat
1522 4034 1537 4058 ,
1559 4000 1738 4047 senatu
1767 4000 2027 4047 mouerunt
2050 4032 2066 4059 ,
2089 4007 2232 4046 caus-

632 4106 839 4161 samque
876 4089 960 4143 isti
1000 4097 1135 4143 nota
1179 4086 1600 4157 subscripserunt,
1632 4084 1770 4154 quod
1796 4099 1910 4138 eum
1961 4083 2238 4154 comperis-

632 4194 743 4240 sent
781 4184 976 4254 argenti
1026 4182 1149 4253 facti
1192 4195 1348 4237 comat
1389 4179 1587 4251 gratia,
1635 4178 1806 4232 decem
1846 4177 2016 4249 pondo
2056 4176 2239 4231 habere

633 4277 817 4349 (Gell.,
840 4276 932 4332 lib.
969 4275 1110 4331 XVII
1171 4275 1326 4330 Noct.
1358 4275 1488 4342 Att.,
1525 4289 1641 4343 cap.
1679 4273 1734 4336 ἓ,
1764 4271 2027 4344 p.1005).
2070 4270 2238 4326 Audis

632 4368 873 4441 proiecto
899 4356 1145 4426 eamdem
1174 4368 1245 4424 ibi
1278 4368 1346 4423 ab
1368 4367 1486 4433 illo,
1513 4375 1674 4437 atque
1703 4379 1734 4419 a
1762 4363 2113 4432 Tertulliano,
2144 4378 2235 4419 ar-

631 4465 774 4537 genti
841 4477 1106 4520 summam
1163 4462 1336 4517 notari
1394 4475 1553 4532 quam
1611 4458 1780 4514 Rufus
1834 4458 2112 4514 habuerat.
2169 4458 2238 4513 At

2332 3252 2553 3308 latione.
2580 3252 2652 3304 At
2679 3248 2723 3304 si
2753 3255 2930 3301 tantus
2956 3246 3170 3308 horum,
3196 3241 3286 3313 qui
3310 3241 3397 3296 vix
3423 3237 3727 3293 libertatem
3772 3245 3946 3287 acce—

2333 3349 2541 3414 perant,
2572 3348 2689 3396 erat
2744 3339 2923 3404 luxus,
2981 3334 3105 3391 hinc
3148 3334 3359 3404 conjice
3406 3337 3643 3402 quantus
3703 3325 3940 3381 aliorum

2333 3438 2532 3496 fuerit?
2585 3434 2945 3504 Quamobrem
2982 3431 3186 3486 Plinius
3256 3442 3383 3484 mox
3434 3426 3672 3480 citatus:
3728 3429 3947 3493 propter

2333 3534 2554 3604 quinque
2582 3529 2791 3601 pondo,~
2835 3527 3027 3597 inquit,
3054 3522 3281 3596 argenti,
3332 3529 3564 3574 notatum
3593 3512 3943 3571 acensoribus

2336 3624 2695 3697 triumphalem
2723 3638 2889 3678 senem
2918 3619 3207 3693 fabulosum
3226 3617 3341 3687 jam
3368 3614 3568 3669 videtur
3600 3609 3791 3681 (Plin.,
3834 3607 3931 3662 lib.

2335 3718 2408 3773 Ill
2429 3729 2603 3773 natur.
2636 3716 2773 3773 Hist.
2808 3731 2923 3785 cap.
2960 3714 3048 3780 ll,
3072 3729 3193 3783 pag.
3226 3708 3354 3779 69).
3384 3708 3501 3775 Qua
3557 3719 3683 3775 ergo
3725 3700 3943 3757 ratione

2335 3812 2563 3883 gentiles
2593 3811 2866 3881 objectare
2894 3806 3161 3862 audebant
3187 3819 3245 3859 se
3275 3801 3488 3872 iniustis
3515 3796 3566 3854 in
3597 3795 3939 3852 Christianos

2338 3908 2545 3979 legibus
2588 3905 2868 3976 adstringi,
2901 3903 2989 3974 qui
3035 3901 3368 3973 mquissimas
3420 3893 3779 3969 sumptuarias
3822 3889 3944 3945 illas

2338 4000 2485 4072 leges
2511 3999 2685 4071 palam
2715 4006 2771 4055 et
2789 3998 3008 4067 impune
3030 3989 3374 4051 everterant?

2922 4104 3218 4169 sartcuaus
3241 4123 3310 4164 tv.

2343 4227 2548 4295 Quanta
2573 4227 2775 4302 licentia
2812 4224 3044 4299 gentiles,
3067 4223 3248 4295 spretis
3293 4219 3508 4293 legibus,
3580 4232 3695 4289 quia
3738 4213 3946 4269 theatra

2412 4320 2628 4376 orientia
2653 4320 3028 4383 destruxerant,
3078 4317 3232 4387 longe
3259 4312 3411 4384 plura
3451 4306 3835 4380 adiﬁcaoerint,
3882 4304 3946 4359 in

2412 4429 2526 4486 quis
2545 4412 2755 4487 majoris
2776 4411 3048 4482 uoluptatis
3074 4423 3261 4465 caussa
3296 4404 3529 4478 penulati
3578 4398 3898 4473 conﬂuebant
3923 4434 3945 4454 .

629 4535 772 4633 quod
798 4560 889 4617 ille
910 4559 1043 4615 dixit
1066 4572 1225 4613 canto
1246 4556 1435 4629 gratia,
1467 4555 1568 4611 hoc
1599 4556 1664 4609 A.
1692 4552 1894 4609 Gellius
1926 4570 1938 4606 :
1967 4550 2044 4606 0b
2074 4552 2227 4606 luxu-
2254 4552 2310 4615 Ι)
2412 4552 2494 4609 Ad
2517 4552 2650 4607 alias
2675 4548 3035 4606 'I‘crtullianus
3054 4546 3200 4603 venit
3225 4545 3392 4616 leges,
3413 4540 3611 4614 quibus
3638 4535 3933 4611 pudicitiae,

632 4655 745 4721 rite,
792 4655 983 4725 inquit,
1033 4660 1224 4717 notam,
1269 4648 1405 4719 quod
1448 4648 1618 4702 decent
1647 4644 1817 4715 pondo
1854 4644 2009 4698 libras
2035 4641 2239 4714 argenti

631 4749 755 4818 facti
779 4749 982 4804 haberet
1026 4744 1220 4818 (Idem,
1251 4743 1401 4810 ibist,
1432 4743 1521 4797 lib.
1570 4740 1707 4808 VIII,
1731 4756 1850 4811 cap.
1879 4738 1949 4805 v8,
1994 4756 2049 4809 p.
2076 4734 2233 4809 289).

629 4843 832 4900 Eadem
872 4842 1030 4914 plane
1078 4842 1132 4896 in
1172 4839 1305 4895 Livii
1334 4838 1583 4908 Epitome
1622 4836 1850 4907 legimus
1889 4832 2038 4907 (Liv.
2084 4830 2229 4902 Epit.

574 4975 585 4987 κ
630 4938 718 4994 lib.
743 4937 908 5010 XIV).
942 4939 1012 4992 At
1033 4936 1237 4993 Plinius
1264 4934 1508 4990 eamdem
1536 4932 1741 5005 argenti
1765 4945 2031 4986 summam
2063 4929 2116 4983 in
2140 4943 2232 4983 su-

628 5031 953 5104 pelleuilem
1001 5028 1196 5101 (Plin.,
1243 5026 1331 5081 lib.
1387 5024 1549 5082 XVIII
1598 5024 1741 5079 Hist.
1791 5033 1988 5086 natur.,
2032 5038 2149 5093 cap.
2176 5020 2232 5085 6,

627 5143 681 5198 p.
708 5125 860 5190 447),
891 5121 1135 5176 Valerius
1175 5134 1305 5175 vero
1329 5117 1590 5174 Maximus
1631 5116 1683 5169 in
1704 5129 1830 5170 vasa
1859 5111 2110 5185 arg'entea
2148 5111 2236 5166 iu-

628 5226 893 5285 sumptam
922 5229 1046 5271 esse
1067 5212 1419 5270 testiﬁcantur
1440 5208 1593 5282 (Val.
1621 5208 1794 5275 Max”
1816 5206 2003 5273 lib..ll,
2034 5222 2149 5277 cap.
2177 5204 2232 5271 6,

631 5306 660 5380 ᾗ
683 5307 765 5379 4).
788 5307 897 5363 Sed
921 5306 1076 5376 ltujtts
1098 5305 1282 5371 verba,
1310 5318 1430 5375 quae
1450 5303 1516 5358 ad
1544 5317 1658 5358 rem
1680 5309 1916 5356 nostram
1942 5298 2238 5369 plurimum

2346 4660 2559 4702 morum
2586 4642 2853 4699 honestati
2882 4655 2945 4697 ac
2969 4638 3247 4696 modestia:
3273 4635 3582 4693 consultum
3610 4633 3801 4687 fuerat.
3830 4627 3939 4684 Ps-

2340 4738 2445 4793 lam
2471 4745 2648 4793 autem
2678 4733 2804 4791 facit
2841 4748 2934 4789 eas
2960 4732 3137 4789 adhuc
3166 4738 3312 4788 tanta
3352 4724 3570 4784 licentia
3604 4723 3675 4779 ab
3702 4719 3939 4779 ethnicis

2343 4824 2735 4905 peSsumdatas,
2764 4838 2962 4900 quanta
2989 4826 3288 4883 temeritate
3342 4821 3669 4893 objiciebant
3715 4831 3774 4872 se
3816 4813 3943 4870 aliis

2342 4904 2498 4997 plane
2527 4921 2742 4979 nefariis
2763 4921 2817 4976 in
2845 4918 3181 4974 Christianos
3201 4915 3421 4971 sancitis
3448 4910 3619 4968 teneri
3639 4926 3653 4965 :
3674 4908 3788 4977 Quo
3806 4904 3952 4961 enim

2336 5018 2592 5082 abierunt,
2626 5013 2819 5084 inquit,
2850 5012 2986 5084 leges
3009 5011 3117 5066 illis
3142 5008 3382 5063 vitiorum
3410 5000 3804 5064 emendatrices,
3824 5011 3949 5068 qua

2340 5112 2557 5173 theatra,
2602 5104 2898 5178 stuprandis
2925 5101 3153 5157 moribus
3201 5099 3440 5163 orientia,
3484 5093 3654 5151 statim
3704 5089 3951 5143 destrue-

2287 5274 2298 5280 _
2344 5202 2502 5257 bant?
2529 5197 2871 5273 (,Tertnllian.
2898 5193 3118 5265 Apolog.
3149 5207 3265 5262 cap.
3299 5190 3354 5257 6,
3385 5205 3505 5261 pag.
3527 5183 3678 5255 299).
3699 5182 3769 5280 A‘t
3790 5188 3955 5280 certe

2342 5272 2644 5351 communis
2690 5292 3069 5363 plerorumque
3094 5284 3335 5341 omnium
3367 5324 3383 5350 ,
3412 5279 3681 5363 utidoeet
3721 5272 3954 5330 Servius

626 5362 849 5468 Etci’unt,
877 5362 1062 5461 audire
1104 5362 1389 5455 molestum
1435 5397 1614 5452 forsan
1658 5411 1765 5452 non
1815 5362 2095 5450 eritillmc
2121 5408 2216 5447 au-
2317 5386 2506 5461 (Sero.
2533 5387 2587 5441 in
2616 5362 2706 5442 lib.
2736 5384 2779 5441 Il
2811 5383 3029 5456 ϐεστ-9..
3061 5380 3301 5453 Virgilii,
3332 5394 3382 5434 υ.
3425 5362 3527 5431 581
3555 5390 3573 5468 ξ
3605 5381 3651 5427 et
3689 5370 3742 5468 in
3901 5362 3956 5420 Il

630 5457 933 5554 temsunt:
970 5495 1214 5550 Narravit
1247 5492 1409 5547 omnis
1445 5500 1609 5555 tetas;
1632 5498 1679 5544 et
1716 5489 1951 5558 deinceps
1990 5486 2225 5541 narrabit
2321 5457 2562 5550 Eadd"
2592 5497 2641 5539 υ.
2672 5482 2774 5539 757
2803 5480 2857 5553 ),
2888 5478 3070 5549 opinio
3113 5476 3211 5532 ίυίί
3259 5473 3461 5544 Primos
3532 5465 3725 5522 meam
3759 5457 3951 5558 ﬁdos

627 5593 856 5651 Fabricii
905 5590 1108 5645 Lucinii
1150 5603 1361 5643 censura
1414 5553 1703 5640 Cornelium
1744 5553 1934 5653 Rufum
1960 5622 1976 5648 ,
2022 5579 2217 5634 duobus
2319 5581 2374 5636 in
2402 5578 2595 5636 Bacchi
2622 5577 2736 5635 sive
2757 5573 2933 5631 Liberi
2958 5571 3125 5644 patris
3147 5568 3407 5624 honorem
3435 5559 3729 5620 institutos
3752 5553 3953 5621 fuisse,

627 5686 970 5743 consulatibus
1006 5694 1052 5739 et
1091 5684 1345 5738 dictatura
1384 5676 1746 5749 speciosissime
1783 5677 2044 5747 functura,
2085 5670 2222 5741 quod
2319 5673 2409 5746 qui
2434 5672 2648 5743 quidem
2696 5668 2893 5724 idcirco
2916 5664 3187 5721 Libsrales
3230 5661 3525 5717 voctbtntu
3544 5671 3590 5710 r.
3643 5653 3956 5722 Quantum.

629 5776 802 5834 decem
843 5777 1013 5848 pondo
1056 5790 1177 5832 vaso
1214 5782 1453 5848 argentea
1498 5774 1871 5842 comparasset,
1919 5763 2127 5838 perinde
2162 5776 2228 5818 ac
2322 5773 2498 5823 autem
2529 5763 2675 5820 hisce
2703 5758 3046 5819 ludismores
3071 5757 3354 5812 hominum
3385 5750 3900 5819 corrumperentur
3922 5771 3949 5809 ο
