4212 6262
587 278 692 336 999

1661 278 1728 335 IN
1763 278 2228 339 TERTULLIANI
2267 279 2803 342 APOLOGETICUM

3737 285 3887 343 1000

583 393 864 462 iaciamus,
895 395 1010 450 hrcc
1039 392 1143 448 alia
1172 398 1299 454 sunt
1342 391 1411 448 de
1450 391 1553 448 illis
1600 392 1879 462 ipsiusmet
1927 395 2176 450 Auctoris
2202 398 2255 457 Α
2282 397 2520 453 Audisne
2549 415 2708 470 quam
2737 399 2968 470 antiqua:
3010 398 3208 455 iuerint
3250 399 3317 456 de
3344 398 3739 470 distinguendis
3767 415 3884 455 ma-

586 489 754 540 nustri
786 488 992 542 verba:
1047 484 1171 550 Quis
1218 483 1424 537 omnino
1479 500 1652 554 regum
1696 484 1890 554 insigne
1943 485 2175 555 potestati

567 595 692 646 (sua:
717 582 924 632 humero
951 579 1177 646 praefert,
1211 587 1256 629 et
1284 593 1382 629 non
1410 586 1495 628 aut
1517 577 1683 644 capite
1709 577 1965 640 diadema,
2010 587 2098 630 aut
2123 577 2177 630 in

587 690 740 726 manu
777 682 1049 742 sceptrum,
1101 681 1189 724 aut
1233 671 1458 740 aliquant
1506 670 1730 740 propria:
1771 670 1917 724 vestis
1963 669 2178 724 notam?

584 764 790 837 (Idem,
820 763 908 817 lib.
933 765 1049 818 adv.
1072 761 1306 831 Jndwos,
1338 781 1452 834 cap.
1489 764 1597 834 10).

656 859 844 912 Datum
872 873 1081 928 quoque
1107 869 1189 912 est
1213 875 1240 911 a
1272 858 1484 913 Cmsare
1516 863 1760 930 Augusto
1787 859 2180 929 edietum,-qun

580 948 855 1022 prohibuit
886 966 952 1004 ne
981 950 1138 1014 ullus,
1170 950 1268 1004 nisi
1295 960 1538 1008 senator.
1573 965 1888 1020 purpuram,
1915 966 2035 1020 quae
2063 960 2178 1004 tum

581 1043 743 1112 vulgo
787 1042 1118 1106 sumebatur,
1150 1042 1402 1112 deinceps
1429 1042 1675 1096 indueret
1701 1041 1882 1110 (Dion.
1914 1042 1981 1096 lib
2013 1041 2181 1096 XLIX

583 1131 784 1188 Iiistor.
809 1131 960 1187 Rom.
980 1149 1099 1204 pag.
1117 1131 1268 1202 459).
1290 1133 1459 1186 Antea
1485 1148 1612 1186 vero
1627 1131 1799 1186 Julius
1823 1130 2024 1197 Caesar,
2049 1143 2182 1187 teste

580 1224 859 1291 Suetonio,
891 1225 1182 1284 lecticarum
1213 1240 1379 1285 nsunt,
1435 1224 1554 1277 itent
1596 1223 1950 1294 conchyliada'
1996 1223 2178 1288 vestis,

557 1308 630 1372 ἐἰ
656 1318 1066 1387 margaritarum,
1095 1317 1192 1369 nisi
1215 1318 1359 1369 certis
1383 1317 1612 1386 personis
1653 1325 1699 1369 et
1741 1317 1973 1370 tetatibns
1996 1333 2184 1386 perque

581 1424 745 1465 certos
766 1410 893 1474 dies,
926 1410 1112 1464 ademit
1131 1409 1368 1480 (Sueten.
1389 1410 1441 1463 in
1477 1408 1575 1463 Vit.
1597 1408 1728 1462 Julii
1749 1408 1982 1473 Cwsaris,
2017 1408 2045 1480 ς
2069 1410 2178 1480 45).

580 1500 713 1569 Quae
741 1501 955 1571 quidem
981 1501 1049 1556 ab
1081 1501 1363 1556 Eusebiani
1397 1499 1646 1555 Chronici
1670 1512 1889 1556 auctore
1913 1501 1978 1555 de
2002 1501 2180 1557 itemt-

582 1597 665 1648 nis
693 1593 771 1647 sic
797 1591 1175 1662 explicantur:
1230 1591 1513 1646 Prohibitte
1553 1591 1740 1646 lecticis
1792 1593 2183 1663 margaritisque

580 1685 676 1752 uti,
704 1701 816 1756 qua:
843 1701 933 1738 nec
974 1686 1108 1739 viros
1132 1701 1222 1739 nec
1245 1685 1428 1739 liberos
1455 1685 1716 1748 haberent,
1745 1693 1790 1738 ct
1836 1687 2057 1739 minores
2093 1702 2176 1754 es:

580 1788 688 1832 sent
707 1780 853 1832 annis
873 1779 1239 1849 quinquaginta
1267 1779 1488 1849 quinque
1514 1781 1533 1849 (
1565 1776 1751 1833 Euseb.
1773 1777 1964 1834 Chron.
1999 1778 2180 1852 i972).
2215 1790 2263 1849 B

655 1869 901 1940 Magnum
931 1885 1146 1940 quoque
1176 1871 1315 1925 inter
1347 1878 1710 1924 matronarum
1744 1880 1798 1924 et
1828 1872 2180 1925 meretricum

582 1974 764 2020 vestes
789 1973 906 2019 erat
963 1962 1250 2018 discrimen
1310 1963 1594 2035 ('l'ertull.,
1651 1963 1915 2035 Apologet.
1963 1980 2079 2033 cap.
2126 1964 2179 2030 6,

581 2073 704 2128 pag.
735 2055 888 2128 501).
930 2055 1061 2110 Nam
1093 2054 1426 2123 meretrices,
1459 2054 1616 2109 sicuti
1642 2054 1844 2110 Nonius
1886 2056 2179 2121 annotavit,

581 2147 938 2204 sueciuetiore
962 2158 1110 2202 veste
1141 2149 1424 2202 utebantur
1467 2147 1486 2218 (
1511 2145 1653 2201 Non.
1681 2163 1796 2217 cap.
1849 2146 1917 2201 14
1962 2149 2026 2200 de
2053 2145 2179 2202 Gen.

581 2233 806 2310 vestiat):
831 2239 1192 2308 Quamobrem
1235 2241 1498 2314 Ulpiauus
1523 2259 1535 2295 :
1564 2241 1624 2297 Si
1650 2243 1763 2312 quis
1787 2283 1803 2309 ,
1835 2242 2006 2312 inquit
2033 2281 2049 2308 ,
2082 2243 2183 2296 vir-

580 2334 723 2405 gines
743 2334 1074 2405 appellasset,
1116 2336 1162 2390 si
1190 2345 1356 2389 tamen
1377 2333 1619 2388 ancillari
1646 2345 1779 2390 veste
1808 2336 2036 2402 vestitas,
2083 2335 2181 2388 mi-

517 2423 520 2426 ’
581 2442 677 2481 nus
704 2443 914 2496 peccare
938 2427 1170 2492 videtur,
1225 2427 1388 2480 multo
1432 2428 1600 2485 minus
1631 2427 1675 2480 si
1725 2427 2011 2481 meretricia
2049 2436 2183 2481 veste

581 2521 824 2591 fantium,
855 2535 956 2572 non
984 2529 1201 2571 ntatrunt
1231 2519 1547 2588 familiarum
1581 2519 1771 2573 vestita
1816 2520 2027 2590 fuissent
2058 2517 2187 2589 (Di-
2223 2589 2230 2594 I

582 2620 707 2682 gest.
742 2611 831 2665 lib.
864 2609 1102 2675 XLVlII,
1133 2612 1211 2666 tit.
1240 2611 1302 2666 de
1327 2611 1522 2681 lnjur.,
1553 2620 1682 2676 elc.,
1715 2611 1814 2682 leg.
1847 2612 1959 2682 15).

653 2705 920 2774 Quantum
949 2716 1128 2760 autem
1175 2704 1450 2772 mulieres,
1476 2717 1661 2761 contra
1713 2706 1974 2776 majorum
2023 2707 2182 2761 insti-

583 2805 716 2863 tuta,
751 2798 832 2852 his
861 2797 1098 2852 vestibus
1121 2799 1493 2864 abuterentur,
1536 2799 1682 2854 disce
1712 2814 1776 2853 ex
1819 2808 2005 2853 nostro
2053 2798 2182 2853 Ter-

584 2889 806 2963 tulliano
833 2907 846 2942 :
889 2888 1044 2945 Video
1065 2930 1080 2955 ,
1115 2892 1317 2961 inquit,
1353 2900 1400 2946 et
1431 2891 1562 2944 inter
1591 2900 1852 2945 matronas
1881 2877 2034 2961 atque
2057 2908 2182 2962 pro-

586 2979 797 3036 stibulas
827 2982 1024 3035 nullum
1063 2981 1125 3036 de
1169 2983 1342 3036 habitu
1378 2983 1648 3038 discrimen
1692 2981 2177 3051 relictum(Tertul.

586 3071 685 3128 loc.
708 3072 846 3146 cit).
879 3071 1063 3145 Neque
1092 3074 1160 3129 ibi
1199 3073 1294 3129 ille
1325 3076 1475 3146 plura
1501 3092 1515 3141 ;
1544 3075 1638 3130 sed
1669 3090 1789 3145 qua:
1821 3075 1926 3129 alio
1958 3076 2010 3130 in
2042 3074 2178 3128 libro

584 3163 824 3228 uberius,
850 3164 1094 3236 huncque
1123 3167 1469 3236 prosequitur
1494 3167 1545 3220 in
1578 3167 1796 3220 modum
1823 3182 1837 3218 :
1865 3163 2110 3220 Converte
2131 3175 2177 3218 et
2206 3183 2250 3245 ρ
2296 3163 2378 3168 ’⁷⁷
2621 3163 2691 3171 ”’
2712 3163 2875 3186 ¹’””“’
2908 3163 3098 3239 "vi":

597 3276 604 3277 ί
639 3261 652 3277 ,
685 3264 739 3277 ,η
768 3259 811 3277 ν,
875 3276 878 3277 ν
963 3260 974 3277 ,
1097 3263 1128 3277 ,Δ
1185 3261 1197 3277 ,
1253 3261 1266 3277 ,
1487 3269 1496 3277 ⁸
1551 3276 1582 3277 η
1637 3276 1654 3277 η
1683 3259 1761 3277 ω,
1803 3256 1936 3277 ΠΜ,
2023 3275 2037 3277 _
2092 3258 2154 3277 μ’
2282 3221 2389 3277 quo
2416 3223 2643 3277 agimus,
2677 3207 2794 3263 loco
2824 3223 2901 3262 src
2938 3220 3170 3277 exagitat
3199 3254 3210 3261 .

2416 3244 2643 3278 ΙιῦΙΙΙΙΙΙῦ,
2679 3244 2794 3263 ΙὶΙυυ
2824 3244 2901 3262 ὗΙυ
2938 3244 3170 3279 νσὶιιδιιιιι
3199 3254 3211 3261 ι

582 3261 652 3314 ad
678 3259 926 3333 fceminas,
963 3260 1153 3331 inquit,
1178 3261 1331 3314 habes
1359 3269 1587 3330 spectare
1624 3259 1761 3329 quod
1800 3256 2041 3313 chinna
2085 3258 2182 3313 Se-

583 3369 728 3409 verus
755 3356 978 3427 graviter
1006 3355 1203 3408 senatui
1233 3354 1487 3425 impressit
1532 3364 1789 3406 matronas
1810 3368 1920 3407 stne
1953 3352 2085 3405 stola
2125 3354 2178 3406 in

585 3446 806 3518 publica.
827 3445 1055 3522 Denique
1080 3445 1284 3501 Lentuli
1305 3448 1512 3518 auguris
1546 3446 1810 3508 consultis,
1829 3461 1945 3517 quae
1979 3447 2049 3498 ita
2075 3460 2183 3499 sese

583 3550 976 3603 exauctorasset,
1004 3556 1095 3608 pro
1116 3549 1292 3612 stupro
1307 3549 1412 3593 erat
1439 3554 1610 3610 paena;
1622 3540 1867 3609 quoniam
1885 3540 2086 3609 quidem
2103 3538 2183 3593 in-

584 3628 719 3684 dices
741 3631 1069 3700 custodesque
1094 3631 1353 3702 dignitatis
1367 3631 1586 3696 habitus,
1611 3641 1662 3684 ut
1691 3631 1928 3685 lenocinii
1950 3633 2185 3691 factitan-

585 3719 639 3772 di
662 3720 1036 3788 impedimenta,
1067 3721 1241 3774 sedulo
1267 3721 1501 3790 quazdam
1526 3724 1926 3793 desuefecerant.
1958 3723 2022 3774 At
2049 3738 2182 3775 nunc

583 3813 638 3868 in
664 3815 954 3884 semetipsas
983 3815 1337 3879 lenocinando,
1361 3832 1458 3882 quo
1488 3816 1691 3885 planius
1717 3816 1987 3880 adeantur,
2011 3829 2056 3868 et
2076 3825 2182 3868 sto-

587 3905 690 3960 lam
715 3915 765 3961 et
813 3921 1119 3976 supparum,
1168 3917 1215 3960 et
1264 3908 1601 3975 crepidulam,
1648 3908 1989 3973 caliendrum,
2041 3907 2181 3976 ipsas

583 4016 780 4072 quoque
792 4001 908 4071 jam
934 3999 1159 4067 lecticas,
1192 4009 1238 4054 et
1264 4001 1436 4062 sellas.
1459 4003 1660 4072 quibus,
1685 4003 1740 4055 in
1761 4001 1961 4071 publica
1985 4017 2182 4072 quoque

584 4098 856 4152 domestice
878 4113 938 4150 ac
964 4105 1151 4151 secrete
1198 4094 1530 4163 habebantur,
1581 4094 2052 4167 ejeravere(ldem,
2091 4094 2179 4149 lib.

585 4187 650 4240 de
694 4187 888 4254 Pallio,
921 4205 1036 4258 cap.
1066 4187 1140 4260 4).
1173 4189 1292 4244 Alio
1317 4187 1497 4244 adhuc
1525 4191 1577 4245 in
1611 4190 1745 4245 libro
1770 4188 2016 4244 etundem
2046 4188 2180 4244 abu-

585 4295 726 4344 sum,
754 4295 818 4334 ac
863 4280 1114 4350 rejeetam
1146 4281 1290 4335 illam
1336 4280 1686 4336 honestarum
1733 4285 2100 4336 matronarum
2131 4289 2186 4334 et

587 4373 1010 4428 meretriciarum
1041 4377 1266 4430 vestium
1293 4374 1648 4431 dill'ercntiam
1665 4379 1841 4430 acrius
1871 4377 2179 4429 insectatur.

584 4463 744 4529 Audi,
765 4479 1102 4534 quaeso,rum
1136 4465 1436 4534 lnquentem
1471 4483 1485 4518 :
1522 4467 1725 4533 Quanto
1755 4466 1917 4536 magis
1943 4465 2184 4534 blasphe-

2285 499 2556 545 tronarum
2596 500 3003 564 scortorumque
3032 493 3274 549 vestibus
3317 494 3481 565 leges,
3514 503 3569 550 et
3597 509 3756 564 quam
3788 494 3886 548 int-

2283 597 2424 653 punc
2455 600 2544 638 eas
2572 584 2772 640 ethnici
2803 587 3137 641 violaverint.

2353 675 2537 747 Neque
2587 677 2714 732 alias
2755 679 2925 747 magis
2971 679 3252 743 curabant,
3303 679 3496 750 quibus
3539 678 3885 736 heminarum

2283 767 2560 848 modestia:
2588 779 2642 822 et
2663 769 2937 824 sobrietati
2967 782 3180 824 cautum
3212 781 3345 825 erat.
3379 770 3533 825 Nulla
3561 772 3704 826 enim
3737 773 3882 825 anti-

2282 859 2462 930 quitus
2493 862 2707 916 l'mudna
2736 879 2943 928 aurum,
2975 863 3051 917 ait
3079 862 3465 930 Tertulliauus,
3513 874 3699 934 prater
3729 865 3885 917 unico

2284 965 2429 1006 norat
2469 955 2648 1025 digito,
2683 973 2830 1025 quem
2857 972 3074 1024 sponsus
3101 957 3506 1028 oppignerasset,
3529 959 3760 1027 pronubo
3786 974 3888 1012 an-

2285 1048 2404 1102 nulo
2431 1047 2670 1115 (Tertull.
2696 1049 2962 1120 Apologet.
2990 1065 3107 1119 cap.
3135 1051 3188 1116 6,
3219 1067 3276 1119 p.
3297 1050 3450 1116 502).
3470 1048 3679 1104 Nemini
3701 1059 3886 1104 autem

2285 1141 2674 1211 incompertum
2715 1151 2797 1195 est
2848 1158 3052 1196 morem
3120 1142 3545 1197 vetustissimum
3591 1142 3776 1203 fuisse.
3823 1153 3890 1198 ut

2284 1248 2515 1304 Sponsus
2562 1237 2612 1289 in
2664 1234 2964 1290 futurarum
3007 1229 3314 1306 nuptiarum
3362 1237 3553 1306 pignus
3592 1238 3886 1304 annulum,

2285 1342 2441 1397 quem
2475 1328 2738 1381 vocabant
2767 1327 3088 1397 proaubum,
3137 1343 3351 1397 sponsa:
3379 1344 3492 1382 sua:
3518 1329 3772 1385 mitteret.
3823 1330 3889 1385 Si

2284 1419 2404 1488 quis
2435 1428 2610 1472 tamen
2643 1418 2788 1474 illius
2816 1429 3008 1474 testem
3038 1420 3231 1474 saltem
3264 1435 3425 1474 unum
3447 1419 3556 1475 sibi
3603 1421 3756 1476 citari
3787 1435 3891 1476 ve-

2287 1508 2368 1572 lit,
2397 1509 2441 1563 is
2469 1509 2653 1564 audiat
2675 1509 2986 1566 Juvenalem
3019 1528 3032 1565 :

2379 1598 2679 1665 gementum
2703 1609 2868 1652 tamen
2893 1610 2945 1665 et
2967 1609 3175 1663 pactum,
3197 1608 3250 1654 et
3270 1601 3509 1665 Sponsalia
3532 1608 3696 1654 nostra

2380 1662 2697 1727 Tempestate
2723 1677 2880 1726 paras,
2901 1662 3149 1727 jamquea
3175 1662 3372 1713 tonsore
3398 1667 3631 1727 magistro

2380 1723 2621 1784 Pecteris,
2648 1723 2868 1788 etdigito
2892 1723 3067 1788 pignus
3089 1725 3294 1776 fortasse
3317 1723 3513 1776 dedisti.

2863 1803 3112 1868 (Juvenal.
3137 1805 3288 1857 Satir.
3312 1807 3362 1866 6,
3385 1821 3430 1858 υ.
3449 1809 3511 1858 25
3532 1816 3578 1859 et
3600 1810 3760 1873 seqq.)
3791 1798 3794 1800 ’

2359 1912 2558 1968 Plinius
2580 1922 2759 1968 autem
2787 1922 3038 1969 testatum
3072 1915 3224 1970 nobis
3269 1915 3396 1970 facit
3440 1915 3582 1970 hunc
3616 1917 3887 1972 annulum

2286 2017 2384 2060 suo
2409 2013 2650 2075 tempore
2671 2003 2906 2061 ferreum
2949 2005 3137 2073 fuisse,
3169 2021 3230 2061 ac
3259 2007 3375 2062 sine
3423 2023 3634 2078 gemma
3668 2027 3680 2063 :
3709 2006 3892 2062 Etiam

2286 2113 2440 2162 nunc,
2471 2098 2563 2164 ait,
2591 2114 2790 2168 sponsa:
2818 2099 3015 2152 muneri
3034 2098 3228 2168 ferreus
3249 2101 3472 2154 annulus
3491 2101 3708 2155 mittitur
3733 2101 3885 2171 isque

2285 2190 2393 2244 sine
2409 2189 2793 2262 ge‘mma(Plin.
2817 2190 2906 2244 lib.
2938 2190 3158 2246 XXXIII
3183 2203 3353 2246 natur.
3385 2191 3522 2248 Hist.
3555 2210 3601 2248 c.
3635 2194 3686 2260 1,
3718 2212 3772 2264 p.
3804 2194 3886 2263 7).

2358 2283 2670 2337 Tertulliani
2718 2284 2895 2354 itaque
2953 2289 3118 2338 nostri
3177 2295 3356 2348 attate,
3402 2299 3519 2340 mos
3577 2286 3666 2340 ille
3727 2287 3887 2356 plane

2287 2376 2560 2430 modesuts
2581 2375 2693 2444 jam
2731 2376 3041 2431 inuuutatus
3083 2380 3220 2442 erat,
3245 2385 3424 2447 etipro
3479 2376 3655 2432 let-reo
3683 2378 3885 2433 annulo

2285 2483 2478 2523 aureus
2515 2466 2761 2524 dabatur.
2796 2469 2984 2526 Postea
3015 2486 3139 2525 vero
3171 2470 3407 2525 Isidorus
3435 2470 3503 2526 de
3556 2472 3768 2526 annulis
3791 2473 3880 2526 iis.

2285 2561 2514 2632 demque
2537 2563 2792 2632 pronuhis
2807 2563 2992 2635 plurali
3023 2579 3246 2618 numero
3267 2565 3345 2619 sic
3373 2563 3690 2634 loquebatur
3715 2582 3730 2620 :
3752 2563 3883 2619 Far-

2286 2655 2438 2708 mime
2479 2671 2580 2708 non
2608 2671 2714 2710 usae
2742 2666 2858 2709 sunt
2883 2657 3108 2721 annulis,
3155 2656 3253 2709 nisi
3272 2673 3397 2726 quos
3433 2657 3614 2728 virgini
3665 2672 3885 2727 sponsus

2286 2745 2512 2810 miserat,
2535 2762 2692 2816 neque
2714 2748 2936 2815 amplius
2952 2764 3103 2816 quant
3129 2747 3270 2801 binos
3294 2749 3510 2802 annulos
3524 2765 3705 2802 aureas
3728 2750 3780 2802 in
3802 2750 3857 2803 di
3867 2780 3886 2793 ο

2285 2837 2402 2909 gitis
2414 2837 2594 2892 habere
2607 2839 2884 2892 solebat.At
2905 2858 3036 2894 nunc
3049 2857 3155 2911 pra:
3169 2859 3294 2895 auro
3317 2841 3512 2896 nullum
3535 2844 3754 2911 fientinis
3776 2845 3888 2899 lene

2287 2940 2359 2984 est
2387 2942 2534 3000 atque
2559 2933 2781 2985 intutune
2806 2933 3081 2987 membrum
3116 2942 3135 3005 ί
3160 2931 3351 2988 Isidor.
3377 2933 3462 2988 lib.
3483 2933 3600 2988 XIX
3647 2935 3884 3007 Origin.,

2286 3038 2402 3092 cap.
2427 3022 2539 3093 52).
2558 3022 2745 3078 Nonne
2761 3034 2938 3078 autem
2960 3026 3040 3079 his
3067 3027 3446 3094 posterioribus
3472 3027 3642 3080 verbis
3665 3027 3733 3080 ad
3757 3030 3886 3082 lucc

2287 3112 2595 3169 Tertulliani
2621 3117 2875 3186 respexit,
2907 3118 3099 3188 quibus
3123 3119 3402 3173 mulierum
3425 3119 3599 3172 lusum
3628 3118 3765 3187 ipso,
3805 3121 3883 3174 de

3245 3207 3398 3263 Nunc
3427 3211 3477 3262 in
3502 3210 3718 3282 {trutinis
3765 3227 3883 3279 pra:

2283 3315 2410 3352 auro
2431 3299 2628 3352 nullum
2660 3302 2760 3353 leve
2777 3301 3052 3354 membrum
3095 3300 3337 3374 (Tertul.,
3367 3302 3635 3390 épuloget.
3663 3317 3781 3372 cap.
3823 3303 3882 3369 6,

2287 3407 2340 3461 p.
2368 3389 2518 3462 504).
2542 3392 2899 3458 Quamobrem
2929 3393 3154 3454 Ovidius
3179 3404 3332 3449 antea
3361 3389 3664 3450 eccinerat:

2408 3482 2510 3547 Nec
2529 3484 2718 3544 prodite
2742 3498 2936 3547 graves,
2962 3486 3121 3534 insuto
3146 3487 3364 3536 vestibus
3387 3500 3524 3544 auro,

2488 3545 2588 3596 Per
2609 3559 2731 3609 quas
2749 3545 2848 3595 non
2872 3556 3054 3610 petitis,
3077 3561 3211 3612 saepe
3237 3548 3415 3610 fugatis
3437 3563 3575 3611 epes.

2721 3627 2884 3691 (Ovid.
2911 3628 2996 3679 lib.
3023 3639 3074 3679 ιιι
3097 3632 3160 3681 de
3176 3633 3294 3682 Arte
3315 3629 3533 3693 natandi,
3553 3645 3597 3682 υ.
3623 3631 3756 3694 173.)

2362 3732 2536 3789 Testis
2558 3734 2731 3790 adhuc
2758 3736 2912 3790 nobis
2941 3746 3024 3791 est
3078 3737 3278 3791 l’linins
3335 3739 3503 3792 visam
3550 3755 3580 3792 a
3604 3753 3662 3794 se
3687 3737 3883 3810 Agrip-

2285 3825 2464 3896 pinam
2495 3868 2509 3890 ,
2539 3828 2744 3883 Claudii
2775 3827 3030 3899 principis
3060 3871 3075 3893 ,
3121 3828 3170 3883 id
3201 3839 3318 3896 est,
3349 3829 3578 3885 Nemnis
3605 3845 3836 3886 uxorem
3859 3870 3876 3897 ,

2285 3919 2460 3973 edente
2482 3936 2540 3973 eo
2571 3923 2765 3975 navalis
2792 3923 2957 3992 praelii
2982 3924 3326 3992 spectaculum
3354 3962 3370 3985 .
3407 3920 3659 3976 assidente
3682 3923 3726 3976 ei
3743 3963 3759 3985 ,
3800 3923 3885 3975 itt-

2285 4012 2461 4065 dutam
2483 4013 2841 4082 paludamento
2857 4033 2982 4070 auro
3022 4017 3183 4071 textili
3207 4034 3316 4071 stne
3339 4018 3448 4072 alia
3473 4017 3679 4071 materie
3707 4015 3879 4087 (Plin.

2285 4101 2408 4156 ibid.
2439 4119 2553 4174 cap.
2574 4105 2631 4170 5,
2660 4123 2712 4174 p.
2743 4107 2860 4176 59).
2889 4106 3042 4175 Quod
3063 4109 3277 4178 quidem
3308 4121 3363 4164 et
3391 4111 3523 4164 Ilion
3548 4109 3765 4178 (Diom,
3786 4109 3878 4162 lib.

2286 4192 2335 4248 Χ
2383 4196 2536 4251 Rom.
2568 4195 2792 4270 Hister.)
2820 4211 2873 4256 et
2901 4201 3181 4257 Cornelius
3212 4202 3426 4258 Tacitus
3449 4203 3771 4258 c-ndirmant
3794 4200 3880 4274 (C.

2289 4286 2453 4343 Tacit.
2478 4287 2565 4343 lib.
2587 4289 2702 4354 XII,
2724 4290 2913 4346 Annal.
2941 4303 3050 4347 ant.
3069 4292 3210 4365 fin.).
3240 4295 3339 4362 Qui
3369 4297 3520 4365 plura
3549 4296 3616 4349 de
3645 4295 3744 4349 hoc
3788 4310 3882 4348 ro-

2287 4399 2564 4438 mauarum
2579 4387 2858 4441 mulierum
2883 4388 3007 4442 luxu
3030 4389 3168 4442 scire
3197 4389 3444 4451 voluerit,
3466 4391 3514 4443 is
3530 4389 3683 4443 adeat
3706 4387 3882 4442 Meur-

2286 4477 2424 4532 sium
2446 4477 2665 4551 (Meurs.
2696 4479 2781 4533 lib.
2817 4481 2880 4534 de
2909 4479 3058 4536 Luxu
3090 4480 3311 4537 Roman.
3356 4499 3472 4552 cap.
3505 4482 3540 4535 4
3569 4491 3615 4536 et
3668 4496 3802 4549 seqq.
3833 4477 3880 4550 )ι

585 4559 770 4613 mabile
796 4569 889 4625 est,
913 4559 960 4612 si
985 4575 1097 4626 qua:
1115 4560 1398 4614 sacerdotes
1427 4560 1686 4630 pudicitia:
1713 4559 1942 4614 diciatini
1967 4559 2183 4627 impudi-

2285 4567 2676 4644 Kobierzykum
2707 4572 2987 4644 (Kobierz.
3017 4574 3106 4629 lib.
3140 4576 3156 4630 I
3187 4576 3249 4630 de
3279 4575 3426 4630 Luxu
3457 4574 3638 4642 Ront.,
3671 4591 3787 4644 cap.
3821 4572 3879 4639 8,

585 4668 761 4706 carum
800 4653 901 4706 ritu
933 4652 1219 4722 procedutis
1242 4654 1394 4706 culta:
1413 4661 1461 4706 et
1480 4651 1732 4720 expietur?
1757 4653 1855 4705 Ant
1873 4652 1996 4719 quid
2017 4652 2182 4704 minus

586 4745 770 4800 habent
789 4744 1152 4816 infelicissima:
1177 4744 1282 4798 illa
1304 4744 1625 4813 publicarum
1647 4742 1914 4798 libidinum
1939 4744 2176 4808 victinue,

585 4853 710 4907 quas
733 4837 777 4890 si
809 4851 926 4908 qua:
947 4837 1082 4908 leges
1109 4853 1140 4889 a
1175 4836 1490 4892 ntaritalibus
1509 4846 1556 4890 et
1577 4835 1942 4891 ntatroualibus
1963 4836 2178 4888 decora-

587 4928 766 4982 mentis
789 4929 1101 4995 coercebant,
1129 4929 1237 4994 iant
1265 4937 1396 4982 certe
1421 4930 1596 4982 steculi
1625 4928 1919 4998 improbitas
1956 4929 2180 4998 quotidie

584 5020 848 5090 insurgens
877 5019 1238 5072 honestissimis
1265 5019 1543 5089 quibusque
1573 5021 1790 5091 fwtninis
1819 5037 1974 5085 usque
2002 5020 2070 5073 ad
2094 5037 2177 5074 er-

585 5128 750 5166 rorem
799 5111 1130 5180 dignoscendi
1166 5113 1439 5182 coaequavit
1486 5109 1693 5184 (Idem,
1740 5111 1829 5167 lib.
1860 5111 1902 5166 ll
1928 5114 1990 5166 de
2027 5110 2180 5166 Cultu

555 5190 567 5201 ’
587 5205 782 5276 fwnrin.
815 5219 861 5257 c.
893 5202 1001 5274 1‘2).
1036 5201 1171 5258 Tum
1197 5204 1354 5273 paulo
1383 5213 1501 5272 post
1530 5223 1542 5257 :
1579 5202 1806 5256 Thamar
1844 5203 1956 5266 illa,
1987 5219 2102 5273 qua:
2128 5219 2183 5257 se

586 5299 890 5369 erpinxerat
919 5309 962 5352 et
991 5307 1278 5363 ornaverat,
1326 5297 1516 5351 idcirco
1557 5293 1712 5350 Iuda:
1756 5296 2044 5366 suspicione
2073 5295 2180 5349 visa

587 5400 659 5444 est
688 5390 901 5459 quaestui
929 5389 1120 5456 sedere,
1151 5390 1378 5458 adeoque
1403 5389 1493 5444 sub
1526 5389 1805 5442 velamento
1838 5388 2047 5452 latebat,
2080 5391 2178 5440 ha-

589 5479 718 5536 bitus
746 5481 989 5551 qualitate
1013 5483 1378 5553 qua'stuariam
1408 5481 1714 5546 mentiente;
1738 5490 1792 5534 ut
1820 5481 2183 5550 quiestnariam

587 5582 635 5626 et
665 5574 895 5640 voluerit,
927 5586 973 5628 et
1001 5577 1392 5647 compellaverit,
1423 5586 1468 5630 et
1497 5585 1676 5646 pactus
1713 5575 1777 5628 sit
1805 5573 1940 5646 (ib.).
1965 5572 2075 5630 Nec
2095 5573 2188 5628 ab-

589 5665 750 5720 simili
768 5665 927 5721 modo
947 5667 1300 5740 Hieronymus
1315 5667 1576 5736 :Thamar,
1599 5669 1786 5740 inquit,
1805 5668 1896 5722 sub
1907 5667 2072 5738 specie
2089 5681 2193 5720 me-

590 5758 787 5811 retricis
811 5757 946 5828 fallit
972 5757 1167 5814 ludam
1194 5759 1523 5832 (Hieronym.
1552 5761 1641 5816 lib.
1673 5761 1832 5817 Iade.
1865 5759 2192 5830 Pelagium).

2285 4672 2332 4715 et
2361 4679 2496 4734 seqq.
2527 4668 2567 4732 ).
2613 4679 2677 4718 ac
2721 4667 2763 4719 si
2809 4677 2983 4732 vacat,
3033 4683 3096 4722 ea
3146 4685 3262 4739 qua-
3291 4683 3390 4724 nos
3437 4669 3564 4724 alibi
3593 4663 3884 4723 annotavi-

2285 4770 2421 4810 mus.
2454 4755 2642 4828 (Tom.
2668 4757 2684 4812 Ι
2711 4761 2984 4832 Apparet,
3011 4779 3063 4831 p.
3094 4760 3243 4833 799..)

2893 4892 3185 4933 ARTICULUS
3235 4892 3308 4932 γι.

2283 4982 2606 5054 Expenditur
2638 4999 2828 5058 quanta
2863 4992 3124 5046 severitate
3158 5008 3278 5047 usus
3306 4991 3407 5046 uini
3433 4989 3730 5045 mulieribus
3759 4990 3884 5043 olim

2350 5078 2643 5134 interdictus
2681 5082 2860 5153 fuerit,
2905 5101 2966 5139 ac
3011 5101 3163 5156 quam
3206 5087 3444 5156 impune,
3500 5094 3706 5155 propter
3739 5085 3886 5138 illius

2354 5173 2584 5237 abusum,
2634 5191 2814 5232 uxores
2852 5196 2884 5230 a
2931 5179 3052 5232 viris
3089 5179 3195 5233 suis
3233 5178 3502 5234 trucidata!
3527 5177 3624 5232 sint
3665 5191 3683 5231 :
3725 5193 3889 5247 quam

2356 5264 2681 5330 immoderate
2722 5280 2894 5340 postea
2922 5287 2954 5323 a
2992 5271 3214 5341 fmminis
3246 5279 3526 5336 sumptum,
3553 5281 3664 5334 ante
3691 5266 3890 5320 idcirco

2360 5359 2565 5414 solitum
2594 5362 2822 5415 osculum
2852 5364 3150 5434 prapinquts
3168 5363 3424 5433 porrigere
3449 5378 3550 5415 non
3577 5359 3834 5415 audebant
3870 5373 3891 5414 :

2357 5475 2509 5528 quam
2565 5461 2796 5529 frequens
2849 5456 3001 5527 fuerit
3051 5471 3267 5508 uxorum
3322 5453 3642 5525 repudiatio.
3709 5451 3891 5520 priscis

2362 5551 2668 5622 temporibus
2694 5551 2987 5622 incognita;
3012 5567 3072 5603 ac
3100 5566 3202 5619 qua
3230 5550 3426 5603 ratione
3458 5547 3647 5601 ethnici
3684 5546 3895 5617 proavis

2364 5646 2469 5698 suis
2503 5645 2736 5698 nuntium
2782 5659 3029 5710 sermone,
3057 5653 3106 5696 et
3136 5640 3373 5712 loquendi
3403 5641 3554 5695 modo
3578 5639 3894 5696 remiserint.

2364 5757 2508 5813 Nihil
2537 5773 2667 5815 sane
2694 5759 2912 5830 antiqua
2933 5757 3296 5814 Romanorum
3325 5756 3591 5829 probitate
3617 5755 3791 5828 magis
3809 5753 3900 5811 di-
