4170 6264
267 231 403 294 1001

1411 225 1869 285 DISSERTATIO
1907 228 1972 285 1).
2011 227 2100 287 LE
2136 227 2445 290 NOURRY.

3442 237 3584 298 1002

262 366 451 422 gnum,
469 360 629 422 quam
655 344 885 402 salubris
905 343 994 399 illa
1010 341 1411 415 severitas,'qua
1430 344 1536 399 vini
1563 358 1690 399 usus
1713 343 1877 399 fmmi-
1903 345 1958 406 Α
2053 345 2192 414 Quid
2217 346 2408 416 plura?
2437 344 2741 403 Gentilibus
2760 345 2933 401 adhuc
2960 347 3158 416 probro
3178 348 3382 404 Auctor
3402 307 3586 406 noster

265 444 353 502 nis
385 441 789 500 itainterdictus
817 439 1006 504 fuerat,
1053 447 1110 492 ut
1137 446 1456 503 matronam,
1479 437 1633 493 sicuti
1659 437 1874 493 Tertul-

263 535 444 592 lianus
493 544 676 590 noster
713 541 992 596 memorat,
1041 530 1104 584 ob
1155 529 1440 598 resignatos
1473 529 1616 582 cella:
1667 529 1877 583 vinaria!

267 627 466 682 loculos
479 627 560 681 sui
580 623 751 679 inedid
775 621 1024 676 necarint.
1055 620 1166 675 Sub
1191 619 1412 674 Romulo
1438 635 1554 674 vero
1573 637 1686 688 qua
1705 621 1875 674 vinum

268 723 530 792 attigerat,
562 716 824 787 impunea
867 714 1108 769 Mecenio
1136 715 1319 768 marito
1365 714 1616 768 trucidata
1651 725 1742 768 est.
1775 713 1874 767 Id-

267 815 404 870 circo
433 823 479 867 et
501 811 674 866 oscula
701 809 1000 880 propinquis
1026 806 1213 875 o/ferre
1240 808 1508 862 necessitas
1533 815 1660 872 erat,
1690 816 1743 860 ut
1769 808 1877 878 spi-

269 906 372 960 ritu
383 901 778 977 judicarentur(
801 898 1106 954 Tertullian.
1126 899 1396 970 Apologet.
1419 915 1535 970 cap.
1565 898 1618 963 6,
1645 916 1697 968 p.
1718 897 1874 969 303).

271 996 472 1052 Eadem
495 995 671 1066 plane,
692 995 792 1049 etsi
825 1008 933 1048 non
960 993 1152 1048 eodem
1177 992 1387 1059 ordine,
1420 993 1619 1048 clarius
1644 994 1876 1063 explicat

271 1091 476 1148 Plinius
500 1108 514 1144 :
539 1088 654 1144 Non
679 1087 895 1150 licebat,
917 1087 1107 1157 inquit,
1127 1086 1182 1140 id
1205 1084 1434 1157 (viuum)
1461 1085 1680 1154 [writinis
1701 1086 1878 1141 Roma!

273 1184 457 1240 bibere.
486 1181 785 1238 Invenimus
809 1181 941 1234 inter
970 1180 1204 1250 exempla
1225 1222 1240 1244 ,
1275 1179 1485 1250 Egnatii
1501 1179 1714 1234 Mecenii
1745 1197 1875 1235 uxo-

273 1293 398 1341 rem,
430 1277 565 1347 quod
594 1275 764 1328 vinum
790 1272 988 1327 bibisset
1027 1288 1054 1325 e
1081 1271 1242 1339 dolio,
1283 1272 1602 1341 interfectam
1647 1272 1808 1342 fuisse
1833 1275 1877 1344 ζα

275 1369 493 1432 marito,
542 1381 754 1434 eumque
799 1365 954 1419 caulis
998 1380 1029 1417 a
1069 1362 1291 1418 Romulo
1326 1364 1635 1420 absolutum.
1683 1363 1877 1421 Fabius

277 1460 458 1516 Pictor
482 1461 538 1514 in
564 1457 846 1513 Annalibus
867 1459 972 1512 suis
1001 1457 1204 1527 scripsit
1234 1467 1540 1522 matronam,
1573 1457 1709 1526 quod
1739 1460 1879 1513 locu-

278 1553 376 1618 los,
403 1553 458 1606 in
485 1551 666 1621 quibus
696 1558 837 1604 erant
867 1549 1030 1603 claves
1058 1549 1272 1602 vinaria:
1299 1549 1458 1613 cellte,
1501 1550 1874 1621 resignauisset,

278 1662 310 1699 a
330 1646 434 1700 suis
459 1645 628 1698 inedia
646 1645 773 1697 mori
796 1652 1052 1704 coactam;
1072 1640 1219 1706 Cato,
1241 1641 1356 1696 ideo
1385 1641 1696 1712 propinquos
1715 1642 1878 1713 [mmi-

1979 439 2161 503 vertit,
2193 437 2336 508 quod
2361 439 2643 494 evanuerit
2672 439 2844 508 prisca
2874 439 3091 510 felicitas
3117 442 3580 508 matrimoniorum,

1978 528 2042 583 de
2065 529 2287 583 moribus
2308 530 2478 600 utique
2497 539 2816 602 prosperata,
2833 547 2953 602 qua,
2973 547 3060 600 per
3081 547 3241 585 annos
3259 532 3364 602 fere
3378 550 3586 588 sexcen-

1978 629 2057 676 tos
2097 621 2158 676 ab
2194 620 2330 678 Urbe
2358 622 2596 691 condita,
2647 624 2793 678 nulla
2838 624 3110 692 repudium
3147 625 3331 679 domus
3359 628 3582 697 scripsit.
3615 627 3618 630 ’

1979 712 2220 783 (Tertull.
2241 755 2259 780 ,
2288 715 2442 786 ibid.)
2471 713 2636 772 Visne
2665 714 2716 768 id
2750 715 2843 770 tibi
2885 715 3074 786 graecis
3101 716 3419 785 quibusdam
3465 718 3592 773 lati-

1977 808 2168 878 nisque
2206 809 2436 864 testibus
2469 808 2726 877 probari?
2757 807 2964 864 Primus
2998 809 3104 864 erit
3152 808 3439 881 Dionysius
3484 809 3590 864 Ha-

1978 901 2336 958 licarnasseus
2355 943 2372 969 ,
2404 903 2558 971 cujus
2585 902 2700 957 haec
2735 910 2861 957 sunt
2887 901 3048 957 verba
3074 921 3086 956 :
3116 893 3434 969 ὁμολογεῖται
3462 909 3593 965 ἐντὸς

1978 1001 2095 1049 ἐτῶν
2121 1003 2270 1049 εἴκοσι
2296 998 2380 1048 ιιιιῖ
2406 999 2723 1048 πεντακοσίων
2745 997 2911 1062 μηδεὶς
2944 999 2990 1048 ἓν
3011 982 3161 1064 ῥώμῃ
3198 997 3477 1057 διαλυθῆναι
3501 1003 3590 1061 γᾶ.-

1977 1106 2084 1157 μος⁸
2137 1095 2265 1143 κακτά
2327 1101 2416 1149 τὴν
2466 1091 2670 1155 ἑϐδόμην
2713 1094 2792 1142 lari
2831 1091 2941 1146 ταῖς
2987 1089 3246 1155 τριάκοντα
3293 1099 3377 1142 καὶ
3427 1096 3601 1144 ἔκανε-ὸν

1978 1172 2301 1246 ὀλυμπιάσιν,
2352 1180 2677 1234 itare/nmium
2725 1184 2929 1249 Μάρκου
2976 1184 3401 1246 Πομπωνίουμιιιῑ
3446 1187 3596 1236 Γαίου

1979 1277 2262 1343 Πεπυρίου,
2311 1287 2494 1342 πρῶτος
2542 1274 2781 1325 ἀπολῦσαι
2829 1277 3015 1336 λέγεται
3055 1277 3146 1331 τήν
3176 1279 3348 1326 id.wa
3383 1278 3591 1340 γυναῖκα

1981 1369 2208 1433 Σπούριος
2247 1371 2558 1434 Καρουιλλως
2585 1367 2699 1431 ἀνὴρ
2732 1367 2812 1417 οὐκ
2840 1368 3019 1434 ἀφυὴς
3043 1404 3058 1428 ,
3084 1366 3472 1434 ἀνιγχαξομένος
3499 1374 3593 1422 ὕπὸ

1977 1470 2072 1508 τῶν
2107 1471 2321 1520 τιμητῶν
2350 1458 2527 1521 ὀμόσαι
2549 1462 2720 1508 τέκνων
2762 1461 2894 1507 ἕνεκα.
2940 1465 3126 1519 γυναικὶ
3164 1468 3233 1523 μὴ
3264 1473 3505 1514 συνθανεῖν
3538 1465 3594 1523 ἧν

1983 1546 2024 1599 δ’
2048 1550 2179 1617 αὐτῷ
2195 1554 2360 1618 στείρα
2384 1556 2413 1606 ἡ
2435 1558 2572 1614 γυνή,
2593 1554 2641 1607 ὃς
2664 1551 2742 1601 ἰπὶ
2767 1559 2836 1616 τῷ
2855 1555 2970 1618 ἔργῳ
2991 1554 3164 1618 τούτῳ,
3183 1551 3432 1605 utmost
3456 1556 3598 1620 ἀνάγ-ι

1979 1665 2068 1703 nm
2085 1649 2331 1712 γινομένῳ,
2355 1646 2631 1710 μισούμενος
2661 1647 2750 1694 ὑπὸ
2775 1648 2861 1696 τοῦ
2892 1633 3045 1708 δῆμοο
3075 1645 3346 1699 διετέλεσα.
3373 1643 3594 1699 Constat

280 1736 362 1790 nis
400 1735 629 1790 osculum
657 1734 817 1802 dare,
860 1744 916 1786 ut
951 1733 1132 1787 scirent
1158 1750 1225 1786 an
1256 1743 1490 1788 temetum
1519 1732 1729 1788 olerent.
1764 1733 1876 1789 Hoc
1905 1736 1954 1797 B
1983 1751 2071 1804 per
2115 1750 2278 1788 annos
2330 1732 2436 1788 520
2489 1733 2688 1787 nullum
2732 1732 2980 1785 accidisse
3022 1733 3315 1788 divortium.
3361 1735 3596 1802 Septima

281 1838 388 1882 tum
405 1843 585 1882 nomen
598 1826 712 1880 vino
723 1836 852 1894 erat,
872 1826 1006 1881 unde
1017 1836 1063 1880 et
1079 1827 1369 1881 temulentia
1394 1827 1653 1897 appellata
1686 1825 1854 1901 (Plin.
1866 1869 1881 1894 ,

282 1921 370 1978 lib.
404 1921 523 1976 XIV
566 1931 738 1975 natur.
774 1919 936 1984 IIist.,
967 1937 1083 1991 cap.
1119 1922 1208 1985 15,
1244 1938 1366 1993 pag.
1421 1920 1571 1993 142).
1611 1921 1743 1989 Quis
1787 1937 1886 1977 au-

283 2024 388 2071 tem
441 2013 596 2069 facile
627 2013 728 2069 sibi
779 2029 886 2068 non
931 2013 1275 2084 persuadebit
1319 2014 1435 2070 haec
1478 2014 1656 2069 omnia
1693 2029 1724 2069 a
1754 2013 1885 2071 Ter-

288 2108 512 2164 tulliano
550 2121 656 2162 non
701 2107 772 2162 ita
800 2106 960 2162 simul
985 2107 1236 2177 conjungi
1270 2107 1538 2178 potuisse,
1568 2109 1670 2162 nisi
1701 2123 1763 2163 ea
1799 2108 1885 2163 vel

287 2217 354 2257 ex
401 2201 517 2272 ipso
542 2198 737 2266 Plinio,
781 2197 866 2253 vel
892 2198 1081 2254 iisdem
1120 2213 1183 2254 ac
1210 2198 1302 2254 ille
1340 2199 1571 2255 fontibus
1613 2199 1887 2255 hauserit?

287 2292 456 2347 Paulo
509 2291 652 2347 enim
703 2288 862 2345 aliter
893 2288 1138 2344 Valerius
1190 2288 1450 2345 Maximus
1506 2298 1690 2345 narrat
1741 2290 1884 2345 illam

289 2383 504 2454 Egnatii
533 2380 757 2438 Mecenii
779 2395 1002 2437 uxorem
1023 2423 1037 2447 ,
1073 2395 1140 2436 eo
1167 2381 1310 2452 quod
1331 2382 1514 2436 vinum
1547 2381 1789 2446 biberat,
1818 2380 1888 2436 ab

289 2490 358 2531 eo
412 2476 782 2544 interemptam
820 2473 937 2528 sine
995 2481 1308 2528 accusatore
1361 2483 1454 2528 aut
1501 2472 1890 2544 reprehensore

293 2565 441 2640 (Val.
463 2565 632 2630 Max,
659 2564 746 2619 lib.
767 2563 854 2629 Vl,
872 2581 988 2635 cap.
1016 2565 1070 2627 3,
1098 2563 1126 2636 ᾖ
1155 2563 1234 2634 9);
1263 2565 1512 2635 quoniam
1540 2580 1730 2621 omnes
1777 2565 1891 2620 exi-

291 2657 580 2714 stimabant
605 2639 797 2725 optimo
822 2655 968 2709 illam
990 2655 1224 2726 exemplo
1251 2655 1453 2710 uiolata:
1474 2655 1760 2712 sobrietatis
1785 2672 1892 2728 pae-

293 2767 384 2806 nas
408 2750 560 2805 luisse
580 2747 774 2821 (Idem,
799 2747 888 2801 lib.
921 2746 986 2811 Il,
1013 2764 1128 2818 cap.
1166 2749 1215 2812 1,
1241 2745 1268 2818 §
1299 2745 1380 2819 5).

364 2841 521 2896 Prius
546 2855 672 2896 vero
700 2839 911 2894 dixerat
935 2837 1044 2893 viui
1072 2853 1224 2892 usum
1264 2838 1391 2892 olim
1435 2839 1671 2894 romanis
1712 2837 1891 2896 itemi-

295 2935 376 2990 nis
403 2937 664 3004 ignotum;
691 2931 815 3002 quia
846 2931 1125 3001 proximus
1163 2939 1244 2984 est
1272 2929 1396 2984 inde
1425 2929 1490 2983 ad
1525 2931 1890 2986 inconcessam

296 3040 542 3081 venerem
572 3021 786 3096 gradus.
816 3021 956 3090 Quin
985 3021 1144 3075 etiam
1170 3021 1238 3074 ab
1260 3021 1324 3074 A.
1353 3019 1528 3076 Gellio
1557 3037 1767 3077 rursum
1808 3023 1882 3077 ci-

1987 1815 2189 1880 demum
2203 1840 2360 1892 supra
2379 1823 2701 1877 centesimam
2716 1832 2765 1876 et
2779 1821 3084 1876 tricesimam
3096 1823 3389 1893 olytnpiade
3417 1825 3596 1884 Marco

1986 1915 2275 1984 Pomponio
2293 1924 2341 1968 et
2377 1913 2434 1971 C.
2463 1913 2698 1986 Papyrio
2715 1913 3026 1980 consulibus,
3055 1917 3249 1984 primus
3264 1917 3449 1974 dicitur
3464 1937 3598 1978 uxo-

1986 2025 2092 2063 rem
2119 2008 2373 2062 dimisisse
2391 2007 2490 2081 Sp.
2513 2005 2790 2072 Carvilius,
2820 2007 2896 2061 vir
2921 2023 3024 2061 non
3049 2007 3314 2076 obscurus,
3341 2025 3544 2074 coactu;
3569 2036 3604 2074 α

1988 2101 2277 2155 censoribus
2297 2101 2480 2170 jurare
2505 2098 2778 2153 liberorum
2803 2115 2986 2153 caussa
3013 2115 3070 2154 se
3094 2103 3367 2178 conjugem
3395 2125 3498 2163 non
3515 2125 3603 2164 τε-

1990 2192 2148 2246 tinere
2167 2209 2186 2258 ;
2207 2201 2315 2245 erat
2343 2191 2477 2245 enim
2501 2190 2724 2254 sterilis;
2750 2191 2838 2261 qui
2875 2190 2935 2245 ob
2969 2192 3065 2248 hoc
3114 2200 3307 2264 factum
3327 2241 3341 2266 ,
3371 2202 3602 2270 quamvis

1989 2285 2285 2340 necessitate
2311 2283 2626 2354 compulsus,
2654 2285 2706 2338 in
2736 2294 3037 2356 perpetuum
3073 2304 3254 2345 exosus
3281 2293 3382 2361 fuit
3408 2293 3602 2362 populo

1992 2376 2234 2451 (Dionys.
2265 2375 2562 2440 Halicarn.,
2582 2376 2669 2431 lib.
2694 2375 2738 2431 ιι
2763 2361 3011 2448 Αηιίιιῖιξι.
3041 2380 3194 2437 Rom.
3227 2398 3348 2453 pag.
3383 2361 3499 2455 96).

2069 2469 2242 2524 Latini
2269 2483 2398 2524 vero
2424 2467 2715 2539 scriptores
2739 2468 2983 2524 Valerius
3013 2471 3278 2528 Maximus
3299 2484 3353 2530 et
3379 2475 3448 2532 A.
3471 2474 3603 2531 Gel-

1993 2561 2097 2617 lius
2121 2560 2310 2616 eadem
2355 2559 2546 2616 litteris
2586 2559 2973 2616 mandaverunt
3005 2561 3153 2632 (Val.
3188 2562 3361 2630 Man,
3415 2566 3504 2622 lib.
3535 2566 3603 2633 ll,

1994 2669 2112 2724 cap.
2142 2652 2247 2724 ‘l,§
2285 2653 2364 2723 4),
2388 2655 2491 2708 nisi
2522 2651 2665 2723 quod
2696 2651 2920 2719 Gellius,
2951 2657 3114 2709 citato
3163 2665 3388 2712 auctore
3413 2658 3606 2714 Servio

1994 2743 2256 2814 Sulpicio,
2307 2754 2489 2798 narrat
2538 2743 2592 2798 id
2641 2743 2936 2814 contigisse
2977 2759 3118 2799 anno
3161 2745 3324 2802 Urbis
3367 2749 3603 2804 conditae

1993 2836 2101 2892 5‘23
2127 2878 2142 2900 ,
2167 2835 2234 2890 Μ.
2286 2835 2454 2890 Attilo
2501 2843 2556 2890 et
2602 2835 2660 2889 P.
2697 2835 2910 2890 Valerio
2938 2837 3250 2892 consulibus
3290 2839 3310 2910 (
3339 2841 3404 2896 Α.
3440 2839 3604 2908 Gell.,

1996 2927 2086 2983 lib.
2147 2926 2215 2982 IV
2261 2925 2420 2984 Noct.
2459 2926 2614 3000 Attio.
2645 2943 2762 2996 cap.
2795 2928 2849 2991 5,
2883 2945 3002 2999 pag.
3033 2928 3181 2999 278).
3214 2931 3322 2989 Sed
3349 2934 3420 2993 ibi
3455 2947 3606 2993 certe

1995 3026 2088 3074 aut
2116 3025 2301 3088 postea
2345 3017 2532 3072 subest
2561 3017 2755 3087 aliquis
2791 3018 2933 3073 illius
2964 3022 3261 3090 memoriae,
3286 3025 3368 3082 vel
3401 3026 3609 3089 librarii,

296 3125 436 3172 tatur
461 3114 630 3183 Cato,
677 3113 768 3185 qui
798 3111 1018 3168 tradidit
1050 3111 1240 3168 eodem
1277 3112 1438 3168 modo
1484 3112 1892 3169 condemnatam
1923 3123 1967 3186 ο
2000 3125 2174 3167 error.
2203 3107 2337 3164 Nam
2369 3109 2476 3164 alio
2507 3109 2560 3162 in
2587 3108 2728 3164 libro
2756 3109 2942 3166 scribit
2971 3111 3101 3167 illud
3144 3122 3321 3170 actum
3347 3132 3512 3188 anno
3537 3119 3614 3175 ab

300 3208 604 3275 mulierem,
633 3220 754 3277 quas
794 3213 886 3259 aut
913 3204 1096 3259 vinum
1137 3203 1384 3273 biberat,
1415 3213 1508 3259 aut
1537 3205 1588 3259 in
1630 3205 1895 3261 adulterio

296 3297 468 3353 fuerat
485 3295 815 3366 deprehensa
833 3295 919 3368 (Α.
937 3293 1093 3360 Gell.,
1114 3295 1202 3350 lib.
1228 3294 1277 3350 X
1309 3294 1465 3351 Noct.
1491 3295 1643 3351 Attic.
1665 3313 1782 3366 cap.
1799 3297 1893 3362 25,

297 3408 418 3462 pag.
453 3391 602 3460 557).
635 3388 714 3444 Ad
754 3388 868 3444 inec
906 3383 1066 3454 vero,
1109 3391 1407 3444 Athenaeus
1437 3404 1540 3444 non
1593 3390 1764 3444 solum
1787 3391 1896 3446 vini

298 3483 612 3540 mulieribus
632 3497 662 3536 a
689 3481 943 3537 Romanis
968 3481 1235 3537 interdicti
1265 3483 1593 3539 mentionem
1626 3484 1769 3549 facit,
1800 3485 1893 3539 sed

299 3575 504 3631 addidit
547 3574 765 3645 insuper
794 3574 982 3628 cellam
1013 3573 1271 3638 vinariam
1301 3573 1365 3629 iis
1392 3588 1497 3629 non
1528 3575 1891 3642 commissam,

300 3677 354 3723 et
382 3666 628 3722 osculum
669 3681 698 3718 a
731 3665 939 3719 maritis
959 3675 1012 3720 et
1038 3666 1278 3735 cognatis
1307 3665 1506 3732 idcirco
1550 3675 1852 3736 porrectum
1877 3709 1893 3732 ,

255 3773 272 3779 ‘
303 3767 358 3812 ut
388 3765 608 3826 possent
629 3755 852 3810 odoratu
877 3770 1168 3825 agnoscere
1193 3765 1370 3811 utrum
1399 3771 1584 3812 revera
1613 3759 1790 3813 vinum
1818 3758 1899 3813 bi-

302 3849 506 3906 bissent
526 3851 808 3918 (Athenw.,
837 3848 926 3902 lib.
970 3847 1039 3914 X,
1069 3845 1448 3919 Deipnosoplt.,
1474 3865 1588 3919 cap.
1612 3849 1663 3914 7,
1690 3868 1741 3920 p.
1767 3849 1896 3918 429,

302 3955 347 3997 et
373 3960 488 4014 cap.
515 3943 603 4008 11,
633 3957 754 4012 pug.
781 3940 937 4010 M0).
965 3941 1039 3995 De
1063 3938 1163 3994 hac
1193 3951 1374 3996 autem
1399 3942 1506 3996 vini
1530 3940 1900 3998 interdictione

301 4035 409 4106 jam
439 4035 825 4105 disputavimus
847 4032 1140 4106 (Dissertat.
1170 4035 1223 4088 in
1254 4036 1448 4091 Arnob;
1463 4053 1580 4106 cap.
1605 4037 1660 4105 4,
1689 4045 1790 4091 art.
1817 4037 1896 4109 1).

379 4131 575 4186 Contra
604 4130 740 4184 hanc
768 4139 943 4183 tamen
977 4129 1146 4200 legem
1179 4150 1193 4185 :
1226 4128 1348 4184 Pra:
1387 4130 1524 4195 vino,
1566 4130 1734 4201 inquit
1766 4130 1900 4185 Ter-

311 4224 584 4286 tulliauus,
628 4221 842 4274 nullum:
864 4221 1078 4274 liberum
1112 4230 1184 4274 est
1222 4221 1451 4275 osculum
1493 4219 1897 4289 (Tertullianus,

306 4315 575 4385 Apologet.
600 4329 646 4368 c.
667 4313 724 4379 6,
746 4329 797 4383 p.
813 4311 962 4383 304).
978 4315 1045 4367 At
1065 4313 1116 4367 in
1132 4313 1260 4367 illud
1281 4314 1555 4369 ebrietatis
1573 4316 1755 4369 vitium
1771 4316 1902 4371 varii

309 4412 620 4477 scriptores,
657 4420 720 4462 ac
748 4406 1086 4475 potissimum
1108 4407 1324 4477 satyrici
1359 4416 1530 4476 poetae
1557 4408 1898 4465 invehuntur.

2002 3200 2147 3258 Urbe
2173 3201 2391 3257 condita
2416 3202 2850 3272 quingentesimo
2878 3202 3291 3262 undevicesimo
3314 3250 3329 3276 ,
3376 3225 3483 3280 quo
3514 3211 3609 3268 alii

2000 3295 2226 3368 proinde
2265 3295 2516 3351 consules
2546 3309 2667 3352 esse
2710 3295 3008 3362 debebant,
3042 3298 3185 3367 iique
3213 3299 3436 3354 forsitan
3459 3302 3606 3372 quia

2000 3388 2257 3460 Dionysio
2312 3386 2719 3444 Halicarnasseo
2773 3397 3028 3444 notantur
3079 3388 3270 3461 (Idem,
3303 3391 3391 3447 lib.
3439 3392 3606 3456 XVII,

2000 3495 2115 3550 cap.
2145 3478 2238 3544 21,
2269 3495 2390 3550 pag.
2423 3477 2612 3550 1008).

2074 3570 2155 3626 Ab
2198 3569 2282 3625 his
2331 3570 2511 3641 itaque
2559 3578 2667 3625 tam
2713 3572 2880 3642 requis
2927 3581 2984 3629 et
3008 3574 3246 3630 moribus
3293 3584 3348 3630 et
3401 3577 3613 3648 legibus

2000 3664 2157 3735 plane
2183 3663 2496 3735 penitusque
2509 3664 3082 3735 desciverantethnici,
3107 3670 3299 3739 quibus
3315 3673 3612 3747 repudium,

2000 3757 2076 3810 ait
2101 3755 2488 3821 Tertullianus,
2510 3757 2623 3828 jam
2653 3767 2698 3810 et
2720 3767 2888 3812 votum
2916 3768 3010 3827 est,
3042 3767 3088 3812 et
3117 3763 3262 3830 quasi
3279 3765 3476 3836 [ructus
3499 3781 3609 3819 ma-

2002 3851 2227 3904 trimonii
2269 3847 2549 3920 (Tertull.,
2594 3850 2772 3922 ibid.).
2804 3852 2984 3925 Neque
3032 3855 3324 3925 suspiceris
3375 3857 3608 3928 aliquam

2003 3941 2094 3997 hic
2143 3940 2365 3996 subesse
2405 3939 2547 3995 illius
2575 3941 3071 4011 amplificationem.
3113 3943 3430 4015 Suspectum
3463 3950 3610 4003 enim

2003 4048 2112 4088 non
2140 4031 2365 4088 habebis
2389 4031 2672 4098 Senecam,
2704 4035 2857 4104 cujus
2884 4033 3000 4088 haec
3030 4034 3098 4089 de
3129 4036 3350 4104 repudio
3379 4037 3613 4107 legimus

2007 4127 2172 4183 verba
2206 4143 2218 4180 :
2251 4124 2515 4197 Numquid
2554 4128 2666 4198 jam
2737 4127 2846 4181 ulla
2883 4127 3098 4194 repudio
3146 4129 3426 4196 erubescit,
3467 4142 3612 4201 post-

2004 4236 2158 4291 quam
2177 4219 2400 4272 illustres
2425 4218 2660 4287 quendam
2679 4235 2740 4272 ac
2754 4218 2944 4272 nobiles
2965 4219 3204 4289 (mutinae,
3226 4237 3326 4275 non
3342 4227 3609 4281 consulum

2007 4327 2248 4376 numero,
2292 4311 2381 4364 sed
2412 4309 2715 4364 maritorum
2757 4325 2963 4380 suorum
3004 4325 3165 4366 annos
3208 4324 3520 4385 computant,
3561 4327 3611 4370 et

2007 4412 2189 4456 exeunt
2211 4402 2523 4456 matrimonii
2548 4417 2750 4468 caussa,
2775 4402 2966 4455 nubunt
2988 4405 3208 4474 repudii.
3234 4404 3455 4459 Tamdiu
3477 4408 3611 4461 illud

308 4499 412 4557 Sed
443 4500 670 4556 sufﬁciet
698 4500 750 4554 in
791 4515 904 4555 rem
938 4500 1271 4556 notissimam
1301 4499 1417 4556 haec
1447 4501 1695 4557 retulisse
1737 4502 1899 4558 Juve-
1928 4515 1981 4575 D
2009 4494 2290 4558 timebatur.
2341 4491 2582 4564 quanuﬁu
2625 4511 2799 4548 rarum
2843 4507 2992 4562 erat;
3025 4499 3144 4566 quia
3166 4513 3282 4550 vero
3321 4498 3463 4551 nulla
3502 4501 3611 4554 sine

312 4594 450 4648 nalis
490 4593 747 4659 carmina,
778 4593 973 4663 quibus
1002 4609 1087 4660 ea,
1111 4609 1230 4664 qua:
1261 4609 1366 4649 non
1414 4594 1573 4649 modo
1617 4595 1684 4650 de
1727 4598 1904 4653 ebrie-

314 4693 442 4746 tate,
475 4682 567 4737 sed
610 4682 736 4738 luxu
779 4683 940 4738 etiam
987 4684 1038 4738 in
1088 4683 1356 4755 superiori
1391 4685 1618 4741 articulo
1647 4687 1899 4756 diximus,

313 4769 594 4826 manifeste
623 4769 1012 4826 confirmantur
1046 4789 1058 4825 :

407 4859 604 4928 ﬁullum
625 4861 812 4928 crimen
839 4862 998 4920 abest,
1023 4860 1308 4928 facinusque
1333 4861 1560 4924 libidinis,
1581 4876 1645 4914 ex
1664 4877 1763 4928 quo

407 4921 682 4986 Paupertas
699 4921 912 4972 Romana
939 4925 1085 4986 perit.

409 5046 572 5111 Prima
594 5047 886 5111 peregrinos
910 5047 1120 5097 obscena
1146 5049 1353 5111 pecunia
1375 5061 1540 5099 mores

408 5109 598 5172 l_utultt,
624 5117 674 5157 et
699 5111 827 5172 turpi
850 5109 1106 5172 fregerunt
1132 5109 1308 5159 saecula
1333 5110 1448 5159 luxu

409 5170 606 5220 Divitiae
631 5169 820 5219 molles.
849 5169 974 5230 Quid
998 5172 1130 5220 enim
1157 5173 1325 5224 Venus
1350 5173 1488 5222 ebria
1511 5173 1688 5224 curat?

411 5231 634 5296 inguinis
653 5238 705 5281 et
719 5233 890 5296 capitis
911 5246 1022 5296 quas
1053 5237 1150 5283 sint
1171 5233 1448 5284 discrimina
1473 5239 1646 5292 nescit,

415 5293 622 5357 Grandia
643 5308 755 5357 quae
778 5293 955 5344 mediis
969 5296 1068 5357 jam
1095 5297 1314 5345 noctibus
1334 5304 1498 5346 ostrea
1521 5298 1726 5348 mordet.

415 5355 534 5420 Cum
557 5355 755 5420 perfusa
779 5369 919 5406 mero
943 5355 1169 5419 spumant
1192 5367 1442 5420 unguenta
1468 5359 1695 5418 Falerno,

417 5418 534 5481 Cum
554 5418 738 5481 bibitur
763 5418 1096 5478 concha,’cum
1113 5421 1213 5480 jam
1241 5418 1487 5481 vertigine
1514 5428 1697 5470 tectum

418 5479 667 5544 ambulat,
695 5490 749 5531 et
766 5479 1210 5544 geminisexsurgit
1233 5479 1399 5530 mensa
1433 5479 1667 5532 lucernis.

420 5495 667 5541 Athtlal,
695 5495 749 5531 et
803 5495 977 5531 emuns
987 5495 1210 5544 exsurgit
1233 5495 1399 5530 mensa
1433 5495 1511 5531 Iuc

420 5541 607 5612 inuno,
628 5553 679 5593 et
690 5495 868 5612 duﬁita
883 5557 994 5607 quas
1010 5544 1210 5612 sor-hbeat
1231 5556 1345 5612 aera
1364 5556 1515 5592 sanna

419 5603 594 5667 :l'iullia,
618 5607 734 5667 quid
769 5603 1052 5655 dicat‘nota:
1075 5604 1278 5655 Collacia
1302 5605 1487 5663 Maura,

422 5665 588 5718 Maura
607 5665 851 5732 pudicitiae
866 5675 1098 5732 veterem
1121 5668 1474 5732 cumprtgterit
1492 5680 1641 5732 aram.

857 5725 1128 5793 (Juvenal.,
1156 5725 1292 5778 satir.
1313 5728 1360 5790 6,
1383 5741 1426 5780 υ.
1450 5729 1544 5780 205
1561 5737 1604 5782 et
1621 5731 1772 5795 seqq.)

775 5815 1210 5876 Temenum
1266 5814 1316 5874 I.

2008 4587 2222 4642 divortio
2268 4593 2384 4639 acta
2412 4594 2564 4650 sunt,
2596 4585 2848 4654 videlicet
2893 4603 2920 4639 a
2971 4586 3200 4656 publicis
3242 4589 3466 4642 notariis
3495 4589 3595 4642 de-

2009 4680 2225 4748 scripta,
2242 4678 2378 4749 quod
2401 4693 2537 4748 sepe
2556 4678 2850 4744 audiebant,
2874 4681 3038 4749 facere
3059 4678 3346 4732 didicerunt
3375 4679 3606 4749 (Senec.,

2007 4771 2096 4826 lib.
2127 4769 2192 4824 Ill
2222 4769 2284 4823 de
2334 4767 2672 4841 Benef.,cap.
2699 4769 2789 4838 16,
2823 4786 2940 4842 pag.
2973 4769 3087 4840 53).
3112 4769 3224 4824 lluc
3256 4785 3468 4840 quoque
3512 4788 3610 4828 ac-

2013 4864 2171 4920 cedat
2196 4863 2492 4930 Juvenalis,
2525 4865 2612 4934 qui
2641 4863 2760 4919 haec
2787 4863 3218 4935 frequentissima
3253 4879 3480 4920 uxorum
3529 4867 3613 4921 di-

2013 4956 2182 5011 vortia
2215 4955 2297 5011 his
2322 4956 2564 5010 versibus
2595 4957 2883 5011 insectatur
2919 4972 2934 5008 :

2172 5067 2388 5131 [mperat
2412 5080 2536 5129 ergo
2558 5069 2683 5131 viro,
2711 5068 2798 5117 sed
2824 5080 2934 5117 mox
2951 5067 3059 5117 haec
3078 5080 3231 5129 regna
3256 5066 3512 5131 relinquit,

2170 5130 2530 5191 Permutatque
2552 5130 2740 5188 domos,
2767 5137 2818 5178 et
2840 5131 3065 5178 ﬂammea
3086 5132 3323 5190 conterit;
3348 5130 3464 5179 inde

2173 5191 2397 5254 Advolat,
2426 5201 2478 5240 et
2499 5194 2655 5253 spreti
2680 5193 2864 5254 repetit
2879 5193 3085 5252 vestigia
3110 5192 3242 5254 lecti.

2173 5252 2381 5317 anatas
2404 5252 2546 5316 paulo
2573 5263 2688 5317 ante
2715 5252 2846 5302 tores
2871 5253 3134 5317 pendentia
3160 5252 3343 5314 linquit.

2176 5314 2298 5364 Vela
2323 5314 2511 5367 domus.
2535 5321 2588 5364 ct
2610 5315 2766 5364 adhuc
2790 5314 2969 5365 virides
2992 5318 3040 5363 in
3069 5315 3231 5365 limine
3256 5325 3434 5364 ramos.

2177 5376 2258 5425 Sic
2280 5378 2459 5427 crescit
2482 5390 2734 5439 numerus,
2758 5380 2828 5428 sic
2851 5376 2972 5426 ﬁunt
2985 5383 3097 5426 octo
3121 5377 3283 5424 mariti

2178 5439 2405 5501 Quinque
2434 5453 2522 5502 per
2545 5446 2821 5499 autumnos,
2841 5440 2982 5488 titulo
3005 5451 3088 5488 res
3109 5439 3256 5500 digna
3280 5439 3515 5500 sepulcri.

2762 5521 3028 5586 (Juvenul.,
3055 5521 3192 5573 satir.
3220 5520 3269 5582 6,
3297 5535 3336 5571 υ.
3365 5521 3494 5588 2:23.)

2099 5627 2268 5684 Audis
2300 5643 2430 5684 sane
2455 5644 2615 5700 quam
2662 5632 2944 5701 perspicue
2981 5629 3177 5684 dixerit
3209 5643 3366 5683 unam
3407 5646 3629 5686 uxorem

2033 5719 2175 5777 intra
2214 5720 2445 5792 quinque
2491 5731 2797 5789 autumnos,
2829 5723 2879 5777 id
2915 5731 3017 5786 est,
3059 5720 3294 5790 quinque
3341 5736 3510 5788 annos
3539 5722 3636 5776 ha-

2767 5815 3268 5897 (Tr‘ente-deux.)
