4170 6264
515 248 523 256 ’
568 242 735 311 ’toos

1665 220 2240 310 numeratum
2278 208 2813 310 Aponoce'ncnn

3757 196 3913 307 moi

590 370 773 427 huisse
794 376 915 428 octo
936 368 1178 427 maritos.
1207 366 1467 425 Martialis
1503 382 1632 425 vero
1661 368 1968 431 Telesinam
2008 386 2198 443 qttam-
2226 370 2281 432 Α
2306 371 2377 428 ita
2405 370 2601 443 legisse
2626 367 2833 426 videtur
2860 366 3152 435 Eusebius,
3186 367 3277 439 qui
3314 365 3429 423 haec
3459 365 3707 424 Auctoris
3724 364 3913 422 nostri

593 461 718 518 “dam
757 462 951 519 acriter
971 461 1210 532 corripit,
1235 474 1354 533 quae
1382 456 1523 517 intra
1549 478 1714 518 unum
1740 477 1983 521 mensem
2012 462 2190 523 decies

594 566 779 615 contra
806 558 952 627 leges
982 550 1116 612 latas
1144 556 1360 626 impune
1381 564 1670 626 nupserat:

778 667 903 742 Julia
920 670 1002 719 lex
1024 669 1214 742 populis
1233 682 1295 742 ex
1320 681 1435 742 quo,
1454 667 1892 742 Fausting,r_enata
1904 672 2005 742 est,

844 731 1007 794 Atque
1026 728 1211 781 intrare
1234 728 1402 780 donius
1419 733 1551 794 jussu
1574 728 1807 794 pudicitia
1845 735 1940 794 est,

777 795 878 853 Aut
900 792 1076 853 minus,
1095 801 1178 847 aut
1199 802 1337 847 certe
1360 792 1459 849 non
1483 792 1592 853 plus
1611 792 1861 843 tricesima
1881 792 1969 847 lux
2003 796 2098 851 est.

887 865 905 906 t
928 857 1070 905 nubit
1082 856 1274 905 decimo
1290 858 1389 917 jam
1411 854 1645 917 Telesina
1668 855 1795 917 viro.
1814 915 1824 917 _
1970 876 1975 881 ι

781 919 901 978 Quae
923 918 1064 967 nubit
1085 919 1250 977 toties,
1276 915 1373 966 non
1399 916 1556 977 nubit,
1574 915 1794 966 adultera
1812 915 1932 978 lege
1957 919 2054 973 est,

844 979 1081 1033 Oll'endor
1106 980 1297 1037 moecha
1316 979 1617 1042 simpliciore
1640 981 1817 1031 minus.

1262 1057 1521 1123 (Martial.,
1549 1057 1635 1111 lib.
1661 1065 1733 1122 γι,
1756 1056 2041 1126 ερὶᾳιίιηιπι.
2060 1056 2128 1121 7.)

667 1169 865 1243 Verum
891 1167 1027 1227 adeo
1052 1166 1290 1224 ell‘rrnis
1318 1173 1435 1223 erat
1462 1156 1581 1221 hinc
1604 1163 1810 1221 nefaria
1854 1160 2196 1234 repudiorum

588 1262 811 1330 licentia
840 1300 855 1327 ,
890 1271 946 1316 ut
969 1261 1058 1316 vix
1088 1270 1323 1330 unquam
1359 1258 1480 1314 ullis
1530 1258 1935 1328 imperatorum,
1968 1266 2198 1325 quarum

594 1356 775 1427 plures
793 1355 967 1413 adhuc
991 1362 1227 1422 exstant,
1252 1353 1459 1424 legibus
1493 1350 1754 1409 refrenari
1778 1348 2034 1420 potuerit.
2062 1344 2201 1415 Quid

595 1463 748 1515 vero,
800 1448 944 1517 quod
971 1464 1078 1503 non
1108 1450 1281 1503 solum
1325 1456 1402 1501 tot
1443 1455 1663 1515 tamque
1696 1443 1990 1513 praeclaras
2028 1440 2197 1510 leges,

595 1555 703 1611 quo
723 1540 954 1597 diximus
1001 1540 1187 1606 modo,
1216 1537 1635 1602 conculcabant,
1666 1533 1765 1592 sed
1789 1533 2023 1591 debitam
2062 1543 2201 1602 quo-

594 1649 700 1704 que
752 1633 1046 1704 majoribus
1092 1632 1514 1688 venerationem.
1566 1629 1905 1699 Quapropter
1948 1624 2069 1680 illos
2112 1621 2204 1681 his

597 1724 959 1785 'l'crtullianns
1000 1724 1178 1781 verbis
1220 1723 1545 1797 alloquendo
1571 1764 1585 1790 ,
1614 1722 1693 1777 sic
1719 1729 1873 1791 urget
1914 1736 1927 1772 :
1970 1717 2199 1781 Habitu,

596 1817 655 1872 id
682 1828 798 1885 erit,
832 1818 1050 1884 vestitu,
1087 1818 1255 1883 victu,
1299 1818 1583 1881 instructu,
1621 1828 1820 1879 censu,
1842 1812 1956 1881 ipso
1995 1809 2207 1878 denique

570 1926 824 1967 'sermone
856 1910 1059 1979 proavis
1099 1907 1423 1963 renuntiastis
1468 1905 1855 1978 (Tertullian.,
1912 1901 2207 1973 Apotoget.,

592 2018 715 2070 βαρ.
742 2001 803 2066 ,6,
848 2020 901 2070 p.
942 2002 1098 2071 505).
1136 2001 1203 2055 Et
1233 2014 1421 2056 rursus
1448 1998 1554 2053 alio
1585 1999 1637 2052 in
1663 1996 1801 2053 libro
1838 2012 1852 2048 :
1889 1992 2082 2058 Plane,
2124 1992 2209 2046 in-

598 2090 714 2161 quit.
732 2131 748 2157 ,
776 2093 1000 2155 subiacet
1044 2103 1237 2162 quanta
1268 2108 1302 2144 α
1328 2088 1613 2159 majoribus
1644 2084 1961 2143 ututaveritis
1980 2125 1996 2150 ,
2027 2081 2172 2136 cultu
2191 2122 2208 2149 ,

599 2183 793 2251 habitu,
832 2192 1104 2255 apparatu,
1142 2185 1351 2255 ipsoque
1384 2184 1555 2250 victu,
1603 2181 1744 2235 sicut
1776 2193 1849 2233 ex
1893 2176 2003 2247 jam
2053 2173 2212 2231 dictis

590 2284 767 2347 φελλοὶ.
802 2274 1013 2353 Διιρθεῆ
1048 2283 1233 2335 autem
1268 2277 1486 2344 ipsoque
1512 2288 1763 2328 sermone.
1802 2270 1914 2325 Cur
1954 2282 2082 2339 ergo
2105 2283 2214 2321 ser-

601 2384 749 2433 mone
774 2368 935 2434 etiam
960 2382 1024 2424 ac
1055 2365 1307 2437 loquendi
1332 2365 1525 2420 modo?
1542 2362 1679 2430 Quia
1700 2362 1995 2434 pristinum,
2016 2358 2208 2429 inquit,

599 2469 656 2519 ut
681 2460 949 2519 rancidum
967 2459 1201 2530 relegatis
1227 2457 1419 2531 (Idem,
1448 2458 1537 2512 lib.
1565 2456 1676 2511 Iad
1702 2454 1949 2519 Nation.,
1974 2468 2088 2524 cap.
2121 2451 2210 2517 10,

600 2568 726 2623 pag.
772 2551 925 2623 572),
954 2551 1009 2606 id
1050 2560 1168 2617 est,
1199 2558 1449 2621 tanquam
1488 2550 1795 2615 insuavem,
1847 2545 2120 2618 putidum,
2161 2550 2217 2599 et

594 2644 744 2705 male
770 2645 1003 2701 olentem
1029 2642 1273 2714 rejicitis.

1182 2748 1476 2791 Αιιτιεῠιυδ
1511 2749 1610 2789 νιι.

604 2848 948 2906 Εωαηιὶηαιιιι·
986 2848 1244 2919 quodnam
1283 2849 1345 2903 sit
1385 2856 1525 2903 vetus
1552 2846 1806 2900 decretum
1834 2842 1897 2897 de
1934 2843 2076 2896 novis
2116 2839 2215 2893 diis

678 2946 788 3000 sine
830 2942 1265 2999 senatusconsulto
1311 2957 1411 2995 non
1459 2937 1876 3001 introducendis,
1928 2944 1976 2989 ct
2022 2932 2217 2988 Metelli

608 3019 621 3029 ’
677 3046 849 3093 votum
875 3037 938 3091 de
955 3036 1140 3106 templo
1160 3035 1213 3088 in
1240 3032 1455 3088 Alburni
1479 3032 1559 3085 dei
1586 3034 1827 3095 honorem
1856 3024 2214 3091 construendo,

614 3112 816 3204 ‘ik‘quod
839 3130 1040 3184 irritum
1067 3132 1257 3200 factum
1282 3135 1379 3191 est;
1409 3141 1469 3179 ac
1489 3124 1745 3195 quomodo
1786 3118 2042 3175 decretum
2084 3116 2216 3171 illud

680 3223 922 3278 violatum
949 3220 1013 3276 sit
1049 3222 1112 3274 ab
1141 3219 1372 3285 ethnicis,
1404 3218 1489 3287 qui
1520 3215 1759 3269 Liberum
1810 3224 2024 3283 patrem,
2056 3209 2217 3265 Sera-

609 3295 628 3315 τ
679 3315 871 3388 pidem,
907 3325 954 3368 et
985 3310 1353 3383 Harpocratem
1399 3324 1517 3362 cum
1545 3322 1636 3362 suo
1667 3302 2022 3377 Cynocephalo
2065 3317 2217 3356 sena-

633 3437 645 3453 ’
679 3407 989 3464 tusconsulto
1021 3406 1252 3477 rejectos,
1278 3400 1710 3472 impudentissime
1729 3398 2073 3453 restituerunt.

681 3523 939 3578 Ethnicos
977 3518 1348 3574 vehementius
1379 3516 1554 3571 adhuc
1578 3505 1948 3570 Tertullianus
1988 3510 2218 3582 premit,

613 3615 877 3686 planeque
922 3613 1195 3684 Oppi-imit.
1247 3610 1540 3671 Evidenter
1585 3610 1730 3665 enim
1758 3606 1990 3663 ostendit
2033 3606 2100 3660 ab
2141 3605 2222 3661 eis

614 3721 722 3761 non
742 3705 918 3760 solum
947 3704 1242 3758 sanctiores
1269 3700 1335 3757 de
1366 3698 1526 3754 rebus
1557 3698 1826 3765 humanis,
1860 3697 1954 3751 sed
1984 3695 2052 3750 de
2081 3695 2222 3749 divi-

615 3799 701 3853 nis
743 3797 904 3863 etiam
948 3794 1135 3849 ritibus
1178 3792 1324 3863 leges
1363 3800 1572 3859 spretas
1616 3797 1671 3843 et
1722 3787 2109 3860 pessumdatus.
2158 3787 2226 3840 At

628 3889 798 3955 illum,
832 3887 876 3942 si
898 3886 1092 3958 placet,
1115 3884 1168 3939 in
1201 3898 1299 3939 suo
1322 3882 1389 3936 ad
1413 3880 1661 3937 Nationes
1692 3880 1829 3936 libro
1846 3889 2226 3951 argumentan-

618 3989 725 4036 tem
753 3977 1032 4035 audiamus
1064 3994 1077 4032 :
1104 3975 1169 4033 At
1206 3974 1339 4029 enim
1379 3973 1488 4041 illi,
1522 3973 1722 4044 inquit,
1755 3971 2114 4043 sapientissimi
2163 3986 2224 4024 ac

618 4070 1000 4145 prudentissimi
1028 4068 1266 4139 majores,
1293 4083 1505 4139 quorum
1526 4065 1769 4121 institutis
1808 4064 2101 4119 renuntiare
2121 4079 2224 4117 non

621 4164 800 4229 nostis,
822 4161 1044 4216 maxime
1072 4161 1125 4214 in
1162 4175 1378 4231 persona
1408 4157 1619 4211 deorum
1643 4165 1941 4223 vestrorum,
1974 4153 2077 4225 ipsi
2103 4171 2226 4224 quo-

621 4270 718 4325 que
755 4254 900 4325 impii
944 4250 1409 4324 deprehenduntur.
1455 4249 1706 4315 Mentior,
1736 4249 1780 4302 si
1818 4262 2076 4315 nunquam
2103 4263 2223 4301 cen-

624 4357 829 4404 suerant
863 4364 926 4402 ne
948 4347 1033 4418 qui
1071 4345 1351 4415 imperator
1372 4348 1573 4418 fanum,
1605 4342 1741 4414 qnod
1763 4343 1815 4397 in
1843 4342 2021 4414 ιιι-ωηο
2058 4342 2225 4396 vovis-
2268 4346 2272 4348 ⁷

624 4449 717 4505 set,
757 4440 899 4511 prius
926 4436 1227 4505 dedicasset,
1255 4453 1405 4509 quam
1438 4445 1641 4491 senatus
1665 4436 1946 4509 probasset,
1980 4443 2033 4490 ut
2059 4435 2226 4490 conti-

542 4544 551 4573 δ
622 4535 695 4604 git
726 4531 804 4589 Μ,
832 4530 1053 4587 Δῖηιίιὶο
1074 4528 1273 4596 Probo,
1301 4530 1386 4601 qui
1418 4540 1615 4584 voverat
1644 4528 1870 4583 Alburno
1892 4527 2006 4585 deo.
2040 4528 2224 4601 Utique

624 4627 758 4682 enim
783 4626 1173 4699 impiissimum,
1216 4625 1317 4678 into
1352 4622 1923 4691 contumeliosissimunt
1947 4622 2225 4677 admissum

625 4731 730 4787 est,
759 4720 813 4774 in
838 4718 1046 4772 arbitrio
1074 4725 1120 4773 et
1153 4715 1361 4771 libidine
1388 4715 1646 4775 sententia:
1672 4714 1911 4769 humana:
1936 4712 2106 4773 locare
2129 4713 2226 4768 ho-

626 4827 800 4867 norem
837 4810 1112 4865 divinitatis
1131 4850 1145 4877 ,
1182 4818 1237 4861 ut
1264 4807 1387 4862 deus
1414 4824 1515 4862 non
1540 4808 1626 4874 sit,
1668 4805 1769 4861 nisi
1788 4806 1871 4861 cui
1899 4822 2008 4867 esse
2036 4807 2228 4880 permi-

634 4902 753 4959 serit
770 4916 971 4958 senatus
1003 4900 1266 4973 (Tcrtull.,
1293 4899 1379 4955 lib.
1409 4898 1519 4953 [ad
1541 4898 1782 4968 Nation.,
1808 4915 1855 4953 c.
1887 4899 1976 4967 lO,
2000 4916 2053 4970 p.
2075 4900 2225 4971 575).

624 4994 733 5052 Sed
759 4994 877 5050 haec
905 4993 996 5049 ille
1026 4992 1238 5049 brevius
1259 4992 1313 5047 in
1344 4991 1690 5061 Apologetico
1717 5005 1815 5046 suo
1841 5008 1853 5045 :
1896 4989 2051 5046 Vetus
2070 5033 2085 5057 ,
2117 4992 2225 5058 ait,

627 5099 733 5145 erat
759 5089 1030 5155 decretum,
1061 5102 1125 5140 ne
1150 5085 1237 5163 qui
1258 5083 1382 5139 deus
1406 5083 1468 5137 ab
1495 5084 1801 5154 imperatore
1827 5093 2221 5151 consecraretur,

625 5185 727 5241 nisi
752 5201 785 5239 a
803 5191 980 5238 senatu
999 5182 1260 5253 probatus.
1312 5178 1425 5234 Scit
1448 5177 1502 5233 Μ
1513 5218 1525 5229 .
1551 5176 1797 5232 ίΕηιὶιὶαδ
1820 5176 1883 5231 de
1896 5176 1989 5235 deo
2009 5193 2103 5231 suo
2131 5176 2228 5231 Al-

629 5276 812 5331 burno.
848 5274 998 5331 Facit
1022 5274 1117 5328 ltoc
1145 5272 1212 5327 ad
1236 5287 1471 5326 caussam
1498 5279 1858 5346 nostram,quo
1880 5269 2021 5341 apud
2054 5284 2139 5324 vos
2165 5270 2229 5325 de

627 5370 851 5426 humano
898 5368 1146 5424 arbitratu
1201 5363 1439 5419 divinitas
1501 5362 1802 5433 pensitatur.
1864 5359 1983 5416 Nisi
2034 5361 2229 5416 homini

627 5464 752 5517 deus
783 5463 1050 5534 placuerit,
1083 5459 1207 5513 deus
1235 5473 1335 5511 non
1369 5456 1501 5521 erit;
1533 5456 1682 5509 homo
1711 5455 1826 5524 jam
1861 5453 1953 5507 deo
1976 5454 2228 5524 propitius

626 5573 734 5611 esse
752 5552 942 5610 debebit
965 5553 983 5625 (
1003 5552 1171 5617 Idem,
1207 5549 1500 5622 Apologet.,
1528 5565 1646 5620 cap.
1679 5549 1733 5613 5,
1763 5566 1815 5619 p.
1844 5547 1996 5620 990).
2024 5548 2078 5602 In
2104 5549 2225 5619 qui-

626 5647 852 5703 busdam
884 5660 1013 5701 vero
1035 5642 1423 5715 antiquioribus
1443 5640 1768 5697 editionibus
1790 5655 1886 5710 pro
1912 5640 1995 5695 his
2009 5641 2187 5696 verbis
2207 5682 2222 5707 ,

626 5737 737 5793 Scit
768 5736 846 5792 Μ.
876 5735 1149 5803 ίΕηιξιὶαε,
1188 5734 1411 5794 habetur
1439 5742 1495 5791 ut
1524 5731 1735 5792 Marcus
1760 5731 2035 5805 xEmitins;
2064 5742 2225 5807 atque

2293 465 2457 520 verba
2518 464 2569 531 in
2623 478 2852 535 grmcam
2882 462 3119 532 linguam
3170 458 3248 516 sic
3302 473 3563 515 conversa
3605 457 3835 517 exhibet
3893 472 3907 506 :

2293 566 2500 613 Παλαιὸν
2530 562 2584 620 ἦν
2611 560 2781 628 δόγμα..
2813 560 2994 626 pndis:
3022 563 3120 610 Θεὸν
3159 560 3250 610 ὑπὸ
3277 560 3514 625 ﬁndito;
3537 555 3911 625 tutBtspeiisﬁu,

2295 654 2404 723 πρὶν
2428 657 2516 705 ὑπὸ
2538 660 2626 705 τοῦ
2642 660 2928 718 annui-Arno
2956 654 3315 719 δοκιμασθῆναι·
3337 653 3538 718 Μάρκιε
3564 650 3791 714 Δὶμίλως
3820 650 3913 698 οὗε-

2295 765 2386 802 σως
2415 753 2519 814 περ(
2544 765 2665 804 τινος
2689 746 2880 797 εἶδώλσυ
2906 753 3160 802 πεποίηκεν
3189 731 3444 813 Ᾱλϐοὑρνθυ
3463 737 3702 812 (Euseb,
3725 737 3822 791 lib.
3872 734 3915 791 Π

2302 832 2496 888 Eccles.
2533 832 2751 900 Histor.,
2773 851 2887 905 cap.
2910 833 2965 901 ἓ,
2991 851 3110 915 pag.
3134 830 3249 906 41).
3271 831 3468 888 Verum
3496 830 3775 903 utriusque
3800 832 3919 885 lec-

2296 927 2459 982 tionis
2500 925 2643 982 idem
2677 918 2831 997 plane
2860 937 2943 982 est
2987 941 3198 982 sensus.
3260 924 3621 994 Quamobrem
3650 924 3770 981 hmc
3801 923 3919 994 pri-

2302 1035 2453 1074 mum
2483 1019 2793 1091 explicanda
2816 1029 2977 1088 sunt,
3015 1035 3079 1076 ac
3118 1019 3311 1076 deinde
3354 1018 3773 1075 examinandum
3804 1033 3921 1090 quo

2301 1109 2664 1169 Tertullianus
2696 1112 2857 1167 modo
2886 1112 3010 1169 inde
3036 1119 3223 1168 contra
3250 1111 3495 1168 ethnicos
3523 1110 3786 1187 diSputet.

2374 1203 2604 1259 Dubium
2632 1205 2908 1261 enimvero
2935 1220 3057 1261 esse
3087 1213 3265 1276 potest
3289 1204 3560 1281 quodnam
3589 1206 3659 1261 sit
3686 1203 3819 1259 illud
3848 1204 3923 1259 de

2304 1294 2407 1350 deo
2452 1295 2818 1352 consecrando
2850 1296 3104 1351 edictum.
3168 1296 3379 1353 Scimus
3410 1297 3626 1367 quidem
3676 1311 3846 1349 unum
3890 1310 3925 1348 a

2304 1386 2573 1444 Cicerone
2602 1388 2752 1445 hisce
2796 1389 2976 1447 verbis
3007 1388 3238 1444 describi
3270 1406 3283 1443 :
3318 1387 3615 1456 Separatim
3638 1403 3785 1441 nemo
3817 1388 3927 1440 lia-

2305 1480 2454 1536 bessit
2483 1481 2620 1547 deos,
2652 1498 2770 1536 neve
2791 1499 2966 1550 novos,
3000 1482 3177 1537 scd-ne
3203 1482 3439 1549 advenas,
3475 1482 3573 1536 nisi
3595 1481 3798 1554 publice
3825 1480 3927 1534 ad-

2306 1574 2479 1639 scitos,
2508 1574 2963 1645 privatimcolunto
2997 1573 3207 1646 (Cicer.,
3242 1574 3328 1628 lib.
3352 1572 3395 1628 ll
3440 1572 3503 1626 de
3534 1572 3684 1644 legib.
3712 1572 3926 1644 p.535,

2308 1665 2402 1720 lin.
2430 1667 2542 1738 57).
2564 1666 2721 1721 Aliud
2750 1677 2925 1722 tamen
2945 1665 3219 1722 decretum
3241 1681 3270 1720 a
3292 1665 3627 1720 Tcrtulliano
3646 1664 3929 1743 designari

2233 1766 2282 1830 Β
2312 1756 2555 1824 videtur;
2597 1766 2784 1829 utpote
2832 1758 2924 1830 qui
2967 1758 3305 1830 imperatoris
3346 1756 3532 1813 fecerit
3563 1758 3924 1812 mentionem.

2312 1850 2545 1907 Laudata
2573 1852 2850 1906 enimvero
2879 1867 2908 1905 a
2937 1851 3201 1907 Cicerone
3225 1851 3308 1906 lex
3333 1849 3592 1907 Romanis
3624 1850 3927 1921 imperato-

2320 1943 2468 1998 ribus
2519 1944 2677 2015 longe
2716 1930 2976 1999 vettétior
3004 1953 3104 2001 est.
3138 1942 3274 2013 Quid
3304 1960 3434 2014 ergo
3457 1984 3473 2013 ,
3505 1942 3550 1996 si
3581 1940 3831 1997 dicamus
3861 1941 3931 1995 ab

2321 2035 2558 2090 Auctore
2590 2043 2775 2090 nostro
2820 2035 3161 2108 imperatoris
3212 2035 3430 2090 nomine
3476 2032 3742 2106 appellari
3791 2047 3933 2102 pra:-

2317 2128 2511 2185 fectnm
2557 2129 2824 2183 exercitus
2844 2171 2858 2196 ,
2889 2137 2977 2183 aut
3005 2127 3281 2183 consulem
3320 2127 3460 2180 illius
3489 2125 3711 2182 ducem?
3747 2124 3928 2180 Emi-

2316 2223 2420 2278 lius
2450 2232 2629 2277 autem
2663 2221 2866 2276 Probus
2899 2222 3122 2293 hujusce
3170 2221 3301 2291 legis
3334 2221 3573 2293 ignarus,
3602 2230 3694 2276 aut
3724 2219 3796 2276 de
3834 2220 3929 2274 illa

2316 2315 2369 2369 in
2391 2314 2605 2384 ancipiti
2638 2313 2803 2382 prmlii
2838 2313 3049 2369 fortuna
3074 2312 3203 2368 nihil
3234 2313 3493 2386 cogitans,
3524 2313 3670 2367 vovit
3690 2311 3812 2367 fore
3843 2326 3923 2377 ιιι,

2318 2408 2363 2462 si
2397 2407 2577 2462 hostes
2607 2406 2867 2472 vinceret,
2896 2407 3073 2461 ianum
3103 2416 3444 2461 consecraret
3464 2405 3593 2472 deo,
3621 2406 3707 2459 cui
3732 2403 3929 2459 Albur-

2318 2516 2388 2554 no
2416 2515 2614 2555 nomen
2642 2508 2776 2555 erat.
2810 2499 2916 2556 Sua
2973 2508 3151 2555 autem
3182 2498 3512 2569 experientia
3542 2497 3761 2570 agnovit
3791 2496 3930 2553 illud

2318 2593 2476 2648 nimis
2524 2607 2766 2664 prcecers
2818 2592 2938 2651 sine
2985 2593 3452 2649 senatnSConsulto
3500 2591 3655 2648 fuisse
3704 2597 3928 2644 votum.

2319 2684 2600 2740 Prohibuit
2643 2689 2786 2740 enim
2816 2693 3033 2741 senatus
3063 2684 3164 2740 hoc
3194 2683 3379 2743 fanum
3404 2682 3687 2755 mdiﬁcari,
3719 2697 3930 2753 quem-

2319 2775 2611 2831 admodum
2671 2786 2857 2847 postea
2905 2775 3205 2848 impedivit,
3236 2791 3307 2833 ne
3334 2775 3603 2849 Christus,
3636 2782 3693 2829 ut
3723 2773 3931 2830 ibidem

2320 2868 2395 2924 ait
2421 2868 2781 2923 Tertullianus
2802 2910 2818 2935 ,
2852 2870 2993 2924 Deus
3037 2869 3471 2937 renuntiaretur;
3519 2867 3739 2931 tametsi
3767 2866 3935 2925 Tibe-

2320 2961 2431 3017 rius
2462 2960 2514 3015 id
2545 2961 2896 3018 vehementer
2925 2963 3239 3034 optavisset.
3796 2976 3811 2983 '

2393 3054 2524 3121 Quis
2552 3070 2679 3111 vero
2708 3056 2777 3110 sit
2815 3055 2906 3112 ille
2926 3055 3060 3113 deus
3092 3058 3383 3127 Alburnus,
3437 3056 3583 3117 dictu
3610 3056 3793 3129 procul
3821 3055 3932 3111 ιιιι-

2244 3165 2289 3228 C
2320 3148 2411 3205 bio
2441 3164 2548 3204 non
2595 3149 2773 3203 minus
2798 3149 3038 3209 difficile.
3071 3150 3210 3207 Rara
3240 3149 3505 3221 siquidem
3534 3150 3676 3223 apud
3702 3161 3927 3207 veteres

2324 3243 2527 3297 mentio
2557 3242 2695 3297 illius
2721 3244 2970 3311 occurrit.
3004 3244 3089 3305 Ex
3127 3243 3350 3315 Virgilio
3379 3253 3559 3309 tamen
3582 3242 3842 3305 discimus
3873 3245 3931 3300 in

2323 3334 2555 3390 Lucania
2584 3332 2722 3404 apud
2751 3334 2980 3393 Silarum
3011 3335 3231 3409 fluvium
3278 3350 3398 3392 esse
3443 3345 3716 3406 montem,
3747 3334 3839 3408 qui
3860 3335 3933 3392 ab

2325 3424 2417 3481 illo
2444 3425 2716 3481 Alburnus
2747 3425 2828 3480 bis
2856 3426 3101 3483 versibus
3131 3437 3389 3487 vocatur:

2510 3539 2599 3605 Est
2619 3539 2758 3605 lucus
2776 3539 2919 3605 Silari
2939 3541 3072 3593 circa
3092 3540 3387 3605 ilicibusque
3408 3542 3660 3605 virentem

2510 3599 2759 3651 Plurimus
2782 3599 3051 3653 Alburnum
3078 3599 3404 3659 volitansfcui
3431 3617 3610 3655 nomen
3634 3604 3771 3655 Asilo

2514 3662 2785 3714 Romanum
2809 3671 2906 3726 est,
2922 3641 3136 3715 OEstrdii

2718 3766 2940 3836 (Virgit.,
2968 3767 3052 3821 tib.
3077 3777 3129 3822 ιιι
3155 3770 3329 3840 Georg.
3349 3784 3395 3821 v.
3422 3770 3571 3823 tl6et
3584 3772 3735 3836 seqq.)

2326 3878 2395 3932 At
2452 3878 2500 3933 is
2549 3892 2706 3934 mons
2759 3893 2856 3949 pro
2880 3877 3159 3955 gentilium
3199 3894 3352 3957 more
3380 3886 3721 3935 consecratus
3753 3877 3933 3935 fuerat

2328 3968 2481 4025 alicui
2514 3968 2644 4036 deo,
2678 3970 2764 4024 cui
2786 3970 3012 4026 Alburni
3046 3985 3241 4027 nomen
3264 3969 3929 4043 impositum,etbletcllus

2326 4058 2509 4116 fanum
2554 4076 2749 4117 vovere
2798 4063 2990 4133 potuit.
3020 4061 3208 4134 Neque
3251 4063 3487 4133 mireris,
3529 4062 3579 4119 si
3610 4071 3751 4123 nunc
3792 4061 3929 4117 deus

2328 4154 2418 4210 ille
2447 4156 2517 4210 sit
2542 4154 2860 4227 incognitus;
2885 4156 3092 4229 topicus
3109 4157 3303 4237 quippe
3327 4155 3461 4215 deus
3485 4165 3622 4213 erat.
3652 4160 3718 4211 At
3752 4156 3803 4211 hi
3828 4154 3926 4221 dii,

2328 4256 2384 4301 ut
2406 4247 2656 4302 observat
2681 4246 2918 4317 Servius,
2944 4264 3052 4307 non
3085 4249 3380 4305 transibant
3399 4248 3465 4305 ad
3494 4249 3629 4319 alios
3658 4251 3925 4321 regiones,

2329 4352 2391 4393 ac
2418 4338 2640 4409 proinde
2663 4340 2749 4394 vix
2778 4340 2915 4406 aliis,
2951 4356 3106 4409 quam
3129 4341 3368 4398 locorum
3400 4340 3592 4401 incolis
3615 4340 3729 4399 noli
3749 4351 3925 4399 erant.

2330 4432 2531 4505 (Serv.,
2562 4436 2613 4489 in
2644 4436 2732 4491 lib.
2763 4434 2858 4494 VII
2887 4434 3130 4509 xEnet'd.)

2248 4559 2302 4621 Ι)
2403 4528 2518 4584 Duo
2545 4539 2723 4585 autem
2750 4541 3061 4602 argumenta
3092 4540 3274 4587 contra
3303 4532 3544 4591 ethnicos
3568 4532 3928 4589 Tcrtullianns

2332 4620 2641 4681 indeeruit.
2675 4624 2854 4679 Primo
2884 4625 3027 4680 enim
3072 4625 3197 4681 inde
3224 4627 3621 4683 evidentissimc
3660 4627 3931 4683 concludit

2330 4712 2460 4769 deos
2484 4714 2756 4785 gentilium
2788 4715 2957 4770 factos
2985 4732 3106 4773 esse
3148 4733 3245 4789 pro
3271 4718 3548 4776 hominum
3574 4719 3849 4777 voluntate
3875 4728 3933 4776 et

2330 4806 2624 4871 arbitratu,
2662 4816 2819 4880 atque
2858 4809 3058 4865 idcirco
3086 4811 3288 4868 nullum
3319 4827 3476 4882 posse
3502 4814 3779 4884 gentilium
3809 4827 3933 4869 esse

2332 4899 2527 4965 deum,
2559 4900 2662 4956 nisi
2702 4900 2902 4956 homini
2930 4902 3210 4974 placuerit.
3252 4904 3410 4974 Atqui
3446 4916 3655 4960 summa
3682 4906 3932 4977 impietas

2332 5001 2416 5047 est
2443 4992 2537 5047 ulli
2582 5006 2677 5063 pro
2715 4992 2993 5050 hominum
3033 4995 3255 5053 arbitrio
3297 4997 3533 5053 tribuere
3567 4998 3929 5054 divinitatem.

2331 5084 2503 5141 Verus
2529 5084 2787 5156 siquidem
2828 5087 2971 5144 Deus
3005 5102 3035 5144 ιι
3063 5101 3122 5143 se
3163 5089 3279 5161 ipso
3322 5100 3376 5149 et
3438 5092 3779 5163 omnipotens
3808 5101 3930 5159 est,

2331 5189 2492 5250 atque
2516 5179 2638 5235 ideo
2676 5180 2804 5235 nulli
2832 5181 3123 5251 subjectus,
3146 5184 3241 5241 sed
3272 5185 3344 5240 illi
3389 5185 3628 5256 subjecta
3656 5195 3786 5242 sunt
3810 5201 3935 5243 om-

2331 5275 2440 5330 nia.
2467 5274 2676 5331 Ethniai
2706 5289 2834 5346 ergo
2863 5276 3005 5332 nulla
3038 5279 3406 5353 prorsnslege.
3436 5278 3536 5335 nisi
3567 5280 3929 5351 iniquissima,

2333 5366 2627 5423 decernere
2660 5374 2966 5439 potuerunt,
3008 5379 3064 5449 ut
3094 5368 3414 5439 Christiani,
3445 5372 3647 5443 reiecto
3687 5374 3800 5429 veri
3834 5373 3933 5429 Dei

2332 5460 2500 5526 cultu,
2535 5459 2702 5515 factos
2726 5459 2792 5515 ab
2814 5460 3117 5521 hominibus
3141 5464 3273 5518 deos
3296 5464 3603 5536 adorarent,
3620 5480 3777 5522 serens
3798 5480 3934 5521 vero

2331 5553 2406 5608 illi
2438 5553 2598 5608 etiam
2628 5553 2849 5613 inauditi
2880 5554 3330 5617 interﬁcerentur.
3354 5556 3604 5614 Secundo
3631 5556 3752 5614 inde
3776 5556 3937 5613 colli-

2329 5646 2407 5717 git
2426 5645 2782 5703 Tcrtullianus
2804 5650 2952 5725 vetus
2979 5645 3108 5704 illud
3133 5648 3199 5704 de
3228 5649 3382 5705 noris
3410 5648 3511 5704 diis
3540 5664 3647 5705 non
3679 5649 3930 5707 introdu-

2330 5737 2514 5796 ccndis
2543 5736 2818 5796 decretum
2849 5739 2916 5798 ab
2948 5740 3187 5813 ipsismet
3214 5740 3501 5815 gentilibus
3528 5739 3802 5810 violatum,
3832 5740 3930 5813 qui
