4212 6262
358 331 501 389 1005
1454 320 1471 334 ’
1494 312 1954 391 DISSEBTATIO
1993 312 2058 394 D.
2100 313 2189 387 LE
2225 313 2533 376 NOURRY.
3534 319 3674 379 l006

368 450 485 525 pari
511 447 719 505 licentia
752 446 881 502 deos
905 446 1030 501 olim
1054 444 1221 503 iactos
1243 437 1607 512 repudiarunt,
1631 450 1696 495 ac
1720 434 1969 511 repudia-
1994 434 2050 498 Α
2146 434 2380 505 deinde!
2406 434 2725 505 Βοηιίιεαηο»
2750 433 3067 497 Nimiam”
3083 438 3397 509 θηιάθέέωίίδ
3414 440 3675 514 Poma”;

363 554 450 601 tos
478 544 845 599 restituerunt.
873 539 1005 596 Nam
1047 538 1287 594 Liberum
1328 546 1525 606 putrem
1548 574 1566 605 ,
1609 534 1686 603 uti
1729 533 1815 589 ille
1842 532 1915 597 ait
1940 572 1956 598 ,
2143 533 2232 602 qui
2261 542 2429 593 tamen
2454 549 2540 589 eos
2566 533 2805 598 restituit,
2837 544 2962 601 quos
2984 532 3313 604 relegaverat.

365 655 479 694 cunt
511 635 763 707 mysteriis
783 634 888 689 suis
914 632 1149 701 consules
1177 639 1381 687 senatus
1407 627 1707 683 auctoritate
1730 641 1832 681 non
1855 639 1968 693 nio-

2148 633 2291 701 Satis
2325 633 2539 689 abunde
2581 632 2943 689 Tertullianus
2971 630 3360 691 demonstravit
3385 648 3544 705 quam
3571 633 3671 690 ab-

362 732 432 786 do
468 730 620 797 Urbe,
650 728 739 789 sed
768 728 1003 785 universa
1031 725 1191 780 Italia
1229 722 1611 779 elintinauerunt
1641 717 1968 792 (Tertullian.

2065 727 2235 786 surde
2263 727 2463 784 ethnici
2501 725 2571 783 ad
2597 726 2870 783 vexandos
2914 734 2972 782 et
3003 724 3327 782 occidendos
3355 725 3677 783 christianos

365 822 657 894 Apologet.,
687 837 736 874 c.
765 818 819 884 6,
856 837 909 890 p.
932 818 1085 888 304).
1116 816 1246 885 Quae
1273 814 1594 886 quidemille
1616 813 1724 868 alio
1752 811 1805 867 in
1837 810 1972 877 libro
2079 823 2192 877 suis
2234 836 2298 877 se
2340 820 2544 891 legibus
2581 819 2840 891 obstringi
2865 828 3262 884 caussarentur,
3296 817 3384 889 qui
3414 817 3677 889 majorum

364 914 550 969 iisdem
585 928 723 982 pene
749 911 931 968 verbis
955 911 1147 980 repetit
1175 908 1311 975 (Lib.
1335 906 1439 962 lad
1464 906 1708 972 Nation.,
1737 920 1855 973 cap.
1879 902 1970 971 10,

2082 928 2301 969 suos-nm
2332 913 2595 982 instituta,
2623 927 2804 969 mores
2831 925 2895 968 ac
2920 906 3070 983 leges
3094 911 3393 968 sanctiores
3438 912 3676 982 impune,

364 1023 484 1078 pag.
523 1004 674 1077 575).
705 1004 899 1060 Totam
949 1012 1127 1059 autent
1201 1001 1341 1059 hanc
1398 999 1672 1081 historiam
1725 1003 1975 1052 accurate

2091 1016 2169 1062 tut
2206 1007 2514 1075 violabant,
2541 1016 2635 1062 aut
2671 1006 3150 1076 adspernabantur.
3186 1003 3498 1061 Laudabant
3534 1003 3679 1060 enim
3746 1052 3754 1062 .

367 1108 552 1167 narrat
577 1098 779 1164 Livius,
805 1112 870 1151 ac
889 1095 1126 1167 quando,
1160 1110 1265 1177 qua
1287 1093 1594 1157 occasione,
1626 1099 1683 1146 et
1706 1086 1976 1159 quomodo

2078 1108 2310 1167 veteres,
2338 1098 2435 1155 sed
2463 1114 2589 1154 noue
2615 1100 2683 1153 dc
2719 1099 2801 1153 die
2826 1098 3077 1155 vivebant
3100 1139 3115 1165 ,
3147 1099 3223 1153 ait
3245 1099 3446 1154 Auctor
3474 1106 3679 1166 noster,

369 1207 400 1247 a
430 1191 747 1247 Posthumio
766 1189 991 1245 consule
1034 1187 1262 1245 nefanda
1318 1184 1693 1256 horrendaque
1715 1183 1939 1241 crimina
1959 1224 1974 1250 ,
2079 1202 2240 1263 atque
2267 1192 2486 1248 exclusa
2518 1193 2571 1247 in
2593 1192 2827 1263 negotiis
2848 1203 2905 1247 ει
2933 1189 3126 1247 ofﬁciis
3149 1190 3489 1263 antiquitate,
3517 1202 3685 1246 vene-

366 1299 489 1355 qua:
518 1283 573 1337 in
618 1282 701 1338 bis
741 1279 1086 1340 exsecrandis
1116 1278 1286 1339 sacris
1308 1288 1470 1336 nocui
1510 1276 1975 1351 Ρθτβθιηιιθηιυτο
2076 1286 2304 1342 tandem
2344 1296 2552 1356 patrum
2584 1300 2804 1341 suorum
2849 1286 3220 1342 auctoritatem
3261 1282 3687 1355 pessumdabant

366 1379 481 1437 sint
516 1385 719 1454 retecta
743 1417 759 1443 ,
792 1383 952 1444 atque
989 1388 1107 1429 eam
1128 1372 1198 1429 ob
1230 1385 1477 1431 caussam
1512 1366 1981 1427 senatuscmsulto

2084 1377 2413 1447 (Tertullian.
2446 1379 2735 1452 Apologet.,
2767 1396 2883 1451 cap.
2912 1380 2966 1444 6,
3005 1397 3126 1451 pag.
3150 1378 3299 1449 505).
3320 1377 3425 1434 Sed
3446 1377 3563 1433 haec
3587 1376 3677 1433 ille

364 1470 555 1533 Romae
588 1480 804 1540 totaque
843 1470 895 1524 in
939 1468 1088 1525 italia
1118 1466 1335 1537 penitus
1372 1466 1625 1535 abrogata
1660 1462 1981 1532 sublataque

2083 1473 2262 1527 omnia
2289 1472 2389 1527 sibi
2418 1473 2547 1528 satis
2575 1488 2695 1529 esse
2722 1487 2829 1527 non
2863 1475 3084 1542 putavit,
3116 1472 3396 1542 ipsumque
3422 1470 3559 1541 petit
3586 1484 3679 1525 ac-

362 1563 755 1635 luerintt(Liv.,
791 1562 880 1618 lib.
913 1561 1160 1626 XXXIX,
1194 1560 1224 1632 §
1252 1560 1321 1626 9,
1362 1575 1520 1631 usque
1557 1558 1627 1614 ad
1654 1557 1766 1628 19).
1809 1557 1981 1622 Quam

2086 1562 2394 1620 Cusationis
2432 1575 2608 1635 caput.
2657 1563 2993 1619 Manifestum
3038 1563 3219 1634 itaque
3260 1563 3385 1619 facit
3428 1562 3581 1618 datas
3628 1562 3684 1618 in

369 1659 556 1715 ebrem
601 1662 751 1712 recte
789 1654 1163 1725 Augustinus:
1200 1652 1328 1707 Ηωσ
1387 1661 1587 1721 postea,
1633 1649 1824 1719 inquit,
1876 1647 1984 1701 dis-
2024 1662 2032 1671 ·

2024 1662 2035 1671 ’
2084 1655 2409 1712 christianos
2439 1656 2586 1727 leges
2613 1670 2734 1712 esse
2763 1655 3145 1726 iniquissimae,
3174 1663 3227 1709 ct
3252 1662 3479 1709 statutas
3502 1666 3534 1707 a
3565 1666 3686 1722 pes-

368 1748 665 1820 plicuerunt
690 1748 888 1803 senatui
913 1747 1127 1814 seniori,
1158 1755 1207 1800 et
1233 1760 1291 1799 ea
1307 1744 1463 1815 jussit
1490 1743 1684 1815 auferri
1714 1741 1980 1813 (August,

2089 1747 2238 1803 simis
2283 1761 2348 1802 ac
2394 1747 2826 1802 sceleratissimis
2871 1746 3224 1815 principibus.
3281 1744 3466 1815 Neque
3510 1745 3691 1800 minus
3742 1746 3752 1757 '

375 1841 465 1901 lib.
501 1840 566 1895 Vl
594 1840 657 1894 de
677 1837 851 1902 Civit.,
874 1838 1076 1909 cap.-9,
1099 1855 1221 1909 pag.
1246 1836 1393 1907 156).
2008 1832 2038 1892 Ῑ

2021 1832 2059 1892 Β
2087 1835 2364 1893 evidenter
2412 1836 2746 1895 demonstrat
2782 1834 2955 1891 bonos
3008 1836 3229 1905 piosque
3280 1834 3570 1904 principes,
3598 1834 3684 1891 vel

440 1929 635 2003 Contra
670 1945 800 1989 vero
832 1948 845 1985 :
878 1929 1201 2000 Serapidem,
1229 1928 1306 1982 ait
1328 1926 1504 1983 adhuc
1536 1926 1737 1981 Auctor
1764 1934 1968 1990 nosmr,
2076 1946 2103 1985 ιι

2076 1944 2347 1999 nunquam
2376 1930 2431 1984 in
2472 1929 2809 1985 Christianos
2843 1928 3099 1995 steviisse,
3131 1936 3222 1982 aut
3248 1936 3518 1998 nunquam
3549 1944 3687 1999 pris-

370 2033 417 2083 et
445 2022 660 2089 Isidem,
691 2031 739 2078 et
771 2020 1161 2092 Harpocratem,
1192 2036 1308 2075 cum
1336 2034 1427 2075 suo
1452 2015 1831 2089 Cynocephalo,
1861 2015 1969 2071 (Σα-
2072 2024 2285 2094 cepisse
2306 2024 2363 2078 in
2388 2037 2483 2080 eos
2508 2024 2706 2079 saeviri.
2736 2022 2891 2090 Quod
2919 2022 3135 2094 quidem
3172 2022 3262 2077 ille
3291 2021 3674 2090 imperatorum

360 2116 547 2189 .pitolie
592 2113 871 2186 prohibitos
901 2155 916 2180 ,
953 2112 1008 2168 id
1032 2122 1125 2179 est,
1154 2113 1298 2167 curia
1326 2111 1537 2166 deorum
1568 2108 1742 2181 pulsos
1774 2106 1898 2162 Piso
1926 2116 1975 2161 et

2079 2118 2111 2172 a
2139 2115 2449 2173 ctnistiante
2480 2116 2764 2187 religionis
2798 2117 2951 2172 initio
2986 2114 3052 2171 ad
3078 2128 3237 2171 suum
3276 2130 3447 2185 usque
3471 2124 3683 2187 tempus

375 2208 620 2267 Gabinius
650 2208 919 2271 consules,
946 2222 1052 2261 non
1078 2206 1251 2275 utique
1284 2203 1573 2271 christiani,
1612 2201 1797 2258 eversis
1822 2199 1976 2257 etiam
2086 2208 2236 2264 brevi
2256 2208 2568 2264 inductione
2594 2207 2833 2265 ostendit
2861 2206 3052 2279 (idem,
3086 2208 3170 2262 ub,
3208 2205 3231 2260 ι
3290 2207 3357 2262 ad
3386 2205 3541 2275 Ναεη
3570 2211 3686 2278 cap,

368 2304 477 2361 aris
505 2314 698 2366 eorum,
729 2300 1111 2364 abdicaverunt,
1143 2298 1370 2367 turpium
1399 2306 1445 2352 et
1480 2296 1759 2353 otiosarum
1794 2310 1977 2365 super-
2080 2302 2172 2370 10,
2206 2316 2324 2374 pag.
2356 2300 2511 2371 572).

377 2393 637 2449 stitionum
660 2376 793 2446 'uitia
823 2390 1105 2445 cohibentes
1145 2386 1500 2458 (Tertullian.,
1529 2387 1820 2458 Apologet.,
1848 2401 1896 2441 c.
1920 2384 1976 2453 6,
2156 2396 2256 2454 Ubi
2284 2397 2564 2453 enimvero
2584 2394 2936 2451 christianum
2963 2407 3162 2449 nomen
3192 2393 3246 2448 in
3275 2390 3533 2448 mundum
3559 2402 3686 2462 per-

389 2500 510 2553 pag.
562 2482 713 2555 305).
771 2481 875 2538 Sed
905 2481 1024 2538 haec
1050 2481 1142 2536 ille
1171 2480 1329 2550 paulo
1357 2479 1574 2537 uberius
1603 2479 1657 2534 in
1685 2478 1790 2533 alio
1821 2478 1978 2547 libro,

2087 2491 2290 2560 vulgari
2312 2490 2476 2559 etrapit
2509 2484 2707 2559 (Idem;
2729 2486 3022 2558 Apologet.,
3057 2501 3168 2557 cap.
3214 2484 3271 2552 5,
3304 2500 3358 2555 p.
3391 2481 3547 2555 290),
3575 2492 3691 2538 tum

380 2576 468 2632 ubi
499 2585 556 2632 et
583 2584 768 2632 testem
795 2576 1089 2643 Varronem
1113 2575 1257 2630 hunc
1286 2575 1340 2630 in
1370 2572 1589 2629 modum
1618 2572 1803 2628 citavit
1831 2592 1845 2627 :
1874 2572 1977 2626 Ss-

2084 2581 2334 2637 ll‘iberius
2388 2581 2713 2651 imperator,
2776 2579 2854 2634 uti
2907 2579 3154 2649 superius
3214 2576 3688 2633 animadvertimus

379 2669 612 2739 rapidam
642 2678 686 2722 et
714 2669 902 2723 Isidem
918 2680 963 2724 et
990 2670 1320 2739 Arpocratem
1341 2679 1392 2722 et
1417 2666 1677 2722 Hanubim
1709 2665 1985 2736 prohibitos
2076 2673 2276 2746 (supr.
2327 2688 2443 2743 cap.
2496 2671 2551 2738 8,
2599 2682 2699 2726 art.
2750 2670 2831 2742 4),
2867 2670 3036 2725 voluit
3056 2669 3334 2735 Christum
3377 2668 3432 2723 in
3465 2666 3690 2723 deorum

376 2759 631 2833 Capitolio
669 2760 830 2815 Varro
854 2771 1235 2825 commemorat,
1266 2776 1534 2831 eorumque
1570 2768 1765 2813 statuas
1784 2775 1815 2812 a
1834 2772 1981 2812 sena-
2084 2778 2372 2822 numerum
2404 2764 2629 2831 referre,
2663 2778 2725 2817 ac
2748 2762 2992 2834 quamvis
3020 2761 3316 2831 prohibitus
3338 2761 3407 2814 sit
3425 2772 3454 2812 a
3482 2764 3692 2827 senatu,

380 2862 433 2907 tu
473 2852 743 2924 disjectas,
774 2871 876 2907 non
914 2853 1010 2908 nisi
1052 2870 1142 2925 per
1171 2854 1269 2906 uim
1303 2850 1628 2922 papularium
1666 2857 1982 2912 restractus;

2093 2861 2147 2916 in
2179 2874 2272 2915 sua
2298 2868 2475 2914 tamen
2497 2857 2796 2928 permansit
2824 2855 3108 2911 sententia.
3132 2853 3366 2909 Tantum
3390 2853 3570 2925 itaque
3594 2852 3691 2909 ab-

380 2945 470 3000 sed
500 2955 665 3000 tamen
692 2945 941 3002 Gabinius
965 2946 1144 3001 consul
1169 2944 1396 3000 calendis
1437 2943 1694 3015 januariis
1747 2959 1863 2996 cum
1900 2941 1990 2995 vix
2100 2958 2203 3017 est,
2230 2962 2289 3007 ιιι
2312 2951 2544 3023 aliquam
2568 2950 2749 3005 (uteri),
2776 2949 2829 3003 in
2855 2948 3188 3004 christianos
3214 2945 3407 3020 legem,
3440 2947 3567 3018 quin
3596 2961 3694 3017 po-

382 3041 573 3094 hostias
607 3041 838 3110 probaret
884 3058 991 3112 pra:
1033 3040 1359 3112 popularium
1407 3047 1556 3105 cwlu,
1604 3038 1723 3109 quia
1767 3037 1894 3091 nihil
1924 3037 1989 3090 de

2094 3047 2201 3101 tius
2226 3059 2410 3101 eorum
2439 3043 2840 3106 accusatoribus,
2874 3042 3047 3114 inquit
3085 3040 3467 3107 Tertullianus,
3491 3040 3694 3112 pericu-

385 3130 639 3202 Serapide
667 3144 713 3187 et
745 3132 886 3186 Iside
904 3134 1265 3197 constituisset,
1299 3132 1545 3202 potiorem
1577 3130 1752 3185 habuit
1782 3141 1987 3184 senatus
2098 3141 2222 3209 (um,
2257 3155 2430 3211 ρωηω
2457 3139 2706 3196 νῖάριίροι
2745 3148 2799 3195 ει
2841 3137 3113 3210 supplicii,
3138 3135 3494 3192 comminatus
3536 3133 3697 3189 fuerit

391 3232 679 3289 Censuram,
710 3240 858 3292 quam
886 3224 1125 3293 impetunt
1153 3223 1291 3294 vulgi
1311 3265 1325 3290 ,
1374 3233 1422 3276 et
1445 3239 1562 3276 aras
1589 3222 1783 3299 institui
1812 3222 1989 3294 prolti-
2016 3228 2062 3290 C
2096 3233 2364 3305 (Tm-mm,
2397 3231 2570 3303 ίῡίιω,

389 3316 495 3370 buit
522 3315 705 3387 (Idem,
740 3316 826 3370 lib.
859 3313 974 3369 lad
1006 3314 1158 3381 Nat.,
1194 3331 1309 3386 cap.
1342 3314 1427 3382 10,
1453 3332 1571 3386 pag.
1602 3314 1752 3386 575).

2164 3324 2348 3395 Neque
2375 3326 2534 3379 etiam
2573 3326 2776 3379 Auctor
2803 3330 2986 3378 noster
3029 3335 3257 3391 unquam
3290 3317 3514 3375 credidit
3541 3316 3700 3388 quid-

464 3407 570 3463 Sed
601 3408 993 3463 animadvertas
1013 3409 1172 3464 velim
1201 3425 1321 3479 «iure
1359 3408 1517 3466 fuerit
1545 3410 1705 3464 etiam
1746 3408 1798 3462 in
1829 3407 1991 3463 rebus
2096 3434 2127 3489 ρ

2096 3432 2257 3489 quam
2287 3431 2318 3470 a
2347 3410 2583 3486 Caligula
2614 3425 2667 3470 et
2708 3412 2929 3469 Claudio
2956 3408 3366 3482 imperatoribus
3395 3409 3446 3464 in
3477 3407 3697 3463 eosdem

392 3501 563 3556 sacris
590 3500 945 3556 inconstantia
969 3511 1026 3556 et
1054 3500 1326 3556 insulsitas
1366 3501 1650 3571 gentilium
1675 3542 1689 3567 ,
1721 3499 1810 3571 qui
1840 3509 1990 3571 post-

2094 3506 2429 3563 Christianos
2472 3506 2769 3563 decretum.
2817 3502 3027 3559 Etenim
3068 3501 3262 3558 ibidem
3288 3498 3486 3571 adjecit
3516 3517 3529 3553 :
3562 3500 3695 3554 Con-

388 3609 549 3667 ‘P‘am
577 3596 878 3665 turpissima
907 3611 969 3651 3°
1007 3596 1167 3666 Plane
1208 3595 1524 3652 ἀεῖθεῑθηάίι
1565 3596 1680 3651 hinc
1720 3594 1993 3665 Serapidis
2101 3602 2253 3658 sulite
2273 3601 2659 3657 commentarios
2684 3608 2898 3665 vestros,
2933 3599 3037 3652 illic
3054 3597 3311 3669 reperietis
3337 3594 3559 3666 primum
3587 3590 3700 3646 Ne-

390 3689 646 3759 mysteria
669 3688 791 3759 jure
816 3698 922 3744 tam
956 3690 1148 3745 merito
1174 3689 1549 3755 SllSlulissenl.
1582 3702 1790 3743 summa
1813 3697 1992 3743 tamen
2096 3711 2273 3750 ronem
2310 3695 2363 3749 in
2399 3696 2528 3748 hanc
2577 3676 2795 3758 sectam,
2836 3706 2949 3743 cum
2974 3689 3191 3743 maxime
3228 3687 3408 3742 Roma:
3433 3685 3695 3749 orientem,

388 3779 670 3850 impietate
716 3782 1178 3850 instauraverunt,
1206 3779 1657 3852 quemadmodum
1702 3779 1992 3836 Tertullia-

2098 3788 2391 3844 Cwsariano
2418 3786 2591 3857 gladio
2619 3786 2856 3856 ferocisse
2895 3780 3249 3854 (Tertullian.,
3279 3781 3380 3834 loc.
3426 3776 3562 3848 cit.).
3592 3775 3700 3830 Nos

380 3886 494 3928 .nus
522 3887 583 3928 se
611 3884 795 3944 postea
826 3873 995 3929 iusius
1024 3873 1513 3930 demonstraturum
1556 3873 1855 3944 pollicetur.
1883 3869 1994 3929 Nos

2096 3895 2228 3937 vero
2255 3880 2391 3935 infra
2415 3876 2801 3949 explicabimus
2828 3891 2926 3930 cur
2949 3875 3116 3944 prima
3134 3872 3558 3929 Christianorum
3581 3885 3702 3942 per-

396 3980 528 4022 vero
558 3967 625 4021 de
650 3967 862 4023 illorum
892 3982 1014 4023 cum
1037 3969 1316 4025 eversione
1343 3976 1453 4024 tum
1476 3969 1825 4024 renovatione
1848 3980 1995 4039 qure-

2098 3973 2306 4030 secntio
2332 3973 2401 4025 ab
2421 3970 2525 4025 hoc
2550 3971 2879 4038 imperatore
2921 3965 3187 4021 concitata
3215 3964 3424 4019 dicatur
3451 3961 3695 4033 (Dissert.

398 4058 521 4113 dam
545 4059 597 4114 in
628 4071 809 4115 ucstra
836 4062 904 4117 de
928 4062 1130 4118 Minutii
1155 4061 1376 4119 Octavio
1399 4062 1783 4118 dissertatione
1816 4076 1993 4117 anno-
2098 4065 2153 4119 in
2175 4063 2299 4119 Luc.
2336 4062 2533 4127 chil.,
2562 4060 2653 4116 lib.
2684 4061 2747 4114 de
2799 4068 2949 4114 mort.
2983 4056 3183 4112 Persec.
3211 4098 3224 4123 ,
3259 4072 3373 4126 cap.
3403 4054 3458 4119 6,
3490 4063 3589 4107 art.
3619 4054 3698 4125 l).

400 4152 626 4207 lavimus
660 4151 959 4224 (Dissertat.
1014 4156 1067 4208 in
1102 4155 1291 4209 Minut.
1348 4155 1550 4225 Oetam,
1592 4172 1710 4226 cap.
1762 4150 1860 4225 ‘22,
1892 4163 1992 4209 art.
2101 4155 2459 4224 Quamobrem
2512 4151 2641 4207 illud
2688 4161 2891 4207 tantum
2941 4146 3346 4204 observabimus
3387 4144 3703 4218 quibusdam

401 4240 477 4314 ί),
502 4252 556 4297 et
576 4244 708 4297 inira
730 4244 905 4300 adhuc
924 4244 1347 4301 observabimus.
1448 4260 1451 4263 ‘
2101 4253 2276 4309 visum
2300 4250 2463 4306 fuisse
2491 4249 2574 4304 his
2605 4247 2803 4312 verbis,
2834 4244 3226 4301 commentarios
3248 4254 3460 4312 uestros,
3489 4242 3560 4300 ab
3583 4245 3698 4299 Au-

473 4336 717 4393 Etlmicis
744 4339 922 4410 igitur,
955 4339 1041 4410 qui
1069 4339 1200 4395 deos
1226 4353 1354 4395 suos
1408 4338 1480 4394 ita
1510 4337 1920 4409 repudiaverunt
1947 4345 2002 4394 et
2104 4352 2256 4400 ctore
2284 4354 2468 4398 nostro
2491 4339 2763 4410 designari
2790 4346 2881 4392 aut
2902 4335 3135 4392 Cornelii
3154 4335 3321 4393 Taciti
3343 4335 3599 4399 Annales,
3619 4343 3713 4390 aut

400 4432 769 4498 restituerant,
794 4432 875 4489 fas
903 4447 1171 4504 nunquam
1204 4431 1302 4487 fuit
1329 4430 1685 4500 Christianos,
1716 4446 1818 4487 nec
1846 4430 2001 4486 audi-
2105 4433 2284 4508 potius
2324 4432 2652 4501 descriptam
2695 4444 2725 4482 a
2770 4428 3031 4485 Suetonio
3075 4425 3305 4484 Neronis
3347 4428 3527 4483 vitam.
3572 4422 3711 4479 Nam

402 4531 511 4588 tos,
566 4538 667 4577 nec
712 4523 959 4583 defensos
1010 4527 1132 4581 ideo
1179 4525 1555 4589 condemnare,
1583 4533 1640 4580 et
1668 4524 2001 4590 interﬁcere;
2109 4523 2237 4581 alibi
2260 4523 2350 4579 ille
2369 4521 2529 4590 dixit,
2566 4519 2710 4575 Vitas
2730 4519 2989 4576 Ctesarum
3015 4518 3262 4591 legimus:
3289 4518 3529 4574 orientem
3555 4515 3712 4587 ﬁdem

406 4614 532 4684 quia
552 4629 736 4670 verum
766 4617 930 4673 Deum
980 4632 1267 4689 veramque
1296 4616 1607 4688 religionem
1635 4629 1785 4673 suam
1806 4629 2003 4686 negare
2026 4618 2081 4681 D
2108 4620 2304 4693 primus
2359 4612 2501 4669 Nero
2550 4602 2831 4668 cruEntavit
2871 4613 2892 4684 (
2918 4610 3135 4667 Tertull.
3161 4652 3178 4680 ,
3229 4610 3318 4665 lib.
3387 4608 3449 4663 de
3494 4607 3709 4678 Scorp.,

408 4719 466 4768 et
500 4706 749 4766 abdicare
779 4713 1052 4768 nolebant.
1100 4711 1207 4768 Sed
1251 4711 1305 4767 id
1351 4710 1527 4767 adhuc
1568 4711 1914 4767 confirmatur
1936 4724 2006 4767 ex
2110 4728 2228 4787 cap.
2257 4708 2329 4766 15
2359 4704 2404 4780 ).
2441 4704 2551 4763 Nec
2592 4721 2815 4778 prorsus
2853 4704 3071 4777 quidem
3114 4703 3296 4776 inepta
3341 4701 3554 4758 videtur
3592 4698 3712 4756 haec

406 4800 510 4869 iis,
542 4818 659 4873 quae
703 4806 982 4860 retulimus
1024 4805 1081 4861 in
1124 4805 1226 4861 alia
1267 4803 1647 4861 dissertatione
1685 4803 1920 4876 (Disserl.
1951 4802 2008 4856 in
2112 4803 2442 4875 conjectura.
2519 4799 2626 4857 Sed
2700 4798 2826 4871 quid
2893 4796 3148 4868 impedit,
3198 4794 3487 4867 quominus
3555 4809 3708 4851 com-
3812 4794 3815 4799 ⁴

412 4893 845 4967 Ανηοὸ.,εαρ.5,
870 4907 969 4955 art.
994 4900 1018 4955 ι
1045 4909 1092 4954 et
1114 4899 1302 4970 seqq.),
1326 4898 1417 4954 ubi
1438 4897 1788 4970 patefecimus
1810 4904 2009 4968 quanta
2114 4897 2439 4955 mentarium
2494 4896 2714 4950 nomine
2788 4892 2963 4949 adhuc
3005 4890 3341 4947 denotaverit
3386 4904 3580 4945 arcana
3621 4902 3718 4944 seu

411 4984 489 5041 illi
512 4987 735 5043 audacia
766 5004 963 5057 mores,
990 4991 1133 5062 leges
1157 4999 1212 5046 et
1263 4992 1504 5047 instituta
1529 4993 1690 5047 etiam
1720 4991 2010 5048 sacratiora
2116 4998 2237 5046 acta
2265 4987 2477 5062 publica
2505 4974 2893 5053 Rémanorum,
2917 4984 2971 5038 in
3002 4980 3215 5053 quibus,
3242 4978 3398 5039 sicuti
3427 4994 3588 5053 supra
3616 4991 3718 5033 no-

413 5081 853 5152 contempserint,
886 5082 1255 5139 labelactarint
1282 5091 1337 5141 et
1359 5082 1755 5157 abrogaverim.
2112 5080 2352 5140 lavimus
2390 5076 2550 5154 (Sup.
2582 5095 2698 5152 cap.
2730 5076 2798 5145 9,
2829 5083 2930 5131 art.
2972 5070 3055 5145 ὅ),
3104 5070 3529 5131 extraordinaria
3575 5069 3716 5141 facta

704 5166 710 5171 ‘
1009 5223 1238 5285 CAPUT
1275 5223 1421 5283 χιχ,
2121 5164 2323 5232 litteris
2348 5171 2657 5245 consignata
2677 5167 3150 5227 conservabantur.

1332 5255 1421 5293 μ’
2197 5267 2498 5338 Utcumque
2540 5280 2627 5321 res
2673 5280 2732 5322 se
2756 5263 2973 5332 habeat,
3013 5270 3159 5317 certe
3198 5258 3406 5330 Religio
3431 5255 3725 5314 christiana

421 5358 501 5417 De
526 5362 719 5436 legibus
745 5364 801 5419 in
825 5361 1139 5421 Christianos
1168 5363 1322 5433 datis,
1346 5373 1396 5420 et
1448 5363 1810 5437 imperatorum
1852 5362 1908 5423 in
1937 5378 2021 5421 eos
2124 5350 2233 5420 hoc
2256 5359 2489 5428 Nerone,
2517 5368 2743 5431 tyranno
2767 5357 3007 5414 omnium
3041 5354 3388 5427 nequissimo,
3406 5352 3515 5421 vel,
3537 5364 3730 5424 quem-

978 5458 1095 5513 odio
1119 5457 1198 5514 uel
1221 5458 1414 5530 fauore.
2129 5453 2420 5517 admodum
2435 5452 2670 5524 loquitur
2689 5449 3068 5514 Tertullianus,
3095 5448 3183 5504 tali
3201 5445 3490 5502 dedicatore
3509 5444 3730 5498 damna-

2134 5550 2285 5605 tionis
2302 5559 2487 5605 nostrw
2504 5547 2653 5603 etiam
2673 5544 2918 5618 gloriatur
2943 5542 3167 5616 (Tertul.
3182 5541 3474 5615 Apologet.,
3514 5536 3634 5612 cap.
3673 5536 3731 5602 5,

2135 5662 2192 5718 p.
2218 5641 2370 5715 295).
2403 5641 2486 5698 Ab
2513 5640 2606 5697 illo
2626 5637 2890 5711 siquidem
2919 5635 3189 5702 damnata,
3213 5650 3278 5691 eo
3300 5635 3418 5709 ipso
3456 5634 3597 5691 bona
3617 5643 3739 5718 esse

427 5733 697 5819 Quomodo
735 5736 1088 5801 Tertullianus
1117 5742 1351 5801 ostendat
1399 5743 1590 5818 primas
1629 5741 1684 5798 in
1712 5738 2031 5800 Christianos
2137 5716 2195 5795 et
2219 5751 2347 5793 vera
2385 5732 2655 5805 probatur.
2699 5730 2833 5786 Nam
2862 5728 3017 5819 sicuti
3042 5727 3133 5783 ille
3169 5727 3339 5798 pergit
3371 5743 3397 5819 ςΔ
3422 5725 3533 5819 Qui
3550 5723 3641 5819 scit
3669 5716 3741 5775 ilc

426 5888 435 5906 .
505 5815 638 5904 ιεοιᾶ
666 5831 794 5893 (alat
823 5850 930 5895 tm
958 5852 990 5895 α
1016 5832 1225 5897 Narona
1264 5815 1568 5911 nequissimo
1598 5828 1927 5911 imperatore,
1965 5842 2030 5915 ac
2141 5830 2289 5904 tum,
2326 5825 2603 5900 intelligere
2645 5823 2807 5899 potest
2838 5838 2937 5884 non
2966 5818 3064 5917 nisi
3097 5818 3289 5895 grande
3326 5816 3533 5892 aliquod
3558 5815 3745 5875 borium

956 5614 1249 5661 ABTICULUS
1286 5610 1496 5659 PRIIIUS.

2105 6020 2132 6027 ,ο
