4212 6262
587 232 728 289 1007

1661 226 1728 285 lN
1771 225 2234 284 TERTULLIANI
2272 222 2810 285 APOLOGETICUM

3741 229 3886 286 1008

581 364 616 404 a
648 346 854 402 Nerone
880 345 1176 400 damnatum
1221 341 1412 414 (Idem,
1431 340 1664 410 ibidem).
1729 340 1837 397 Sed
1879 339 1992 396 haec
2027 340 2185 412 paulo
2211 342 2266 404 Α
2290 342 2558 398 nabantur
2588 356 2729 397 vano
2751 341 3071 406 edictorum,
3100 341 3168 399 ab
3190 340 3273 399 his
3299 342 3717 414 imperatoribus
3735 342 3893 402 dato-

585 439 758 497 fusius
798 437 1138 512 prosequitur
1179 434 1231 489 in
1278 447 1376 489 suo
1426 433 1496 486 ad
1550 431 1797 488 Nationes
1853 434 2032 490 libro:
2076 433 2185 490 Sub

587 531 818 594 Nerone,
848 529 1035 599 inquit,
1067 526 1326 580 damnatio
1355 523 1591 590 invaluit,
1614 535 1669 579 ut
1692 527 1806 596 jam
1836 526 1953 582 hinc
1980 527 2042 580 de
2067 543 2187 597 per-

587 642 717 681 sona
743 621 1073 693 persecutoris
1101 617 1409 689 ponderetis.
1442 617 1503 673 Si
1541 618 1657 687 pius
1685 618 1774 672 ille
1800 620 2055 688 princeps,
2087 620 2187 672 im-

590 715 668 787 pii
706 713 1018 778 Christiani;
1045 712 1088 766 si
1129 713 1323 782 justus,
1375 711 1419 765 si
1471 720 1658 775 castus,
1699 711 1878 776 iniusti
1918 720 1964 764 et
2013 710 2190 765 incesti

587 807 905 870 Christiani;
934 806 978 860 si
1007 821 1107 860 non
1139 805 1296 859 hostis
1326 804 1578 875 publicus,
1608 820 1699 858 nos
1747 803 1934 872 publici
1981 804 2146 857 hostes
2171 819 2190 867 ;

583 901 764 972 quales
829 899 990 954 simus
1047 899 1318 951 damnator
1380 896 1469 950 ille
1535 895 1936 960 demonstrauit,
2019 894 2192 963 utique

581 991 806 1056 amula,
867 991 919 1046 id
985 998 1090 1057 est,
1142 988 1442 1044 contrarias
1495 988 1741 1058 pessimis
1797 989 1910 1042 suis
1951 985 2192 1042 moribus

578 1085 807 1140 virtutes
831 1083 1066 1155 puniens.
1099 1080 1164 1135 Et
1209 1090 1375 1135 tamen
1405 1082 1713 1150 permansit,
1742 1082 1900 1135 erasis
1923 1081 2150 1134 antnibus
2172 1121 2188 1144 ,

579 1179 678 1232 hoc
719 1175 884 1230 solum
912 1174 1199 1228 institutum
1230 1173 1606 1238 Neronianum,
1630 1174 1829 1244 justum
1867 1172 2100 1242 denique,
2135 1181 2190 1225 ut

581 1265 830 1323 dissimile
851 1265 931 1320 sui
962 1265 1185 1320 auctoris
1213 1263 1408 1335 (Idem,
1441 1265 1577 1320 lib.l
1619 1266 1688 1318 ad
1719 1263 1959 1331 Nation.,
1988 1280 2102 1334 cap.
2133 1265 2188 1332 7,

579 1379 639 1433 ρ.
671 1359 836 1427 567).

655 1449 773 1506 Non
799 1455 1048 1518 poterant
1087 1445 1245 1517 igitur
1271 1446 1498 1518 gentiles
1521 1445 1843 1502 Christianis
1871 1448 2104 1518 objicere
2131 1461 2191 1514 se

579 1542 792 1614 legibus
845 1540 912 1594 ab
943 1539 1262 1609 impiissimo
1318 1539 1410 1592 illo
1468 1548 1694 1610 tyranno
1733 1540 1874 1594 datis
1902 1540 2185 1610 obstringi.

578 1633 763 1692 Prima
809 1634 1009 1703 quippe
1054 1634 1138 1686 lex
1190 1632 1242 1686 in
1271 1646 1367 1686 eos
1397 1631 1600 1685 sancita
1646 1631 1854 1697 abillo,
1887 1632 1977 1703 qui
2027 1632 2190 1686 tantis

2288 449 2432 501 rum,
2462 443 2721 505 praetextu
2751 450 2902 489 suam
2930 436 2980 490 in
3003 433 3337 491 Christianos
3365 451 3630 492 excusare
3656 437 3893 494 crudeli-

2289 536 2477 584 tatem.
2508 534 2580 582 At
2620 526 2689 582 de
2732 535 2960 598 utroque
3006 527 3099 582 illo
3147 527 3474 599 imperatore
3506 528 3810 584 Domitiano
3837 539 3894 586 et

2290 618 2526 686 Nerone,
2551 628 2604 674 et
2631 628 2896 674 commota
2925 619 3180 674 adversus
3199 619 3536 676 Christianos
3562 622 3894 691 persecutio-

2293 726 2381 778 ne,
2441 711 2495 766 in
2551 711 2654 766 alia
2707 709 3085 766 dissertatione
3113 710 3509 781 disputabimus
3555 709 3746 784 (Infr.,
3773 731 3891 784 cap.

2294 800 2384 864 16,
2431 811 2529 856 art.
2583 802 2639 867 ὅ,
2698 799 2912 856 Dissert.
2965 801 3018 854 in
3065 799 3191 855 Luc.
3239 800 3413 856 thcil.
3467 818 3584 871 cap.
3624 802 3679 869 6,
3720 813 3818 857 art.
3862 805 3888 859 1

2294 893 2465 964 ωε).

2365 983 2653 1050 Caeterum,
2683 983 2729 1038 si
2767 982 2821 1038 hi
2860 983 2968 1039 duo
2995 984 3306 1056 nequissimi
3347 983 3702 1054 imperatores
3731 1000 3893 1057 quas-

2293 1078 2416 1134 dam
2465 1077 2725 1133 adversus
2769 1076 3108 1147 Christianos
3149 1078 3494 1133 sanciverunt
3537 1077 3898 1150 iniquissimas

2295 1169 2442 1238 leges
2463 1210 2476 1234 ,
2507 1177 2722 1224 constat
2749 1183 2882 1224 sane
2909 1169 3075 1236 alios,
3109 1169 3198 1238 qui
3228 1168 3406 1224 medio
3435 1169 3576 1224 inter
3607 1178 3898 1242 utrumque

2295 1270 2562 1334 tempore,
2590 1262 2674 1318 vel
2703 1271 2820 1332 post
2850 1262 3209 1317 Domitianum
3240 1261 3306 1317 ad
3334 1261 3641 1318 Tertulliani
3666 1273 3896 1319 aetatem

2294 1368 2586 1425 regnavere
2605 1395 2620 1420 ,
2656 1363 2747 1408 aut
2791 1339 3128 1409 Christianos
3163 1369 3267 1407 non
3297 1354 3573 1409 vexavisse
3595 1395 3610 1418 ,
3641 1365 3731 1410 aut
3761 1356 3902 1425 ipsis

2293 1442 2510 1510 favisse,
2546 1453 2638 1500 aut
2668 1444 2810 1500 nulla
2842 1443 3030 1499 tulisse
3055 1453 3243 1500 contra
3275 1444 3398 1499 illos
3437 1445 3642 1512 edicta,
3671 1447 3765 1502 sed
3793 1461 3902 1518 po-

2294 1537 2402 1592 tius
2436 1537 2614 1606 priora
2651 1535 3045 1592 emendavisse.
3087 1536 3256 1604 Quam
3284 1547 3463 1592 autem
3496 1537 3548 1592 id
3571 1546 3779 1592 certum
3805 1539 3902 1604 sit,

2293 1642 2552 1700 agnosces
2583 1629 2821 1698 profecto
2852 1628 2936 1684 bis
2963 1628 3278 1684 Tertulliani
3320 1629 3516 1694 verbis,
3550 1629 3744 1700 quibus
3769 1630 3896 1686 eth-

580 1735 803 1795 tamque
843 1723 1127 1779 horrendis
1168 1723 1467 1779 sceleribus
1506 1722 1760 1779 infamem
1812 1725 1972 1778 vitam
2008 1723 2160 1778 duxit
2184 1774 2198 1798 ,
2231 1735 2279 1797 Β
2307 1723 2456 1778 nicos
2485 1723 2565 1778 sic
2591 1731 2848 1792 provocat
2890 1742 2902 1777 :
2942 1721 3022 1776 De
3051 1732 3122 1776 tot
3152 1721 3334 1776 exinde
3359 1721 3680 1797 principibus
3705 1723 3775 1776 ad
3804 1724 3905 1778 ho-

581 1817 932 1874 manifestum
961 1825 1109 1871 certe
1137 1815 1387 1870 omnibus
1429 1815 1555 1870 fecit
1595 1832 1752 1887 quam
1783 1827 1991 1872 castum
2023 1818 2079 1872 et
2113 1818 2195 1871 in-

587 1926 796 1989 pocens
813 1917 932 1965 erat
950 1908 1380 1964 Christianorum
1401 1909 1611 1964 vivendi
1629 1925 1816 1979 genus.
1845 1910 2051 1965 Deinde
2072 1924 2200 1965 vero

578 2001 675 2057 ille
702 2001 966 2057 bonorum
1000 1998 1240 2054 omnium
1272 1998 1441 2054 hostis
1471 1991 2059 2066 infensissimus,‘uihil
2090 2000 2193 2056 nisi

582 2091 788 2147 bonum
826 2101 881 2146 et
909 2105 1122 2160 aequum
1153 2089 1462 2145 damnabat.
1500 2089 1712 2146 Ethnici
1752 2107 1880 2162 ergo
1917 2092 2194 2161 iniquissi-

583 2183 694 2239 mis
723 2183 840 2254 ejus
869 2183 1077 2254 legibus
1105 2198 1376 2253 nunquam
1411 2185 1578 2240 teneri
1619 2194 1899 2255 poterant;
1941 2200 2004 2240 ac
2035 2186 2191 2240 Chri-

579 2276 746 2332 stiani
771 2275 894 2346 jure
920 2275 1113 2331 merito
1145 2289 1205 2330 se
1233 2275 1299 2330 ab
1328 2274 1546 2331 homine
1579 2286 1684 2329 tam
1715 2275 1879 2345 impio
1908 2275 2193 2332 damnatos

579 2381 704 2424 esse
731 2367 1116 2438 gloriabantur.
1148 2366 1388 2436 Denique
1414 2382 1507 2421 sua
1541 2366 1874 2424 crudelitate
1901 2377 1955 2423 et
1985 2367 2194 2422 inaudi-

586 2460 662 2516 tis
692 2459 951 2515 hactenus
992 2457 1208 2528 ilagitiis
1247 2457 1457 2512 horrori
1499 2458 1750 2513 omnibus
1793 2458 1930 2514 adeo
1970 2457 2089 2525 fuit,
2133 2467 2192 2513 ut

579 2560 777 2607 cuncta
823 2549 942 2620 ejus
984 2558 1328 2604 monumenta
1382 2549 1570 2604 abrasa
1630 2549 1934 2620 abolitaque
1973 2548 2187 2605 fuerint.

578 2643 716 2700 Nam
743 2659 774 2699 a
803 2653 1013 2710 senatu,
1041 2653 1100 2700 ut
1127 2645 1203 2698 ait
1231 2643 1543 2712 Suetonius,
1577 2644 1746 2698 hostis
1775 2643 2016 2714 publicus
2035 2643 2184 2714 judi-

582 2743 740 2791 catus
762 2744 866 2801 est,
898 2750 1156 2806 moreque
1184 2736 1452 2804 majorum
1480 2734 1786 2804 puniendus
1819 2734 2061 2808 (Sueten.
2094 2735 2184 2789 lib.

580 2821 672 2889 γι,
706 2826 759 2879 in
793 2823 894 2880 Vit.
927 2824 1168 2891 Neronis,
1195 2825 1223 2897 ᾗ
1251 2824 1364 2896 49).
1398 2825 1456 2880 ln
1480 2825 1662 2880 Dionis
1685 2824 1934 2896 Epitome
1960 2825 2186 2895 legimus

581 2927 614 2968 a
639 2913 900 2969 militibus
915 2917 1292 2980 comminutas,
1319 2925 1374 2970 et
1393 2914 1599 2970 dirutas
1614 2915 1733 2986 ejus
1753 2925 1956 2970 statuas
1975 2915 2180 2986 (Diom,

583 3001 756 3074 Epit.,
781 3021 835 3074 p.
867 3003 1017 3072 i96),
1046 3020 1110 3061 ac
1137 3005 1182 3060 si
1209 3005 1496 3062 Plutarcho
1518 3007 1670 3072 fides,
1701 3005 1953 3078 Spicillus
1979 3007 2184 3079 gladia-

581 3103 692 3158 tor,
721 3095 786 3149 iis
823 3109 916 3166 per
939 3094 1126 3152 urbem
1151 3097 1340 3166 raptis,
1373 3097 1425 3150 iu
1469 3096 1585 3152 foro
1613 3097 1837 3153 obrutus
1861 3107 2184 3171 necatusque
2216 3123 2262 3186 ρ

579 3183 684 3239 fuit
708 3181 1028 3256 (Plutarch.,
1049 3186 1103 3240 in
1141 3184 1254 3239 Vita
1280 3185 1475 3254 Galba,
1501 3186 1759 3258 p.1056).

658 3277 732 3332 At
752 3277 995 3347 quamvis
1019 3277 1221 3334 ethnici
1249 3280 1425 3332 omnia
1447 3277 1565 3348 ejus
1591 3286 1708 3332 acta
1750 3286 1804 3333 et
1828 3277 2042 3334 decreta
2067 3279 2190 3350 jure

581 3369 781 3424 merito
806 3368 1143 3434 resciderint,
1167 3383 1315 3424 caeco
1337 3378 1513 3424 tamen
1537 3369 1753 3423 illorum
1780 3369 1834 3424 in
1853 3369 2191 3426 Christianos

583 3461 770 3519 furore
798 3463 996 3520 factum
1025 3472 1108 3519 est
1129 3503 1145 3530 ,
1178 3473 1252 3530 ut,
1283 3465 1440 3518 erasis
1468 3464 1698 3519 omnibus
1722 3508 1736 3531 ,
1767 3466 1938 3520 solum
1965 3466 2191 3522 Neronis

582 3552 641 3608 in
671 3553 792 3626 illos
817 3553 1093 3610 decretum
1123 3556 1500 3623 permanserit.
1546 3555 1650 3611 Sed
1692 3556 2055 3612 Tertullianus
2091 3572 2187 3613 eo-

581 3659 705 3702 rum
750 3644 1013 3698 insaniam
1048 3643 1322 3698 irridendo
1352 3645 1558 3700 addidit
1591 3665 1604 3699 :
1635 3645 1841 3700 Justum
1867 3648 2103 3717 quidem,
2136 3657 2189 3701 ut

585 3735 835 3788 dissimile
861 3736 938 3790 sui
965 3733 1209 3800 auctoris,
1241 3737 1340 3790 hoc
1362 3746 1464 3802 est,
1496 3746 1601 3790 tam
1628 3739 1892 3808 iniquum,
1919 3757 2076 3811 quam
2108 3741 2188 3811 ip-

582 3825 745 3882 simet
777 3825 941 3894 impio
967 3825 1189 3888 Neroni,
1217 3835 1272 3881 et
1291 3826 1410 3880 aliis
1435 3826 1676 3883 nefandis
1703 3829 1820 3898 ejus
1842 3829 1998 3887 factis
2019 3847 2082 3888 ac
2103 3832 2185 3888 le-

580 3917 737 3990 gibus
765 3916 944 3972 simile
973 3917 1092 3972 fuit.

658 4011 1008 4082 Prosequitur
1053 4009 1421 4066 Tertullianns
1463 4031 1475 4066 :
1513 4012 1810 4068 Tentaverat
1841 4025 1886 4070 et
1923 4015 2183 4073 Domitia-

579 4117 701 4165 nus,
735 4103 899 4170 portio
935 4100 1154 4155 Neronis
1183 4101 1246 4154 de
1274 4102 1594 4167 crudelitate,
1621 4105 1708 4158 sed
1737 4122 1837 4175 qua
1863 4117 1907 4161 et
1932 4109 2081 4161 homo
2105 4113 2188 4180 fa-

581 4191 679 4244 cile
707 4200 924 4260 coeptum
951 4193 1185 4261 repressit
1210 4234 1224 4255 ,
1258 4193 1499 4247 restitutis
1528 4194 1698 4259 etiam,
1735 4198 2188 4269 quos'relegaverat

579 4281 934 4352 (Tertullian.,
967 4283 1256 4353 Apologet.,
1281 4301 1396 4356 cap.
1429 4286 1483 4350 5,
1531 4304 1586 4357 p.
1623 4286 1785 4357 293).
1826 4289 2028 4344 Cuncta
2059 4305 2187 4346 vero

583 4373 705 4431 haec
733 4374 893 4431 verba
923 4389 1099 4446 graece
1141 4375 1346 4430 reddita
1379 4377 1641 4433 Eusebius
1681 4380 1884 4445 retulit,
1917 4381 2185 4452 aliumque

2305 1814 2567 1878 diernum,
2597 1815 2827 1868 divinum
2863 1815 3238 1882 humanumque
3277 1815 3610 1884 sapientibus,
3641 1815 3772 1870 edite
3809 1815 3910 1870 ali-

2300 1923 2450 1977 quem
2483 1906 2842 1961 debellatorem
2870 1904 3279 1961 Christianorum
3308 1905 3674 1975 (Tertullian.,
3712 1907 3910 1978 Apolo-

2301 2010 2427 2070 get.,
2451 2015 2566 2070 cap.
2596 1999 2649 2063 5,
2679 2016 2734 2069 p.
2757 1997 2911 2067 294).
2939 1998 3051 2064 Qua
3077 2007 3279 2065 autem,
3299 1999 3546 2063 obsecro,
3581 1998 3753 2054 fronte
3780 1999 3909 2055 eth-

2299 2091 2452 2146 nicos
2483 2100 2625 2145 tanta
2657 2090 2942 2145 securitate
2991 2089 3315 2160 compellare
3345 2090 3577 2145 audebat
3599 2131 3619 2158 ,
3657 2091 3759 2147 nisi
3800 2091 3908 2148 hoc

2299 2182 2490 2240 fuisset
2537 2184 2916 2240 verissimum?
2945 2183 3012 2238 Et
3039 2192 3187 2238 certe
3218 2183 3543 2248 Melitonem,
3574 2185 3640 2240 ab
3670 2185 3908 2244 Eusebio

2298 2276 2519 2330 citatum
2554 2274 2794 2348 (Euseb.,
2826 2275 2915 2329 lib.
2975 2273 3042 2328 ιν
3072 2272 3275 2329 Eccles.
3335 2271 3500 2340 Hist.,
3554 2291 3672 2346 cap.
3715 2275 3806 2341 26,
3838 2295 3900 2348 p.

2298 2366 2452 2438 MS),
2478 2383 2541 2422 ac
2572 2368 2753 2436 plures
2783 2367 2942 2432 alios,
2966 2367 3104 2422 sicut
3128 2367 3252 2422 alibi
3291 2367 3628 2423 ostendimus
3655 2367 3900 2440 (Dissert.

2295 2457 2350 2512 in
2377 2457 2503 2512 Luc.
2537 2457 2720 2525 Cecil.,
2779 2474 2895 2527 cap.
2928 2457 2982 2522 6,
3011 2467 3112 2510 art.
3165 2457 3244 2527 3),
3273 2455 3459 2512 habuit
3487 2473 3599 2512 sua:
3628 2458 3890 2530 suﬂ'raga-

2295 2557 2443 2604 tores
2473 2556 2528 2604 et
2555 2557 2810 2618 patronos
2839 2547 3144 2613 sententiae,
3177 2562 3335 2617 quam
3363 2548 3480 2619 ipse
3507 2548 3678 2606 adhuc
3705 2550 3903 2605 conlit-

2295 2648 2426 2705 mat,
2460 2640 2533 2695 uti
2565 2655 2627 2695 ex
2657 2639 3004 2711 sequentibus
3033 2638 3270 2694 articulis
3299 2639 3521 2708 patebit.

2905 2790 3196 2833 ARTICULUS
3234 2791 3290 2831 ιι.

2294 2889 2618 2963 Expenditur
2640 2901 2813 2946 utrum
2837 2890 3046 2944 Marcus
3075 2891 3316 2946 Aurelius
3344 2891 3634 2946 christiana:
3656 2893 3900 2963 religioni

2362 2993 2634 3054 propterea
2691 2983 2894 3054 faverit,
2941 2983 3076 3051 quod
3113 2983 3379 3036 christiani
3425 2983 3611 3036 milites
3651 2985 3904 3039 exercitui

2368 3077 2500 3146 ejus,
2529 3075 2614 3129 siti
2641 3083 2865 3140 caecato,
2895 3073 3105 3128 imbrem
3136 3089 3238 3128 non
3259 3074 3364 3128 sine
3389 3089 3571 3143 magno
3592 3074 3842 3127 miraculo
3861 3093 3901 3129 α

2368 3163 2478 3219 Deo
2522 3163 2921 3234 impetraverint,
2977 3181 3037 3217 ac
3078 3165 3331 3234 quomodo
3371 3163 3553 3216 iisdem
3598 3163 3899 3218 christianis

2367 3273 2544 3327 poenas
2575 3256 2838 3326 impositas
2879 3271 2980 3309 non
3023 3255 3289 3310 dimoverit
3311 3295 3326 3320 ,
3366 3255 3455 3310 sed
3489 3254 3662 3324 palam
3700 3255 3902 3325 disper-

2368 3350 2508 3402 serit.

2367 3459 2580 3517 Ethnici
2612 3459 2981 3531 injustissimis
3011 3459 3370 3529 pessimorum
3397 3459 3780 3529 imperatorum
3821 3457 3899 3515 le-

2293 3554 2449 3626 gibus
2488 3554 2554 3610 ad
2595 3553 2923 3609 christianos
2951 3550 3414 3608 excarnificandos
3439 3566 3507 3606 eo
3534 3553 3735 3621 majore
3772 3565 3896 3622 per-

2293 3648 2546 3703 versitate
2571 3646 2950 3709 ahutebantur,
2972 3659 3078 3714 quo
3099 3645 3299 3700 certius
3316 3653 3580 3700 noverant
3603 3645 3756 3714 longe
3775 3659 3891 3699 me-

2293 3738 2458 3794 liores
2500 3737 2666 3812 fuisse
2714 3751 2844 3792 suos
2875 3738 3268 3807 imperatores,
3315 3737 3403 3806 qui
3435 3746 3528 3791 aut
3571 3737 3624 3791 in
3673 3737 3887 3791 illorum

2290 3831 2514 3902 gratiam
2543 3829 3036 3896 feceruntdecreta,
3058 3840 3354 3886 auteorum
3384 3830 3623 3886 fautores
3649 3830 3884 3897 fuerunt,

2292 3931 2348 3978 et
2385 3921 2720 3978 defensores.
2776 3921 3090 3978 Nominibus
3140 3933 3322 3978 autem
3368 3923 3479 3978 suis
3529 3923 3893 3980 Tertullianus

2290 4013 2412 4069 illos
2439 4015 2694 4084 appellat,
2724 4015 2818 4070 sed
2851 4030 2957 4069 non
2997 4024 3212 4070 servato
3251 4015 3673 4086 uniuscujusque
3719 4017 3895 4071 aetatis

2290 4107 2498 4162 ordine.
2557 4105 2776 4161 Orditur
2803 4107 2948 4162 enim
2988 4122 3017 4160 a
3046 4105 3225 4162 Marco
3253 4106 3471 4162 Aurelio
3492 4149 3508 4174 ,
3551 4122 3712 4178 quem
3733 4107 3894 4163 Chri-

2289 4200 2584 4254 stianorum
2630 4208 2965 4270 protectorem
3010 4199 3174 4254 fuisse
3216 4205 3507 4253 asseverat.
3558 4199 3669 4255 Nec
3713 4199 3893 4265 ullus,

2288 4291 2481 4362 inquit,
2513 4307 2746 4362 unquam
2799 4290 3116 4346 dit’fitehitur
3149 4309 3164 4345 :
3200 4291 3261 4346 Si
3293 4290 3476 4346 litterae
3507 4289 3646 4346 illius
3692 4292 3895 4360 gravis-

2287 4387 2405 4442 simi
2429 4386 2754 4458 imperatoris
2782 4385 3129 4456 requirantur,
3151 4385 3332 4455 quibus
3372 4383 3516 4438 illam
3551 4384 3894 4454 germanicam

575 4475 775 4522 testem
794 4466 1318 4537 citatjllegesippum,
1341 4470 1430 4538 qui
1460 4472 1732 4526 memoriae
1757 4472 1974 4528 tradidit
2000 4475 2180 4530 Domi-
2204 4512 2258 4572 Β
2288 4481 2458 4546 sitim,
2493 4480 2890 4534 christianorum
2913 4479 3042 4546 forte
3071 4478 3287 4532 militum
3326 4479 3700 4548 precationibus
3727 4478 3890 4547 impeb

582 4559 817 4624 tianum,
853 4568 1132 4630 postquam
1165 4559 1452 4615 nonnullos
1477 4561 1677 4616 Christi
1703 4575 1959 4634 cngnatos
1987 4565 2055 4620 de
2081 4582 2179 4621 sua

577 4651 788 4724 origine
817 4661 872 4708 et
914 4652 1156 4723 ejusdem
1199 4653 1395 4708 Christi
1426 4671 1588 4725 regno
1619 4657 2022 4728 interrogasset,
2049 4660 2179 4716 nihil

580 4743 842 4799 adversus
863 4757 958 4799 eos
983 4744 1237 4799 statuisse
1263 4746 1525 4815 aSperius,
1547 4746 1642 4802 sed
1667 4749 1937 4804 dimisisse
1955 4751 2176 4820 liberos,

579 4849 647 4890 ac
677 4836 844 4891 misso
871 4836 1048 4892 edicto
1069 4838 1468 4907 compescuisse
1496 4852 1818 4896 commotam
1849 4844 1903 4897 in
1926 4843 2178 4900 christia-

579 4941 668 4982 na:
725 4927 1000 4998 religionis
1047 4937 1344 4984 sectatores
1374 4971 1388 4995 ,
1421 4933 1853 5000 persecutionem
1883 4953 1894 4988 :
1922 4945 2180 4994 καταπαῦ-

576 5043 664 5073 οαι
695 5023 778 5074 διὰ
822 5028 1187 5091 προστάγματος
1224 5033 1304 5078 τὸν
1341 5028 1470 5077 κατὰ
1523 5040 1607 5086 τῆς
1659 5015 1926 5090 ἐκκλησίας
1979 5034 2180 5099 διωγμόν

575 5111 831 5179 (Euseb.,
861 5113 947 5166 lib.
990 5111 1077 5166 lll.
1117 5111 1317 5168 Eccles.
1377 5114 1578 5170 Histor.
1603 5158 1618 5180 ,
1649 5135 1767 5189 cap.
1795 5119 1888 5188 20,
1929 5140 1984 5193 p.
2038 5123 2170 5194 90).

572 5201 821 5275 Denique
847 5204 914 5259 de
944 5212 1167 5274 utroque
1198 5203 1501 5261 Domitiano
1554 5217 1609 5264 et
1658 5209 1869 5266 Nerone
1921 5212 2037 5269 haec
2063 5215 2173 5270 Au-
2205 5209 2214 5218 ’

573 5304 694 5351 ctor
743 5305 926 5352 noster
971 5295 1165 5367 adjecit
1199 5315 1212 5350 :
1245 5296 1394 5353 Tales
1443 5317 1640 5371 semper
1684 5305 1827 5359 nobis
1869 5304 2175 5364 insecutores

569 5385 776 5457 injusti,
807 5387 975 5457 impii,
1007 5395 1199 5456 turpes,
1228 5405 1351 5459 quos
1377 5399 1423 5444 et
1452 5391 1570 5462 ipsi,
1604 5409 1700 5449 vos
1742 5397 1990 5466 gentiles,
2019 5399 2168 5454 dam-

568 5495 698 5535 nare
718 5480 1014 5544 consuestis,
1054 5497 1087 5534 a
1113 5481 1294 5550 quibus
1320 5483 1589 5540 danmutos
1611 5488 1873 5542 restituere
1897 5491 2033 5545 soliti
2053 5494 2173 5549 estis

567 5571 923 5644 (Tertullian.,
955 5573 1106 5643 ibid.)

562 5716 584 5738 ι
638 5666 859 5726 Frustra
886 5683 1017 5740 ergo
1044 5683 1108 5728 ac
1151 5685 1373 5741 prorsus
1414 5671 1595 5744 inepte
1625 5673 1786 5733 iidem
1811 5677 2040 5747 gentiles
2071 5693 2168 5738 co-

2284 4581 2417 4626 trato
2437 4572 2588 4625 imbri
2611 4613 2626 4637 ,
2667 4571 2948 4625 discussam
2987 4569 3675 4641 contestatur(Tertullian.,
3699 4571 3888 4640 Apolo-

2282 4673 2408 4734 get.,
2439 4680 2554 4733 cap.
2577 4664 2631 4726 5,
2649 4662 2868 4733 p.295).
2897 4662 3116 4718 Certum
3143 4662 3380 4732 quidem,
3410 4678 3473 4717 ac
3496 4664 3737 4718 unanimi
3765 4679 3882 4719 om-

2283 4755 2464 4822 nium,
2497 4757 2610 4810 sive
2655 4755 2957 4826 gentilium,
3007 4758 3121 4811 sive
3162 4754 3577 4811 christianornm
3620 4770 3886 4813 consensu

2282 4851 2562 4920 probatum
2599 4859 2684 4906 est
2711 4849 2825 4905 haec
2860 4851 3183 4920 contigisse.
3221 4865 3342 4906 cum
3386 4851 3598 4907 Marcus
3629 4849 3887 4906 Aurelius

2281 4943 2539 4999 adversus
2567 4942 2866 5000 Germanos
2901 4958 2964 4997 ac
3001 4943 3275 4999 Sarmatas
3326 4953 3680 5014 pugnaturus,
3709 4943 3884 5000 aciem

2281 5035 2591 5091 instrueret.
2624 5034 2760 5089 Tum
2806 5034 3004 5106 quippe
3029 5033 3146 5104 ejus
3197 5035 3415 5100 milites,
3455 5035 3546 5105 qui
3575 5035 3662 5090 siti
3689 5047 3884 5089 eneca-

2280 5127 2504 5195 bantur,
2547 5130 2832 5198 impetrato
2862 5127 3074 5182 etelitus
3105 5126 3297 5190 imbre,
3329 5125 3554 5182 recreati
3599 5131 3743 5179 sunt.
3773 5123 3884 5180 Sed

2277 5220 2335 5275 in
2357 5220 2575 5276 dubium
2606 5219 2802 5290 aliquis
2825 5218 3038 5275 vocabit
3061 5229 3237 5274 utrum
3264 5219 3602 5274 ethnicorum
3622 5215 3707 5273 vel
3729 5214 3883 5272 chri-

2277 5312 2575 5367 stianorum
2612 5311 2860 5381 precibus
2884 5315 3136 5366 obtentus
3156 5309 3336 5366 fuerit.

2349 5403 2537 5458 Plures
2587 5417 2818 5472 namque
2862 5406 3154 5472 scriptores
3201 5400 3402 5458 ethnici
3453 5401 3599 5458 hunc
3651 5400 3883 5457 imbrem

2275 5496 2570 5566 precationi
2603 5495 2892 5566 pietatique
2935 5495 3180 5566 ejusdem
3224 5494 3569 5565 imperatoris
3597 5502 3882 5562 acceptum

2273 5587 2539 5646 referunt.
2570 5589 2784 5645 Primus
2812 5599 2989 5646 autem
3022 5605 3090 5646 ex
3129 5589 3247 5644 istis
3273 5589 3511 5645 occurrit
3541 5588 3697 5644 nobis
3717 5586 3880 5657 Capi-

2273 5680 2510 5752 tolinus,
2553 5681 2707 5754 cujus
2747 5680 2863 5740 haec
2891 5689 3018 5739 sunt
3051 5679 3118 5739 de
3163 5679 3256 5738 illo
3301 5679 3505 5739 verba:
3536 5679 3762 5737 Fulmen
3815 5680 3882 5736 de
