4212 6262
355 417 379 476 1
390 421 498 478 009

1486 409 1944 468 DlSSERTATlO
1981 412 2046 469 ι).
2080 416 2167 472 LE
2203 417 2512 475 Nocnnv.
2563 485 2567 490 κ

3517 420 3660 477 1010

349 535 479 589 ctelo
510 532 740 605 precibus
777 529 881 585 suis
907 536 1085 583 contra
1115 527 1335 582 hostium
1366 527 1834 580 machinamentum
1859 543 1954 582 επ·
1979 535 2033 592 Α
2058 532 2394 589 culationibus
2446 547 2491 590 et
2530 537 2936 609 jujunationibus
2983 539 3167 592 nostris
3216 540 3365 592 etiant
3410 539 3663 596 siccitates

349 630 517 694 torsit,
544 626 650 680 suis
675 623 849 694 pluvia
875 623 1167 692 impetrata,
1193 637 1307 674 cum
1338 621 1419 697 siti
1447 617 1737 673 laborarent
1782 617 1960 690 (Capi-

354 719 471 786 tol.,
497 719 551 772 in
581 707 696 769 Vita
724 713 802 768 M.
833 714 1098 778 Antonin.,
1117 731 1171 784 p.
1189 709 1340 782 505).
1367 710 1559 765 Fusius
1584 726 1715 766 vero
1736 709 1958 766 Themi-

353 791 510 865 ειὶιιεἶ
549 807 766 878 publica
799 805 865 859 :td
911 804 1269 860 Theodosium
1323 803 1604 858 oratione:
1636 798 1870 872 Ᾰντωνινῳ
1896 811 1960 873 τῲ

351 892 582 968 lact/uiua
634 901 953 967 o'wrazpéropt
983 903 1066 952 τθῧ
1096 899 1445 965 avaritia/tetra;
1500 900 1590 946 im)
1636 897 1794 960 δίψους
1831 899 1959 964 at.er

357 999 660 1062 πιεζομένου,
693 997 882 1058 ἀνοιχὼν
911 999 976 1044 τὼ
1003 994 1130 1059 χεῖρε
1160 995 1184 1041 ὁ
1225 995 1460 1059 βασιλεὺς
1491 998 1601 1058 πρὸς
1640 998 1719 1042 τὸν
1746 991 1955 1057 οὐρανῶν

352 1089 542 1154 Ταύτῃ,
575 1092 686 1153 ἔφη,
714 1098 775 1152 τῇ
811 1085 937 1151 χεῖρι
983 1088 1350 1150 πρευτρεφάμην
1387 1104 1469 1143 σε,
1509 1085 1590 1133 καὶ
1644 1087 1836 1134 initus-ct
1885 1091 1962 1134 τὸν

349 1187 473 1242 ζωῆς
501 1181 698 1248 δατ-τρε..
781 1181 907 1242 ζωὴν
935 1179 1014 1228 οὐκ.
1037 1176 1296 1243 cipe/byw,
1329 1176 1410 1226 καὶ
1451 1179 1573 1228 sum
1615 1177 1842 1237 xxi-fides:
1885 1181 1962 1228 τὸν

351 1278 464 1322 Emit
483 1274 544 1339 τῇ
565 1273 708 1338 εὖχῇ,
739 1273 852 1322 ὥστε
893 1273 944 1332 ἐξ
985 1269 1174 1335 αἰθρίαις
1217 1271 1368 1327 ἦλθον
1398 1273 1584 1337 νεφέλαι
1621 1268 1962 1334 ὖδροφςροῧσαι

349 1376 448 1421 τοῖς
475 1368 814 1432 στρατιώταις.
847 1356 972 1412 Cum
993 1357 1233 1410 Antonini
1265 1355 1609 1409 Romanorum
1644 1357 1962 1427 imperatoris

349 1453 597 1506 exercitus
620 1451 704 1504 siti
729 1449 999 1515 laboraret,
1016 1465 1195 1503 manus
1218 1450 1303 1502 ille
1328 1449 1394 1502 ad
1415 1449 1599 1503 caelum
1611 1450 1768 1503 erexit
1795 1466 1814 1504 :
1845 1447 1960 1502 Hac

351 1561 445 1615 ego
471 1544 904 1614 manu,inqniens,
922 1543 1140 1612 supplex
1161 1551 1206 1596 te
1224 1547 1430 1612 placare
1449 1543 1604 1607 volui,
1625 1555 1668 1596 et
1687 1544 1826 1596 oravi
1849 1544 1964 1597 vita:

353 1635 667 1707 largitorem,
715 1652 816 1706 qua
841 1634 966 1688 nulli
992 1651 1106 1687 eam
1132 1635 1298 1702 eripui
1333 1651 1352 1687 :
1377 1650 1532 1702 eaque
1562 1650 1709 1702 prece
1732 1636 1826 1688 sibi
1848 1635 1963 1704 pla-

349 1743 493 1782 casse
508 1743 708 1791 nunten,
741 1743 801 1780 ac
823 1726 994 1780 statim
1021 1727 1289 1779 serenitate
1329 1727 1489 1795 facta,
1513 1742 1700 1795 ntagna
1727 1725 1962 1779 imbrium

349 1820 502 1886 copia
537 1819 606 1871 ad
647 1819 924 1871 militarent
963 1817 1243 1870 sedandam
1286 1817 1424 1870 sitim
1448 1817 1612 1885 erupit
1654 1814 1957 1886 (Tltentist.,

2061 635 2178 678 sunt
2204 627 2430 697 depulsa:
2445 628 2471 681 ξ)
2496 626 2636 682 Tunc
2656 638 2702 683 et
2725 629 2946 699 populus
2967 645 3028 684 ac
3049 630 3276 685 clamans
3295 629 3404 684 Deo
3425 631 3658 698 deorum,

2063 718 2147 786 qui
2173 718 2312 800 solus
2344 728 2522 788 potens
2553 730 2646 785 est,
2677 721 2730 773 in
2765 720 2906 774 lovis
2947 721 3150 775 nomine
3177 720 3289 776 Deo
3321 730 3492 776 nostro
3518 723 3662 776 testi-

2064 812 2290 864 monium
2331 811 2550 865 reddidit
2606 813 2960 882 (Tertullian.,
2992 814 3080 869 lib.
3109 815 3177 868 ad
3221 813 3406 883 Scap.,
3436 830 3551 884 cap.
3579 813 3658 884 4).

2065 899 2147 954 Ex
2191 901 2274 955 his
2333 917 2492 972 porro
2543 904 2722 959 verbis
2762 903 2916 959 facile
2942 902 3338 958 animadvertes
3377 903 3510 958 nihil
3548 905 3663 974 pla-

2067 1009 2134 1048 ne
2179 995 2371 1048 mirum
2419 1010 2560 1058 esse,
2595 996 2639 1050 si
2677 998 2966 1067 scriptores
3013 996 3211 1051 etlmici
3266 995 3413 1050 illam
3441 995 3664 1050 mirabi-

2069 1087 2174 1142 lem
2198 1087 2430 1157 pluviam
2458 1103 2486 1141 a
2509 1087 2642 1142 Jove
2668 1103 2766 1142 suo
2787 1103 3098 1142 concessam
3129 1087 3546 1153 venditaverint,
3573 1086 3667 1156 qui

2065 1179 2313 1234 solebant
2355 1179 2478 1235 huic
2511 1181 2710 1234 similia
2741 1181 3019 1246 miracula,
3048 1179 3462 1235 Christianorum
3492 1178 3667 1246 preci-

2064 1271 2165 1325 bus
2195 1270 2355 1336 facta,
2380 1270 2552 1326 eidem
2584 1270 2701 1325 Jovi
2732 1270 2988 1325 tribuere.
3011 1270 3116 1325 Sed
3145 1277 3204 1324 ut
3230 1268 3433 1340 optime
3451 1266 3667 1323 Tertul-

2067 1363 2241 1418 lianus
2262 1362 2512 1428 advertit,
2538 1378 2666 1417 vero
2691 1373 2745 1418 et
2769 1362 3123 1432 omnipotenti
3149 1361 3256 1415 Deo
3284 1369 3490 1428 nostro,
3514 1357 3668 1415 Jovis

2068 1455 2304 1520 nomine,
2325 1455 2691 1525 imprudentes
2713 1464 2766 1510 et
2791 1455 2938 1524 inviti
2960 1453 3350 1509 acclamabant.

2139 1550 2208 1603 At.
2245 1559 2450 1619 quaeret
2510 1549 2730 1604 forsitan
2786 1549 2977 1620 aliquis
3030 1564 3126 1603 cur
3182 1547 3274 1603 ille
3331 1547 3434 1602 hoe
3484 1555 3666 1618 poste-

2067 1641 2209 1695 riore
2239 1641 2293 1694 in
2325 1641 2443 1696 loco
2483 1651 2588 1696 tam
2619 1641 2882 1696 afﬁrmate
2933 1641 3355 1710 pronuntiaverit
3403 1641 3544 1695 hunc
3570 1640 3670 1695 im-

2066 1735 2217 1790 brem
2270 1734 2579 1790 christianis
2629 1733 3030 1805 precationibus
3082 1747 3423 1796 concessum,
3478 1733 3567 1802 qui
3615 1732 3666 1786 in

2066 1829 2419 1900 Apologetieo
2469 1829 2778 1884 adverbium
2827 1831 2959 1897 forte
3003 1826 3226 1882 addidit.
3259 1825 3525 1896 Numquid
3571 1826 3670 1879 ali-

354 1909 502 1964 Orat.
533 1909 624 1974 15,
657 1909 725 1962 ad
775 1907 1057 1974 Theodos.,
1093 1926 1148 1978 p.
1182 1906 1333 1978 191).
1362 1907 1497 1962 Tum
1529 1910 1786 1963 continuo
1811 1909 1963 1963 addi-

2074 1921 2284 1992 quando
2315 1920 2416 1975 hac
2445 1922 2513 1975 de
2554 1936 2615 1976 re
2642 1921 2796 1974 btcsit
2819 1919 3040 1985 dubius,
3078 1928 3166 1972 aut
3199 1918 3328 1973 illud
3353 1918 3667 1974 adverbium

351 2003 429 2058 dit
463 2018 524 2058 se
560 2001 874 2057 meminisse
911 2001 1080 2054 visam
1123 2015 1154 2054 a
1187 2014 1246 2053 se
1301 2000 1584 2069 picturam,
1642 2002 1695 2054 in
1733 1999 1963 2070 imagine

355 2084 702 2166 descriptam,
733 2095 787 2149 in
816 2109 919 2163 qua
949 2094 1240 2162 imperator
1270 2093 1446 2148 media
1491 2094 1541 2148 in
1581 2094 1846 2164 phalange
1879 2094 1961 2164 pi-

351 2199 492 2256 ctus,
515 2202 580 2243 ac
607 2187 806 2242 milites
840 2185 1008 2256 galeis
1054 2183 1282 2240 imbrem
1308 2185 1635 2255 excipientes
1661 2199 1964 2254 reprtesen-

355 2282 624 2337 labantur.
654 2279 920 2334 Baronius
946 2293 1076 2333 vero
1104 2279 1379 2348 specimen
1408 2278 1651 2333 exhibuit
1673 2279 1956 2345 columnae,

351 2374 407 2429 in
426 2387 528 2443 qua
548 2371 804 2426 miriﬁcus
841 2371 931 2424 ille
961 2368 1328 2425 imberaJove
1360 2369 1540 2439 pluvio
1571 2377 1625 2424 et
1646 2370 1962 2424 fulminante

355 2479 648 2522 concessus
693 2463 1021 2534 conspicitur
1058 2462 1278 2533 (Baron.
1311 2462 1379 2515 ad
1423 2479 1513 2516 an.
1547 2461 1782 2528 Christi.,
1834 2462 1969 2528 176,

361 2559 390 2632 ἕ
416 2559 724 2684 2l‘t‘t).Dionis
756 2639 934 2684 tamen
965 2627 1210 2698 Epilome
1249 2627 1476 2697 legimus
1504 2625 1643 2680 fama
1676 2625 1960 2696 pervulga-

358 2729 470 2776 tum
505 2719 825 2791 quihusdam
866 2720 1089 2789 magicis
1116 2719 1319 2774 artibus
1357 2720 1662 2773 invocatum
1691 2717 1760 2771 ab
1789 2719 1965 2773 Arnu-

354 2815 449 2883 plti
476 2814 628 2884 Mago
653 2811 912 2884 Egyptio
942 2811 1285 2874 Mercurium,
1315 2810 1575 2879 aliosque,
1610 2810 1698 2879 qui
1746 2809 1797 2863 in
1838 2823 1964 2865 aere

283 2906 298 2911 ”
363 2905 583 2976 degunt,
616 2905 895 2960 daamooes
915 2946 929 2971 ,
962 2919 1188 2973 quorum
1220 2917 1380 2970 Opera
1406 2901 1546 2955 hanc
1585 2902 1817 2955 extorsit
1848 2901 1967 2969 plu~

358 2999 494 3052 viam
527 2997 734 3070 (Diom,
792 2994 956 3065 Epit.,
989 3013 1044 3066 p.
1074 2993 1226 3064 274).
1251 2995 1508 3062 Quamvis
1535 3003 1711 3047 autem
1737 2991 1965 3060 Xiphili-

356 3105 459 3145 nus
487 3090 710 3144 DiOuem
747 3088 819 3142 ibi
851 3087 1111 3141 mendacii
1152 3099 1378 3156 arguere
1403 3085 1529 3139 totis
1564 3082 1726 3138 animi
1763 3084 1965 3138 viribus

355 3183 586 3236 enitatur
628 3180 879 3252 (Xiphil.,
921 3179 1072 3243 ibid.,
1111 3196 1168 3249 p.
1207 3177 1369 3248 275),
1416 3178 1749 3232 Claudianus
1783 3185 1962 3232 tamen

364 3273 636 3338 incertus,
679 3272 950 3341 animique
988 3269 1186 3325 dubius
1217 3279 1501 3339 utramque
1539 3269 1850 3339 opinionem
1879 3269 1962 3324 his
1993 3303 2039 3365 C
2074 3309 2177 3363 (ur,
2211 3269 2389 3371 coﬁigi

357 3367 605 3436 exposuit
635 3367 880 3421 versibus
914 3381 928 3422 :

539 3493 553 3508 .
623 3497 635 3508 .
707 3496 719 3507 .
789 3455 1014 3509 Chaldtea
1035 3468 1179 3518 mago
1201 3469 1293 3505 seu
1314 3457 1525 3505 carmina
1550 3457 1646 3504 ritu

545 3520 815 3570 Armavere
841 3520 980 3577 deos,
1010 3531 1100 3567 seu
1124 3521 1252 3582 quod
1279 3531 1408 3577 reor,
1430 3531 1577 3566 omne
1597 3518 1830 3569 Tonantis

547 3581 851 3644 Obsequium
874 3582 1023 3631 Marci
1041 3581 1207 3646 mores
1222 3587 1430 3643 potuere
1450 3593 1587 3629 mere
1597 3583 1654 3629 ri.

487 3663 764 3728 (Claudian.
787 3664 847 3715 de
863 3670 987 3717 sext.
1014 3661 1225 3715 Honorii
1241 3659 1448 3722 consul.,
1474 3675 1518 3712 v.
1542 3662 1632 3712 557
1656 3668 1702 3713 et
1724 3662 1877 3725 seqq.)

435 3773 542 3830 Sed
587 3775 691 3829 hoc
729 3774 1068 3829 ethnicorum
1109 3781 1167 3828 et
1194 3780 1435 3827 notatum
1461 3787 1491 3827 a
1533 3771 1840 3842 Lampridio
1863 3773 1969 3827 du-

361 3869 529 3935 bium,
577 3884 683 3923 non
734 3868 975 3932 aliunde,
1025 3882 1184 3937 quam
1222 3881 1286 3922 ex
1317 3865 1500 3920 innato
1546 3867 1597 3919 in
1637 3866 1974 3921 Christianos

365 3960 494 4013 odio
534 3975 597 4013 ac
632 3960 791 4014 solita
833 3960 883 4012 in
912 3959 1184 4028 principes
1226 3972 1354 4012 suos
1395 3957 1704 4012 adulatione
1732 3957 1974 4012 manavit

360 4050 678 4123 (Lamprid.,
703 4053 757 4106 in
795 4050 913 4105 Vita
939 4050 1232 4120 Heliogttb.,
1263 4067 1317 4120 p.
1341 4050 1503 4122 141).

444 4144 710 4200 Eusebius
740 4143 1004 4214 siquidem
1039 4143 1162 4212 jure
1188 4157 1409 4212 prorsus
1437 4142 1631 4198 merito
1652 4141 1842 4197 asserit
1864 4157 1975 4197 ma-

359 4236 534 4307 jorem
555 4236 854 4292 habendam
875 4236 1032 4290 ﬁdem
1056 4236 1411 4306 scriptoribus
1431 4237 1649 4302 nostris,
1669 4237 1757 4304 qui
1776 4237 1976 4290 verita-

367 4329 435 4382 tis
463 4329 718 4392 cultores,
751 4328 1070 4398 simpliciter
1098 4337 1153 4383 et
1180 4329 1410 4397 ingenue
1437 4343 1548 4380 rem
1580 4329 1747 4396 ipsam
1780 4326 1974 4382 litteris

369 4423 700 4477 mandavere
733 4423 972 4492 (Euseb,
1005 4424 1094 4478 lib.
1131 4421 1174 4476 ν
1229 4421 1430 4476 Eccles.
1464 4421 1631 4486 Hist,
1674 4439 1792 4491 cap.
1823 4423 1878 4488 5,
1917 4439 1974 4491 p.

372 4513 530 4585 169).
567 4513 647 4568 Ne
677 4514 795 4583 quis
824 4529 952 4569 vero
988 4514 1148 4569 ﬁdem
1195 4514 1295 4584 ipsi
1334 4514 1642 4584 denegaret,
1678 4513 1812 4568 duos
1845 4514 1979 4568 citat

374 4613 565 4670 testes,
607 4621 832 4676 quorum
881 4606 1084 4676 primus
1126 4614 1208 4660 est
1251 4605 1596 4674 Apollinaris,
1627 4605 1719 4675 qui
1759 4602 1974 4672 scriptis

2069 2015 2235 2070 textui
2265 2014 2382 2083 ejus
2416 2023 2745 2084 praepostere
2774 2014 3034 2069 insertum
3073 2012 3198 2068 est?
3244 2011 3358 2066 Non
3397 2012 3542 2067 enim
3569 2027 3670 2067 ex-

2065 2116 2172 2163 stat
2203 2107 2254 2162 in
2293 2123 2471 2178 grtcco
2511 2107 2728 2163 Eusebii
2776 2115 2944 2162 textu.
2977 2105 3083 2162 Sed
3129 2106 3181 2161 id
3209 2115 3395 2161 contra
3421 2105 3667 2162 codicum

2066 2201 2558 2271 manuscriptorum
2588 2199 2748 2256 ﬁdem
2775 2214 3022 2255 asserere
3046 2215 3152 2254 non
3173 2198 3452 2255 audemus.
3480 2199 3673 2255 Nonne

2066 2307 2196 2364 ergo
2227 2292 2574 2348 verisimilius
2609 2301 2691 2347 est
2739 2291 2871 2347 illud
2903 2291 3215 2348 adverbium
3246 2306 3353 2345 non
3379 2289 3671 2345 dubitantis

2073 2399 2193 2442 esse
2215 2427 2230 2452 ,
2272 2383 2368 2439 sed
2399 2383 2673 2439 irridentis
2701 2383 2966 2449 ethnicos,
2999 2383 3088 2451 qui
3119 2381 3264 2437 hunc
3293 2381 3519 2438 imbrem
3548 2396 3578 2435 a
3606 2379 3671 2435 ﬁo

2067 2476 2217 2532 ctitio
2241 2488 2338 2531 suo
2364 2473 2496 2530 Jove
2521 2474 2703 2529 datum
2731 2475 2895 2529 stulte
2923 2474 3312 2544 opinabantur?

2139 2569 2306 2639 Magis
2330 2577 2506 2624 autem
2538 2569 2785 2623 omnibus
2814 2569 2865 2622 id
2900 2568 3238 2623 manifestum
3270 2567 3442 2633 ﬁeret,
3485 2568 3531 2622 si
3558 2569 3667 2622 Au-

2066 2661 2185 2718 relii
2237 2660 2576 2735 imperatoris
2625 2660 2817 2714 littera:
2851 2674 2984 2730 quas
3013 2661 3215 2713 Auctor
3241 2667 3426 2713 noster
3446 2660 3574 2713 citat
3599 2659 3668 2713 ad

2067 2767 2166 2809 nos
2196 2754 2589 2823 pervenissent.
2631 2751 2885 2806 Nonnulli
2927 2760 3106 2805 tamen
3153 2751 3494 2819 suspicantur
3545 2751 3664 2805 illas

2068 2861 2210 2911 esse,
2244 2861 2470 2916 quarunt
2501 2845 2778 2916 exemplar
2796 2851 2915 2912 post
2943 2843 3168 2912 primam
3194 2841 3391 2897 Justini
3419 2842 3673 2920 martyris

2067 2936 2385 3006 Apologiam
2427 2935 2632 2990 editum
2675 2934 2978 2988 exhibetur.
3017 2934 3212 2988 Verum
3252 2934 3362 3002 jam
3393 2934 3672 2988 annotavi-

2069 3042 2187 3080 mus
2217 3025 2455 3094 Spurium
2497 3024 2629 3078 illud
2664 3039 2785 3078 esse
2831 3033 2883 3079 et
2911 3008 3267 3079 adulterinum
3298 3023 3516 3094 (Tont.l
3564 3025 3672 3095 Ap-

2067 3127 2261 3188 parat.,
2281 3136 2336 3187 ρ.
2362 3117 2512 3190 569).

2141 3209 2384 3278 Scaliger
2409 3223 2536 3264 vero
2562 3225 2626 3263 ex
2655 3209 2738 3263 his
2767 3209 3082 3268 Tertulliani
3107 3209 3306 3275 verbis,
3336 3212 3381 3264 si
3402 3211 3671 3281 requiran-

2437 3315 2596 3371 posse
2643 3309 2912 3370 putateas
2961 3302 3028 3355 ab
3070 3301 3164 3356 illo
3207 3316 3478 3371 nunquam
3507 3302 3676 3354 lectas

2077 3393 2301 3466 (Scalig.
2329 3393 2568 3448 Animad.
2597 3394 2648 3447 in
2675 3393 2869 3447 Chron.
2897 3392 3085 3447 Euseb.
3111 3393 3176 3446 ad
3202 3410 3287 3446 an.
3308 3391 3492 3461 2189).
3516 3391 3674 3460 Quod

2077 3484 2251 3540 Orosii
2295 3485 2454 3540 etiam
2498 3484 2806 3538 testimonio
2844 3483 3086 3538 stabilire
3129 3493 3374 3538 conatur.
3424 3487 3492 3538 At
3541 3499 3677 3553 quo-

2077 3575 2240 3630 modo
2266 3574 2629 3633 Tertullianus
2657 3584 2804 3628 tanta
2835 3574 3158 3630 conﬁdentia
3187 3576 3430 3630 ethnicos
3455 3576 3522 3630 ad
3554 3577 3673 3630 illas

2076 3667 2332 3738 legendas
2361 3667 2632 3730 excitavit,
2667 3667 2772 3720 nisi
2802 3666 2916 3736 ipse
2943 3680 3056 3732 eas,
3091 3674 3184 3720 aut
3209 3665 3334 3734 quid
3357 3667 3410 3720 in
3440 3667 3518 3721 eis
3545 3667 3674 3722 scri-

2077 3769 2225 3828 ptum
2257 3767 2339 3813 est
2365 3757 2621 3828 legisset?
2655 3756 2735 3812 Ad
2767 3756 2884 3812 haec
2911 3773 3061 3823 vero,
3096 3758 3358 3814 Eusebius
3385 3774 3453 3814 ex
3483 3759 3673 3814 iisdem

2076 3851 2391 3907 Tertulliani
2424 3850 2602 3906 verbis
2636 3849 2908 3905 concludit
2930 3849 3096 3905 hasce
3124 3849 3329 3906 litteras
3356 3850 3676 3906 Tertulliani

2079 3954 2318 4013 tempore
2359 3943 2628 3998 exstitisse
2654 3950 2796 4000 εἴσει-ι
2825 3954 2899 3997 νῦν
2939 3951 3156 4015 φέρεσθαι
3196 3942 3451 4015 (Euseb.,
3482 3945 3570 3998 lib.
3626 3944 3669 3999 ν

2078 4036 2276 4091 Eccles.
2313 4034 2477 4100 Hist.,
2511 4036 2700 4105 cap.5,
2727 4054 2783 4106 ρ.
2812 4036 2962 4107 169).
2995 4037 3102 4091 Cur
3127 4053 3277 4106 ergo,
3308 4038 3481 4106 arguit
3506 4039 3676 4092 Scali-

2079 4145 2193 4200 ger,
2220 4129 2339 4184 illas
2369 4128 2639 4184 Eusebius
2666 4128 2825 4184 solita
2865 4128 3141 4198 diligentia
3184 4129 3421 4196 integras
3448 4144 3550 4183 non
3582 4128 3678 4186 dc-

2079 4223 2315 4292 seripsit,
2367 4225 2412 4276 si
2461 4229 2588 4276 tunc
2638 4236 2823 4276 revera
2869 4220 3232 4273 exstitissent?
3275 4219 3379 4276 Sed
3408 4223 3677 4278 imbecilla

2080 4297 2300 4384 prorsus
2339 4321 2420 4367 est
2459 4312 2548 4365 illa
2587 4310 2928 4375 reclamatio,
2979 4311 3080 4364 nisi
3110 4311 3393 4368 evidenter
3419 4315 3677 4384 probetur

2080 4407 2284 4460 nullum
2308 4405 2528 4459 omnino
2550 4419 2669 4457 esse
2693 4401 2850 4472 hujus
2874 4403 3086 4472 generis
3103 4406 3511 4470 monimentum,
3533 4407 3678 4475 quod

2081 4495 2148 4550 ab
2172 4493 2406 4549 Eusebio
2434 4491 2814 4563 transcriptum
2837 4509 2944 4546 non
2983 4492 3161 4548 fuerit.
3190 4494 3470 4565 Nunquam
3496 4505 3676 4551 autem

2081 4587 2134 4642 id
2163 4585 2360 4657 poterit
2379 4601 2407 4638 a
2428 4583 2700 4655 Sealigero
2729 4595 2821 4638 aut
2851 4585 2960 4639 ullo
2986 4585 3093 4639 alio
3124 4585 3354 4654 probari.

375 4697 667 4754 tradiderat
696 4699 776 4754 illi
808 4698 1220 4755 Christianorum
1260 4697 1490 4754 militum
1536 4695 1733 4768 legioni
1779 4710 1968 4750 nomen

2153 4677 2419 4732 Cancrum
2453 4677 2659 4730 Marcus
2687 4677 2935 4730 Aurelius
2960 4677 3101 4765 tanti
3116 4675 3394 4743 beneﬁcii,
3430 4677 3678 4748 precibus

370 4790 669 4848 Fulmiuete
698 4790 897 4846 idcirco
945 4789 1013 4845 ab
1062 4790 1281 4844 Aurelio
1337 4789 1661 4859 imperatore
1705 4787 1968 4856 inditum,

372 4887 497 4957 quia
527 4886 755 4942 imbrem
780 4886 926 4940 illum
949 4883 1202 4938 divinitus
1225 4885 1630 4953 impetraverat.
1660 4883 1728 4937 At
1749 4881 1976 4952 gentiles

375 4985 589 5048 captata
623 4976 763 5030 haud
794 4975 956 5031 dubie
979 4977 1138 5045 hujus
1160 4974 1497 5045 cognominis
1530 4974 1838 5040 occasione,
1871 4972 1974 5026 ida

368 5068 502 5124 Jove
558 5066 882 5122 fulminante
908 5066 1105 5121 factum
1136 5067 1433 5120 ﬁnxerunt.
1461 5063 1742 5119 Secundus
1789 5064 1967 5128 testis,

377 5161 446 5214 ab
475 5159 711 5213 Eusebio
754 5158 1030 5222 laudatus,
1064 5168 1244 5212 noster
1273 5168 1356 5212 est
1400 5156 1792 5223 Tertullianus,
1825 5157 1980 5224 cujus

379 5251 699 5321 transcripta
741 5266 771 5304 a
805 5249 1314 5319 nobisApologctiei
1362 5248 1746 5317 vcrba-grtece
1773 5247 1981 5300 reddita

380 5342 588 5396 citavit.
615 5343 684 5396 At
715 5349 924 5410 poterat
955 5341 1176 5408 insuper
1206 5339 1369 5395 alium
1401 5340 1568 5393 citare
1593 5339 1708 5407 ejus
1749 5337 1976 5404 librum,

381 5434 470 5489 ubi
501 5416 604 5487 non
650 5433 831 5488 minus
872 5431 1018 5486 clare
1059 5438 1112 5484 et
1139 5441 1516 5484 asseveranter
1560 5429 1791 5483 afﬁrmat
1839 5427 1980 5482 hunc

381 5528 684 5583 mirandum
738 5527 966 5581 imbrem
1017 5540 1046 5578 a
1096 5525 1206 5581 Deo
1262 5525 1524 5579 indultum
1569 5521 1982 5577 ehristianorum

381 5621 610 5675 militum
637 5620 907 5692 precibus.
940 5618 1024 5675 Ad
1053 5619 1334 5688 Scapulam
1369 5617 1513 5671 enim
1544 5615 1815 5669 ethnicum
1843 5629 1982 5684 prte-

383 5712 558 5767 sidem
605 5713 723 5769 haec
763 5711 1016 5782 scripsit;
1050 5711 1262 5766 Marcus
1309 5709 1544 5763 Aurelius
1587 5707 1640 5761 in
1687 5705 1988 5761 Germanica

389 5801 704 5870 expeditione
732 5803 1126 5858 christianorum
1153 5801 1371 5856 militum
1395 5799 1705 5855 orationibus
1734 5796 1802 5852 ad
1822 5796 1988 5851 Deum

394 5895 566 5966 factis,
595 5897 779 5954 imbres
811 5898 867 5953 in
891 5897 975 5953 siti
1000 5895 1092 5953 illa
1125 5894 1427 5968 impetravit.
1464 5891 1683 5961 Quando
1711 5907 1814 5948 non
1843 5891 1987 5962 geni-

2078 4771 2498 4828 ehristianorum
2538 4769 2750 4824 caelitus
2789 4769 2993 4839 accepti
3031 4784 3259 4836 memor,
3312 4770 3462 4840 ipsis,
3521 4781 3681 4841 prout

2078 4865 2274 4937 potuit,
2307 4861 2636 4933 gratiﬁcatus
2663 4871 2764 4917 est.
2809 4861 2940 4916 Cum
2973 4866 3115 4917 enim
3170 4863 3460 4918 maximum
3511 4865 3682 4935 genti-

2079 4959 2208 5013 lium
2239 4959 2290 5013 in
2317 4955 2651 5013 Christianos
2693 4955 2923 5010 furorem
2960 4958 3168 5026 penitus
3202 4959 3558 5026 comprimere.
3589 4976 3681 5013 ne-

2082 5052 2295 5120 quiret:
2328 5049 2473 5105 Sicut
2516 5065 2614 5103 non
2658 5049 2849 5117 palam,
2875 5048 3044 5118 inquit
3069 5048 3448 5116 Tet'lullinnus,
3496 5051 3556 5101 ab
3589 5051 3686 5103 hu-

2083 5143 2304 5205 iusmodi
2335 5143 2622 5197 hominibus
2642 5158 2837 5211 pecuum
2859 5141 3088 5203 dimovit,
3114 5143 3183 5194 ita
3207 5141 3311 5194 alio
3334 5143 3482 5196 modo
3509 5142 3685 5212 palam

2085 5236 2350 5306 dispersit,
2392 5235 2594 5304 adjecta
2648 5235 2798 5286 etiam
2848 5233 3230 5286 accusatoribus
3269 5234 3611 5296 damnatione,
3640 5241 3689 5286 et

2081 5327 2284 5398 quidem
2311 5327 2512 5380 tetriore
2541 5324 2864 5395 (Tertttllian.
2890 5324 3180 5395 Apologet.,
3212 5341 3330 5394 cap.
3363 5324 3416 5388 5,
3441 5342 3494 5394 p.
3526 5323 3687 5392 9.96).

2085 5420 2201 5475 Non
2225 5420 2367 5474 enim
2395 5417 2628 5472 audebat
2655 5431 2842 5486 pinnas
2872 5417 3081 5486 penitus
3102 5416 3396 5482 dimovere,
3442 5416 3692 5470 relaxare

2088 5522 2142 5570 et
2170 5512 2465 5574 remittere,
2498 5524 2617 5579 qua:
2646 5509 2790 5577 prius
2812 5508 3037 5562 aliorum
3066 5507 3448 5576 imperatorum
3480 5506 3688 5576 legibus

2087 5606 2143 5661 in
2171 5603 2508 5659 Christianos
2535 5601 2837 5656 constituta:
2869 5598 3100 5665 fuerant;
3128 5597 3477 5669 petulantiam
3506 5607 3688 5652 tamen

2088 5697 2447 5760 ethnicorum,
2479 5693 2598 5748 illos
2639 5708 2909 5762 nunquam
2937 5705 3045 5746 non
3071 5691 3464 5758 accusantium,
3493 5699 3551 5746 ut
3597 5705 3692 5745 eo-

2089 5790 2330 5853 biberet,
2368 5787 2500 5841 alias
2539 5785 2808 5857 graviores
2833 5798 2992 5854 quam
3023 5781 3308 5853 Traianus,
3348 5782 3416 5838 ab
3441 5785 3684 5838 Auctore

2089 5892 2278 5943 nostro
2321 5881 2538 5951 ibidem,
2581 5888 2639 5937 ut
2693 5893 2817 5937 mox
2878 5876 3202 5950 videbimus,
3253 5877 3468 5950 citatus,
3499 5890 3692 5949 poenas
