4212 6262
526 350 663 409 1011

1601 343 1671 402 1N
1709 312 2184 403 merentum
2222 338 2758 403 arowcmcuu

3695 342 3843 402 £012

523 466 674 523 hisce
721 462 1118 523 accusatoribus
1167 459 1454 533 imposuit;
1507 465 1668 531 atque
1718 459 1824 515 hoc
1873 454 2123 528 prudenti
2149 456 2202 517 A
2299 458 2370 513 At
2412 473 2692 514 successor
2724 458 2843 529 ejus
2888 458 3154 514 Adrianus
3202 458 3409 513 nullam
3460 458 3618 530 plane
3664 459 3841 533 legem

528 563 953 630 temperamento
974 552 1307 611 Christianos
1336 566 1433 624 pro
1481 566 1575 608 sua
1619 559 1768 622 parte
1797 558 1997 605 tutatus
2022 558 2127 604 est.

600 650 767 705 Nobis
790 644 953 717 porro
980 643 1245 701 Eusebius
1275 643 1540 716 integrum
1586 642 1719 713 legis
1748 639 1815 697 ad
1844 654 2129 696 commune

526 743 673 800 Asia:
702 736 918 795 nomine
946 726 1112 793 Marci
1137 736 1347 792 Aurelii
1390 734 1649 791 Antonini
1677 734 1967 803 inscriptae,
1999 742 2052 788 et
2073 732 2129 787 in

523 832 956 891 Christianorum
986 828 1211 902 gratiam
1265 828 1425 893 datm,
1460 826 1798 896 transeripsit
1827 824 2123 896 exemplar,

522 927 681 998 cujus
704 912 820 979 inec
848 922 973 979 sunt
1002 920 1297 994 posteriora
1320 921 1481 977 verba
1504 926 1591 975 :Et
1618 924 1668 974 at
1692 924 1763 980 τὶς
1785 926 1998 987 ἐπιμένοι
2024 929 2129 977 τίνα.

517 1032 611 1079 τῶν
656 1021 877 1077 ratein-tiu
929 1016 995 1077 τῖς
1028 1022 1289 1087 πράγματα
1340 1022 1482 1085 φέρων
1530 1020 1589 1075 ὡς
1620 1017 1680 1066 δσλ
1725 1019 1959 1079 τοιοῦτον,
2008 1019 2127 1065 ἱκετ-

517 1138 593 1176 νος
623 1114 1043 1182 ὂκαταρερόμῖνος
1093 1112 1396 1164 ἀπολελῦσθω
1440 1114 1524 1163 τοῦ
1578 1114 1888 1175 ἰγκλτζμιιτος,
1919 1107 2000 1159 καὶ
2048 1108 2128 1159 ἰὰν

516 1218 737 1280 φαίνεται
784 1208 995 1266 τοιαύτας
1039 1210 1117 1256 ὧν·
1149 1207 1175 1257 ὁ
1224 1206 1271 1255 δὲ
1297 1209 1587 1272 καταφέρων,
1623 1208 1779 1269 ενοχος
1810 1207 1941 1253 εσθαι
1971 1202 2123 1259 δίκης.

530 1296 683 1369 Quod
707 1298 752 1352 si
779 1296 890 1367 quis
905 1295 1075 1349 adhuc
1094 1296 1256 1367 pergit
1280 1294 1514 1364 cuiquam
1540 1292 1749 1347 illorum
1770 1293 2025 1362 negotium
2048 1291 2127 1359 fa-

523 1408 734 1458 cessere,
765 1408 826 1445 ex
854 1406 911 1444 eo
940 1389 1076 1460 quod
1103 1388 1410 1443 cliristianus
1439 1388 1524 1453 sit,
1565 1385 1765 1440 delatus
1792 1384 1994 1455 quidem
2022 1381 2128 1437 cri-

524 1486 661 1539 mine
679 1482 989 1547 absolvatur,
1024 1481 1222 1536 tametsi
1248 1489 1440 1535 constet
1463 1496 1577 1533 eum
1604 1478 1774 1549 reipsa
1794 1476 2128 1531 christianum

525 1594 652 1634 esse.
679 1575 889 1631 Delator
911 1583 1078 1629 autem
1099 1573 1208 1645 ipse
1235 1589 1409 1644 poenas
1432 1573 1539 1626 luat
1561 1568 1771 1644 (Euseb.
1801 1569 1889 1624 lib.
1921 1566 2000 1623 ιγ’
2035 1567 2129 1622 Εσ-

525 1670 649 1725 cles.
680 1666 844 1733 Hist.,
873 1684 987 1738 cap.
1021 1666 1109 1731 14,
1133 1684 1187 1737 p.
1220 1664 1365 1735 127).
1392 1662 1603 1719 Scimus
1649 1660 1864 1732 quidem
1892 1659 2127 1715 nonnul-

523 1760 607 1816 los
649 1758 1040 1815 existimavisse
1072 1757 1208 1812 hanc
1237 1756 1429 1827 legem,
1456 1770 1561 1809 non
1598 1768 1628 1807 a
1659 1751 1836 1808 Marco
1863 1752 2084 1807 Aurelio
2106 1793 2123 1819 ,

2235 550 2288 603 in
2320 565 2414 606 eos
2453 552 2766 619 constituit,
2796 548 2992 623 quibus
3022 560 3200 607 tamen
3229 553 3398 623 magis
3425 568 3583 624 quam
3615 555 3704 609 alii
3748 556 3837 611 in-

2234 639 2420 697 fensus
2447 656 2567 698 esse
2595 643 2793 698 debere
2819 643 3135 699 videbatur:
3172 640 3299 699 Erat
3337 645 3493 712 enim,
3529 645 3701 716 inquit
3725 650 3837 703 Au-

2237 743 2353 789 ctor
2392 747 2597 799 noster,
2651 736 3003 791 curiositatum
3048 738 3273 791 omnium
3303 736 3600 809 explorator
3627 740 3835 813 (Idem,

2232 824 2382 892 ibid.,
2412 845 2464 897 p.
2498 825 2647 899 297),
2681 827 2733 882 id
2763 838 2865 894 est,
2896 828 3220 900 quibuslibet
3247 830 3465 901 magicis
3492 832 3696 888 artibus
3722 849 3843 889 om-

2234 917 2362 973 nino
2385 918 2613 974 deditus.
2637 919 2706 975 Et
2724 929 2870 977 certe
2896 921 3025 975 vitio
3054 920 3149 987 illi,
3173 929 3307 977 teste
3328 920 3625 993 Xiphilino,
3648 925 3831 982 datum

2233 1020 2336 1078 est,
2362 1009 2504 1081 quod
2550 1021 2697 1068 esset
2748 1037 3087 1086 πριτργοτειτος
3128 1017 3211 1070 καὶ
3240 1027 3487 1085 μαντείαις
3514 1032 3830 1087 μαγγανείαις

2232 1130 2281 1160 τε
2306 1108 2630 1167 παντοδαπαῖς
2654 1113 2845 1177 ἕχρῆτο.
2864 1105 3345 1171 Curiosissimus,ac
3370 1110 3759 1166 divinationibus
3786 1122 3839 1168 et

2233 1196 2466 1251 omnibus
2492 1198 2705 1268 magicis
2725 1199 2919 1254 artibus
2943 1209 3169 1253 uteretur
3206 1198 3461 1270 (Xipltil.,
3490 1200 3627 1273 Epit.
3669 1202 3833 1259 Dion.

2235 1304 2294 1357 ρ.
2318 1286 2469 1360 262).
2504 1288 2817 1345 Ammianus
2848 1305 2980 1346 vero
3005 1289 3373 1358 Marcellinus,
3403 1293 3488 1346 ubi
3518 1294 3584 1350 de
3619 1294 3837 1351 Juliano

2231 1388 2475 1450 apostata
2501 1398 2513 1433 :
2546 1377 2949 1452 Prcesagiorum,
2974 1383 3165 1453 inquit,
3195 1385 3527 1439 sciscitationi
3553 1388 3720 1443 nimim
3744 1389 3839 1442 de-

2242 1472 2401 1539 ditus,
2434 1483 2490 1527 ut
2513 1474 2830 1545 tequiparare
2866 1475 3121 1530 videretur
3151 1477 3205 1531 in
3244 1477 3338 1531 hac
3369 1490 3514 1550 parte
3553 1482 3835 1552 principem

2233 1566 2538 1631 Adrianum,
2579 1568 2959 1637 superstitiosus
3000 1569 3196 1640 magis,
3246 1586 3398 1640 quam
3448 1588 3713 1625 sacrorum
3752 1575 3825 1627 le-

2232 1658 2439 1728 gitimus
2463 1658 2751 1723 observator
2790 1657 2985 1732 (Amm.
3020 1658 3265 1728 Marcel.,
3297 1662 3383 1715 lib.
3414 1661 3587 1727 XXV,
3633 1681 3750 1735 cap.
3784 1667 3842 1731 b,

2236 1767 2291 1820 p.
2339 1749 2489 1821 427).
2534 1750 2914 1807 Verumtamen
2940 1753 3110 1818 nulla,
3148 1754 3222 1810 ait
3245 1754 3633 1823 Tertullianns,
3657 1759 3848 1815 adver-

526 1853 626 1910 sed
673 1851 743 1908 ab
772 1851 1044 1907 Antonino
1075 1848 1171 1906 Pio
1216 1847 1531 1919 profectam.
1578 1844 1780 1900 Verum
1812 1844 1858 1899 si
1889 1859 2013 1899 vera
2056 1843 2130 1898 sit
2159 1852 2209 1913 Β
2228 1855 2329 1925 sus
2386 1842 2720 1898 Christianos
2762 1845 2848 1900 lex
2884 1845 2953 1901 ab
2995 1845 3161 1902 hocce
3197 1847 3434 1904 Adriano
3465 1852 3673 1906 sancita
3720 1852 3842 1908 fuit.

524 1946 645 2000 haec
673 1943 871 2015 opinio,
906 1941 973 1997 ad
1002 1940 1318 1998 Tertulliani
1345 1939 1545 2010 pariter
1575 1937 1736 1994 faciet
1764 1936 2120 2007 propositum.

520 2035 658 2091 Nam
697 2035 787 2091 ille
828 2034 971 2089 hunc
1011 2033 1171 2089 etiam
1216 2030 1463 2087 eumdem
1509 2029 1836 2084 Antoninum
1869 2026 2021 2083 Pium
2072 2026 2126 2082 in

523 2130 787 2184 bonorum
818 2126 1118 2197 principum
1162 2137 1387 2180 numero
1429 2123 1678 2189 collocat,
1718 2123 1809 2193 qui
1839 2122 1983 2177 nulla
2027 2120 2127 2177 ad-

528 2231 716 2274 versus
736 2216 1069 2272 Christianos
1094 2215 1266 2272 edicta
1291 2216 1633 2271 sanciverunt
1651 2210 1977 2285 (Tertullian,
1997 2211 2130 2284 Apo-

523 2309 702 2380 loget.,
732 2324 847 2379 cap.
871 2307 925 2376 5,
955 2322 1011 2378 p.
1039 2304 1189 2378 297).

598 2400 713 2456 Non
736 2399 907 2455 deerit
930 2398 1156 2454 fortasse
1178 2397 1392 2469 aliquis,
1421 2396 1558 2468 quia
1587 2395 1740 2451 nobis
1765 2396 2003 2466 requirat
2022 2408 2129 2466 quo

526 2501 689 2566 pacto
719 2492 1082 2549 Tertullianus
1110 2493 1271 2545 tantis
1299 2490 1544 2546 laudibus
1568 2490 1794 2546 extollat
1818 2488 1981 2544 Marci
2016 2491 2129 2547 Au-

523 2588 643 2645 relii
677 2589 727 2643 in
745 2585 1077 2641 Christianos
1119 2583 1349 2639 studium
1390 2597 1453 2638 ac
1498 2581 1769 2648 favorem,
1815 2597 1922 2652 quo
1952 2582 2127 2652 impe-

450 2664 454 2673 ’
526 2688 683 2736 rante
712 2687 885 2734 ortam
922 2684 1132 2747 putant,
1165 2683 1223 2730 ut
1251 2682 1435 2745 postea
1462 2672 1950 2729 animadvertemus
1976 2670 2127 2744 (Dis-

528 2782 651 2829 sert.
675 2773 729 2826 in
756 2770 885 2826 Luc.
916 2767 1119 2837 Cacil.,
1150 2784 1266 2839 cap.
1300 2769 1353 2835 1,
1380 2776 1478 2822 art.
1514 2768 1570 2829 5,
1596 2776 1643 2820 et
1660 2782 1776 2837 cap.
1811 2764 1865 2834 6,
1891 2775 1989 2820 art.
2021 2764 2079 2834 5)
2110 2807 2125 2831 ,

539 2873 785 2935 quartam
823 2861 1081 2917 Ecclesia:
1122 2859 1431 2915 christiana:
1452 2858 1905 2930 persecutionem.
1934 2857 2043 2915 Sed
2062 2873 2126 2914 ea

527 2958 645 3027 ipsa
670 2954 755 3010 lex
782 2953 1027 3023 proxime
1047 2967 1076 3006 a
1102 2951 1259 3007 nobis
1286 2952 1447 3007 citata
1476 2965 1796 3022 responsum
1827 2950 1981 3006 nobis
2001 2964 2125 3020 sup-

527 3045 749 3117 peditat.
780 3040 871 3099 Illa
900 3043 1042 3099 enim
1075 3040 1287 3098 tametsi
1311 3056 1485 3113 ptume
1510 3042 1561 3096 in
1593 3041 2006 3097 christianorum
2034 3055 2126 3096 ac-

533 3148 812 3195 cusatores
858 3136 1276 3192 decernerentur
1296 3175 1312 3201 ,
1345 3135 1492 3204 prius
1523 3144 1700 3189 tamen
1743 3132 2028 3188 laudantur
2055 3131 2128 3187 dii

2218 1936 2575 2005 Quapropter
2606 1936 2787 1992 Melito
2814 1938 2866 1991 in
2908 1953 3005 1994 sua
3037 1939 3104 1993 ad
3135 1939 3370 1996 Marcum
3411 1942 3687 1998 Aurelium
3730 1946 3846 2001 An-

2240 2027 2482 2083 toninum
2514 2024 2776 2098 Apologia
2817 2028 3029 2101 scripsit
3058 2029 3287 2087 Neronis
3321 2042 3377 2087 et
3420 2033 3710 2090 Domitiani
3739 2036 3844 2091 im-

2241 2120 2490 2192 peritiam
2510 2122 2784 2191 rescriptis
2802 2122 3241 2192 subscquentium
3267 2124 3655 2193 imperatorum
3678 2126 3844 2184 fuisse

2233 2223 2533 2270 correctam
2564 2233 2579 2270 :
2608 2203 2676 2270 ἐν
2703 2215 2770 2278 οἷς
2821 2220 2846 2268 ὁ
2896 2225 2979 2283 μὲν
3006 2224 3199 2280 πάππος
3238 2242 3321 2272 σου
3378 2212 3604 2289 impia-)3;
3626 2244 3631 2255 ν
3654 2230 3843 2286 mihi;

2232 2314 2319 2375 μὲν
2347 2312 2528 2379 ἄλλοις,
2560 2304 2644 2361 uati
2665 2311 2904 2378 Φουνδάνῳ
2929 2312 2976 2361 δὲ
3002 2331 3065 2378 τῳ
3092 2315 3347 2380 ἀνθυτᾶτῳ
3362 2321 3451 2374 τῖες
3474 2301 3625 2376 Aula;
3645 2320 3829 2386 γρᾶρων

2234 2409 2470 2471 φαίνεται.
2506 2397 2649 2453 Inter
2667 2416 2795 2469 quos
2821 2416 2945 2455 avus
2967 2409 3080 2454 tuus
3106 2401 3364 2456 Adrianus
3385 2420 3500 2456 cum
3522 2406 3638 2459 aliis
3663 2406 3836 2477 pluri-

2235 2492 2346 2558 bus,
2380 2500 2484 2545 tum
2515 2490 2774 2546 Fundano
2824 2492 2961 2547 Asia:
2987 2494 3281 2562 proconsuli
3310 2494 3504 2550 litteras
3533 2496 3670 2551 dedit
3699 2498 3838 2568 (Eu-

2234 2584 2366 2648 scb.,
2425 2584 2514 2639 lib.
2569 2583 2637 2640 Ν
2689 2583 2888 2640 Eccles.
2944 2584 3168 2653 Histor.,
3200 2603 3319 2658 cap.
3345 2587 3439 2651 9.6,
3465 2606 3521 2660 p.
3564 2589 3707 2660 148).
3736 2590 3837 2646 Te-

2248 2684 2446 2735 statum
2477 2684 2741 2747 praeterea
2767 2676 3125 2748 Hieronymus
3157 2677 3285 2733 iacit
3332 2679 3571 2736 Adriano
3594 2682 3841 2739 invisenti

2234 2768 2569 2837 Eleusinem,
2597 2778 2652 2826 et
2679 2770 2927 2825 omnibus
2958 2785 3095 2840 pene
3123 2770 3347 2829 Graeciae
3384 2774 3556 2830 sacris
3584 2775 3790 2831 initiata
3821 2818 3838 2842 ,

2235 2861 2477 2916 oblatum
2511 2875 2609 2931 pro
2655 2861 2946 2916 christiana
2978 2872 3161 2921 nostra
3191 2863 3451 2937 religione
3478 2866 3668 2921 librum
3692 2908 3707 2931 ,
3754 2869 3842 2940 qui

2234 2962 2387 3011 tam
2427 2953 2757 3008 admirationi
2780 2955 3011 3009 omnibus
3040 2957 3154 3027 fuit,
3187 2966 3240 3011 ut
3278 2958 3673 3027 persecutionem
3701 2976 3830 3030 gra-

2234 3046 2494 3101 vissimam
2522 3045 2665 3101 illius
2693 3047 2946 3102 excellens
2972 3048 3170 3102 sedaret
3198 3049 3450 3115 ingenium
3485 3048 3821 3122 (Hieronym.

2235 3140 2401 3195 (ἐρισι.
2420 3141 2574 3211 scrip.
2599 3140 2806 3203 eccles.,
2829 3140 2857 3213 §
2882 3140 2968 3207 i9,
3010 3151 3056 3196 et
3076 3143 3226 3213 epist.
3244 3142 3405 3207 83,ad
3427 3142 3598 3215 Magn.
3632 3145 3833 3201 Verum

531 3230 833 3303 gentilium.
858 3228 928 3285 At
959 3228 1075 3285 bare
1098 3225 1495 3284 commendatio
1522 3225 1897 3282 bacchantium
1924 3228 1976 3282 in
2008 3225 2127 3281 illos
2154 3241 2209 3305 ο
2233 3234 2463 3306 gentiles
2498 3234 2661 3290 tantis
2695 3233 2846 3304 impii
2874 3235 3211 3305 imperatoris
3237 3236 3703 3305 superstitionibus
3724 3236 3830 3293 da-

530 3323 872 3379 ethnicorum
902 3330 1065 3380 assms
1093 3319 1241 3376 auxit
1278 3319 1476 3391 potius,
1502 3333 1664 3390 quam
1694 3318 1960 3374 restinxit.
1989 3316 2129 3386 Quid

528 3429 683 3481 vero,
710 3414 852 3487 quod
882 3413 1041 3470 iidem
1066 3412 1293 3485 gentiles
1317 3426 1633 3484 persuasum
1655 3410 1923 3467 habebant
1943 3424 2131 3467 recen-

529 3509 759 3564 tioribus
786 3508 934 3563 bisce
954 3506 1161 3577 legibus
1196 3506 1327 3560 alias
1370 3506 1627 3562 adversus
1650 3503 1986 3560 Christianos
2013 3502 2130 3559 edi-

533 3610 619 3656 tas
655 3615 763 3656 non
801 3599 1088 3670 abrogari?
1117 3598 1384 3654 Praeterea
1427 3597 1554 3668 quid
1593 3597 1741 3667 leges
1772 3596 1947 3652 facere
1976 3604 2132 3666 pote-

533 3700 659 3749 rant
696 3699 884 3747 contra
926 3690 1262 3745 el'l‘racnatum
1302 3689 1446 3759 vulgi
1476 3689 1638 3745 variis
1666 3688 2134 3758 superstitionibus

536 3787 796 3845 obcaecati
841 3786 1112 3851 furorem,
1161 3792 1216 3838 et
1257 3783 1590 3854 popularium
1625 3782 1844 3836 insanas
1873 3782 2135 3836 incursio.

538 3877 886 3943 nesiNonne,
914 3876 998 3931 his
1024 3875 1228 3945 legibus
1256 3875 1473 3945 spretis,
1505 3873 1769 3928 innumeri
1796 3887 1965 3953 prope
1991 3884 2135 3925 mar-

534 3985 710 4051 tyres,
737 3985 798 4030 ut
819 3981 1004 4029 narrat
1047 3970 1333 4039 Eusebius,
1361 3970 1444 4025 bis
1474 3967 1806 4037 temporibus
1829 3964 2137 4021 crudelissi-

538 4084 631 4126 me
654 4066 957 4138 interempti
979 4073 1104 4121 snnt
1132 4061 1370 4138 (Euseb.,
1397 4061 1487 4116 lib.
1514 4062 1581 4116 γ.
1608 4058 1808 4115 Eccles.
1838 4054 1998 4125 Hist.,
2020 4074 2137 4127 cap.

537 4159 597 4226 5,
639 4178 694 4229 p.
742 4156 912 4229 155)?
954 4155 1095 4212 Nihil
1135 4169 1263 4226 ergo
1304 4154 1427 4209 inde
1490 4151 1915 4209 concludendum
1956 4159 2142 4206 contra

537 4263 869 4321 propensum
897 4248 950 4302 in
981 4247 1314 4304 Christianos
1341 4245 1506 4302 Marci
1532 4245 1732 4301 Aurelii
1757 4243 2018 4309 animum,
2048 4242 2141 4313 qui

544 4354 607 4397 ea
632 4352 825 4411 passus
850 4346 955 4409 est,
978 4354 1096 4410 qua:
1124 4340 1387 4410 impedire
1426 4354 1535 4394 non
1564 4346 1789 4411 poterat.

1132 4449 1419 4491 ARTICULUS
1457 4450 1535 4490 Ill.

554 4528 902 4585 Examinatur
928 4546 1026 4602 quo
1041 4532 1163 4600 jure
1189 4528 1536 4586 Tertullianus
1571 4538 1767 4587 asserat
1794 4530 2050 4605 mitigatus
2074 4533 2138 4585 ab

2237 3338 2342 3381 tam
2373 3325 2474 3381 sibi
2494 3326 2816 3381 christianos
2833 3325 3051 3396 impune
3065 3326 3288 3381 vexandi
3304 3328 3643 3389 occasionem
3664 3328 3830 3394 nacti,

2236 3420 2290 3475 in
2330 3434 2425 3477 eos
2452 3418 2801 3476 acerbissime
2862 3420 3184 3485 szeviebnnt;
3241 3423 3452 3485 tametsi
3489 3421 3693 3477 nullam
3747 3422 3841 3478 ille

2238 3516 2290 3569 in
2335 3516 2479 3583 ipsos
2532 3515 2715 3570 tulerit
2738 3514 2950 3587 legem;
2998 3516 3105 3571 imo
3126 3524 3252 3571 vero
3273 3525 3444 3571 ortam
3468 3525 3841 3588 tempestatem

2238 3615 2424 3677 postea
2445 3606 2732 3664 sedaverit.

2312 3699 2449 3754 Tum
2497 3700 2693 3757 deinde
2744 3701 2945 3757 Auctor
2983 3712 3165 3757 noster
3198 3710 3344 3757 retro
3387 3702 3564 3759 adhuc
3615 3703 3683 3758 ab
3726 3702 3829 3758 hoc

2240 3780 2478 3848 Adriano
2548 3792 2848 3864 regreditur
2917 3792 2983 3847 ad
3038 3792 3447 3863 VeSpasianum,
3499 3796 3591 3865 qui
3645 3794 3844 3863 pariter

2243 3886 2477 3951 nullum,
2510 3886 2714 3957 inquit,
2760 3897 2945 3942 contra
2979 3885 3312 3943 Christianos
3341 3888 3576 3943 edictuin
3616 3887 3837 3953 emisit,

2245 3996 2533 4049 quanquam
2576 3978 2901 4044 Judworum,
2935 3982 3143 4053 inquit,
3192 3982 3468 4037 debellator
3510 3982 3842 4056 (Tertullian.

2248 4071 2540 4141 Apologet.,
2585 4089 2633 4125 c.
2658 4073 2729 4142 {5,
2771 4092 2826 4144 p.
2868 4073 3022 4143 294),
3065 4089 3200 4146 quos
3232 4075 3474 4145 plerique
3502 4090 3691 4130 omnes
3719 4075 3840 4129 eth-

2244 4156 2349 4220 nici
2378 4180 2499 4219 cum
2537 4164 2726 4221 iisdem
2751 4166 3073 4222 Christianis
3090 4162 3719 4223 confundere'solebant.
3754 4167 3840 4223 Ab

2245 4273 2311 4315 eo
2351 4265 2529 4313 autem
2575 4257 2897 4314 debellatum
2946 4258 3254 4339 Judmorum
3276 4268 3522 4329 gentem,
3553 4269 3844 4330 actumque

2245 4346 2432 4406 Romae
2477 4350 2546 4406 de
2597 4350 2704 4407 illis
2747 4366 2868 4407 cum
2900 4351 3020 4407 Tito
3061 4351 3169 4407 lilio
3211 4368 3311 4408 suo
3357 4353 3679 4423 triumphum
3713 4351 3840 4423 quis

2245 4441 2467 4498 nescit?
2507 4441 2659 4512 Quod
2702 4442 2905 4498 nullum
2935 4458 3065 4499 vero
3094 4443 3163 4498 de
3191 4442 3519 4499 Christianis
3560 4444 3845 4501 decretum

2244 4535 2466 4603 fecerit,
2500 4536 2651 4591 teStis
2674 4543 2759 4591 est
2783 4532 3046 4590 Eusebius
3065 4576 3079 4601 ,
3107 4535 3197 4606 qui
3222 4535 3415 4591 litteris
3445 4536 3719 4591 mandavit
3741 4550 3847 4591 ex-

615 4625 919 4695 imperatore
956 4622 1178 4696 Trojano
1203 4624 1416 4695 scriptas
1442 4624 1492 4677 in
1519 4622 1831 4678 Christianos
1847 4625 2001 4696 leges,
2023 4622 2143 4677 nul-
2166 4628 2463 4711 Deitatam
2492 4628 2657 4684 fuisse
2698 4644 2727 4682 a
2760 4627 3060 4683 Domitiano
3086 4628 3378 4683 secundam
3421 4638 3545 4699 post
3569 4627 3844 4685 Neronem

620 4727 699 4780 las
725 4737 862 4781 .vero
898 4723 953 4775 in
989 4719 1106 4775 illos
1152 4718 1281 4772 latas
1322 4715 1383 4770 ab
1411 4716 1638 4773 Adriano
1676 4716 2024 4769 curiositatum
2049 4732 2157 4770 om-

616 4820 759 4873 nium
792 4816 1126 4889 exploratore,
1151 4829 1311 4883 neque
1328 4828 1361 4865 a
1391 4810 1701 4881 Vespasiano
1725 4809 2026 4864 debellatore
2045 4808 2077 4862 .l
2086 4826 2155 4862 u-

2251 4719 2711 4792 persecutionem:
2740 4724 2930 4790 Κιὶπερ
2957 4726 3041 4775 τοῦ
3080 4729 3261 4791 πατρὸς
3300 4726 3447 4776 αὗτοῧ
3485 4725 3849 4777 Oriente-totve;

2250 4818 2395 4885 μηδὲν
2449 4813 2551 4869 καθ’
2578 4821 2709 4882 ἡμῶν
2757 4819 2935 4868 ἄτοπον
2978 4820 3328 4875 intraintra“.
3412 4812 3657 4880 Quamvis
3700 4823 3850 4886 pater

622 4911 867 4975 datorum,
901 4923 1059 4978 neque
1078 4923 1110 4960 a
1136 4903 1255 4973 Pio,
1284 4919 1488 4974 nequeo
1516 4900 1667 4968 Vero,
1696 4916 1785 4956 seu
1810 4900 2020 4969 Severo,
2044 4900 2157 4955 imm
2248 4906 2408 4979 ipsius
2444 4902 2783 4976 Vespasianus
2816 4903 3011 4958 nullout
3059 4920 3283 4974 unquam
3310 4905 3555 4975 injuriam
3594 4905 3738 4958 nobis
3762 4909 3851 4975 fa-

614 5003 946 5077 peratoribus.

2250 5014 2362 5055 cere
2399 5005 2633 5052 tentasset
2664 4994 2897 5067 (Euseb.,
2929 4995 3016 5050 lib.
3046 4995 3113 5051 ΠΙ
3141 4995 3336 5052 Eccles.
3363 4994 3720 5068 Ηίθεοι-ηαλμ.
3752 4996 3844 5063 l7,

617 5102 852 5159 Gradum
902 5096 1258 5154 Tertullianus
1283 5101 1517 5160 revocat,
1548 5100 1705 5164 atque
1731 5106 1759 5148 a
1784 5090 1961 5148 Marco
1980 5091 2155 5149 Aure-
2247 5108 2369 5165 pag.
2402 5089 2515 5162 88).

543 5198 618 5253 lio
649 5196 795 5251 venit
838 5192 903 5247 ad
950 5188 1237 5259 Trajanum
1262 5227 1277 5253 ,
1313 5186 1404 5241 illo
1431 5185 1810 5256 antiquiorem.
1842 5184 2013 5255 Leges
2049 5201 2141 5240 au.

546 5297 657 5343 tem
687 5287 739 5340 in
771 5283 1106 5340 Christianos
1131 5280 1284 5333 datas
1314 5294 1376 5333 ea;
1400 5287 1567 5348 parte,
1599 5278 1674 5332 uti
1715 5277 1830 5348 ipse
1855 5276 2140 5333 Tertullia-

543 5394 647 5435 nus
678 5376 935 5447 loquitur,
967 5380 1242 5446 frustratus
1268 5380 1363 5443 pst,
1393 5371 1606 5426 retanda
1632 5370 1818 5440 inquiri
1838 5370 2142 5425 christianos

544 5471 876 5543 (Tertullian.
916 5468 1218 5541 Apoloyet.,
1261 5484 1307 5522 c.
1348 5466 1416 5533 5,
1458 5483 1511 5534 ρ.
1552 5463 1707 5536 296).
1762 5462 2140 5533 Superioribus

544 5562 745 5619 etenim
780 5562 1160 5633 imperatorum
1188 5557 1419 5616 decretis
1436 5556 1644 5628 jussum
1676 5563 1793 5613 erat
1818 5569 1911 5610 eos
1942 5555 2139 5625 inquiri

542 5671 605 5710 ac
635 5652 811 5726 puniri
839 5671 853 5709 :
887 5654 980 5711 sed
998 5653 1281 5725 Trajanus,
1301 5652 1378 5707 uti
1402 5665 1563 5721 supra
1592 5647 1927 5705 ostendimus
1947 5647 2135 5724 (Sup.,

540 5763 657 5815 cap.
682 5748 733 5812 7,
765 5755 865 5801 art.
892 5748 974 5818 ‘2),
1004 5747 1271 5817 prohibuit
1320 5745 1534 5817 quidem
1560 5743 1776 5815 inquiri,
1805 5741 1900 5800 sed
1926 5741 2137 5799 oblatos

537 5837 719 5901 puniri
753 5837 1022 5905 praecepit.

2318 5183 2455 5252 Quid
2502 5182 2700 5254 plura?
2743 5182 2914 5237 nullas
2958 5198 3174 5254 quoque
3210 5182 3370 5249 Pius,
3402 5184 3491 5256 qni
3526 5182 3683 5255 longo
3713 5191 3845 5253 post

2244 5277 2631 5350 Vespasianum
2655 5285 2892 5347 tempore
2914 5278 3490 5348 imperavit,cruentas,
3513 5279 3684 5349 pergit
3702 5278 3843 5332 Ter-

2244 5368 2789 5437 tullianus,achrsus
2818 5367 3153 5425 Christianos
3186 5369 3351 5441 leges,
3383 5381 3474 5423 aut
3498 5370 3841 5440 approbavit,

2243 5470 2335 5515 aut
2360 5460 2691 5530 snbsignavit
2722 5457 3075 5532 (Tertulliau.,
3105 5460 3203 5515 loc.
3236 5461 3377 5530 cit.).
3412 5460 3593 5515 Dlelito
3622 5461 3762 5516 enim
3786 5461 3842 5516 in

2238 5554 2347 5623 jam
2365 5552 2522 5606 citata
2537 5566 2566 5606 a
2588 5552 2741 5605 nobis
2763 5551 3017 5623 Apologia
3040 5550 3277 5606 Marcum
3294 5552 3571 5607 Aurelium
3597 5553 3679 5606 his
3699 5552 3844 5622 apud

2239 5643 2531 5699 Eusebium
2551 5642 2727 5699 verbis
2742 5641 2959 5699 allatur:
2986 5637 3024 5699 ό
3059 5648 3106 5697 δὲ
3127 5656 3285 5716 water,
3309 5666 3412 5707 σου,
3428 5647 3611 5699 notia-0'5
3634 5649 3700 5699 τὰ.
3717 5653 3842 5713 σύμ.-

2235 5761 2401 5793 πανται
2413 5741 2693 5799 διοικοῦντος
2710 5742 2973 5810 abrogat:
2990 5742 3152 5796 πόλεσι
3165 5744 3272 5812 περὶ
3285 5745 3373 5795 τοῦ
3390 5743 3536 5808 μηδὲν
3552 5743 3847 5811 νεωτερίζειν

2236 5835 2343 5902 «cpi
2394 5840 2523 5900 ἡμῶν
2548 5840 2822 5907 [nuperis
2849 5832 2941 5904 οἷς,
2954 5837 3037 5890 ui
3078 5841 3196 5907 πρὸς
3223 5841 3571 5907 Aequo-stove,
3596 5834 3679 5886 uoti
3722 5837 3845 5903 πρὸς
