4212 6262
323 339 467 401 1015

1457 338 1912 395 DISSERTATIO
1951 338 2032 397 D.'
2069 340 2158 397 LE
2196 342 2501 401 NOURRY.

3492 356 3635 415 101/1-

321 461 698 522 Θεσσαλονικεῖς,
714 459 798 509 καὶ
815 463 930 526 πρὸς
953 443 1230 517 tio-quotiens,
1244 457 1327 507 καὶ
1342 458 1465 523 πρὸς
1482 461 1665 515 πάντας
1684 438 1923 515 ἑλλήνας.

2052 456 2122 510 ιίο
2155 456 2289 513 liber
2318 475 2347 513 a
2372 459 2701 517 Tertulliano
2728 470 2847 533 post
2883 477 3033 519 suam
3061 465 3127 521 ad
3153 466 3498 526 Montanistas
3535 473 3635 528 de-

324 550 490 606 Pater
522 542 719 621 quoque
739 555 875 612 tuus,
899 558 998 616 quo
1029 534 1250 619 tempore
1275 556 1456 601 cuneta
1498 544 1653 600 simul
1679 560 1791 600 cum
1813 546 1924 617 ipso

326 636 738 704 administrans,
762 640 966 712 scripsit
991 639 1059 693 ad
1080 640 1324 704 civitates,
1346 656 1409 693 ne
1429 648 1609 693 contra
1632 656 1724 693 nos
1746 640 1925 694 (utnul-

327 746 410 792 tus
424 735 753 799 concitarent,
784 732 1084 801 nominatim
1111 730 1179 784 ad
1207 730 1508 798 Larisswos,
1540 730 1609 784 ad
1646 724 1925 785 Thessalo-

328 830 575 895 nicenses,
603 826 673 880 ad
701 826 1054 889 Athenienses,
1084 824 1153 878 ad
1181 825 1440 880 universos
1479 825 1694 893 denique
1724 824 1928 880 Graecos

329 919 565 992 (Euseb,
593 918 679 973 lib.
700 916 767 971 IV
795 916 991 971 Eccles.
1049 913 1212 985 Hist.,
1235 933 1350 988 cap.
1368 912 1455 981 26,
1482 933 1600 989 pag.
1628 916 1773 987 148).
1807 914 1930 971 Piu-

327 1026 416 1068 res
440 1013 603 1067 etiam
632 1010 826 1065 eruditi
865 1016 1066 1063 nostra:
1105 1009 1277 1063 aetatis
1306 1009 1406 1063 viri
1433 1009 1720 1078 opinantur
1745 1009 1811 1064 ab
1839 1008 1929 1063 illo

327 1105 488 1160 latam
517 1102 703 1169 fuisse,
735 1103 788 1156 in
829 1101 1243 1156 cltriStianorurn
1269 1098 1514 1171 gratiam,
1543 1101 1735 1171 legem,
1764 1114 1931 1172 quam

329 1200 396 1254 ab
416 1197 537 1253 aliis
564 1207 742 1253 tamen
787 1196 963 1250 Marco
1002 1195 1222 1250 Aurelio
1263 1194 1585 1265 adscriptam
1616 1194 1775 1266 paulo
1805 1203 1931 1250 ante

328 1293 630 1348 notavimus
657 1289 792 1361 (Art.
820 1286 1038 1360 super.).

399 1382 598 1440 Sextus
618 1381 855 1446 tandem,
879 1389 932 1433 et
954 1378 1211 1434 horumce
1226 1378 1520 1450 aequiorum
1546 1379 1930 1450 imperatorum

327 1476 572 1543 ultimus,
605 1490 635 1530 a
663 1466 998 1529 Tertulliano
1026 1473 1110 1527 his
1140 1473 1318 1528 verbis
1348 1472 1646 1545 appellatur
1679 1492 1691 1527 :
1728 1472 1933 1527 Nullus

346 1568 504 1623 Verus
532 1568 676 1638 leges
717 1564 1035 1621 Christianis
1072 1563 1327 1618 adversas
1377 1548 1629 1635 impressit
1684 1563 1701 1635 (
1724 1563 1930 1618 Tertul-

333 1661 483 1726 tian.,
518 1659 613 1713 loc.
642 1656 779 1729 cit.),
804 1655 1226 1711 subaudiendum
1252 1655 1388 1710 haud
1419 1655 1578 1710 dubie
1609 1657 1802 1710 tabulis
1831 1671 1931 1726 pu-

296 1806 311 1817 ,
332 1754 488 1809 hlicis
509 1794 524 1816 ,
557 1759 614 1805 ut
637 1766 715 1804 ea:
744 1750 1231 1820 promnlgarentur.
1268 1749 1334 1801 At
1363 1748 1655 1802 observare
1673 1747 1761 1803 hic
1784 1748 1936 1819 juvat

2031 546 2314 604 fectionem
2339 554 2667 620 compositus
2696 561 2798 618 cst,
2821 563 2874 609 et
2903 556 3165 613 Proculus
3186 569 3410 615 vocatur
3440 572 3629 630 noster,

2031 637 2155 695 hinc
2183 640 2398 709 quidam
2437 643 2615 715 colligi
2646 657 2806 714 posse
2850 655 3038 715 putant
3075 648 3197 703 ideo
3238 650 3314 704 ita
3340 653 3630 722 appellari,

2030 732 2287 802 quoniam
2336 732 2524 791 iisdem
2569 733 3015 797 Montanistarum
3068 741 3343 797 erroribus
3389 744 3633 804 addictus

2030 832 2165 878 erat.
2198 825 2555 892 Quamobrem
2590 829 2793 884 addunt
2823 831 2971 886 illum
3006 833 3088 887 his
3117 836 3289 890 uetari
3320 836 3635 912 Hieronymi

2033 915 2210 971 verbis
2243 932 2257 970 :
2286 916 2460 987 Caius,
2488 920 2581 973 sub
2603 919 2860 1005 fitttonino
2883 923 3060 979 Severi
3090 927 3220 996 ﬁlio,
3241 929 3636 998 disputationem

2033 1008 2274 1064 adversus
2292 1008 2594 1080 Proculum,
2620 1013 2853 1070 Montani
2868 1026 3182 1079 sectatorem,
3200 1021 3445 1091 insignem
3464 1027 3639 1082 habuit

2036 1098 2302 1174 (Hierom,
2344 1102 2507 1159 Calai.
2536 1092 2714 1176 script.
2743 1108 2863 1165 sccl.
2918 1107 2946 1180 §
2998 1108 3109 1181 i9).
3136 1108 3336 1168 Verum
3373 1116 3492 1172 chm
3537 1119 3639 1176 iste

2035 1195 2362 1250 montanista
2393 1195 2592 1265 fuerit,
2626 1213 2731 1254 non
2778 1200 2918 1256 idem
2964 1202 3206 1273 profecto
3235 1220 3355 1263 esse
3397 1211 3632 1279 videtur,

2037 1295 2198 1356 atque
2238 1286 2496 1343 Proculus
2554 1288 2873 1360 Torpacion.
2935 1293 3201 1350 Praeterea
3253 1297 3339 1353 hic
3379 1298 3636 1358 Euhodire

2037 1389 2353 1447 procurator
2400 1380 2627 1449 dicitur,
2677 1382 2769 1439 ille
2809 1398 2939 1440 vero
2978 1386 3287 1444 Christianae
3316 1391 3639 1464 eloquentiae

2038 1471 2297 1541 dignitate
2325 1473 2733 1531 celeberrimus.

2109 1563 2455 1619 Atdiscimus
2483 1580 2549 1621 ex
2578 1566 2761 1622 Dionis
2793 1567 3038 1639 Epitome
3056 1571 3640 1648 Evodum(EGoBo-;)An-

2040 1657 2209 1711 tonini
2234 1656 2523 1713 Caracallac
2575 1659 2737 1715 fuisse
2773 1661 3138 1729 educatorem,
3166 1678 3251 1722 τοῦ
3280 1679 3467 1740 τροῖδέος
3494 1677 3643 1729 αὐτοῦ

2043 1748 2190 1821 (Dio.
2214 1747 2479 1824 Ep.555).
2502 1750 2639 1807 Tum
2669 1765 2846 1809 autem
2872 1755 3126 1812 Proculus
3145 1758 3303 1828 hujus
3322 1758 3517 1829 Evodi,
3545 1780 3643 1820 seu

331 1843 385 1898 in
420 1848 564 1896 textu
594 1839 811 1895 Eusebii
836 1881 851 1907 ,
882 1839 970 1909 qui
1002 1837 1143 1893 hunc
1189 1837 1500 1893 Tertulliani
1531 1840 1705 1894 locum
1756 1853 1931 1910 grmce
1959 1850 2007 1911 Β
2037 1842 2654 1914 Euhodias,procurator
2675 1860 2795 1901 esse
2823 1857 3054 1917 poterat.
3077 1848 3209 1903 Nam
3234 1850 3335 1906 hoc
3368 1853 3486 1923 ipso
3511 1863 3646 1910 tem.

331 1932 606 1999 reddidit,
658 1930 1000 2002 praetermitti
1072 1931 1189 1986 haec
1226 1930 1390 1985 verba
1446 1945 1459 1982 :
1519 1928 1712 1985 Nullus
1768 1926 1930 1986 Verus

2035 1949 2166 2006 pore
2216 1934 2269 1989 in
2291 1935 2474 1990 Severi
2504 1936 2722 2006 palatio,
2749 1948 2805 1993 ut
2835 1939 3309 2008 aitTertullianus,
3338 1958 3644 2003 commora-

335 2026 569 2100 (Euseb.,
604 2024 696 2080 lib.
731 2024 774 2079 V
817 2024 993 2077 eccles.
1031 2022 1173 2079 Hist.
1219 2038 1337 2095 cap.
1387 2023 1442 2091 5,
1486 2040 1606 2095 pag.
1666 2022 1817 2093 170).
1863 2022 1934 2078 Et
2035 2025 2307 2092 batur,ubi
2333 2042 2455 2081 cum
2475 2027 2742 2085 Caracalla
2765 2032 3645 2109 coguovit,atque,ipsoinstigan-

337 2127 483 2176 ccrte
512 2118 601 2173 hic
642 2117 758 2187 ipse
785 2115 975 2181 Verus,
1009 2129 1230 2170 consors
1261 2115 1469 2185 imperii
1503 2130 1532 2169 a
1559 2114 1738 2170 Marco
1764 2116 1933 2171 Aure-
1986 2144 1996 2156 -
2037 2121 2258 2186 te,lacte
2296 2112 2841 2176 christiano'educatus
2865 2134 2967 2178 est.
3365 2124 3377 2133 “

336 2211 408 2266 lio
438 2210 605 2265 factus
624 2250 639 2276 ,
672 2221 867 2277 novem
898 2206 965 2261 ad
991 2221 1260 2262 summum
1289 2206 1446 2261 annis
1473 2221 1593 2262 cum
1625 2206 1715 2261 illo
1744 2222 1936 2278 regna-

336 2304 452 2369 vit,
482 2311 536 2358 et
564 2308 688 2357 ante
717 2300 866 2355 illum
896 2307 1139 2355 mortuus
1171 2306 1273 2355 est.
1317 2299 1678 2367 Quamobrem
1719 2298 1933 2370 quidam

340 2397 679 2467 suspicantur
723 2394 826 2449 hoc
876 2406 1072 2449 nomen
1100 2400 1412 2463 corruptum
1459 2390 1621 2447 fuisse
1652 2392 1705 2446 in
1734 2391 1939 2448 Tertul-

340 2489 465 2543 liani
497 2494 663 2553 textu,
694 2500 755 2545 ac
780 2484 1065 2555 legendum
1096 2483 1331 2539 Severus.
1354 2483 1623 2539 Pamelius
1668 2483 1808 2538 enim
1841 2498 1940 2539 nos

343 2580 597 2635 admonet
644 2577 772 2632 illud
803 2578 855 2632 in
899 2563 1159 2631 vaticano
1190 2589 1297 2630 uno
1325 2616 1339 2641 ,
1371 2583 1426 2630 et
1454 2573 1626 2630 altero
1653 2572 1942 2630 Leodiensi

344 2668 533 2729 revera
576 2669 826 2726 inveniri.
857 2668 962 2725 Sed
984 2670 1108 2739 quia
1137 2668 1192 2723 in
1221 2667 1432 2723 czeteris
1460 2666 1708 2722 omnibus
1733 2680 1795 2722 ac
1823 2678 1941 2722 me-

345 2768 494 2823 lioris
538 2774 679 2820 nota:
730 2763 1006 2819 codicibus
1049 2777 1155 2818 non
1197 2760 1426 2832 legitur,
1469 2760 1602 2815 nihil
1631 2768 1819 2815 contra
1867 2764 1944 2814 tot

347 2859 593 2916 codicum
622 2857 993 2913 auctoritatem
1019 2854 1244 2912 definire
1267 2852 1545 2910 audemus.
1571 2851 1760 2907 Nonne
1784 2852 1946 2908 etiam

350 2948 704 3013 Tertullianus
760 2950 1086 3008 mentionem
1155 2949 1296 3005 illius
1346 2948 1521 3003 facere
1574 2946 1694 3002 ideo
1746 2945 1946 3016 potuit,

349 3050 471 3122 quia
507 3048 706 3104 Aurelii
735 3046 955 3117 collegas
983 3045 1065 3100 sui
1095 3052 1149 3099 et
1174 3042 1242 3098 ab
1272 3057 1338 3098 eo
1375 3041 1610 3111 adoptati
1645 3039 1949 3109 exemplum

350 3149 595 3207 secutus,
632 3139 833 3195 nullam
874 3138 928 3192 in
954 3136 1285 3193 Christianos
1321 3135 1493 3206 legem
1526 3132 1675 3200 tulit,
1712 3131 1953 3205 nihilque

351 3245 536 3291 contra
556 3247 652 3288 eos
682 3229 1017 3287 machinatus
1044 3226 1256 3283 fuerat?
1424 3216 1434 3237 '

424 3324 481 3379 Si
508 3323 626 3394 quis
655 3332 831 3378 tamen
874 3319 1201 3391 pertinacius
1241 3314 1532 3373 contendat
1572 3314 1646 3371 ibi
1686 3314 1947 3385 scriptum

352 3415 521 3472 fuisse
560 3414 734 3470 Severi
763 3426 1115 3480 nomen,‘non
1137 3408 1363 3465 multum
1386 3406 1600 3479 quidem
1626 3402 1948 3478 repugnabi-

352 3524 494 3565 mus.
520 3505 655 3562 Nam
690 3504 1050 3562 Tertullianus
1073 3504 1178 3559 alio
1208 3503 1261 3558 in
1302 3503 1439 3558 libro
1468 3500 1811 3556 commendat
1837 3498 1950 3554 sin-

356 3603 595 3676 gularem
617 3600 763 3656 illius
785 3601 836 3654 in
864 3598 1189 3655 christianos
1211 3594 1626 3667 propensionem
1653 3602 1708 3650 et
1728 3593 1955 3648 benevo-

355 3693 599 3758 lentiam,
619 3692 809 3763 quibus
829 3691 898 3745 ob
927 3688 1239 3744 miraculum
1276 3687 1329 3741 in
1372 3685 1486 3757 ejus
1509 3685 1732 3756 gratiam
1756 3682 1952 3738 factum

356 3788 477 3844 illos
502 3786 686 3844 omnes
706 3785 895 3841 saltem
920 3780 1105 3854 primis
1132 3779 1338 3853 imperii
1365 3779 1446 3833 sui
1469 3779 1623 3832 annis
1648 3778 1958 3846 complexus

360 3889 462 3938 est.
503 3879 611 3936 Sed
637 3877 920 3934 audiamus
949 3875 992 3930 si
1034 3874 1206 3945 placet
1248 3871 1393 3926 illius
1440 3870 1599 3926 verba
1633 3885 1645 3921 :
1689 3867 1838 3938 Ipse,
1872 3866 1958 3920 in-

360 3972 494 4044 quit,
520 3972 756 4036 Severus,
783 3978 930 4040 pater
958 3965 1200 4020 Antonini
1227 3961 1527 4027 Caracalltc,
1557 3959 1960 4016 Christianorum

361 4083 552 4121 memor
574 4067 690 4137 fuit.
713 4064 853 4119 Nam
874 4072 921 4116 et
950 4058 1229 4115 Proculum
1254 4056 1607 4122 christianum,
1630 4055 1714 4126 qui
1762 4052 1962 4124 Tarpa-

363 4162 474 4216 cion
503 4156 976 4232 cognominabatur,
998 4154 1250 4209 Euhodia:
1285 4160 1670 4225 procuratorem
1690 4191 1703 4215 ,
1737 4148 1823 4217 qui
1850 4162 1965 4201 eam

364 4270 453 4322 per
477 4252 641 4306 oleum
663 4248 941 4322 aliquando
970 4254 1265 4311 curaverat,
1296 4232 1570 4314 requisivit,
1600 4251 1647 4295 et
1691 4239 1745 4293 in
1772 4236 1963 4309 putatio

364 4365 457 4404 suo
484 4346 654 4402 habuit
681 4362 837 4417 usque
864 4343 932 4398 ad
960 4349 1169 4396 mortem
1197 4340 1342 4410 ejus;
1367 4352 1511 4407 quem
1536 4342 1583 4389 et
1604 4332 1853 4387 Antonius
1874 4348 1967 4402 op-

368 4442 487 4495 time
512 4448 735 4504 noverat,
760 4439 887 4493 tacte
909 4435 1187 4490 christiano
1214 4429 1458 4483 educatus
1484 4424 1754 4498 (Tertull.,
1779 4423 1868 4478 lib.
1898 4419 1968 4474 ad

370 4530 613 4603 Scaput.,
648 4548 762 4601 cap.
805 4529 909 4600 4).»
927 4527 1197 4584 Certiores
1240 4522 1417 4592 itaque
1468 4533 1566 4573 nos
1614 4512 1744 4595 facit
1794 4512 1965 4569 Seve-

2109 2209 2378 2266 Caeterum
2392 2211 2647 2284 quidquid
2667 2211 2735 2267 de
2754 2213 2857 2270 hoc
2877 2214 3440 2287 ProculoTorpacione
3452 2227 3650 2277 statua-

2041 2312 2147 2371 tur,
2168 2302 2343 2358 nullus
2358 2298 2661 2383 ambigendi
2681 2304 2826 2359 locus
2840 2307 3075 2378 est,quin
3098 2298 3428 2377 Severus,ob
3444 2313 3649 2368 sanita-

2043 2407 2151 2452 tem
2202 2396 2300 2452 sibi
2349 2394 2659 2475 mirandum
2703 2396 2756 2451 in
2796 2397 3014 2454 modum
3054 2400 3392 2469 restitutam,
3457 2403 3652 2461 faverit

2043 2488 2384 2546 Christianis.
2405 2488 2521 2544 Non
2548 2489 2727 2545 solum
2755 2480 2907 2546 enim
2925 2492 3067 2548 hunc
3093 2493 3383 2551 Proculum
3404 2496 3651 2554 christia-

2046 2598 2173 2636 num
2201 2581 2254 2635 in
2289 2594 2388 2635 suo
2424 2580 2645 2635 retinuit
2672 2580 2875 2651 palatio
2918 2599 2933 2636 :
2975 2582 3071 2639 sed
3111 2593 3159 2639 et
3189 2585 3535 2655 clarissimas,
3573 2590 3652 2643 uti

2048 2673 2223 2735 adhuc
2247 2672 2439 2729 asserit
2465 2662 2845 2741 Tertullianns,
2880 2675 3136 2745 fwminas,
3166 2685 3214 2730 et
3240 2677 3549 2733 clarissimos
3574 2680 3652 2733 vi-

2049 2784 2156 2832 ros,
2191 2766 2409 2822 Severus
2433 2766 2593 2820 sciens
2621 2766 2777 2833 huius
2805 2776 2954 2820 secta:
2982 2783 3110 2831 esse,
3144 2783 3244 2822 non
3261 2768 3412 2823 modo
3434 2785 3537 2824 non
3556 2771 3649 2825 ιω-

2050 2861 2148 2927 sit,
2198 2875 2371 2915 verum
2410 2858 2559 2912 etiam
2598 2867 2646 2911 et
2689 2858 2969 2912 testimonio
2999 2860 3296 2927 exornavit,
3336 2869 3384 2914 et
3424 2862 3648 2932 papula,

2053 2953 2242 3026 furenti
2265 2953 2319 3006 in
2349 2967 2461 3018 nos,
2490 2949 2663 3020 palam
2690 2951 2869 3004 restitit
2904 2950 3179 3024 (Tertull.,
3215 2954 3306 3010 tib.
3337 2954 3406 3010 ad
3433 2955 3653 3027 Scaput.

2054 3061 2172 3115 cap.
2230 3036 2671 3112 4).Christianis
2717 3041 3103 3110 igiturrcvera,
3160 3059 3262 3101 nec
3313 3061 3505 3118 parum
3528 3048 3652 3119 qui-

2056 3130 2179 3193 dem
2220 3132 2366 3201 favit,
2397 3148 2563 3205 seque
2616 3133 2829 3188 illorum
2875 3149 2982 3190 non
3035 3136 3326 3204 occultum,
3358 3139 3453 3193 sed
3476 3139 3655 3225 publi-

1972 3236 2018 3301 C
2051 3242 2175 3290 cum”
2222 3227 2462 3284 exhibuit
2512 3225 2773 3289 fautorem
2831 3234 2990 3297 atque
3058 3225 3418 3283 defensorem.
3455 3228 3657 3298 Quidni

2052 3338 2183 3381 vero
2228 3322 2308 3377 eis
2356 3319 2596 3384 favisset,
2655 3334 2686 3373 a
2732 3318 2926 3388 quibus
2974 3333 3080 3374 non
3122 3319 3284 3374 modo
3334 3320 3656 3379 beneficium

2056 3415 2349 3473 maximum
2376 3419 2678 3481 acceperat,
2705 3409 2801 3465 sed
2826 3424 3054 3491 quorum
3081 3426 3344 3466 summam
3366 3426 3581 3483 quoque
3603 3413 3657 3467 in

2058 3526 2119 3568 se
2149 3507 2460 3564 ﬁdelitatem
2503 3504 2678 3561 fuerat
2724 3518 2938 3574 semper
2990 3505 3287 3574 expertus?
3339 3505 3469 3560 Nam
3514 3507 3656 3571 inter

2059 3604 2318 3659 factiones
2355 3598 2547 3667 Cassii,
2566 3596 2713 3668 Nigri
2741 3604 2795 3654 et
2817 3597 2998 3651 Albini
3022 3597 3090 3653 ab
3117 3598 3234 3668 ipso
3281 3598 3397 3669 ejus
3422 3599 3658 3669 imperii,

2060 3688 2116 3751 ut
2145 3707 2305 3763 supra
2334 3691 2568 3746 vidimus
2592 3677 2938 3763 (Supr.,c'ap.
2964 3688 3003 3742 2
3022 3730 3038 3758 ,
3067 3689 3278 3761 armi),
3307 3700 3362 3745 et
3386 3689 3524 3745 infra
3551 3691 3657 3747 ad-

2063 3786 2168 3840 huc
2192 3785 2418 3851 dicetur,
2446 3782 2668 3839 exordio
2713 3781 2981 3849 subortas,
3022 3780 3206 3837 nullus
3231 3797 3469 3854 unquam
3498 3781 3650 3839 chri-

2063 3879 2281 3943 stianus
2295 3877 2541 3932 inventus
2570 3883 2672 3930 est.

2136 3970 2247 4027 Nec
2272 3970 2472 4027 dixeris
2494 3970 2609 4023 lucc
2634 3980 2871 4039 pugnare
2895 3983 3016 4025 cum
3055 3969 3121 4025 iis
3139 4006 3155 4034 ,
3182 3970 3373 4039 quibus
3411 3971 3661 4042 superius

2067 4060 2513 4135 diximus(lbid.),
2547 4070 2872 4117 commotam
2895 4060 2964 4116 ab
2989 4060 3177 4116 eodem
3203 4061 3404 4116 Severo
3429 4061 3665 4132 impera-

2068 4166 2186 4233 tore
2214 4156 2267 4210 in
2284 4153 2616 4209 Christianos
2644 4153 3095 4223 persecutionem.
3122 4149 3239 4207 Non
3268 4153 3413 4207 enim
3452 4153 3667 4225 imperii

2070 4252 2153 4306 sui
2178 4250 2350 4316 initio,
2381 4247 2478 4305 sed
2507 4256 2630 4318 post
2654 4247 2842 4303 decem
2870 4252 2928 4299 et
2951 4244 3181 4314 amplius
3203 4258 3375 4303 annos
3397 4246 3668 4305 concitata

2071 4341 2188 4398 fuit.
2215 4341 2438 4397 Constat
2480 4348 2665 4394 autem
2702 4338 2852 4392 illum
2880 4335 2948 4392 ad
2991 4336 3046 4391 id
3094 4351 3268 4410 usque
3306 4346 3519 4410 tempus
3555 4352 3667 4395 non

2073 4448 2259 4504 parum
2290 4431 2507 4503 quidem
2538 4428 2734 4485 favisse
2762 4427 3098 4485 Christianis.

2143 4524 2356 4581 Nullum
2398 4537 2561 4595 porro
2625 4536 2835 4593 (equum
2888 4536 3070 4578 rerum
3117 4522 3499 4577 aestimatorem
3546 4533 3672 4577 esse

370 4643 492 4684 rum
555 4627 931 4698 imperatorem
980 4617 1305 4693 :egritudine
1367 4611 1595 4685 quadam
1652 4606 1967 4665 mirabiliter
1990 4630 2045 4692 Β
2070 4626 2342 4691 putamus,
2368 4616 2548 4687 (ιιιίεχ
2579 4614 2687 4681 his,
2715 4628 2835 4685 quae
2863 4613 3121 4669 hactenus
3159 4611 3300 4668 dicta
3329 4620 3474 4679 sum,
3514 4610 3681 4669 facile

370 4721 534 4778 fuisse
556 4721 785 4775 levatum
806 4719 936 4784 oleo,
954 4712 1096 4788 quod
1124 4709 1379 4767 Proculus
1398 4707 1473 4761 illi
1490 4703 1731 4760 dederat.
1749 4701 1966 4783 Ne‘quis

371 4830 548 4872 autem
588 4822 677 4867 aut
712 4809 1073 4883 pervicacior,
1116 4813 1205 4859 aut
1250 4800 1470 4855 omnino
1510 4794 1824 4852 incredulus
1850 4835 1866 4860 ,
1898 4792 1967 4853 de

375 4918 521 4964 tanto
560 4904 816 4960 miraculo
859 4901 1079 4957 dubium
1118 4906 1392 4961 moveret,
1435 4890 1647 4947 Proculi
1679 4898 1734 4944 et
1771 4902 1970 4958 cogno-

375 5015 499 5054 men
533 5006 586 5052 ct
612 5012 803 5052 munus
848 4993 1107 5049 declarat.
1135 4986 1467 5059 Torpacion,
1500 4982 1704 5054 inquit,
1736 4981 1971 5035 vocaba-

375 5100 481 5158 tur,
513 5100 566 5145 et
592 5086 848 5144 Euhodim
877 5095 992 5141 erat
1020 5088 1354 5154 procurator.
1386 5075 1494 5133 Sed
1519 5076 1640 5147 quis
1666 5074 1756 5130 ille
1786 5070 1968 5139 fuerit,

373 5182 482 5253 jam
501 5182 649 5237 dictu
674 5178 1070 5235 difficillimum.

2069 4725 2177 4767 non
2218 4708 2476 4780 intelligat
2506 4706 2688 4778 quanti
2723 4706 2931 4762 roboris
2957 4704 3029 4760 sit
3059 4703 3176 4758 haec
3204 4704 3451 4759 Auctoris
3495 4703 3666 4760 nostri

2072 4800 2490 4872 argumentatio,
2514 4795 2667 4867 cujus
2690 4795 2927 4866 pondere
2951 4793 3195 4850 ethnicos
3222 4792 3436 4865 penitus
3464 4793 3669 4861 obruit,

2072 4898 2161 4967 qui
2184 4911 2242 4952 se
2266 4895 2470 4967 legibus
2487 4892 2599 4947 suis
2614 4891 2680 4947 ad
2696 4890 3011 4946 cruciandos
3031 4888 3402 4960 tollendosque
3418 4887 3676 4946 Christia-

2075 5007 2175 5048 nos
2197 4988 2425 5060 obligari
2450 4986 2816 5043 venditabant.
2836 4983 3105 5056 Namhas,
3122 4989 3185 5039 et
3202 4981 3588 5053 iniquissimas,
3621 4988 3678 5037 et

2079 5087 2148 5142 ab
2177 5082 2524 5154 iniquissimis
2563 5079 2892 5152 principibus
2920 5078 3073 5134 datas
3112 5090 3233 5132 esse
3260 5073 3673 5132 demonstravit.

2082 5177 2192 5241 Nec
2220 5177 2397 5232 minus
2434 5174 2734 5230 luculenter
2770 5169 3027 5244 patefecit
3071 5169 3190 5225 illas
3238 5172 3270 5225 a
3311 5166 3676 5241 compluribus

448 5275 570 5329 Alio
591 5283 771 5328 autem
792 5265 1366 5339 inlibquertullianus
1382 5270 1564 5318 narrat
1580 5259 1979 5316 Valentiniano-
2083 5272 2223 5351 aliis,
2250 5269 2515 5343 probitate
2542 5278 2599 5325 ει
2631 5268 2885 5340 mquijaje
2909 5265 3146 5337 praeditis
3168 5304 3185 5333 ,
3214 5272 3486 5321 conectas
3514 5261 3679 5317 fuisse

380 5364 502 5426 rum
527 5381 741 5423 errores
770 5366 1109 5434 impugnatos
1138 5359 1301 5416 fuisse
1347 5373 1454 5414 non
1478 5357 1651 5413 solum
1675 5355 1743 5409 ab
1768 5351 1949 5409 Justinl

2085 5374 2142 5424 et
2169 5363 2499 5421 emendatas.
2528 5363 2767 5433 Denique
2793 5362 2885 5432 qui
2914 5360 3115 5416 nullam
3151 5360 3203 5415 in
3230 5358 3565 5413 Christianos
3592 5362 3679 5410 tu-

272 5542 277 5549 .
379 5456 635 5534 martyre:
660 5459 896 5516 Μῖιῑῖτιάθ
945 5469 999 5514 ει
1024 5458 1246 5521 Immo:
1271 5452 1368 5549 εθίξ
1394 5453 1552 5507 etiam
1581 5466 1611 5504 ³
1641 5448 1890 5514 ΡΥοευίο»
1911 5445 1979 5549 (ξο
2079 5461 2264 5523 lerunt.
2286 5459 2482 5530 legem,
2511 5456 2567 5511 hi
2589 5455 2775 5526 procul
2796 5454 2962 5509 dubio
2990 5452 3130 5522 illos,
3149 5457 3408 5522 quantum
3426 5446 3678 5516 iniquitas

379 5574 488 5635 quo
514 5557 658 5612 hunc
684 5554 920 5626 loquitur
943 5554 995 5608 in
1025 5550 1242 5607 modum
1268 5565 1282 5601 :
1332 5542 1585 5601 Proculus
1612 5552 1780 5597 noster
1819 5542 1949 5613 virgi

2084 5562 2386 5626 temporum
2409 5549 2643 5620 sinebat,
2671 5548 2831 5605 tutari
2853 5561 2919 5604 ac
2943 5542 3604 5621 protegere'eonabantur.

381 5642 461 5703 nis
507 5658 720 5703 senecta:
764 5657 809 5702 et
838 5646 1129 5701 christiana:
1158 5639 1456 5711 eloquentiae
1494 5637 1744 5707 dignitas,
1781 5651 1906 5702 quos
1926 5640 1984 5691 in

386 5743 527 5797 omni
547 5760 696 5812 opere
706 5744 850 5815 ﬁdei,
877 5739 1302 5815 quemadmodum
1318 5738 1373 5792 in
1397 5736 1514 5804 isto,
1541 5733 1817 5805 optaverim
1841 5747 1981 5789 asse-

388 5835 476 5913 qui
518 5833 539 5909 (
578 5834 745 5908 Idem,
790 5836 879 5894 tib.
922 5839 1040 5895 adv.
1092 5836 1293 5903 Vaten.,
1342 5848 1459 5904 cap.
1496 5830 1538 5889 .5
1582 5826 1626 5903 ).
1666 5827 1802 5897 Quia
1854 5840 1983 5884 vero
