4212 6262
558 382 711 442 1015

1175 502 1402 560 CAPUT
1443 505 1559 562 XX.

562 631 644 690 De
660 637 796 691 lcesce
810 637 996 693 divini:
1011 639 1290 710 majestatis
1305 642 1619 708 criminibus,
1634 661 1849 712 quorum
1863 645 2165 714 Christiani,

638 740 756 788 tant,
777 729 909 798 [also
943 747 1097 800 quam
1125 733 1466 803 impudenter,
1498 735 1562 790 ab
1594 737 1804 792 ethnicis
1832 739 2039 794 illorum
2067 741 2168 796 reis

637 824 1026 881 accusabantur.
2171 837 2174 839 ’

1088 959 1378 1001 ARTICULUS
1416 961 1622 1000 PRIMUS.

563 1079 736 1148 Quam
774 1081 955 1135 invicte
982 1079 1327 1136 Tcrtullianus
1379 1082 1683 1136 demonstret
1727 1080 2041 1137 Christianos
2071 1083 2169 1136 im-

640 1175 819 1226 merito
867 1173 1098 1226 accusari
1136 1173 1465 1242 infanticidii,
1513 1175 1614 1227 sive
1663 1175 1873 1243 infantis
1916 1176 1969 1228 in
2010 1176 2169 1230 sacris

596 1254 602 1263 ’
638 1281 814 1318 eorum
863 1265 1138 1335 synaxibus
1179 1266 1367 1330 occisi,
1408 1281 1618 1319 comesa:
1646 1275 1821 1333 postea
1858 1267 1968 1333 ejus
1999 1267 2168 1320 carnis

637 1356 896 1426 palatique
922 1356 1206 1424 sanguinis,
1249 1372 1308 1408 ac
1334 1357 1613 1425 turpissimi
1640 1357 1877 1421 incestus,
1912 1374 2169 1427 vanosque

636 1448 953 1500 etlmicorum
991 1448 1337 1500 cavillationes
1378 1448 1605 1518 funditus
1629 1457 1837 1523 evertat,
1863 1449 1946 1502 ubi
1973 1448 2034 1502 de
2063 1449 2166 1520 Cy-

645 1539 916 1606 nopennis,
949 1538 1291 1608 Sciapodibus
1316 1549 1359 1592 et
1391 1539 1748 1608 Antipodibus.

635 1695 825 1750 Nullus
846 1695 912 1749 ad
942 1695 1214 1750 vexandos
1243 1695 1648 1766 perdendOSque
1672 1697 2002 1754 Christianos
2029 1699 2168 1753 alius

563 1798 852 1858 supererat
891 1787 1119 1842 ethnicis
1176 1797 1486 1856 praetentus,
1532 1790 1630 1842 nisi
1679 1799 1736 1843 ut
1783 1806 1876 1844 eos
1923 1791 2166 1859 capitalis

1647 395 1716 450 IN
1757 395 2224 455 TERTULLIANI
2263 396 2799 457 APOLOGETICUM

2195 515 2249 572 Α
2275 513 2541 568 libidinum
2568 514 2842 586 impiarum
2862 518 3270 573 inuerecundiam
3301 534 3568 591 procurent
3591 524 3799 599 (Ibid).
3817 529 3876 584 in

3735 409 3880 468 lO-lG

2273 606 2652 677 manuscriptis
2696 609 2894 664 nostris
2932 610 3207 666 codicibus
3247 620 3303 668 et
3359 614 3692 674 editionibus
3731 622 3874 676 anti-

2271 697 2412 766 quis,
2439 696 2591 752 deest
2616 713 2716 753 vox
2747 708 2874 765 tum,
2903 713 3003 755 nec
3032 701 3100 758 ibi
3131 703 3352 759 multum
3389 711 3696 766 necessaria
3727 699 3877 769 vide;

2275 796 2379 843 tur.
2411 787 2615 844 Sensus
2643 802 2822 846 autem
2852 791 3192 858 Tertulliani,
3216 794 3406 852 isthmc
3439 797 3652 856 brevius
3681 802 3790 858 alio
3821 804 3874 858 in

2271 877 2410 936 libro
2457 880 2786 948 enarrantis,
2835 880 2921 937 hic
2960 893 3043 937 est
3085 899 3100 937 :
3144 883 3270 940 Post
3319 885 3522 943 lumina
3576 905 3607 944 a
3653 893 3874 950 canibus

2272 984 2456 1026 eversa
2486 980 2542 1025 et
2568 973 2829 1028 exstincta
2848 1013 2863 1038 ,
2895 973 3133 1029 tenebrae
3154 1017 3167 1040 ,
3202 977 3686 1047 impurissimorum
3729 985 3878 1040 leno-

2269 1077 2398 1118 num
2450 1079 2643 1120 munus
2674 1065 2962 1133 obeuntes,
3001 1069 3435 1126 inverecundiam
3469 1074 3751 1142 impiarum
3801 1078 3871 1132 li-

2271 1152 2510 1213 bidinum
2565 1169 2852 1227 procurant
2883 1160 3072 1231 (Idem,
3098 1161 3186 1216 lib.
3220 1162 3239 1216 ι
3296 1166 3364 1217 ad
3395 1163 3546 1232 Nan,
3575 1183 3690 1238 cap.
3726 1171 3795 1227 l5
3821 1182 3879 1226 et

2273 1249 2388 1319 t6).
2420 1249 2693 1321 Praecipua
2719 1261 2898 1306 autem
2930 1263 2984 1308 et
3011 1255 3257 1324 capitalia
3285 1254 3403 1312 hanc
3429 1259 3651 1315 crimina
3677 1273 3832 1316 erant
3857 1304 3876 1330 ,

2270 1357 2390 1413 quae
2418 1342 2639 1410 ethnici,
2663 1344 3112 1414 quemadmodum
3137 1347 3289 1414 alibi.
3319 1365 3419 1406 nec
3445 1352 3627 1420 semei,
3646 1363 3881 1410 annota-

2272 1437 2445 1491 vimus
2493 1436 2786 1506 (Dissertat.
2821 1440 2874 1492 in
2920 1438 3112 1494 Minut.
3140 1438 3318 1495 Octav.
3338 1484 3354 1508 ,
3381 1459 3497 1513 cap.
3528 1444 3584 1505 8,
3610 1455 3708 1498 art.
3737 1447 3792 1512 ι,
3825 1456 3881 1501 et

2271 1525 2455 1600 seqq.),
2496 1527 2696 1582 tamdiu
2736 1537 2988 1600 tantaque
3027 1531 3353 1600 impudentia
3388 1533 3712 1591 Christianis
3740 1537 3882 1606 obji-

2270 1621 2501 1686 ciebant,
2533 1631 2729 1692 quanta
2761 1623 3013 1680 facilitate
3052 1625 3118 1679 ab
3147 1627 3376 1696 antiquis
3403 1627 3663 1684 Ecclesia:
3696 1629 3876 1685 Patri-

2275 1713 2374 1767 bus
2403 1714 2569 1770 diluta
2600 1716 2983 1786 confutataque
3011 1730 3158 1773 sunt.

2344 1806 2521 1862 Variis
2542 1824 2671 1864 vero
2703 1809 3065 1866 Tertullianus
3093 1822 3276 1868 noster
3303 1815 3568 1870 rationum
3592 1818 3880 1873 momentis

557 1880 786 1950 alicujus
811 1881 1050 1934 Criminis
1072 1896 1285 1950 quoquo
1309 1881 1525 1937 “ﬁdem
1555 1882 1713 1936 πηοάο
1733 1894 2069 1939 accusarem-
2096 1889 2164 1939 Ᾱῑ
2192 1903 2240 1962 Β
2270 1897 2456 1953 falsam
2491 1901 2627 1956 hanc
2660 1902 3092 1959 criminationem
3129 1904 3366 1960 funditus
3392 1907 3602 1962 evertit.
3639 1908 3877 1964 Primum

558 1985 627 2025 eo
669 1972 860 2026 furoris
899 1979 953 2024 et
1000 1971 1284 2027 dementiae
1331 1985 1742 2042 processerant,
1787 1985 1843 2029 ut
1893 1975 2012 2030 illos
2057 1991 2160 2032 non

564 2063 725 2116 unius
763 2070 966 2115 tantum
997 2061 1176 2132 ﬂagitii
1210 2077 1333 2118 reos
1366 2063 1611 2118 dicereut
1637 2106 1651 2129 ,
1683 2065 1778 2119 sed
1825 2067 2074 2131 omnium,
2107 2077 2165 2122 ut

559 2154 634 2207 ait
683 2151 1046 2208 Tertullianus
1075 2195 1088 2217 ,
1141 2154 1409 2220 scelerum,
1460 2156 1702 2222 deorum,
1758 2157 2160 2226 imperatorum,

562 2246 750 2316 legum.
788 2263 1004 2311 morum,
1035 2264 1094 2300 ac
1127 2247 1279 2300 totius
1311 2256 1507 2301 natura:
1543 2248 1773 2302 inimicos
1809 2247 2160 2318 (Tertullian.,

563 2335 807 2407 Apolog.,
837 2353 951 2406 cap.
994 2339 1050 2402 2,
1085 2354 1139 2405 p.
1164 2337 1313 2406 277).
1339 2337 1537 2393 Verum
1564 2339 1705 2407 quis,
1730 2338 1830 2395 hac
1859 2343 2015 2411 plane
2041 2340 2166 2396 hor-

563 2425 729 2480 renda
758 2427 1101 2482 accusatione
1124 2427 1417 2494 perculsus,
1441 2444 1545 2482 non
1578 2430 1756 2484 statim
1782 2431 2164 2501 obstupescat‘l

561 2518 680 2586 Quo
708 2518 849 2572 enim
883 2517 1042 2572 modo
1073 2525 1153 2572 tot
1193 2525 1570 2589 tantorumque
1600 2519 1887 2575 criminum
1927 2523 2005 2576 rei
2043 2537 2164 2578 esse

559 2619 812 2679 poterant
840 2609 1166 2676 Christiani,
1195 2611 1306 2680 qui,
1339 2611 1477 2666 sicut
1512 2612 1623 2681 jam
1652 2613 2161 2684 demonstravimus,

560 2715 668 2756 non
696 2700 855 2756 modo
887 2716 1051 2755 unum
1079 2715 1372 2771 verumque
1399 2702 1562 2757 Deum
1590 2718 1798 2758 summa
1818 2705 2165 2762 veneratione

553 2793 840 2860 colebant,
873 2792 967 2848 sed
994 2808 1222 2864 quorum
1252 2795 1414 2848 etiam
1444 2795 1736 2852 castissimi
1767 2808 1920 2853 erant
1949 2815 2159 2866 mores,

560 2897 624 2937 ac
654 2885 951 2952 piissimum
997 2887 1206 2940 vivendi
1253 2887 1460 2957 genus?
1506 2887 1714 2945 Ruebat
1761 2892 1918 2959 igitur
1947 2908 2008 2948 se
2043 2894 2162 2964 ipsa

558 2984 665 3028 tam
686 2974 818 3030 falsa
847 2976 1169 3032 criminatio.
1191 2979 1386 3034 Verum
1417 2981 1541 3052 quia
1570 2981 1858 3038 christiana
1880 2985 2066 3056 religio
2085 2986 2166 3040 ni-
2199 2996 2204 3000 '

556 3064 653 3131 hil,
677 3073 740 3120 ut
775 3066 1009 3136 loquitur
1036 3067 1416 3137 Tertullianus,
1450 3072 1513 3126 de
1535 3089 1717 3129 caussa
1741 3091 1836 3130 sua
1863 3076 2164 3147 deprecatur

554 3154 746 3226 (lbid.,
771 3174 888 3229 cap.
912 3159 965 3224 1,
986 3176 1040 3228 p.
1067 3159 1221 3229 259),
1242 3177 1361 3230 nec,
1387 3163 1525 3218 sicut
1545 3165 1622 3220 rei
1639 3166 1834 3232 soleat,
1855 3168 2014 3223 ullam
2042 3185 2161 3242 gra-

556 3248 688 3304 tiam
715 3249 951 3306 ullumve
980 3251 1214 3307 favorem
1242 3245 1486 3325 requirit,
1509 3255 1610 3313 hoc
1639 3257 1838 3314 ideirco
1863 3275 2025 3316 unum
2056 3277 2156 3334 op-

552 3347 630 3394 tat
657 3349 711 3394 et
737 3341 889 3411 petit,
923 3351 980 3397 ut
1009 3343 1301 3398 secundum
1331 3347 1600 3402 severiora
1641 3348 1819 3420 legum
1846 3353 2155 3424 praescripta

553 3435 916 3491 examinetur.
949 3435 1310 3502 Quamobrem
1343 3438 1707 3496 Tertullianus
1754 3444 1819 3498 ad
1850 3459 1912 3500 ea
1939 3448 2116 3502 omnia
2136 3489 2150 3514 ,

552 3539 674 3592 quae
694 3525 1013 3580 Christianis
1037 3527 1447 3596 objiciebantur,
1473 3533 1776 3603 singulatim
1799 3537 2152 3594 examinanda

552 3630 618 3669 ac
644 3616 894 3673 diluenda
921 3619 1246 3689 aggreditur,
1271 3637 1335 3676 ac
1357 3624 1790 3682 manifestissime
1819 3627 2154 3686 demonSIrat

552 3705 773 3760 eosdem
802 3707 1134 3762 Christianos
1181 3719 1287 3763 tam
1320 3709 1454 3765 falso
1496 3712 1690 3768 horum
1722 3715 2042 3786 ﬂagitiorum
2073 3721 2154 3774 in-

551 3795 818 3861 simulari,
854 3813 1014 3866 quam
1043 3808 1252 3855 certum
1273 3811 1390 3857 erat
1419 3803 1634 3860 illorum
1665 3822 1788 3863 reos
1812 3824 1998 3866 revera
2029 3827 2151 3871 esse

550 3885 799 3956 gentiles.

623 3977 762 4048 Quid
801 3979 943 4035 enim
978 3997 1007 4036 a
1040 3982 1265 4040 veritate
1308 3987 1478 4057 magis
1527 3988 1760 4045 alienum
1787 4033 1801 4058 ,
1847 4009 2006 4064 quam
2055 4012 2150 4055 eos

550 4073 694 4128 laasaz
741 4075 1035 4145 majestatis
1080 4075 1274 4133 divina:
1317 4079 1656 4151 redarguere,
1713 4085 1803 4156 qui
1832 4103 2042 4160 verum,
2093 4102 2150 4148 ut

549 4164 805 4232 diximus,
838 4168 1002 4222 Deum
1025 4178 1077 4223 et
1109 4170 1357 4240 privatim
1383 4183 1437 4228 et
1470 4174 1678 4242 publice
1698 4177 1751 4232 in
1780 4181 1893 4234 suis
1933 4185 2150 4254 synaxi-

549 4254 654 4310 bus
679 4269 895 4326 semper
923 4261 1214 4329 colebant,
1243 4264 1618 4336 malebantque
1647 4270 1998 4328 atrocissimis
2024 4277 2145 4346 qui-

554 4345 888 4418 buscumque
915 4364 978 4404 se
1004 4353 1183 4406 necari
1231 4356 1526 4426 suppliciis,
1563 4373 1720 4428 quam
1747 4359 1890 4417 hunc
1927 4345 2144 4422 unicum

548 4439 720 4497 Deum
747 4456 963 4513 negare,
989 4455 1078 4498 aut
1110 4444 1270 4500 falsos
1298 4447 1430 4503 deos
1458 4450 1566 4506 ullo
1590 4453 1674 4507 vel
1704 4452 1827 4509 ﬁcto
1858 4464 2063 4515 tantum
2092 4469 2146 4516 et

552 4534 804 4589 simulato
832 4535 978 4590 cultu
1006 4538 1296 4592 venerari?
1325 4539 1524 4595 Contra
1560 4558 1688 4598 vero
1735 4546 1893 4617 hujus
1920 4566 2143 4607 summa:

545 4625 837 4696 impietatis
866 4630 1272 4686 evidentissime
1298 4633 1754 4691 convincebantur
1777 4640 2022 4710 gentiles,
2051 4645 2138 4710 qui

545 4716 809 4787 factitios,
857 4730 912 4775 ut
943 4723 1078 4777 infra
1106 4724 1486 4793 ostendemus,
1518 4727 1648 4783 deos
1697 4731 1943 4788 colebant
1963 4775 1976 4799 ,
2005 4751 2140 4805 quos

545 4810 773 4867 infames
832 4824 886 4867 et
923 4817 1066 4869 omni
1125 4818 1554 4886 Iurpissimorum
1619 4823 1902 4881 criminum
1943 4843 2140 4898 genere

542 4901 774 4960 foedatos
804 4904 969 4962 fuisse
1002 4908 1326 4963 fatebantur.

617 4997 689 5051 At
717 4996 771 5051 bi
801 5007 976 5053 tamen
1028 5016 1294 5070 nunquam
1335 5017 1438 5056 non
1465 5004 1767 5062 clamabant
1803 5009 2138 5071 Christianos

542 5087 743 5145 idcirco
773 5089 914 5146 laesae
941 5089 1232 5146 divinitatis
1252 5108 1372 5148 esse
1399 5097 1662 5164 conscios,
1695 5101 1814 5168 quia
1839 5102 1890 5157 in
1909 5105 2020 5158 suis
2043 5121 2135 5178 sy-

542 5182 799 5246 naxibus.
828 5190 883 5238 et
907 5183 1045 5238 inter
1083 5184 1371 5239 saeratiora
1401 5202 1495 5242 sua
1523 5191 1801 5261 mysteria,
1823 5194 2140 5252 nefandissi-

540 5274 645 5328 mis
695 5274 990 5329 sceleribus
1019 5290 1139 5331 sese
1169 5277 1632 5346 impudentissime
1679 5289 2133 5348 contaminabant.

538 5365 674 5421 Nam
701 5367 1036 5430 dicebantur,
1067 5370 1238 5439 inquit
1255 5371 1644 5442 .Tertullianus,
1675 5380 2048 5439 sceleratissimi
2070 5387 2136 5443 de

537 5468 854 5512 sacramento
881 5459 1187 5528 infanticidii
1214 5459 1400 5532 (lbid.,
1425 5480 1540 5534 cap.
1573 5465 1628 5533 7,
1661 5485 1713 5538 p.
1741 5470 1889 5543 506),
1909 5474 2023 5531 sive
2053 5477 2134 5532 in-

541 5549 700 5603 fantis
752 5564 910 5618 quem
947 5549 1015 5605 ibi
1057 5553 1291 5607 occisum
1337 5552 1599 5612 devorare
1648 5558 1972 5618 ferebantur.
2003 5565 2131 5626 inde

536 5651 592 5696 et
620 5651 732 5712 post
761 5643 1041 5697 convivium
1079 5642 1210 5699 illud
1237 5648 1624 5706 exsecrandum
1655 5654 1964 5724 turpissimo
2008 5661 2126 5730 pol-
2161 5680 2166 5682 ·

537 5732 611 5785 lui
643 5733 851 5800 incesto,
882 5735 1017 5803 quod
1039 5749 1287 5791 eversores
1315 5737 1584 5807 luminum,
1612 5743 1775 5799 verba
1803 5746 1977 5804 adhuc
2004 5761 2131 5806 sunt

535 5825 786 5880 Auctoris
815 5828 1008 5894 nostri,
1035 5827 1208 5898 canes,
1226 5832 1428 5886 lenones
1454 5835 1662 5902 scilicet,
1677 5838 1922 5906 tenebras,
1950 5849 2055 5895 tum
2081 5851 2128 5897 et

2269 1991 2411 2046 enim
2439 1991 2686 2047 ethnicos
2719 1994 2863 2064 ipsos
2908 1995 3052 2051 hunc
3083 1996 3377 2067 alloquitur
3403 1999 3456 2054 in
3486 1999 3702 2055 modum
3739 2019 3752 2052 :
3785 2001 3881 2055 Di-

2268 2083 2432 2136 cimur
2451 2099 2664 2154 semper
2690 2100 2720 2138 a
2749 2087 2899 2140 vobis
2931 2098 3200 2142 tantorum
3230 2090 3492 2145 scelerum
3517 2091 3616 2154 rei;
3649 2109 3739 2146 nec
3765 2110 3880 2160 vos,

2268 2173 2405 2239 quod
2426 2176 2626 2228 tamdiu
2652 2176 2890 2243 dicimur,
2922 2194 3097 2235 eruere
3114 2219 3128 2242 ,
3160 2180 3482 2250 investigare
3502 2222 3517 2246 ,
3543 2191 3599 2236 et
3630 2192 3881 2254 relegere

2268 2265 2808 2336 curatis-(Tertullian.
2829 2310 2844 2335 ,
2874 2269 3139 2341 Apologet.
3158 2313 3173 2338 ,
3195 2288 3314 2342 cap.
3351 2273 3406 2338 7,
3435 2290 3491 2342 p.
3516 2272 3664 2346 307).
3694 2275 3880 2332 Nullus

2269 2366 2446 2412 tamen
2477 2358 2823 2414 condemnari
2867 2361 3014 2431 prius
3055 2362 3246 2429 debet,
3278 2379 3440 2434 quam
3469 2367 3696 2421 sceleris
3741 2382 3877 2422 eon-

2268 2447 2512 2503 vincatur
2546 2467 2558 2503 :
2597 2449 2732 2522 Ergo
2761 2461 2849 2505 aut
2886 2454 3071 2519 eruite,
3104 2454 3275 2526 inquit
3317 2455 3436 2521 ille,
3467 2457 3512 2511 si
3538 2459 3774 2523 creditis,
3819 2467 3880 2514 et

2265 2541 2600 2598 Christianos
2620 2543 2810 2599 borum
2839 2546 3098 2602 scelerum
3129 2548 3451 2616 convincite,
3480 2560 3570 2604 aut
3596 2552 3744 2605 nolite
3763 2568 3878 2604 cre-

2267 2635 2402 2703 dere,
2435 2640 2674 2706 quianon
2700 2639 2898 2694 eruistis
2920 2639 3136 2712 (Ibid.).
3179 2641 3470 2716 Enimvero
3502 2645 3600 2698 hac
3623 2643 3873 2700 affectata

2266 2729 2665 2784 dissimulatione
2698 2740 2862 2802 atque
2917 2733 3237 2803 negligentia
3285 2735 3624 2803 prtescribitur
3659 2735 3869 2806 (ibid),

2267 2820 2682 2893 praejudicioque
2715 2824 3016 2878 certissimo
3049 2826 3305 2896 probatur
3329 2825 3756 2882 Christianorum
3786 2829 3874 2883 in-

2268 2912 2544 2976 nocentia,
2573 2924 2626 2966 et
2657 2928 2862 2968 summa
2907 2931 3113 2970 murum
3157 2917 3460 2986 integritas,
3492 2918 3628 2988 quod
3653 2936 3744 2973 nec
3773 2919 3875 2988 ipsi

2266 3004 2463 3058 audetis
2507 3021 2682 3060 eruere
2725 3005 3017 3078 (lbid.),ea
3041 3009 3295 3074 crimina,
3318 3023 3537 3079 quorum
3570 3011 3718 3076 illos,
3754 3019 3868 3066 tam

2267 3094 2424 3160 falso,
2447 3111 2606 3166 quam
2632 3105 2835 3153 temere
2864 3101 3152 3174 accusatis,
3185 3117 3283 3157 nec
3309 3105 3489 3156 caussa
3520 3116 3770 3170 unquam,
3808 3113 3872 3157 ut

2268 3185 2516 3253 vidimus,
2534 3187 2735 3252 audita,
2758 3189 3154 3257 condemnatis,
3183 3191 3459 3261 torquetis,
3487 3200 3541 3246 et
3560 3191 3824 3247 occiditis.

2185 3286 2230 3348 (ζ
2337 3278 2600 3336 Praeterea
2627 3296 2693 3335 eo
2721 3281 2892 3351 major
2917 3291 3032 3336 erat
3074 3283 3190 3337 lucc
3219 3283 3552 3338 ethnicorum
3597 3283 3868 3354 perversi-

2261 3378 2371 3434 tas,
2395 3385 2502 3440 quo
2533 3370 2738 3426 facilius
2779 3375 3186 3444 promptiusque
3233 3385 3482 3444 poterant
3510 3375 3868 3447 investigare,

2257 3470 2417 3531 atque
2435 3477 2725 3534 agnoscere
2755 3479 2822 3518 an
2844 3479 2966 3519 vera
2990 3476 3168 3521 essent
3187 3467 3274 3520 illa
3299 3465 3727 3522 Christianorum
3749 3482 3870 3524 sce-

2258 3553 2390 3609 lera.
2418 3555 2546 3609 Nam
2576 3573 2756 3612 census
2777 3558 2922 3612 istius
2939 3558 3244 3629 disciplima,
3271 3560 3343 3613 ait
3360 3559 3743 3627 Tertullianus,
3766 3561 3870 3615 hoc

2256 3652 2371 3709 est,
2403 3644 2561 3716 hujus
2599 3647 2962 3704 disseminata:
3010 3650 3292 3704 inmundo
3340 3649 3651 3706 christiana:
3707 3651 3866 3706 disci-

2255 3729 2414 3799 plinae
2442 3730 2671 3798 initium,
2704 3749 2737 3786 a
2759 3731 2954 3786 Tiberio
2985 3743 3055 3788 est
3085 3733 3296 3805 (Ιὺὶά.);
3321 3737 3527 3802 aut,uti
3555 3738 3866 3807 explicatius

2254 3820 2360 3875 alio
2386 3819 2441 3876 in
2467 3821 2605 3879 libro
2633 3843 2643 3876 :
2668 3823 2913 3895 Principe
2934 3826 3160 3897 Augusto
3190 3843 3372 3882 nomen
3397 3828 3514 3890 hoc,
3543 3829 3866 3886 christianoo
3908 3817 3914 3820 ’

2255 3925 2394 3975 rum,
2425 3922 2595 3966 ortum
2619 3924 2714 3978 est;
2741 3915 2958 3977 Tiberio.
2983 3918 3255 3987 disciplina
3276 3927 3384 3990 ejus
3404 3920 3595 3974 illuxit.
3621 3923 3689 3975 At
3713 3933 3862 3980 certe

2252 4003 2501 4072 quoniam
2525 4005 2813 4062 christiana
2841 4009 3027 4080 religio
3057 4026 3179 4066 vera
3212 4021 3315 4076 est,
3350 4029 3468 4066 cum
3504 4014 3622 4067 odio
3652 4016 3731 4069 sui
3755 4031 3860 4070 cae-

2252 4094 2346 4162 pit,
2374 4093 2518 4149 illius
2541 4095 2718 4152 adhuc
2749 4099 2970 4154 totidem
2989 4109 3113 4154 sunt
3138 4103 3323 4166 verba,
3351 4104 3506 4157 simul
3527 4113 3674 4174 atque
3699 4121 3863 4175 appa-

2250 4186 2353 4239 ruit
2371 4185 2577 4241 inimica
2603 4205 2728 4244 esse.
2757 4190 2968 4246 Nostris
3002 4209 3131 4248 vero
3161 4195 3213 4248 in
3242 4197 3624 4266 manuscriptis
3653 4198 3857 4253 codici-

2252 4277 2351 4333 bus
2374 4278 2582 4332 inimica
2611 4291 2717 4347 est,
2750 4281 2852 4337 hoc
2869 4292 2982 4348 est,
3013 4299 3079 4338 eo
3108 4286 3224 4354 ipso
3249 4302 3354 4356 quo
3382 4288 3546 4357 cmpit
3577 4298 3817 4358 tempore
3836 4330 3853 4352 ,

2253 4369 2454 4425 mundo
2495 4376 2774 4442 apparuit,
2804 4377 3054 4432 omnibus
3101 4377 3315 4451 inimica
3345 4389 3401 4434 et
3431 4380 3597 4435 invisa
3627 4380 3757 4445 fuit;
3787 4394 3856 4435 ac

2249 4470 2319 4516 tot
2347 4463 2510 4517 hostes
2559 4467 2669 4536 ejus
2720 4467 2930 4524 fuerunt
2954 4480 3076 4540 quot
3100 4473 3554 4542 extraneiUdem,
3587 4474 3673 4528 lib.
3728 4472 3751 4528 l
3783 4474 3856 4527 ad

2249 4553 2400 4620 Nat.,
2423 4573 2538 4629 cap.
2562 4559 2615 4621 7,
2645 4577 2700 4630 p.
2730 4561 2834 4617 307
2865 4560 2905 4632 ),
2934 4562 2986 4618 id
3015 4572 3118 4629 est,
3146 4581 3334 4620 omnes
3364 4568 3584 4622 omnino
3611 4567 3857 4622 homines

2247 4656 2441 4715 praater
2467 4650 2613 4704 solos
2651 4649 2908 4721 ipsosmet
2927 4653 3285 4711 Christianos.
3318 4657 3473 4724 Nam,
3499 4669 3556 4712 ut
3583 4659 3656 4713 ait
3678 4658 3858 4716 adhuc

2245 4739 2610 4797 Tertullianus
2631 4786 2646 4810 ,
2695 4746 2877 4800 hostes
2907 4747 3116 4802 illorum
3150 4759 3334 4816 erant,
3364 4761 3418 4806 et
3450 4751 3625 4821 primo
3651 4753 3855 4824 quidem

2245 4834 2455 4902 prapria
2484 4850 2544 4888 ea:
2571 4836 2893 4890 (sinulatioue
2911 4827 3110 4902 Iudaei,
3144 4856 3241 4895 seu
3265 4856 3365 4896 sua
3394 4841 3445 4896 in
3480 4841 3602 4896 illos
3629 4841 3852 4910 invidia,

2242 4940 2345 4996 qua
2374 4927 2588 4996 quidem
2625 4939 2842 4999 propter
2865 4931 3150 5001 abrogatas
3180 4948 3209 4988 a
3238 4933 3453 4989 Christo
3485 4943 3700 4990 veteres
3723 4948 3854 4991 suos

2240 5016 2374 5070 ritus
2403 5031 2615 5088 semper
2631 5019 3028 5091 conﬂagrarunt
3063 5040 3074 5076 :
3103 5022 3300 5078 deinde
3322 5025 3502 5078 milites
3536 5041 3599 5079 ea:
3634 5041 3851 5079 concus-

2237 5108 2380 5163 sione
2408 5109 2598 5180 (ldem,
2632 5112 2873 5185 Apolog.,
2901 5131 3016 5182 cap.
3043 5115 3096 5180 7,
3123 5132 3242 5188 pag.
3273 5117 3422 5186 308),
3451 5118 3552 5171 hoc
3574 5126 3681 5184 est,
3709 5118 3854 5173 sicut

2243 5202 2511 5256 nonnullis
2542 5202 2766 5265 videtur,
2794 5206 3016 5260 subdola
3047 5207 3724 5270 furentium"accusatione.
3750 5212 3849 5268 sed

2241 5295 2668 5357 melius,crudeli
2701 5299 2982 5354 vexatione
3016 5318 3029 5354 :
3071 5316 3134 5355 ea:
3154 5312 3340 5355 natura
3382 5303 3584 5355 tandem
3618 5319 3714 5358 sua
3746 5305 3853 5373 ipsi

2238 5385 2388 5438 etiam
2417 5386 2674 5442 domestici
2717 5386 3140 5446 Christianorum
3193 5391 3461 5463 (Ibid);
3503 5403 3689 5465 utpote
3752 5397 3846 5460 qui

2236 5480 2558 5537 conditionis
2587 5497 2699 5538 sua:
2729 5484 3099 5556 impatientes,
3141 5503 3292 5542 more
3317 5489 3478 5545 solito
3511 5488 3846 5544 insidiabano

2235 5583 2321 5630 tur
2350 5575 2581 5633 dominis
2602 5579 2735 5648 suis,
2755 5581 2946 5652 quibus
2969 5595 3164 5636 nocere
3192 5599 3465 5653 nunquam
3517 5599 3626 5638 non
3654 5582 3846 5639 conni-

2233 5667 2506 5723 tebantnr.

2302 5758 2385 5812 Ab
2413 5759 2494 5813 his
2517 5761 2673 5833 igitur
2699 5763 2950 5819 erunibus
2973 5765 3217 5834 quotidie,
3244 5765 3416 5837 pe’rgit
3443 5765 3825 5830 Tertullianus,

2230 5847 2538 5920 obsidemur,
2584 5854 2807 5922 quotidie
2825 5856 3108 5927 prodimur,
3140 5859 3193 5911 in
3221 5859 3345 5928 ipsis
3375 5860 3651 5929 plurimum
3685 5861 3829 5914 creti-
