4212 6262
333 433 477 494 1017
624 432 654 441 ”

1464 432 1918 493 DlSSERTATlO
1955 433 2019 491 ι).
2063 432 2153 493 LE
2193 435 2501 497 nounnv.
2586 515 2590 519 ν

3492 441 3634 502 1018

334 550 429 609 bus
453 561 503 609 et
528 545 999 625 congregationibus
1023 546 1211 605 nostris
1231 549 1569 622 opprimimur
1595 550 1805 623 (Ibid);
1829 551 1933 619 vel,
1963 552 2018 612 Α
2043 551 2301 612 horrendi
2355 556 2580 630 alicujus
2618 558 2876 624 criminis,
2929 558 3040 615 sine
3076 560 3283 615 crimine
3311 561 3445 629 ipso,
3487 562 3633 630 quod

334 643 477 701 sicut
507 646 653 716 ipsos
675 641 907 715 gentiles
934 641 1061 697 alibi
1085 642 1461 714 compellando
1491 643 1625 700 dixit
1652 659 1665 697 :
1711 643 1869 700 Scitis
1891 653 1940 699 et

337 735 448 793 dies
475 745 812 792 conventuum
838 742 1148 800 nostrorum;
1174 735 1341 806 itaque
1368 746 1416 790 et
1444 735 1750 802 obsidemur,
1774 744 1818 790 et
1843 752 1938 807 ap-

340 832 629 903 prinu'mur,
649 830 769 885 etin
796 830 922 899 ipsis
946 829 1151 884 arcanis
1171 828 1640 901 congregationibus
1660 829 1940 883 detinentur

342 924 559 998 (Idem.,
589 924 679 979 lib.
712 923 735 980 l
765 922 833 977 ad
859 920 1015 987 Nat.,
1038 938 1155 994 cap.
1178 922 1233 988 7,
1261 939 1381 993 pag.
1414 919 1564 989 568).
1597 921 1787 976 Latere
1812 935 1940 992 ergo

338 1017 632 1089 gentilibus
672 1032 781 1073 non
824 1024 1031 1088 poterat
1071 1014 1198 1087 quid
1237 1014 1289 1070 itt
1338 1015 1403 1070 iis
1444 1014 1731 1070 Christiani
1780 1029 1940 1085 agere

340 1120 760 1168 consueverant.

411 1206 479 1260 At
507 1204 628 1275 quis
655 1219 905 1275 unquam,
946 1202 1120 1272 arguit
1146 1203 1347 1258 Auctor
1370 1211 1555 1257 noster
1587 1198 1937 1274 (Tertullian.,

340 1295 633 1368 Apologet.,
662 1296 742 1350 loc
770 1296 904 1366 cit.),
936 1295 1104 1350 taliter
1130 1296 1366 1368 vagienti,
1408 1294 1534 1350 dum
1561 1309 1590 1349 a
1634 1294 1941 1363 Christianis

342 1366 702 1453 occideretur,
728 1386 916 1458 infanti
935 1366 1262 1456 supervenit?
1291 1366 1417 1453 Quis
1447 1396 1655 1440 cruenta
1684 1384 1937 1440 christia-

341 1496 560 1549 norum,
590 1481 680 1552 qui
709 1480 1066 1538 comedebant
1106 1481 1252 1537 illius
1302 1497 1491 1538 carnes
1531 1492 1587 1539 et
1623 1484 1938 1554 sanguinem

339 1572 623 1638 bibebant,
655 1582 710 1627 ut
746 1574 1022 1641 invenerat,
1073 1582 1324 1644 tanquam
1356 1575 1621 1646 cyclopum
1651 1584 1698 1629 et
1739 1576 1938 1629 sirena-

339 1683 456 1722 rum
482 1683 594 1732 ora,
647 1668 869 1723 minime
916 1666 1130 1744 quidem
1186 1666 1429 1722 abstersa
1480 1666 1649 1738 judici
1719 1667 1938 1737 conspi-

340 1762 556 1826 cienda,
589 1763 901 1817 reservavit?
933 1761 1059 1830 Quis
1100 1763 1177 1818 uel
1228 1762 1282 1816 in
1326 1760 1569 1816 uxoribus
1613 1762 1786 1831 aliqua
1833 1763 1937 1816 im-

342 1851 539 1907 munda
558 1851 829 1919 adulterii,
871 1852 923 1907 in
968 1851 1160 1907 iisdem
1203 1851 1434 1907 cmtihus
1476 1852 1636 1923 paulo
1671 1859 1796 1907 ante
1844 1852 1939 1908 ad-

2043 656 2255 717 poterat
2282 648 2352 704 ab
2375 650 2480 705 alio
2503 651 2791 723 aliquando
2816 650 3034 724 agnosci
3060 661 3114 707 et
3144 651 3345 722 puniri,
3376 664 3464 708 aut
3482 654 3636 712 testis

2042 749 2132 793 aut
2154 738 2321 808 judex
2349 740 2536 810 vendit,
2563 753 2657 798 aut
2684 745 2934 800 conscius
2983 742 3189 798 redimit
3235 740 3446 816 (Idem,
3472 744 3561 798 lib.
3610 743 3635 802 1

2042 831 2111 884 ad
2137 830 2378 899 Natian.,
2401 851 2514 906 cap.
2540 837 2594 902 7,
2624 855 2678 907 p.
2712 837 2860 908 568).

2113 922 2319 980 Nullius
2343 926 2522 998 itaque
2547 930 2854 985 testimonio
2875 929 3156 1000 probatum
3190 944 3424 1001 unquam
3460 930 3636 985 fuerat

2042 1012 2374 1072 Christianos
2397 1032 2518 1073 reos
2546 1034 2667 1076 esse
2690 1019 2883 1075 horum
2921 1022 3225 1076 criminum.
3259 1020 3458 1091 Ecquis
3491 1020 3637 1077 enim

2041 1106 2152 1174 illa,
2214 1111 2287 1163 uti
2313 1121 2466 1181 urget
2518 1110 2920 1176 Tertullianus,
2987 1126 3223 1183 unquam
3269 1111 3639 1181 prodidisset?

2041 1198 2158 1255 Non
2189 1200 2289 1269 ipsi
2315 1201 2527 1271 quidem
2567 1203 2868 1259 christiani.
2918 1203 2976 1259 Si
3014 1202 3157 1259 enim
3210 1202 3441 1258 ethnicis
3483 1215 3640 1259 sacra

2042 1307 2137 1347 sua
2188 1293 2551 1350 Samothracia
2582 1305 2640 1352 et
2686 1296 2959 1353 Eleusinia
3003 1296 3278 1363 declarare
3319 1296 3470 1351 nel'as
3498 1304 3634 1363 erat,

2041 1394 2245 1455 quanto
2268 1386 2436 1456 magis
2468 1388 2757 1443 ‘christiani
2798 1388 2977 1444 divina
3004 1403 3101 1446 sua
3127 1388 3380 1461 mysteria
3412 1388 3639 1443 reticere

2042 1479 2361 1534 tenebantur
2404 1478 2667 1551 (Tertull.,
2709 1481 2954 1554 Apolog.,
2995 1482 3093 1537 loc.
3143 1482 3254 1549 cit.,
3296 1491 3344 1538 et
3380 1479 3468 1536 lib.
3509 1478 3531 1534 Ι
3570 1479 3639 1533 ad

2043 1569 2286 1639 Nation.,
2314 1588 2433 1642 cup.
2463 1572 2518 1637 7,
2552 1590 2673 1644 pag.
2716 1573 2886 1644 568)?
2929 1574 2984 1629 Si
3002 1588 3129 1645 ergo
3158 1572 3224 1628 ab
3255 1573 3384 1644 ipsis
3426 1585 3639 1628 summo

2043 1663 2360 1735 tegebantur
2400 1666 2616 1722 silentio
2647 1685 2660 1720 :
2693 1664 2862 1733 Unde,
2925 1666 3096 1738 inquit
3133 1666 3513 1732 'l‘ertullianus,
3553 1682 3642 1720 ex-

2042 1757 2231 1810 traneis
2279 1756 2565 1826 gentilibus
2608 1773 2795 1812 eorum
2845 1758 3044 1825 notitia,
3093 1775 3208 1813 cum
3252 1775 3449 1828 semper
3487 1760 3640 1813 etiam

2041 1848 2140 1918 pie
2164 1848 2481 1905 initiationes
2509 1859 2715 1904 arceant
2745 1851 3059 1922 propltanos,
3085 1861 3133 1905 et
3179 1852 3382 1905 arbitris
3410 1859 3637 1918 careant,

339 1943 512 2009 missi,
542 1946 753 2017 uestigia
794 1945 1124 2012 deprehendit
1167 1944 1355 2019 (Ibid.)
1376 1945 1400 2000 ?
1425 1946 1555 2014 Quae
1596 1946 1811 2016 quidem
1853 1946 1942 2003 ille
1970 1943 2018 2003 B
2046 1940 2141 1994 nisi
2168 1940 2311 2011 impii
2336 1942 2503 1997 minus
2528 1951 2751 1996 metuunt
2780 1942 2978 2019 (Ibid,
3024 1943 3120 1997 loc.
3165 1943 3287 2009 cit.)
3315 1944 3338 1997 ἲ
3363 1942 3419 1997 lu
3442 1942 3641 1998 nostris

340 2034 464 2091 aliis
510 2036 690 2090 verbis
718 2035 828 2091 alio
872 2037 924 2091 in
961 2036 1101 2092 libro
1143 2038 1220 2092 sic
1251 2036 1516 2108 urgebat:
1553 2037 1679 2105 Quis
1721 2032 1969 2110 unquam'

341 2143 532 2183 semesa
560 2144 717 2198 puero
755 2129 1039 2200 superuenit
1063 2128 1089 2182 .’
1113 2126 1239 2197 Quis
1263 2129 1315 2183 in
1341 2138 1600 2184 cruentato
1630 2144 1762 2199 pane
1794 2129 1945 2184 vesti-

342 2219 428 2290 gia
479 2219 706 2275 dentium
746 2221 1118 2291 deprehendit?
1149 2222 1275 2290 Quis
1317 2222 1531 2278 tenebris
1572 2223 1832 2294 repentino
1862 2224 1943 2277 lu-

344 2316 480 2371 mine
496 2315 728 2385 irruptis,
759 2315 1026 2370 immunda
1054 2316 1247 2387 aliqua,
1285 2332 1348 2370 ne
1373 2316 1590 2371 dixerim
1610 2316 1819 2382 incesta,
1850 2331 1931 2371 re-

343 2407 575 2479 cognovit
601 2405 794 2480 (Idem,
825 2407 915 2462 lib.
942 2407 1051 2463 lad
1079 2405 1232 2468 Nat..
1259 2406 1357 2462 loc.
1390 2407 1500 2478 cit.)
1532 2406 1633 2462 ?ln
1660 2407 1930 2477 Apologe-

348 2497 458 2553 tico
522 2506 698 2551 autem
754 2496 820 2551 ad
874 2497 1144 2567 duplicem
1187 2496 1468 2569 cyclopum
1543 2506 1597 2551 et
1644 2497 1943 2551 sirenarum

344 2586 577 2643 fabulam
608 2587 864 2658 respexit.
897 2588 1077 2644 Poeta:
1125 2589 1268 2644 enim
1312 2596 1417 2642 tam
1462 2588 1644 2655 graeci,
1689 2587 1945 2658 quemad-

343 2678 562 2733 modum
593 2676 858 2735 Homerus
886 2678 1165 2749 (Homer.,
1201 2678 1391 2751 Odyss.
1423 2678 1558 2743 VIII,
1588 2689 1700 2748 post
1730 2679 1896 2749 med.)
1925 2720 1942 2747 ,

345 2784 504 2840 quam
542 2769 714 2835 latini,
756 2769 1435 2844 sicutVirgiIius(Virgil.,
1463 2769 1550 2824 lib.
1577 2768 1642 2825 ΙΙΙ
1700 2769 1942 2839 Δῖηεὶάη

345 2874 395 2914 u.
427 2860 530 2916 617
561 2869 615 2914 et
665 2860 820 2933 seq.),
876 2863 1151 2918 tinxerunt
1191 2861 1444 2933 cyclopes
1477 2857 1723 2915 homines
1780 2861 1946 2919 fuisse

347 2951 684 3016 monoculos,
707 2954 799 3024 qui
849 2968 979 3009 suos
1016 2954 1280 3010 vorabant
1330 2953 1595 3024 hospites.
1633 2953 1745 3010 Nec
1768 2955 1945 3012 minus

347 3054 473 3100 nota
521 3056 604 3101 est
636 3046 814 3101 fabula
844 3046 1168 3127 sirenarum,
1211 3061 1331 3117 quae
1387 3047 1722 3116 navigantes,
1755 3056 1944 3102 cautus

346 3138 429 3193 sui
467 3137 753 3194 dulcedine
806 3138 1035 3210 sopitos,
1104 3139 1155 3194 in
1197 3154 1345 3194 mare
1393 3137 1943 3212 dejiciebant(Plin.,

347 3234 438 3290 lib.
485 3234 533 3290 Χ
584 3233 773 3290 Natur.
812 3234 975 3299 Hist,
1000 3251 1114 3307 cap.
1145 3234 1239 3300 49,
1273 3252 1394 3306 pag.
1426 3234 1582 3307 441).

2048 2033 2285 2089 melioris
2314 2043 2457 2089 nota:
2485 2035 2758 2091 codicibus
2793 2051 2954 2091 manu
2993 2035 3245 2101 exaratis,
3290 2043 3343 2091 et
3371 2035 3643 2106 plerisque

2047 2127 2279 2198 antiquis
2295 2127 2619 2184 editionihus
2636 2130 2881 2201 legimus,
2913 2131 3063 2185 etiam
3104 2129 3277 2199 intpite
3311 2129 3651 2183 initiationes.

2049 2217 2155 2274 Nec
2199 2219 2422 2274 forsitan
2468 2221 2626 2276 male.
2669 2221 2800 2276 Nam
2854 2221 3235 2286 Tcrtullianus,
3265 2235 3294 2275 a
3322 2220 3539 2282 minori,
3585 2227 3645 2275 ut

2046 2311 2216 2377 aiunt,
2246 2310 2313 2366 ad
2366 2311 2539 2383 majus
2582 2313 2660 2366 sic
2711 2314 3073 2384 argumentari
3126 2312 3299 2382 potuit
3329 2328 3344 2367 :
3373 2310 3433 2368 Si
3463 2310 3643 2382 impiae

2047 2402 2382 2458 ethnicorum
2410 2403 2734 2459 initiationes
2774 2404 2935 2459 celari
2976 2403 3195 2468 debent,
3245 2410 3444 2474 quanto
3469 2402 3640 2473 magis

2047 2510 2214 2552 sacra:
2240 2506 2295 2553 et
2345 2496 2442 2566 piae
2470 2498 2918 2563 christianorum;
2951 2498 3051 2553 nisi
3093 2497 3239 2568 impii
3286 2497 3510 2567 gentiles
3548 2510 3643 2553 cas

2046 2591 2331 2662 vulgando,
2364 2592 2541 2647 minus
2569 2592 2692 2658 sibi,
2723 2608 2881 2663 quam
2908 2592 3183 2648 christiani
3215 2591 3499 2653 metuant?

2117 2685 2284 2740 Instat
2319 2685 2496 2741 adhuc
2524 2685 2956 2752 Auctornoster,
2985 2694 3144 2757 atque
3170 2684 3285 2739 haec
3313 2683 3642 2739 exsecranda

2047 2776 2249 2832 scelera
2271 2792 2299 2831 a
2334 2777 2547 2832 nemine
2588 2791 2687 2831 nec
2717 2777 3034 2846 perpetrati,
3068 2789 3167 2830 nec
3189 2774 3334 2830 credi
3368 2788 3522 2843 posse
3541 2773 3643 2830 hoc

2046 2879 2362 2938 argumento
2414 2868 2749 2925 demonStrat
2800 2885 2814 2921 :
2867 2865 3188 2922 Christianis
3230 2866 3318 2935 pie
3343 2864 3643 2920 viventibus

2045 2961 2220 3017 futura
2249 2969 2369 3031 post
2400 2959 2537 3015 hanc
2586 2960 2748 3014 vitam
2791 2960 2944 3015 beata
2996 2959 3267 3016 aeternitas
3294 2956 3644 3031 promitteba-

2049 3062 2153 3107 tur.
2190 3051 2375 3107 -Atcui
2422 3066 2654 3121 unquam
2695 3050 3011 3117 christiano,
3053 3060 3143 3106 aut
3184 3050 3475 3105 christiana
3498 3048 3645 3110 _reli~

2045 3145 2204 3216 gioue
2228 3141 2509 3210 initiando,
2532 3142 2839 3213 persuaderi
2857 3142 3144 3214 aliquando
3162 3141 3334 3213 potuit
3360 3148 3437 3196 tot
3458 3140 3646 3194 tantis-

2046 3253 2152 3309 que
2170 3235 2463 3293 sceleribus
2512 3251 2630 3291 eam
2686 3250 2842 3305 posse
2888 3234 3231 3306 comparari?
3257 3232 3518 3303 Numquid
3549 3229 3644 3285 ulli

418 3323 782 3382 Tertullianus
803 3326 983 3396 itaque
1003 3326 1081 3381 sic
1110 3334 1518 3396 argumentatur
1549 3345 1562 3382 ε
1605 3324 1942 3381 Christiano-
1967 3325 2013 3389 C
2046 3329 2206 3405 etiam
2240 3344 2463 3384 summm
2488 3327 2824 3383 auctoritatis
2853 3327 2969 3382 viro
2998 3327 3114 3380 haec
3136 3323 3355 3391 dicenti,
3385 3325 3469 3379 vel
3492 3323 3534 3377 si
3559 3322 3645 3377 vis

346 3430 470 3470 rum
497 3423 575 3470 tot
597 3416 775 3473 hostes
816 3427 992 3483 erant,
1023 3426 1155 3488 quot
1181 3417 1379 3473 ethnici
1404 3459 1417 3482 ,
1445 3416 1632 3487 judaei,
1660 3416 1857 3472 milites
1881 3425 1935 3471 et

347 3505 649 3573 domestici,
678 3523 708 3563 a
739 3509 931 3580 quibus
952 3507 1192 3580 quotidie
1228 3510 1281 3563 in
1309 3509 1423 3564 suis
1447 3508 1608 3563 etiam
1653 3507 1943 3581 synaxibus

348 3596 735 3654 obsidebantur
789 3599 1366 3671 Opprituebanturque.
1414 3599 1469 3656 Si
1495 3615 1628 3670 ergo
1658 3600 1711 3654 in
1743 3599 1845 3655 illis
1867 3608 1945 3655 tot

349 3695 569 3759 tamque
592 3690 861 3747 horrenda
891 3693 1116 3748 crimina
1141 3701 1566 3764 perpetrassent,
1593 3707 1623 3747 a
1673 3701 1750 3748 tot
1777 3692 1941 3748 hosti-

348 3779 452 3837 bus
472 3783 585 3837 suis
603 3778 994 3842 adeo’inl‘ensis
1023 3785 1355 3856 deprehendi
1385 3786 1635 3842 facillime
1675 3796 1936 3857 poterant.

349 3874 507 3947 Atqui
533 3892 598 3931 ex
626 3877 838 3933 inlinito
865 3880 1255 3951 propemodum
1291 3862 1508 3936 illorum
1539 3879 1815 3952 hucusque
1846 3878 1947 3936 nu:

349 3983 502 4025 mero
533 3985 600 4027 ne
624 3988 765 4029 unus
795 3973 1011 4044 quidem
1059 3974 1278 4029 minima
1324 3974 1546 4030 sceleris
1586 3974 1749 4030 ullius
1782 3973 1947 4030 vesti-

348 4064 433 4135 gia
463 4080 694 4136 unquam
722 4068 957 4137 agnovit.
989 4067 1295 4123 Falsissinta
1336 4069 1494 4138 igitur
1520 4078 1675 4124 erant
1713 4083 1775 4124 ea
1832 4069 1940 4124 cri-

348 4158 513 4213 mina.
545 4166 665 4229 qtizc
692 4160 925 4229 improbi
942 4161 1356 4239 calumniatores
1400 4160 1722 4215 Christianis
1766 4160 1948 4229 objec-

351 4253 534 4307 tabant
559 4252 579 4325 (
601 4252 815 4309 Tertull.
827 4294 842 4321 ,
874 4253 962 4308 lib.
994 4255 1011 4308 I
1042 4255 1110 4307 ad
1137 4252 1308 4319 Nati.,
1342 4270 1459 4324 cap.
1491 4255 1544 4322 7,
1570 4271 1689 4327 pag.
1714 4252 1868 4326 569).

420 4342 604 4414 Neque
646 4344 699 4399 hi
747 4346 1144 4416 quantumlibet
1201 4344 1648 4414 impudentissimi
1700 4344 1948 4399 homines

348 4438 682 4505 respondere
712 4448 957 4506 poterant
986 4439 1176 4494 horutn
1202 4436 1485 4492 criminum
1516 4444 1683 4492 testes
1719 4451 1749 4489 a
1770 4436 1946 4490 chris-

349 4526 515 4581 tianis
558 4528 781 4597 pecunia
811 4539 903 4584 aut
929 4529 1181 4585 mercede
1209 4527 1374 4583 fuisse
1391 4543 1626 4597 unquam
1646 4536 1947 4597 corruptos.

349 4616 487 4675 Nam
509 4621 621 4690 quis
652 4621 777 4674 talia
830 4623 1084 4692 facinora,
1129 4622 1205 4676 ait
1246 4619 1631 4681 Tertttllianus,
1661 4634 1775 4671 cum
1812 4619 1949 4673 inue-

2041 3421 2265 3492 jnrauti,
2298 3436 2367 3476 ne
2392 3436 2530 3476 unus
2545 3420 2762 3490 quidem
2779 3420 3015 3490 gentilis,
3038 3433 3142 3473 non
3167 3415 3642 3479 omnittoiusanus,

2048 3513 2208 3569 [idem
2242 3522 2425 3584 posset
2454 3529 2687 3581 unquam
2719 3513 2940 3574 habere,
2980 3526 3043 3565 ac
3086 3520 3190 3563 tant
3223 3507 3359 3562 facili
3407 3505 3643 3562 creduli-

2049 3615 2157 3661 tate
2207 3616 2312 3660 tam
2366 3606 2639 3660 atrocibus
2700 3603 3035 3675 coinquinari
3088 3600 3345 3674 ﬂagitiis?
3392 3600 3553 3670 Atqui
3600 3598 3647 3654 si

2048 3698 2248 3756 ethnici
2306 3698 2422 3753 haec
2457 3713 2556 3753 nec
2601 3697 2840 3761 credere,
2884 3710 2983 3750 nec
3039 3703 3351 3766 perpetrare
3385 3699 3643 3760 possunt,

2048 3804 2251 3866 quanto
2274 3792 2443 3863 magis
2473 3790 2773 3861 christiani,
2805 3804 3032 3861 quorum
3065 3803 3171 3842 non
3215 3787 3319 3842 alia
3351 3795 3453 3853 est,
3485 3800 3661 3857 quam.

2049 3895 2365 3941 ceterorum
2408 3884 2684 3939 hominum
2725 3893 2912 3938 natura
2945 3879 3302 3949 (Tertullian.,
3348 3875 3642 3949 Apoloyet.,

2049 3995 2164 4049 cap.
2195 3978 2249 4044 8,
2279 3997 2333 4048 p.
2365 3978 2493 4043 512,
2523 3986 2570 4031 et
2601 3976 2690 4030 lib.
2712 3975 2756 4038 Ι,
2784 3974 2852 4028 ad
2875 3972 3117 4037 Nation.,
3140 3988 3257 4042 cap.
3287 3971 3340 4035 7,
3399 3988 3452 4040 p.
3487 3969 3648 4039 569)?

2050 4069 2164 4124 Non
2207 4071 2349 4125 enint
2375 4080 2500 4124 sunt
2520 4083 2825 4139 cycopenua:
2853 4076 2941 4120 aut
2986 4062 3273 4127 sciapodes,
3296 4061 3468 4131 inquit
3506 4061 3646 4115 Tcr-
3674 4078 3683 4089 κ

2053 4161 2324 4227 tullianus,
2355 4161 2473 4215 sive
2499 4169 2557 4214 ut
2605 4160 2656 4213 in
2682 4159 2789 4212 alio
2818 4158 2977 4221 libro,
3001 4168 3314 4225 cynopennw
3357 4151 3539 4221 aliqui,
3570 4152 3651 4206 vel

2051 4252 2341 4322 sciapodes,
2400 4252 2479 4306 vel
2505 4251 2666 4319 aliqui
2704 4250 2767 4303 de
2798 4247 3124 4301 subterranea
3152 4243 3418 4314 antipodes
3448 4241 3646 4315 (Idem,

2052 4343 2150 4396 loc.
2170 4343 2281 4410 cit.,
2308 4360 2361 4411 p.
2379 4341 2487 4398 512
2512 4351 2559 4394 et
2588 4338 2739 4408 569).
2762 4335 2921 4392 Primi
2948 4346 3146 4400 autem,
3181 4335 3224 4388 si
3253 4334 3466 4400 Ctesias,
3489 4348 3648 4402 quem

2055 4433 2261 4487 Plinius
2290 4433 2443 4497 citat,
2489 4430 2622 4485 ﬁdes
2652 4430 2740 4493 sit,
2775 4426 3056 4491 Monocoli,
3082 4426 3273 4497 inquit,
3318 4425 3646 4488 vocabantur,

2053 4524 2267 4594 singulis
2297 4523 2528 4576 cruribus
2551 4522 2694 4577 mira:
2727 4522 3040 4591 pernicitatis
3061 4520 3130 4573 ad
3164 4518 3388 4582 saltum;
3416 4514 3649 4569 eosdem-

2055 4631 2151 4686 que
2173 4613 2455 4682 Sciapodes
2495 4615 2683 4681 vocari,
2721 4615 2858 4686 quod
2899 4615 2950 4667 in
2978 4612 3164 4684 majori
3213 4620 3339 4666 a’stu
3382 4607 3526 4662 humi
3562 4608 3653 4678 ja-

349 4712 527 4780 nisset,
578 4714 777 4781 celauit,
837 4723 928 4768 aut
981 4715 1205 4769 uendidit
1257 4715 1393 4783 ipsos
1437 4712 1641 4767 trahens
1682 4710 2027 4771 Itomines?D
2055 4717 2219 4762 centes
2273 4707 2520 4777 resupini,
2571 4706 2750 4760 umbra
2776 4723 2829 4760 se
2872 4704 3060 4776 pedum
3126 4708 3407 4772 protegant
3452 4698 3648 4770 (Plin.,

351 4801 546 4873 (Idem,
570 4804 859 4878 Apologet.,
884 4823 1001 4875 cap.
1038 4807 1093 4871 7,
1125 4823 1178 4875 ρ.
1208 4805 1364 4875 508.)
1401 4804 1451 4859 id
1476 4813 1558 4860 est
1584 4804 1695 4860 lieri
1723 4819 1828 4859 non
1853 4819 1949 4874 po-

350 4896 477 4962 tuit,
503 4907 561 4952 ut
589 4897 839 4953 ethnicus
867 4899 1065 4969 aliquis
1105 4899 1220 4952 haec
1248 4898 1351 4953 sibi
1382 4898 1594 4967 cognita
1622 4896 1948 4953 christiano-

351 5001 472 5043 rum
516 4988 740 5044 crimina
792 4999 890 5046 aut
943 4998 1135 5059 sponte
1182 5003 1277 5045 sua
1327 4990 1602 5057 celaverit,
1675 4998 1768 5044 aut
1814 4989 1941 5044 dunt

352 5078 678 5136 christianos
707 5080 774 5136 ad
799 5081 1038 5152 judicum
1061 5081 1347 5136 tribunalia
1372 5081 1639 5146 trahebat,
1664 5080 1753 5136 illa
1781 5081 1952 5151 pretio

352 5169 535 5241 aliquo
564 5171 892 5239 vendiderit,
921 5180 978 5226 et
1014 5182 1139 5227 tunc
1188 5169 1359 5227 lactus
1387 5172 1459 5227 sit
1484 5172 1706 5226 omnino
1749 5179 1948 5227 mutus.

353 5261 478 5318 Alio
504 5272 681 5319 autem
725 5264 777 5319 in
840 5264 980 5319 libro
1027 5263 1142 5318 haec
1168 5252 1310 5329 aliis,
1356 5263 1477 5317 vide
1526 5278 1594 5317 an
1633 5262 1952 5319 clarioribus

351 5353 555 5419 verbis,
580 5356 660 5412 sic
689 5357 934 5412 enuntiat
967 5374 980 5410 :
1016 5356 1078 5411 Si
1124 5354 1333 5426 prauuio
1360 5361 1692 5426 impetramus
1727 5354 1797 5425 ab
1827 5355 1950 5411 eth-

353 5448 512 5515 nicis,
545 5450 832 5514 criminum
860 5456 1174 5504 nostrorum
1212 5448 1456 5513 testibus,
1491 5463 1553 5500 ne
1595 5447 1739 5511 tales,
1769 5447 1955 5517 quales

352 5540 570 5595 illorum
601 5556 792 5597 revera
821 5540 1061 5609 ’conscii,
1094 5540 1148 5595 in
1196 5538 1454 5611 publicum
1499 5536 1846 5599 cxtrahamur.
1893 5552 1957 5594 ac

355 5632 803 5698 condemnemur,
859 5649 1018 5705 quare
1043 5648 1073 5688 a
1105 5630 1320 5688 nemine
1351 5629 1582 5685 accusati
1633 5636 1687 5684 et
1723 5630 1954 5685 convicti

353 5725 740 5796 opprimimur?
772 5724 961 5782 Nonne
1002 5739 1293 5796 possumus,
1322 5718 1593 5791 corruptis
1620 5736 1752 5776 auro
1799 5721 1955 5775 testi-

354 5815 480 5881 bus,
509 5825 555 5870 ct
583 5818 792 5873 omnino
824 5817 892 5872 ad
929 5816 1188 5887 judicium
1237 5830 1341 5869 non
1385 5812 1628 5868 extrahi?
1669 5811 1797 5880 Quis
1823 5812 1958 5866 enim

358 5907 699 5979 proditionem
726 5951 743 5979 ,
809 5910 923 5967 sive
975 5908 1395 5967 declarationem
1434 5908 1511 5980 ζει
1559 5906 1957 5965 accusationem

2050 4810 2140 4863 lib.
2176 4803 2263 4859 VII
2293 4802 2481 4857 Natur.
2519 4799 2685 4864 IIist.,
2717 4815 2832 4863 cap.
2854 4797 2912 4865 2,
2936 4813 3056 4867 pag.
3100 4794 3210 4865 11).
3246 4794 3319 4849 De
3346 4792 3432 4848 bis
3468 4801 3648 4848 autem

2051 4897 2266 4953 Solinus
2295 4893 2519 4965 (Solin.,
2550 4889 2706 4961 Poly.
2734 4890 2941 4953 histum,
2970 4903 3087 4955 cap.
3132 4885 3219 4951 52,
3249 4902 3369 4957 pttg.
3392 4883 3505 4957 80).
3538 4885 3648 4938 Att-

2052 4989 2296 5061 gustinus
2322 4988 2588 5060 (August.,
2620 4987 2711 5040 lib.
2734 4983 2875 5047 XVI,
2901 4982 2963 5036 de
2982 4981 3157 5045 Ciuit.,
3185 4997 3300 5051 cap.
3331 4980 3387 5045 8,
3419 4997 3470 5049 p.
3491 4979 3649 5048 42%),

2053 5080 2246 5138 Suidas
2294 5080 2498 5150 (Suid.,
2538 5079 2606 5132 ad
2651 5094 2704 5132 ν.
2734 5075 3058 5145 Exte/usu),
3109 5083 3163 5130 et
3209 5073 3348 5146 apud
3402 5072 3652 5129 Tzetzem

2058 5172 2422 5244 Apollodorus
2473 5169 2697 5240 (Tum,
2744 5170 2866 5223 clu‘l.
2900 5169 2954 5231 7,
2984 5183 3036 5230 ν,
3071 5164 3199 5230 662,
3231 5176 3277 5220 et
3302 5182 3440 5237 seqq.
3467 5166 3507 5236 ).
3552 5165 3653 5236 Cy-

2056 5282 2306 5338 napenna:
2322 5279 2447 5320 vero
2465 5266 2514 5317 in
2531 5260 2847 5332 quibusdam
2865 5260 3023 5316 editis
3038 5248 3377 5331 appellantur
3396 5258 3648 5330 cyclopes,

2057 5358 2113 5413 in
2144 5357 2262 5412 aliis
2290 5354 2635 5427 cytwpltanes,
2667 5352 2760 5408 sed
2791 5363 2977 5407 contra
3009 5351 3491 5421 manuscriptorum
3523 5364 3650 5404 uos-

2060 5456 2264 5503 trorum
2311 5445 2557 5501 codicum
2603 5446 3019 5499 auctoritatem:
3048 5441 3269 5497 Vossius
3310 5455 3437 5496 vero
3465 5440 3650 5509 legen-

2060 5538 2185 5595 dum
2214 5547 2396 5595 censet
2424 5552 2716 5609 cynopaues
2743 5577 2759 5601 ,
2788 5549 2963 5606 grznce
2989 5539 3238 5594 κωοπάιες
3262 5573 3277 5599 ,
3308 5547 3470 5588 canes
3525 5545 3642 5586 cor-

2062 5629 2171 5684 nuti
2203 5628 2405 5702 (Voss.,
2438 5638 2544 5683 not.
2575 5629 2629 5682 in
2647 5627 2796 5694 Mel.,
2817 5625 2905 5680 lib.
2920 5624 3012 5694 Ill,
3043 5627 3107 5680 de
3127 5623 3244 5681 Situ
3274 5625 3407 5691 orb.,
3434 5623 3648 5695 cap.9).

2056 5722 2317 5779 Salmasio
2347 5731 2522 5777 tamen
2543 5721 2715 5792 placet
2731 5718 3042 5776 eorumdem
3072 5715 3313 5774 codicum
3345 5725 3653 5772 nostrorum

2059 5813 2226 5871 lectio
2255 5812 2582 5886 Cynopenna:
2600 5828 2630 5868 a
2660 5828 2837 5885 grmco
2864 5811 3031 5868 verbo
3060 5825 3355 5875 ιιυνστεῖνιι,
3385 5809 3535 5881 quasi
3560 5823 3652 5863 ca-

2061 5907 2206 5977 nina,
2240 5907 2430 5980 inquit,
2452 5906 2589 5965 fame
2610 5906 2914 5964 laborantes
2936 5903 3214 5979 (Salmas.,
3237 5910 3343 5958 not.
3374 5903 3428 5957 in
3456 5900 3652 5968 Solin.,
