4170 6264
540 324 687 389 1019

1648 318 1717 377 IN
1756 315 2225 377 TERTULLIANI
2263 318 2795 379 APOLOGETICUM

3686 322 3838 381 1020

533 438 655 524 pag.
688 444 891 520 1005).
944 443 1113 501 Recte
1138 440 1353 514 quidem
1412 439 1479 496 ad
1523 438 1854 513 prepositum
1911 439 2124 496 Tertul-
2149 439 2205 500 A
2229 438 2344 496 haec
2369 442 2645 510 responsio
2678 439 3027 513 (Tertullian.,
3059 440 3351 512 Apologet.,
3382 457 3498 510 cap.
3522 443 3577 510 7,
3608 460 3665 514 p.
3687 443 3827 512 309,

537 544 692 610 llani,
724 542 797 598 ibi
825 539 1093 609 loquentis
1119 538 1188 592 de
1215 534 1545 600 christianis,
1587 533 1677 604 qui
1706 534 1870 590 occisi
1913 533 2132 593 infantis

534 617 783 695 carnibus
810 633 975 699 vesci,
1005 645 1070 687 ac
1096 630 1377 701 plusquam
1407 627 1595 684 canina
1625 626 1767 682 fame
1794 628 2036 685 laborare
2063 628 2134 685 ab

535 728 765 786 ethnicis
806 726 939 780 falso
986 724 1396 780 accusabantur.
1442 720 1553 776 Sed
1578 720 1796 790 quinam
1826 718 2129 787 hil‘uerint,

534 823 677 881 scire
706 834 893 892 parum
923 818 1164 873 interest.
1196 814 1329 870 Nam
1359 814 1429 870 de
1455 813 1711 869 monstris
1726 813 1928 868 Auctor
1947 822 2133 868 noster

534 916 793 987 loquitur,
839 928 965 984 qua:
1014 910 1228 982 penitus
1277 909 1400 965 ﬁcta
1446 920 1569 964 esse
1621 921 1814 964 omnes
1868 907 2012 961 ultro
2057 903 2135 961 fa-

536 1018 736 1068 tentur.
1986 1013 1990 1017 ‘

608 1100 749 1171 Quid
778 1112 925 1169 ergo,
960 1097 1168 1167 inquiet
1205 1096 1420 1168 aliquis,
1453 1091 1711 1164 numquid
1739 1101 1796 1148 et.
1819 1092 1904 1148 his
1933 1091 2135 1148 similia

538 1202 781 1253 manatra
835 1190 1041 1262 putavit
1080 1188 1398 1260 antipodas?
1452 1188 1523 1242 At
1560 1185 1761 1241 nullam
1806 1185 2016 1240 illorum
2079 1185 2135 1240 in

540 1284 916 1359 Apologetico,
947 1282 1043 1338 sed
1071 1283 1125 1339 in
1157 1282 1293 1336 libro
1334 1290 1537 1335 tantum
1563 1278 1629 1333 ad
1659 1277 1917 1333 Nationes
1946 1277 2138 1348 legitur

542 1381 733 1438 fecisse
774 1378 1128 1433 mentionem.
1177 1376 1365 1430 Nonne
1392 1381 1570 1429 autem
1601 1372 1671 1427 ibi
1699 1387 1791 1427 cos
1822 1370 2136 1437 nominavit,

546 1473 669 1545 quia
701 1473 837 1542 ipse,
886 1471 1027 1525 sicut
1063 1469 1153 1523 alii
1183 1467 1387 1538 plures,
1419 1464 1554 1519 alibi
1600 1478 1629 1519 a
1687 1463 1842 1519 nobis
1888 1463 2141 1534 appellati

547 1564 846 1638 (Dissertat.
878 1563 932 1615 in
963 1560 1225 1627 Laetam,
1275 1575 1390 1630 cap.
1422 1558 1513 1625 2|,
1546 1566 1647 1611 art.
1707 1556 1783 1626 6),
1818 1556 1873 1610 in
1901 1556 2139 1610 animum

543 1650 1070 1713 induserant’nullos
1098 1668 1223 1708 esse
1252 1667 1410 1723 posse
1446 1649 1751 1721 antipodes,
1795 1648 1901 1703 nisi
1950 1647 2143 1702 adver-

546 1752 643 1815 sis,
676 1746 753 1803 uti
782 1746 1020 1809 aiebant,
1060 1743 1301 1813 vestigiis
1344 1740 1723 1796 ambularent?
1763 1738 1947 1810 Neque
1993 1748 2143 1795 certe

547 1841 704 1894 aliter
730 1852 889 1908 quam
918 1843 1181 1900 monstra,
1215 1843 1270 1888 ct
1299 1832 1415 1889 falsi
1447 1834 1661 1902 fictique
1691 1830 1938 1886 homines
1964 1829 2140 1884 abillo
2167 1839 2217 1900 Β

549 1932 698 1987 hisce
725 1928 905 1985 verbis
933 1926 1296 1998 exploduntur
1325 1943 1340 1980 :
1381 1923 1472 1979 Vel
1502 1924 1661 1994 aliqui
1709 1924 1772 1977 de
1816 1924 2143 1977 subterranea

551 2034 707 2089 terra,
738 2023 907 2077 instar
936 2019 1220 2091 longorum
1250 2018 1445 2082 exorti,
1472 2018 1562 2088 qui
1583 2016 1764 2081 aliam,
1794 2029 1954 2085 quam
1986 2022 2143 2068 terra:

550 2125 748 2171 nostra:
779 2112 1047 2175 homines,
1081 2121 1320 2167 naturam
1351 2108 1805 2165 habeattt.Veruni
1835 2108 1905 2161 ab
1941 2104 2142 2160 horum

549 2208 884 2276 aliorumque
913 2213 1275 2259 monstrorum
1294 2202 1504 2257 feritate
1525 2201 1683 2270 longe
1708 2199 1929 2254 aberant
1953 2194 2145 2251 Chris-

554 2301 705 2367 tiani,
731 2299 822 2369 qui
849 2298 968 2352 aliis
995 2296 1301 2351 hominibus
1324 2294 1520 2350 nostris
1541 2307 1609 2347 eo
1628 2302 1831 2347 tantum
1858 2289 2147 2345 dissimiles

552 2402 728 2461 erant,
756 2390 899 2462 quod
928 2389 1049 2445 illos
1079 2388 1410 2443 humanitate
1438 2395 1494 2442 et
1519 2385 1780 2441 cbaritate
1806 2391 2145 2454 superarent.

555 2485 841 2556 Nunquam
862 2497 993 2554 ergo
1034 2484 1150 2553 cogi
1183 2488 1490 2553 potuerunt,
1520 2476 1836 2548 utqualibet
1866 2475 2076 2545 pietatis
2096 2481 2151 2528 et

553 2577 831 2649 religionis
855 2576 1041 2647 specie
1069 2573 1287 2628 infantis
1317 2587 1346 2624 a
1373 2587 1433 2627 se
1470 2570 1635 2626 occisi
1683 2566 2002 2625 manderent
2026 2580 2149 2622 car-

555 2685 673 2735 nes,
705 2684 771 2724 ac
799 2675 985 2738 postea
1029 2666 1252 2736 Stupris,
1281 2664 1578 2728 adulteriis,
1630 2670 1686 2717 et
1711 2661 1931 2717 incestis
1957 2670 2146 2714 conta-

555 2764 906 2818 minarentur.

624 2853 779 2908 (ἔωθε
826 2861 1003 2908 tamen
1053 2850 1417 2905 obstinatione
1457 2847 1693 2920 perculsi
1721 2846 1961 2919 {gentiles
1993 2860 2150 2916 urge-

555 2948 687 3005 bant
715 2947 937 3001 nimiutn
964 2944 1198 3000 credulis
1224 2953 1316 2997 aut
1344 2941 1684 3009 Christianis,
1717 2951 1809 2995 aut
1852 2940 2041 2995 saltem
2090 2939 2142 2993 in

554 3057 743 3098 eorum
774 3039 1035 3110 religione
1063 3037 1342 3110 tyronibus
1373 3036 1682 3107 impositum
1705 3046 1758 3090 et
1780 3034 2018 3089 illusum.
2048 3031 2155 3088 Sed

557 3133 688 3189 nihil
719 3132 952 3202 ineptius
994 3130 1391 3200 absurdiusque
1414 3129 1541 3201 fingi
1568 3137 1799 3199 poterat.
1832 3126 2157 3182 Christianis

520 3258 534 3269 -
558 3226 823 3300 siquidem
853 3239 969 3281 mos
1008 3234 1148 3293 erat,
1182 3232 1236 3280 ut
1266 3223 1505 3279 initiandi
1534 3240 1567 3276 a
1595 3230 1736 3293 patre
1762 3236 2049 3288 sacrorum,
2099 3219 2153 3274 id
2179 3230 2225 3294 α

562 3330 674 3390 est,
704 3315 981 3391 episeopo,
1031 3326 1124 3375 aut
1163 3319 1346 3389 aliquo
1393 3317 1509 3389 ejus
1536 3316 1757 3382 vicario,
1802 3328 1865 3370 ea
1893 3315 2179 3370 doceren-r

561 3426 671 3485 tur,
711 3416 906 3485 quibus
934 3415 1001 3470 ad
1045 3415 1236 3471 eadem
1280 3428 1433 3469 sacra
1479 3413 1791 3484 praeparari,
1826 3411 1910 3466 vel
1939 3426 2058 3481 quae
2102 3409 2159 3466 in

562 3510 670 3566 illis
697 3510 782 3578 agi
811 3510 1093 3564 deberent.
1137 3508 1251 3575 Qua
1282 3515 1459 3562 autem
1491 3505 1670 3561 fronte
1713 3505 2019 3575 episcopus,
2068 3508 2162 3557 aut

564 3601 741 3672 quivis
760 3600 900 3654 alius
944 3600 1121 3671 tyroni
1152 3600 1236 3654 vel
1274 3600 1572 3654 christiano
1615 3597 1878 3652 dixisset:
1910 3595 2043 3650 Cum
2092 3593 2161 3649 ad

565 3705 753 3747 sacras
781 3704 1020 3762 synaxes
1048 3692 1294 3755 veneris,
1325 3691 1500 3761 infans
1549 3688 1645 3742 tibi
1682 3687 2039 3752 necessarius,
2068 3684 2165 3739 ad-

569 3783 667 3837 huc
691 3781 967 3852 ωηεν-..ιιιιὶ
994 3782 1189 3836 nesciat
1216 3790 1451 3844 mortem,
1480 3780 1565 3850 qui
1593 3777 1686 3833 sub
1727 3778 1888 3832 cultro
1919 3786 2025 3844 tuo,
2056 3791 2165 3847 quo

568 3876 720 3932 illum
747 3872 1039 3945 jugulabis,
1073 3871 1238 3927 rideat
1267 3887 1285 3926 :
1314 3874 1432 3926 item
1458 3872 1629 3942 panis,
1658 3885 1758 3941 quo
1785 3868 2050 3940 sanguinis
2077 3869 2163 3938 iu-

568 3966 864 4034 rulentiam,
896 3964 979 4020 vel
1009 3964 1204 4020 melius
1223 3964 1329 4019 alio
1368 3967 1424 4019 in
1451 3964 1610 4029 libro,
1637 3963 1819 4019 rudem
1863 3961 2162 4034 sanguinem

568 4060 781 4133 colligas
827 4058 1202 4133 (Tcrtullian.,
1236 4057 1530 4130 Apologet.,
1559 4072 1676 4130 cap.
1708 4056 1764 4125 8,
1798 4071 1918 4128 pag.
1952 4055 2081 4123 515,
2113 4062 2161 4110 et

574 4154 689 4210 libr.
718 4154 761 4222 Ι,
792 4155 862 4209 ad
891 4153 1132 4220 Notium,
1162 4168 1278 4225 cap.
1310 4150 1364 4219 7,
1396 4170 1449 4224 p.
1473 4150 1625 4223 569).
1673 4150 1974 4209 Necessarii
2018 4165 2157 4221 quo-

571 4262 678 4322 que
702 4263 887 4319 canes,
918 4251 1011 4323 qui
1038 4262 1159 4325 post
1186 4253 1458 4325 objectam
1497 4250 1717 4308 oﬂ‘ttlam
1746 4248 1949 4305 lumina
1992 4248 2171 4304 extin-

572 4353 760 4419 guant,
790 4361 855 4402 ac
882 4348 1097 4402 tandem
1123 4348 1430 4404 necessaria
1469 4361 1624 4415 soror
1643 4353 1698 4402 et
1716 4353 1886 4401 mater
1913 4351 2020 4411 tua,
2053 4343 2171 4416 qui-

573 4439 675 4496 bus
720 4438 912 4496 mediis
958 4440 1012 4494 in
1061 4438 1299 4495 tenebris
1345 4448 1590 4510 stuprum
1646 4437 1879 4495 afferas?
1933 4436 2040 4495 Sed
2085 4437 2173 4492 dic

574 4535 754 4603 nobis,
787 4549 990 4606 quaeso,
1045 4532 1238 4605 quibus
1279 4534 1501 4590 auribus
1543 4532 1769 4604 quilibet
1819 4530 2170 4598 Christianus,

2234 542 2281 589 et
2308 534 2395 590 lib.
2427 535 2542 590 lad
2569 534 2810 602 Natiom,
2833 552 2949 607 cap.
2996 536 3049 604 7,
3094 552 3214 608 pag.
3264 534 3411 606 566).
3439 536 3646 608 Negare
3672 536 3837 595 'enitn

2235 643 2342 684 non
2374 636 2624 700 poterant
2664 640 2852 686 verum
2892 644 3035 697 esse,
3086 630 3230 701 quod
3258 630 3643 688 celeberrimus
3669 641 3839 703 poeta

2233 723 2427 780 cecinit
2458 742 2471 777 :

2356 835 2503 887 Fama
2528 836 2725 901 malum,
2756 849 2855 903 quo
2885 849 2984 888 non
3002 836 3132 888 aliud
3149 836 3370 889 velocius
3392 837 3567 889 ullum.

2744 919 2992 990 (νίψει,
3019 919 3101 974 lib.
3128 930 3183 973 ιν
3205 922 3483 988 ίΕηεὶάηυ.
3513 923 3644 988 tu.)

2236 1026 2399 1085 Fama
2445 1030 2587 1085 enim
2619 1029 2697 1085 rei
2743 1037 2946 1085 tantum
2987 1031 3208 1087 incerta:
3254 1046 3455 1088 nomen
3496 1039 3615 1100 est,
3660 1047 3843 1104 eaque

2237 1121 2541 1192 smpissime
2568 1121 2762 1188 oritur,
2788 1132 2879 1176 aut
2905 1124 3111 1195 ingenio
3154 1123 3516 1192 (emutationis,
3548 1125 3662 1182 sive
3702 1126 3841 1182 invi-

2239 1211 2346 1278 dia,
2401 1222 2489 1267 aut
2541 1213 2751 1268 arbitrio
2793 1215 3117 1284 suspicionis,
3173 1229 3272 1271 seu
3317 1215 3623 1286 suapicionc
3666 1219 3845 1289 gratis

2239 1305 2488 1372 conﬁcta,
2514 1318 2603 1362 aut
2631 1308 2907 1363 mentiendi
2931 1310 3204 1381 voluptate.
3234 1308 3369 1368 ’l‘am
3398 1312 3540 1366 malo
3583 1312 3748 1384 igitur
3771 1329 3843 1370 ex

2240 1401 2531 1473 principio,
2563 1411 2727 1473 atque
2757 1417 2828 1457 ex
2870 1402 3031 1493 unius
3058 1403 3317 1459 duntaxat
3355 1418 3449 1459 ore
3478 1416 3688 1472 exorta,
3722 1406 3845 1476 ple-

2239 1507 2468 1565 rumque
2496 1494 2771 1559 mentitur,
2803 1505 2896 1549 aut
2923 1495 2967 1549 si
3020 1496 3148 1565 quid
3190 1496 3304 1552 veri
3364 1512 3598 1567 unquam
3641 1513 3849 1555 renun-

2245 1583 2360 1649 tiat,
2392 1585 2476 1639 vel
2505 1594 2619 1639 tum
2647 1584 2850 1655 ahquid
2898 1585 3103 1656 adjicit,
3135 1586 3218 1641 vel
3246 1586 3506 1656 detrahit,
3532 1588 3619 1643 vel
3649 1590 3852 1646 immu-

2244 1683 2353 1730 tat.~
2371 1676 2599 1731 Tamdiu
2627 1692 2756 1731 vero
2798 1677 2965 1747 viget,
2996 1677 3255 1747 quamdiu
3300 1680 3434 1734 nihil
3477 1681 3685 1750 probat.
3743 1681 3853 1738 Ubi

2244 1769 2387 1824 enim
2418 1784 2505 1823 res
2536 1771 2757 1840 probata
2780 1779 2886 1837 est,
2920 1778 3047 1825 tunc
3075 1785 3142 1825 eo
3170 1772 3288 1842 ipso
3315 1773 3403 1826 illa
3434 1783 3630 1840 cessat,
3660 1785 3716 1831 et
3748 1791 3851 1832 ex-

2245 1862 2393 1917 cidit.
2423 1859 2609 1916 Merito
2637 1860 2797 1932 igitur
2822 1862 2905 1916 vir
2930 1861 3148 1933 sapiens
3180 1864 3381 1917 nullam
3430 1864 3508 1920 illi
3550 1865 3712 1921 fidem
3747 1866 3851 1923 ha-

2245 1955 2355 2019 bet,
2384 1954 2559 2009 multo
2588 1953 2758 2025 magis
2785 1968 2907 2009 cum
2941 1955 3054 2024 ipsa
3076 1954 3190 2009 sola
3216 1954 3380 2011 iudex
3439 1964 3497 2012 et
3522 1958 3716 2012 nuntia
3765 1970 3857 2016 est

2247 2047 2513 2104 scelerum
2540 2061 2759 2118 prorsus
2788 2048 3145 2116 occultorum,
3176 2065 3297 2121 qua:
3328 2065 3487 2107 nemo
3514 2054 3711 2109 mentis
3731 2069 3853 2110 sua:

2251 2146 2477 2211 Campos
2499 2139 2660 2196 homo
2695 2149 2787 2194 aut
2814 2147 3134 2211 perpetrare
3169 2141 3352 2207 audet,
3378 2151 3472 2198 aut
3511 2154 3709 2214 potest.
3743 2144 3856 2202 Nos

2250 2248 2381 2288 vero
2401 2232 2529 2287 alibi
2577 2232 3060 2288 animadvertimus
3108 2233 3247 2289 hanc
3277 2234 3594 2291 Tertulliani
3622 2253 3855 2310 respon-

2250 2325 2512 2380 sionema
2556 2322 2782 2379 Minutio
2840 2323 3027 2381 Felice
3076 2326 3419 2396 paucioribus
3467 2329 3709 2398 quidem,
3756 2333 3852 2387 sed

2261 2432 2370 2473 non
2400 2417 2580 2472 minus
2608 2415 2919 2472 efﬁcacibus
2946 2417 3124 2473 verbis
3171 2418 3329 2490 plane
3358 2421 3667 2478 confirmari
3699 2423 3854 2492 (Dis-

2251 2511 2661 2568 sert.inMinut.
2691 2510 2872 2567 Octav.
2907 2529 3026 2584 cap.
3074 2512 3129 2579 8,
3172 2524 3274 2569 art.
3304 2514 3389 2589 2)..
3437 2516 3668 2588 Denique
3710 2518 3858 2575 Ter-

2253 2603 2504 2659 tullianus
2522 2601 2722 2657 addidit
2755 2603 2913 2659 fama:
2969 2612 3076 2658 tam
3119 2605 3314 2672 veloci,
3374 2623 3527 2678 quam
3575 2609 3847 2677 mendaci,

2254 2709 2361 2749 non
2392 2692 2743 2761 credendum,
2770 2692 2865 2749 sed
2898 2693 3179 2749 veritatem
3224 2695 3674 2770 investigandam;
3711 2716 3862 2771 quo-

2256 2787 2424 2854 niam,
2463 2786 2540 2842 uti
2567 2782 2773 2855 ferebat
2803 2786 3073 2857 vulgatum
3102 2786 3171 2841 ab
3214 2788 3445 2844 ethnicis
3491 2792 3859 2861 proverbium,

2260 2877 2447 2932 Omnia
2470 2890 2666 2947 tempus
2694 2876 3242 2947 revelat(Tertullian.,
3264 2878 3414 2947 ibid.,
3441 2898 3495 2949 p.
3523 2881 3679 2953 310).
3700 2884 3860 2951 Quod

2258 2973 2471 3045 quidem
2499 2972 2745 3045 adagium
2770 2970 2938 3024 Aulus
2964 2969 3169 3026 Gellius
3201 2970 3387 3043 (Gell.,
3419 2972 3511 3027 lib.
3568 2972 3669 3028 ΧΠ
3700 2973 3860 3029 Noct.

2259 3068 2413 3135 Atti.,
2443 3081 2562 3136 cap.
2591 3061 2683 3135 ll)
2715 3063 2801 3117 his
2830 3061 3119 3133 Sophoclis
3147 3062 3395 3136 versibus
3410 3065 3754 3125 decantatum
3775 3069 3856 3124 ci-

2261 3162 2391 3217 tavit
2414 3178 2429 3215 :

2476 3286 2571 3337 Πρὸς
2594 3286 2726 3329 ταῦτα,
2741 3282 2874 3335 ιρὺπη
2897 3279 3025 3333 μηδὶν,
3040 3285 3087 3330 ὸς
3108 3283 3240 3324 ἅπανθ’
3257 3283 3346 3336 ὁρᾶν

2478 3348 2557 3399 Καὶ
2576 3348 2681 3399 βάσκ’
2705 3346 2856 3399 iudicasti.
2877 3345 2984 3399 adiit:
3006 3346 3233 3399 imm-iurati

2478 3398 2555 3463 Ad
2577 3397 2688 3463 haec
2705 3395 3459 3463 nihil_occulta,quandoquidem
3482 3399 3647 3448 omnia
3672 3400 3864 3463 videns,

2478 3458 2541 3510 Et.
2561 3459 2723 3509 omnia
2744 3458 2969 3519 audiens,
2986 3466 3162 3508 cuncta
3186 3460 3377 3511 revelat
3393 3469 3607 3524 tempus.

2264 3569 2468 3626 Seneca
2500 3581 2669 3623 vero:
2707 3565 2978 3633 Qutedam,
3010 3565 3203 3636 inquit,
3234 3564 3370 3637 falsa
3398 3566 3506 3620 veri
3538 3567 3757 3636 speciem
3774 3566 3866 3622 Ira-

2267 3661 2399 3715 bent.
2428 3658 2673 3714 Dandum
2695 3672 2893 3728 semper
2913 3667 2986 3712 est
3012 3667 3207 3725 tempus
3234 3674 3253 3713 :
3281 3659 3542 3713 veritatem
3567 3660 3673 3713 dies
3691 3662 3862 3730 aperit

2267 3753 2506 3824 (Senec.,
2531 3750 2621 3805 lib.
2658 3748 2702 3803 ll
2728 3749 2793 3803 de
2832 3747 2949 3815 Ira,
2977 3764 3092 3818 cap.
3126 3746 3276 3821 540).
3320 3749 3427 3804 Sed
3481 3750 3620 3820 plura
3660 3749 3727 3804 de
3753 3750 3866 3806 hoc

2269 3845 2556 3917 proverbio
2583 3843 2827 3914 congerit
2849 3841 3130 3909 Erasmus,
3163 3857 3325 3912 quem
3350 3843 3633 3899 consulere
3659 3845 3870 3915 poteris

2269 3937 2519 4009 (Erasm,
2551 3935 2746 4006 Adag.,
2789 3933 2913 3987 chil.
2943 3934 3001 4001 2,
3043 3944 3243 3990 ceatur.
3303 3934 3358 4001 4,
3408 3936 3564 4006 udag.
3595 3936 3705 4006 l7).
3738 3936 3871 4005 Quis

2269 4039 2449 4086 autem
2479 4028 2610 4083 falsa
2641 4029 2742 4084 sub
2762 4028 2879 4083 vcri
2901 4027 3085 4097 specie
3110 4026 3375 4091 crebrius,
3411 4043 3573 4098 quam
3604 4028 3744 4083 fama
3770 4029 3870 4083 ad-

2271 4121 2518 4179 nuntiat?
2539 4120 2670 4177 Solo
2696 4121 2879 4191 igitur,
2912 4119 2958 4174 si
2979 4135 3087 4175 non
3114 4120 3273 4188 falso,
3307 4121 3499 4176 saltem
3523 4122 3731 4178 incerto
3751 4123 3869 4193 ejus

2272 4215 2581 4272 testimonio
2608 4213 2832 4289 gentiles
2862 4212 2930 4267 ad
2957 4211 3232 4268 vexandos
3256 4212 3593 4270 Christianos
3622 4214 3723 4270 niti
3764 4230 3871 4271 non

2274 4310 2569 4376 debebant;
2602 4308 2699 4364 sed
2723 4322 2921 4378 capere
2953 4317 3184 4378 tempus,
3209 4322 3318 4379 quo
3345 4308 3651 4364 examinata
3681 4322 3867 4364 eorum

2276 4419 2484 4472 caussa,
2518 4402 2719 4459 veritas
2737 4409 3173 4473 cognosceretur.

2874 4553 3171 4595 ABTICULUS
3210 4555 3268 4594 ll.

575 4636 669 4735 im
696 4638 818 4703 lyra
844 4627 960 4735 [fec
984 4627 1173 4735 a.udire
1212 4634 1421 4735 patera}
1492 4612 1900 4735 liulnquliflfine
1921 4622 2173 4735 h‘onore?
2194 4632 2250 4692 Β
2281 4667 2449 4735 Quam
2482 4664 2665 4719 invicte
2714 4658 3062 4714 Tertullianus
3085 4656 3320 4712 ostendat
3349 4634 3562 4728 gentile:
3588 4654 3875 4721 bonticidii,

576 4721 766 4778 Nonne
793 4721 981 4779 saltem
1008 4721 1154 4793 leges
1175 4719 1349 4776 vereri
1375 4719 1627 4788 debebat,
1660 4719 1874 4791 quibus,
1907 4724 1967 4773 ut
1992 4724 2177 4772 monet

578 4814 794 4882 Cicero,
827 4822 1045 4871 cautum
1101 4822 1266 4870 erat:
1315 4812 1579 4867 Incestum
1628 4810 1892 4883 pontiﬁces
1937 4824 2175 4880 supremo

579 4908 836 4979 supplicio
862 4908 1132 4962 sanciunto
1162 4905 1180 4976 (
1207 4905 1395 4973 (licem,
1426 4906 1515 4960 lib.
1550 4904 1593 4960 ll
1624 4905 1686 4960 de
1735 4903 1937 4975 Legib.,
1968 4921 2022 4975 p.
2047 4901 2173 4966 535,

581 5002 675 5056 lin.
707 5000 836 5075 l5)?
866 5001 921 5056 Si
950 5015 1078 5056 vero
1107 4999 1253 5054 hanc
1277 5011 1490 5070 pinnam
1520 4997 1709 5053 fraude
1743 4996 1829 5053 vel
1856 4998 2178 5052 auctoritate

580 5093 1004 5149 Christianorum
1035 5091 1190 5146 vitari
1221 5105 1381 5161 posse
1403 5090 1781 5157 arbitrabatur,
1809 5088 2081 5160 quomodo
2108 5088 2176 5143 ab

581 5186 814 5244 ethnicis
863 5184 1136 5257 judicibus
1191 5184 1568 5253 interrogatus,
1627 5179 2022 5237 crudelior-ibus
2066 5189 2180 5235 tor-

582 5284 781 5339 mentis
808 5280 1034 5337 cruciari
1062 5287 1119 5334 et
1147 5277 1320 5334 occidi
1378 5276 1633 5344 malebat,
1678 5291 1836 5346 quam
1870 5275 2007 5341 haec,
2058 5272 2178 5344 qui-

580 5377 687 5433 bus
738 5374 1071 5432 conscientia
1115 5372 1329 5443 pcnilus
1383 5369 1925 5443 rcpugnat,crimina
1987 5367 2181 5424 fateri?

582 5467 795 5525 Nemini
850 5466 1011 5537 plane
1041 5466 1160 5521 sani
1212 5465 1405 5534 capitis
1458 5463 1663 5518 homini
1717 5461 1834 5517 haec
1903 5459 2175 5516 credibilia

584 5568 731 5624 sunt,
756 5567 848 5613 aut
875 5556 990 5614 ﬁeri
1022 5572 1253 5628 unquam
1284 5556 1522 5627 potuisse
1558 5552 1991 5627 persuadebitnr.

658 5651 938 5707 lnstabant
971 5648 1197 5722 gentiles
1245 5663 1306 5705 se
1356 5648 1497 5703 fama
1543 5647 1796 5706 didicisse
1845 5647 2182 5704 Christianos

587 5757 709 5798 esse
735 5759 923 5798 revera
972 5741 1319 5814 praefatorum
1369 5744 1636 5799 scelerum
1664 5742 1933 5799 conscios.
1979 5742 2048 5797 At
2095 5742 2181 5796 in-

586 5831 732 5885 sulsa
754 5846 993 5901 prorsus,
1034 5834 1331 5904 respondet
1374 5833 1769 5903 Tertulliaous,
1810 5842 1867 5891 et
1895 5831 2064 5890 futilis
2094 5840 2179 5889 est

2350 4759 2496 4827 cuius
2524 4754 2839 4811 Christianos
2859 4750 2993 4823 {also
3013 4750 3341 4811 accusabant,
3368 4764 3478 4803 esse
3523 4764 3635 4804 reos
3656 4790 3672 4816 ,
3699 4754 3882 4818 utpote

2351 4851 2435 4920 qui
2463 4851 2517 4904 in
2543 4848 2723 4920 Africa
2742 4846 2965 4915 infantes
2993 4840 3243 4907 Saturno,
3271 4856 3441 4911 usque
3478 4840 3545 4896 ad
3591 4853 3883 4910 proconsu-

2351 4945 2521 5000 latum
2546 4938 2769 5005 Tiberii,
2817 4934 3173 4998 immolabant,
3203 4934 3435 5004 hancque
3458 4948 3649 4988 morem
3687 4942 3881 4987 secreto

2352 5045 2734 5108 perseverasse;
2782 5027 2980 5083 tametsi
3030 5020 3245 5081 Saturni
3272 5025 3559 5080 sacerdotes
3598 5025 3650 5079 in
3676 5023 3881 5078 arbori-

2353 5132 2446 5187 bus
2489 5125 2664 5197 templi
2704 5125 2814 5193 ejus
2868 5118 3345 5184 obumbratricibus,
3381 5125 3520 5174 teste
3561 5116 3751 5183 militia
3787 5128 3883 5188 pan

2353 5226 2474 5283 tria:
2494 5230 2718 5289 nostrae,
2737 5217 2992 5289 suspensi,
3022 5231 3205 5288 poenas
3224 5224 3385 5271 morte
3410 5212 3661 5269 dederint.

2356 5364 2501 5423 Nihil
2548 5377 2679 5419 sane
2720 5360 3088 5431 impudentius
3126 5355 3421 5429 excogitari
3455 5363 3656 5427 potest,
3714 5369 3881 5427 quam

2285 5458 2451 5515 alium
2487 5454 2786 5529 gravissimi
2813 5452 3055 5508 criminis
3078 5448 3213 5505 falso
3239 5464 3521 5512 accusare,
3549 5447 3705 5519 cujus
3731 5447 3885 5518 ipse-

2290 5560 2402 5608 met
2429 5555 2713 5606 accusator
2738 5561 2862 5602 reus
2890 5559 3013 5601 esse
3040 5541 3217 5615 palam
3239 5539 3597 5598 convincitur.
3629 5540 3700 5594 At
3746 5538 3884 5595 tales

2288 5655 2465 5701 tamen
2491 5642 2648 5699 erant
2683 5640 2904 5708 ethnici,
2955 5638 3047 5710 qui
3092 5636 3430 5693 Christianos
3471 5631 3785 5690 infanticidii
3823 5635 3879 5686 et

2284 5740 2524 5806 incestus
2552 5732 3015 5807 impudentissime
3044 5728 3455 5811 redargucbant.
3490 5728 3622 5785 Nam
3665 5726 3769 5782 hoc
3796 5726 3878 5798 ips

2286 5846 2406 5890 sum
2435 5838 2538 5899 est,
2572 5827 2732 5886 sicuti
2772 5825 2996 5886 eosdem
3032 5823 3406 5897 compellando
3453 5823 3529 5881 ait
3592 5816 3885 5881 Tertullia-
