4212 6262
305 358 449 423 1021

1443 345 1904 410 DISSERTATIO
1938 346 2003 404 ι).
2042 343 2134 403 LE
2172 344 2481 405 NOURRY.
2808 344 2831 373 ³

3478 350 3624 413 1022

309 493 436 541 nus,
458 490 567 555 per
593 472 734 547 quod
765 468 980 546 forsitan
1001 470 1065 524 de
1098 466 1242 524 nobis
1278 467 1563 523 credidistis
1608 467 1710 522 alia
1756 464 1907 541 (Ter-
1936 468 1983 529 Α
2011 463 2102 518 illo
2124 462 2281 518 lsidis
2330 463 2529 534 templo
2550 461 2707 518 malis
2760 461 3100 517 sacerdotum
3151 465 3355 519 artibus
3400 475 3621 524 constu-

311 571 542 635 tutlian.,
572 566 819 639 Apolog.,
847 580 964 635 cap.
988 562 1045 626 9,
1068 580 1122 634 p.
1165 559 1318 634 3M),
1364 576 1483 632 quae
1521 560 1908 643 recensuimus.

316 665 477 734 longe
505 654 757 732 graviora
805 654 1009 712 scelera
1039 671 1069 709 a
1102 654 1257 709 nobis
1286 651 1604 725 perpetrari.
1637 648 1741 708 Sed
1783 666 1910 705 con-

313 756 457 812 sulto
513 753 581 807 ibi
623 749 818 822 adjecit
864 749 1119 822 forsitan;
1169 747 1291 816 quia
1322 746 1480 817 paulo
1529 755 1652 801 ante
1704 743 1912 799 dixerat

312 850 448 906 adeo
476 845 680 902 atrocia
723 858 845 899 esse
876 842 967 897 illa
1023 840 1252 911 scelera,
1300 855 1528 909 quorum
1575 837 1910 893 Christianos

312 940 624 1013 arguebant,
672 945 729 991 ut
760 936 847 990 vix
882 935 950 989 ab
992 934 1105 988 ullo
1144 931 1361 987 homine
1414 931 1562 986 credi
1612 929 1905 1000 potuerint,

313 1038 416 1093 nisi
439 1033 685 1107 quiedam
726 1030 920 1087 similia
974 1029 1249 1084 fecissent.
1283 1020 1523 1082 Primum
1569 1034 1748 1081 autem
1789 1023 1911 1078 illos

311 1130 460 1185 vario
487 1127 651 1183 modo
676 1124 972 1180 homicidas
995 1122 1158 1178 fuisse
1184 1121 1465 1196 .ostendit,
1504 1121 1627 1192 quia
1666 1119 1908 1192 infantes,

311 1224 466 1280 sicuti
495 1221 754 1293 loquitur,
800 1235 948 1290 penes
981 1217 1210 1289 Africam
1252 1216 1478 1271 Saturno
1518 1214 1912 1268 immolabantur

312 1315 488 1386 palam
528 1328 685 1383 usque
709 1310 778 1363 aii
823 1308 1238 1379 proconsulatum
1271 1305 1476 1369 Tiberii,
1510 1305 1597 1375 qui
1644 1306 1781 1375 ipsos
1822 1321 1909 1357 sa-

312 1409 539 1463 cerdotes
565 1408 617 1460 in
647 1404 836 1459 eisdem
864 1402 1130 1455 arboribus
1162 1398 1338 1469 templi
1363 1401 1441 1453 sui
1459 1396 1912 1453 obumbratricibus

311 1503 561 1557 scelerum
581 1514 789 1554 suorum
818 1497 994 1550 votivis
1025 1493 1257 1548 crucibus
1284 1493 1534 1562 exposuit,
1569 1501 1690 1546 teste
1728 1492 1914 1545 militia

314 1594 500 1667 patria:
550 1603 890 1659 nostraz,qutc
938 1589 993 1642 id
1040 1589 1210 1658 ipsum
1260 1602 1442 1640 munus
1490 1583 1569 1638 illi
1618 1582 1911 1655 proconsuli

314 1690 498 1760 functa
534 1695 607 1741 est
633 1684 818 1758 (Ibid.,
868 1693 915 1736 et
957 1683 1107 1753 seq.).
1145 1681 1219 1735 De
1252 1681 1350 1735 hac
1374 1687 1554 1733 autem
1585 1677 1910 1744 detestabili,

311 1788 369 1835 et
406 1787 593 1834 contra
623 1777 803 1833 omnia
832 1785 1033 1828 natum;
1063 1774 1227 1845 ipsius
1247 1775 1393 1842 jura,
1435 1771 1799 1825 immolatione
1831 1770 1911 1824 in-

2015 563 2162 626 prata
2188 555 2392 611 luisset.
2438 556 2547 611 Cur
2604 572 2733 628 ergo
2789 558 2960 627 magis
3012 556 3256 611 horribili
3311 558 3614 628 infantium,

2013 646 2243 703 Saturno
2303 649 2721 714 immolatarum,
2778 648 3046 703 sacrificio
3100 650 3276 719 potius
3310 650 3361 704 in
3417 650 3618 722 Africa,

2013 755 2170 810 quam
2220 741 2273 795 in
2329 739 2522 808 Gallia,
2558 741 2634 795 uti
2682 739 2945 807 diximus,
2981 749 3035 795 et
3069 739 3191 796 aliis
3217 740 3269 795 in
3312 743 3621 814 regionibus

2019 833 2352 904 pepercisset
2370 832 2394 887 ?

2084 925 2188 982 Sed
2218 943 2320 999 qua
2341 969 2357 995 ,
2392 926 2600 996 inquies
2622 969 2637 993 ,
2692 926 2901 981 ratione
2956 926 3160 982 dictum
3212 943 3239 981 a
3268 927 3621 999 Tertulliano,

2013 1018 2262 1091 usquead
2290 1019 2707 1089 proconsulatum
2757 1017 2988 1072 Tiberii?
3041 1017 3309 1091 Numquid
3353 1020 3620 1088 Tiberius,

2013 1119 2311 1182 antequam
2363 1111 2570 1166 romani
2642 1111 2853 1181 imperii
2907 1112 3328 1183 gubernaculum
3394 1104 3625 1181 t'cneret,

2014 1204 2298 1274 prot'onsul
2348 1205 2402 1260 in
2472 1204 2653 1259 Africa
2727 1203 2941 1259 fuerat?
2982 1204 3087 1260 Sed
3118 1205 3266 1276 quid,
3308 1207 3499 1261 amabo
3549 1216 3623 1277 te,

2013 1305 2157 1351 vetat
2197 1297 2481 1367 quominus
2534 1295 2660 1350 illuc
2708 1296 2775 1351 ab
2806 1298 3045 1367 Augusto
3072 1295 3306 1363 Caesare,
3336 1306 3427 1351 aut
3450 1306 3610 1352 antea

2013 1388 2348 1441 renuntiatus
2372 1387 2443 1439 sit
2471 1385 2664 1441 Africa:
2683 1388 3006 1455 proconsul?
3033 1387 3086 1443 Si
3109 1388 3228 1457 quis
3256 1397 3432 1442 tamen
3461 1397 3618 1444 recte

2016 1478 2318 1546 probaverit
2359 1478 2869 1533 Tertullianum’de
2897 1479 3001 1534 alio
3060 1479 3465 1550 intelligendum
3503 1496 3623 1538 esse
3699 1538 3714 1549 _

2013 1568 2228 1626 Tiberio
2271 1571 2464 1626 Africa:
2494 1571 2838 1640 proconsule,
2871 1568 2994 1625 huic
3025 1571 3178 1626 facile
3217 1568 3597 1627 aSSentieuiur.

2087 1664 2381 1735 Subjunxit
2416 1673 2592 1719 autem
2626 1665 2713 1719 ille
2754 1664 3160 1719 crudelissimos
3190 1664 3408 1721 Saturni
3438 1681 3620 1721 sacer-

2015 1755 2169 1823 dotes
2202 1756 2354 1826 jussu
2387 1758 2631 1826 ejusdem
2664 1756 2862 1810 Tiberii
2889 1756 3164 1824 expositos
3201 1755 3367 1811 fuisse
3404 1757 3456 1811 in
3486 1758 3627 1813 illius

309 1867 540 1924 fantium
597 1870 651 1921 in
723 1865 1094 1937 superioribus
1159 1863 1358 1917 nostris
1439 1849 2197 1928 dissertationibuthempli
2223 1850 2522 1914 arboribus,
2548 1858 2813 1903 tantorum
2834 1849 3099 1904 scelerum
3122 1848 3624 1905 obumbratricibus.

310 1960 460 2031 plura
535 1957 944 2013 observavimus
1005 1954 1318 2028 (Disseruit.
1367 1955 1420 2010 in
1469 1953 1908 2027 Miuut..0ctav.,

312 2068 432 2122 cap.
455 2050 512 2115 9,
540 2059 642 2104 art.
661 2049 717 2114 2,
749 2059 795 2103 et
818 2047 1035 2102 Dissert.
1060 2048 1113 2101 in
1144 2046 1404 2111 Lactant.,
1442 2063 1561 2117 cap.
1586 2046 1675 2114 '54,
1703 2055 1801 2101 art.
1830 2049 1909 2119 5).

314 2146 576 2215 Superest
605 2144 766 2214 igitur
796 2151 962 2208 utea,
992 2156 1113 2210 quin
1142 2139 1474 2194 Tertulliano
1514 2149 1699 2195 nostro
1746 2155 1910 2210 pecu-

314 2239 463 2294 liaria
495 2238 642 2304 sunt,
679 2252 819 2291 nunc
846 2235 1117 2306 sigillatim
1146 2233 1532 2304 expendamus.

389 2333 585 2390 Narrat
640 2333 819 2405 itaque
863 2330 1040 2403 primo
1071 2331 1215 2385 hunc
1238 2345 1444 2385 morem
1478 2329 1915 2386 crudelissimum

321 2442 698 2499 perseverasse
746 2443 903 2497 usque
952 2426 1021 2478 ad
1060 2425 1474 2495 proconsulatum
1527 2423 1734 2479 Tiberii.
1787 2424 1916 2493 Qni-

319 2521 445 2576 dam
475 2530 652 2575 autem
709 2520 963 2590 suspicati
1002 2526 1129 2574 sunt
1158 2518 1230 2573 ibi
1282 2518 1597 2589 legendum,
1646 2535 1803 2590 usque
1846 2519 1915 2572 ad

322 2612 679 2685 proconsulem
708 2611 918 2679 Tiberii,
952 2610 1004 2666 id
1035 2617 1138 2678 est,
1170 2610 1548 2680 proconsulem
1585 2609 1911 2681 Quempiam,

318 2713 465 2759 auta
503 2703 719 2758 Tiberio
766 2705 1091 2773 imperatore
1131 2703 1379 2769 missum,
1432 2712 1522 2757 aut
1570 2704 1653 2758 cui
1702 2702 1917 2759 Tiberio

320 2812 641 2867 cognomen,
686 2807 739 2852 et
764 2797 901 2851 alius
930 2797 1151 2853 omnino
1173 2806 1311 2861 erat,
1345 2811 1505 2867 quam
1544 2796 1629 2851 hic
1671 2795 1917 2851 Tiberius

320 2888 636 2958 imperator,
667 2886 869 2958 illoque
897 2888 1184 2956 posterior.
1236 2885 1340 2942 Sed
1380 2886 1504 2956 quia
1562 2886 1680 2942 haec
1719 2887 1918 2957 qualis-

320 2998 554 3051 cumque
570 2980 877 3038 emendatio
902 2995 1008 3034 non
1035 2978 1355 3044 sufficiebat,
1386 2980 1609 3034 alteram
1641 2978 1916 3044 addidere,

321 3091 385 3132 ac
412 3084 593 3146 postea
650 3073 938 3144 legendum
968 3081 1310 3143 putaverunt,
1358 3081 1479 3126 teste
1531 3072 1715 3126 militia
1760 3072 1921 3139 patris

322 3168 504 3231 nostri,
539 3168 643 3222 hoc
671 3175 776 3233 est,
806 3166 944 3220 sicut
975 3164 1052 3219 illi
1076 3163 1474 3226 ominabantur,
1504 3164 1669 3233 patris
1711 3162 1920 3219 Tertul-

2013 1943 2167 1998 Circa
2204 1942 2482 2013 gentilium
2521 1943 2665 1997 enim
2690 1942 2887 2011 templa
2923 1942 3178 2011 plantatac
3200 1950 3354 1997 erant
3382 1941 3625 2009 arbores,

2015 2037 2267 2109 singulari
2301 2037 2561 2106 cujusque
2592 2036 2773 2106 templi
2805 2038 2914 2092 Deo
2942 2045 3291 2099 consecratae,
3339 2036 3408 2091 de
3436 2036 3629 2106 quibus

2020 2141 2080 2187 ut
2129 2132 2264 2186 alios
2312 2132 2644 2195 omittamus,
2673 2130 2790 2186 haec
2815 2131 3074 2202 Apuleius
3125 2130 3191 2186 de
3216 2130 3449 2201 quodam
3504 2130 3630 2186 fano

2018 2225 2213 2285 litteris
2240 2223 2543 2280 mandavit:
2580 2223 2727 2278 Videt
2752 2225 2887 2278 dona
2914 2225 3164 2293 speciosa,
3190 2234 3237 2277 et
3260 2224 3475 2278 lacinias
3503 2240 3629 2277 auro

2018 2314 2277 2379 luteratas,
2310 2318 2468 2371 ramis
2512 2318 2749 2371 arborum
2781 2318 3104 2386 postibusque
3129 2318 3354 2388 sit/ﬁxas,
3379 2332 3495 2388 quia
3513 2334 3627 2371 cum

1995 2410 2183 2485 'gratia
2207 2412 2331 2483 facti
2369 2426 2550 2464 nomen
2577 2409 2685 2464 dea:
2743 2411 2826 2463 cui
2873 2410 3275 2481 fuerantdicata:
3319 2412 3632 2465 testabantur

2018 2503 2237 2579 (Apulei
2255 2503 2626 2575 .lletantorph.,
2653 2503 2742 2559 lib.
2770 2503 2859 2562 Vl.
2884 2504 3036 2575 paulo
3067 2513 3179 2574 post
3220 2506 3328 2559 init.
3354 2523 3472 2577 pag.
3497 2506 3617 2575 92).

2021 2596 2182 2651 Vides
2227 2596 2384 2668 igitur
2416 2597 2467 2650 in
2516 2596 2601 2650 his
2653 2595 2935 2651 arboribus
2974 2612 3211 2668 appensa
3264 2596 3428 2652 fuisse
3466 2598 3628 2665 dona,

2022 2690 2193 2760 iisque
2227 2690 2505 2765 pra-fixum
2533 2705 2730 2744 nomen
2759 2689 2880 2756 dei,
2909 2690 2993 2744 cui
3036 2690 3290 2757 templum
3325 2688 3450 2744 illud
3490 2706 3628 2745 nun-

2020 2793 2267 2851 cupatum
2294 2793 2432 2838 erat.
2466 2786 2534 2837 At
2560 2784 2726 2837 exhis
2747 2783 3062 2849 arboribus,
3093 2784 3348 2851 templum
3386 2782 3625 2849 Saturni,

2022 2875 2097 2935 ait
2121 2878 2318 2931 Auctor
2346 2884 2553 2939 noster,
2580 2874 3044 2940 obumbrantibus,
3079 2875 3228 2932 facta:
3259 2885 3384 2931 sunt
3436 2878 3636 2933 votiva!

2023 2984 2089 3026 ac
2119 2970 2307 3025 dicate
2348 2983 2561 3034 cruces,
2590 2968 2784 3038 quibus
2814 2968 3243 3023 inhumanissimi
3274 2969 3346 3024 illi
3374 2970 3626 3025 sacerdo-

2025 3070 2109 3118 tes
2142 3054 2409 3131 suspensi,
2443 3062 2635 3132 laqueo
2661 3061 2823 3115 vitam
2854 3061 3007 3116 linire
3047 3061 3221 3116 coacti
3264 3072 3408 3117 sunt.
3440 3062 3630 3120 Utrum

2025 3164 2204 3209 autem
2231 3154 2422 3208 horum
2451 3153 2766 3209 Tertulliani
2789 3153 3111 3219 verborum,
3144 3170 3263 3225 quae
3300 3155 3630 3212 eruditorum

323 3266 475 3332 liani,
508 3264 596 3333 qui
620 3261 907 3332 proconsul
936 3259 1035 3314 fuit
1079 3268 1204 3330 post
1244 3258 1448 3313 Tiberii
1494 3258 1723 3313 Caisaris
1770 3271 1918 3311 mor-
1946 3268 1995 3337 ρ
2026 3247 2293 3317 ingenium
2321 3246 2465 3301 haud
2496 3255 3081 3337 parumqexercuerrunl.
3118 3260 3281 3302 verus
3310 3247 3380 3301 sit
3404 3261 3621 3315 sensus,

324 3365 459 3412 tem.
487 3356 557 3410 At
585 3354 815 3425 probare
844 3353 995 3424 prius
1037 3350 1304 3406 debebant
1354 3359 1560 3419 patrem
1602 3349 1922 3404 Tertulliani

322 3447 545 3518 proprio
603 3444 806 3500 Tiberii
863 3444 1082 3498 nomine
1124 3440 1291 3496 fuisse
1325 3440 1671 3510 appellatum.
1721 3440 1922 3496 Deinde

322 3554 454 3594 vero
483 3538 607 3593 huic
644 3536 968 3606 conjecturae
1013 3533 1348 3604 refragantur
1368 3547 1556 3588 omnes
1581 3573 1596 3598 ,
1622 3547 1744 3588 cum
1768 3531 1921 3600 editi,

324 3638 436 3684 tum
468 3628 816 3700 manuscripti
844 3626 1077 3682 codices.

397 3721 536 3791 Quid
582 3735 715 3776 vero
766 3719 988 3791 impedit
1016 3718 1305 3790 quominus
1334 3716 1581 3797 Tiberius
1607 3716 1923 3787 imperator,

325 3813 652 3869 dirissimmn
682 3812 810 3866 illud
836 3811 1116 3866 infantium
1145 3809 1466 3866 sacrificium
1502 3808 1556 3864 in
1597 3808 1773 3865 Africa
1802 3824 1924 3881 pro-

325 3903 603 3961 hibuerit?
655 3903 844 3959 Nonne
898 3901 1102 3959 Plinius
1145 3902 1424 3958 memoria:
1482 3902 1716 3973 prodidit
1780 3918 1925 3957 anno

327 3998 430 4053 647
471 3997 634 4053 Urbis
683 3996 919 4052 cimditte
941 4039 954 4062 ,
987 4012 1051 4052 ac
1118 3995 1217 4052 Cn.
1278 3996 1510 4052 Lentulo
1533 4040 1547 4063 ,
1600 4004 1655 4052 et
1688 3995 1747 4051 P.
1779 3996 1922 4052 Lici-

325 4088 644 4145 nio-Crasso
682 4089 1009 4157 consulibus,
1061 4074 1401 4145 interdiclum
1463 4087 1629 4144 fuisse
1680 4100 1925 4145 senatus-

326 4185 592 4252 consulto,
622 4198 689 4239 ne
710 4184 873 4239 homo
894 4183 1261 4240 immolaretur
1286 4201 1299 4238 :
1328 4183 1423 4240 sed
1446 4184 1569 4256 quia
1596 4183 1709 4241 haec
1730 4185 1923 4240 imma—

326 4273 546 4330 nissima
619 4274 953 4331 consuetudo
1020 4283 1202 4344 postea
1277 4274 1452 4330 adhuc
1531 4275 1675 4345 apud
1738 4275 1925 4333 Gallos

326 4366 749 4439 perseverabat:
803 4365 990 4422 Tiberii
1042 4366 1297 4435 Caesaris,
1362 4368 1553 4438 inquit,
1598 4367 1929 4438 iprincipatus

326 4459 531 4513 sustulit
581 4456 825 4537 Druides
858 4475 1051 4514 eorum.
1099 4501 1111 4514 .
1156 4495 1172 4512 .
1217 4498 1230 4512 .
1276 4496 1290 4511 .
1334 4496 1350 4511 .
1400 4474 1490 4512 nec
1527 4458 1650 4513 satis
1687 4459 1926 4515 wstimari

330 4559 496 4622 potest
520 4560 765 4621 quantum
794 4552 1040 4609 Romanis
1065 4553 1327 4618 debeatur,
1361 4552 1446 4621 qui
1470 4552 1716 4605 sustulere
1767 4568 1926 4605 utan-

2025 3337 2307 3407 espendas
2334 3337 2514 3403 velim,
2543 3337 2629 3391 vel
2658 3336 2818 3391 alium
2867 3336 3022 3393 nobis
3062 3337 3302 3407 proferas
3332 3337 3628 3393 meliorem.

2025 3435 2094 3488 At
2120 3430 2398 3487 nobiscum
2420 3430 2782 3502 proculdubio
2804 3429 3216 3512 fateberiskhuic
3257 3429 3379 3486 loco
3401 3430 3630 3501 aliquam

2024 3526 2199 3581 lucem
2244 3522 2423 3580 afferri
2475 3539 2632 3594 posse
2691 3524 2774 3578 his
2821 3523 3069 3579 versibus
3111 3521 3386 3589 Ausonii,
3442 3522 3633 3593 quibus

2026 3621 2279 3674 Amorem
2302 3617 2468 3687 Stipiti
2492 3617 2649 3688 myrti
2677 3631 3000 3687 suspensum
3042 3614 3274 3671 cecinit:

2211 3732 2421 3795 Eligitur
2446 3738 2619 3783 nia:le
2639 3738 2827 3794 ωπιιιε
2850 3729 3097 3795 ηθιὶδδίωδ
3120 3729 3264 3795 "mg"

2212 3791 2458 3844 Invidiosa
2478 3795 2627 3845 deum
2653 3791 2824 3854 pinnis.
2850 3793 3167 3843 Cruciaverat
3189 3791 3288 3841 illic

2214 3856 2398 3917 Spreta
2421 3855 2537 3903 olim
2564 3852 2835 3917 memorem
2862 3855 3074 3903 Veneris
3094 3852 3389 3917 Proserpina
3407 3852 3632 3904 Adonim.

2210 3915 2371 3980 Hujus
2393 3920 2443 3967 in
2466 3916 2671 3967 excelso
2693 3926 2989 3981 suspensum
3009 3917 3180 3981 stipite
3198 3915 3452 3981 Amorem,

2214 3977 2509 4043 Devinctum
2535 3988 2645 4043 post
2669 3977 2809 4043 terga
2849 3992 3049 4043 manus,_
3071 3977 3436 4043 Substrictaque
3461 3977 3638 4041 plantis

2213 4042 2423 4156 Xicalcqla
2445 4039 2917 4104 intercutemmullo
2940 4039 3277 4089 moderamine
3300 4052 3458 4101 pinnae

2313 4108 2353 4155 ’c
2374 4113 2479 4156 unt.

2313 4108 2479 4156 iclunt.

2526 4166 2724 4230 (Auson.
2748 4160 2891 4228 idyll.
2924 4163 2972 4224 9.,
2999 4177 3042 4213 υ.
3070 4163 3132 4214 55
3157 4167 3201 4213 et
3221 4163 3383 4230 seqq.)

2100 4276 2179 4333 Ne
2206 4277 2326 4347 quis
2354 4290 2517 4346 porro
2542 4273 2809 4328 dubitaret
2837 4271 2904 4327 de
2930 4279 3143 4341 sumpta
3168 4272 3236 4326 ab
3267 4272 3373 4327 illis
3415 4271 3640 4331 Saturni

2028 4368 2396 4425 sacerdotibus
2434 4381 2611 4437 poena,
2638 4373 2829 4419 testem
2850 4363 3050 4419 Auctor
3077 4374 3259 4425 noster
3287 4365 3516 4434 appellat
3534 4366 3638 4419 mi-

2028 4460 2199 4517 litiam
2247 4460 2431 4530 patriae
2482 4472 2614 4522 suae,
2675 4472 2793 4527 quae
2822 4456 3077 4525 idipsum,
3110 4457 3302 4526 inquit,
3332 4460 3533 4525 munus,
3556 4456 3641 4511 illi

2030 4554 2322 4624 proconsuli
2363 4552 2582 4608 Tiberio
2624 4555 2803 4622 functa
2842 4561 2914 4605 est
2955 4550 3309 4621 (Tertullian.
3339 4550 3636 4620 Apologet.,

327 4652 456 4710 stra,
487 4644 541 4698 in
568 4646 751 4714 quibus
781 4646 1035 4702 hominem
1079 4647 1307 4702 occidere
1334 4645 1766 4716 religiosissiimun
1794 4646 1929 4699 vide—
1953 4670 2010 4731 Β
2033 4664 2147 4721 cap.
2194 4649 2249 4714 9,
2283 4664 2398 4718 pag.
2424 4645 2533 4703 3l5
2557 4645 2596 4714 ),
2629 4643 2820 4715 quibus
2866 4643 3005 4697 haud
3051 4643 3212 4698 dubie
3255 4643 3432 4698 verbis
3472 4644 3639 4713 signi-

329 4734 494 4801 batur,
511 4736 686 4791 mandi
717 4754 834 4793 vero
852 4740 1006 4794 etiam
1034 4737 1424 4794 saluberrimum
1443 4736 1609 4810 (Plin.
1635 4737 1722 4790 lib.
1754 4737 1926 4792 XXX.

329 4837 503 4884 natur.
533 4827 700 4895 Hist.,
732 4846 848 4901 cap.
877 4831 940 4895 ιτ
965 4846 1086 4901 pag.
1130 4829 1233 4884 728
1260 4829 1302 4902 ).
1336 4829 1574 4885 Audisne
1613 4829 1930 4909 impiissian

329 4921 601 4978 sacrificio
641 4938 748 4978 non
801 4923 978 4978 solum
1024 4924 1237 4979 occisos
1264 4938 1292 4976 a
1324 4924 1611 4994 gentilibus
1661 4922 1934 4989 homines,

330 5015 427 5072 sed
481 5030 727 5072 comesas
777 5017 938 5072 etiam
990 5018 1207 5072 illorum
1265 5017 1499 5072 carnes?
1558 5018 1629 5071 At
1685 5016 1933 5073 Tiberius

331 5107 511 5165 Caesar
535 5109 665 5165 illud
717 5110 769 5164 in
811 5109 979 5166 Gallia
1005 5119 1061 5164 et
1105 5110 1231 5163 alibi
1282 5110 1557 5165 sustulisse
1597 5109 1930 5180 perhibetur.

337 5200 531 5266 Quidni
563 5213 616 5257 et
647 5200 702 5256 in
732 5200 933 5266 Africa,
979 5201 1141 5255 sicuti
1171 5200 1535 5255 Tertullianus
1577 5208 1685 5255 tam
1737 5200 1936 5255 diserte

333 5295 681 5364 pronuntiat?
711 5295 766 5348 Si
811 5294 936 5365 quid
962 5302 1138 5349 autem
1164 5293 1217 5350 in
1256 5293 1413 5363 hujus
1447 5293 1715 5363 Opinionis
1743 5293 1937 5348 conliro

330 5385 623 5441 mationem
679 5387 984 5457 exemplum
1006 5387 1183 5441 simile
1202 5385 1449 5441 conferre
1476 5385 1669 5449 valeat,
1690 5383 1821 5439 illud
1849 5384 1940 5439 Jo-

330 5478 532 5548 sephus
562 5480 719 5536 nobis
761 5489 1010 5553 suggeret
1037 5479 1302 5554 (Joseplt.,
1331 5477 1646 5550 Antquud.
1683 5479 1719 5534 l.
1744 5478 1939 5536 XVIII.

332 5587 450 5641 cap.
478 5573 536 5638 4.
562 5590 685 5647 pag.
726 5574 831 5631 622
853 5574 895 5647 ).
929 5575 1203 5632 Testatum
1249 5572 1446 5644 quippe
1484 5572 1610 5628 facit
1654 5571 1722 5630 ab
1746 5574 1936 5631 eodem

334 5656 553 5721 Tiberio
581 5665 815 5722 dirutum
851 5666 1004 5722 lsidis
1034 5667 1318 5739 templum,
1341 5665 1742 5738 projectamque
1770 5668 1824 5722 in
1846 5667 1942 5722 Ti-

333 5751 510 5809 berim
561 5756 679 5828 ejus
702 5766 957 5828 statuam,
984 5775 1050 5818 eo
1083 5761 1227 5834 quod
1255 5757 1477 5816 Paulina
1500 5758 1695 5817 nobilis
1742 5758 1937 5816 mulier

334 5860 371 5901 a
407 5845 571 5908 Decio
599 5850 795 5910 Mundo
820 5853 1041 5926 juvene,
1070 5853 1232 5927 deum
1257 5852 1474 5913 Anubin
1520 5854 1806 5915 simulate
1827 5895 1843 5923 ,
1876 5853 1933 5912 in

2036 4742 2156 4797 fleat
2208 4741 2403 4795 milites
2464 4738 2700 4803 Africm,
2759 4737 2848 4806 qui
2901 4745 3025 4789 tunc
3072 4735 3173 4791 sub
3234 4735 3450 4790 Tiberio
3512 4750 3636 4806 ι)το-

2035 4835 2257 4893 consule
2316 4831 2616 4898 merebant,
2669 4831 2796 4885 dum
2850 4845 2950 4886 suo
2999 4843 3220 4884 munere
3271 4829 3639 4899 fungerentur,

2036 4928 2235 4984 vidisse
2260 4925 2572 4982 sacerdotes
2596 4924 2646 4978 in
2675 4923 2784 4978 illis
2810 4921 3092 4977 arboribus
3111 4921 3366 4991 suspendi
3388 4931 3442 4978 et
3462 4933 3640 4977 stran-

2034 5023 2228 5097 gulari.
2253 5021 2451 5076 Verum
2480 5019 2707 5091 gentiles
2735 5032 2922 5073 eorum
2949 5016 3197 5086 exemplo
3226 5017 3398 5072 territi
3418 5017 3637 5085 quidem

2036 5115 2271 5182 fuerunt,
2296 5113 2390 5168 sed
2435 5130 2542 5168 non
2571 5113 2782 5182 penitus
2811 5111 3118 5181 expugnati.
3178 5109 3296 5167 Non
3338 5111 3483 5166 enim
3525 5126 3643 5165 am-

2036 5207 2177 5278 plius
2236 5205 2507 5261 audebant
2554 5204 2782 5258 infantes
2833 5203 3065 5258 Saturno
3122 5204 3300 5272 palam
3344 5203 3640 5269 immolare;

2038 5314 2227 5356 verum
2255 5314 2390 5353 nunc
2416 5299 2471 5351 in
2498 5296 2717 5359 occulto,
2746 5295 2823 5349 ait
2868 5295 3227 5350 Tertullianus
3247 5336 3261 5360 ,
3302 5306 3647 5365 perseveratur

2040 5392 2135 5446 hoc
2159 5408 2361 5446 sacrum
2390 5391 2592 5464 facinus
2623 5388 2817 5460 (Idem,
2840 5387 2965 5442 ibid.
2993 5386 3034 5457 ).
3061 5386 3232 5441 Falsa:
3279 5385 3440 5457 igitur
3477 5387 3648 5457 pietao

2041 5484 2113 5539 tis
2142 5484 2323 5553 specie
2354 5482 2613 5537 adversus
2643 5482 2959 5535 innocentes
2984 5478 3123 5533 filios
3152 5492 3279 5532 suos
3294 5478 3504 5543 armati,
3530 5477 3647 5532 illos

2042 5584 2253 5632 secreto
2275 5585 2330 5631 et
2372 5575 2599 5641 occulte,
2627 5589 2690 5631 ac
2714 5572 2909 5643 Spretis
2925 5571 3309 5642 imperatorum
3327 5584 3546 5625 suorum
3568 5570 3645 5626 le-

2040 5670 2229 5743 gibus,
2267 5676 2507 5723 mactare
2552 5683 2658 5722 non
2708 5665 3050 5722 destiterunt.
3092 5664 3268 5735 Atque
3314 5662 3386 5718 ita
3425 5661 3642 5734 quidem

2037 5765 2323 5830 Saturnus,
2354 5761 2445 5834 qui
2472 5761 2592 5817 filiis
2618 5760 2750 5828 suis,
2788 5768 2847 5815 ut
2864 5759 2941 5814 ait
2971 5759 3172 5815 Auctor
3202 5764 3406 5826 noster,
3446 5765 3501 5815 ct
3534 5769 3634 5814 nos

2036 5855 2164 5913 alibi
2192 5855 2441 5931 ,vidimus
2462 5854 2703 5930 (Ibidem.
2736 5862 2784 5909 et
2816 5852 3021 5909 dissert.
3070 5851 3126 5906 in
3172 5849 3367 5911 Hinut.
3414 5848 3591 5907 0cm.
3621 5890 3638 5919 ,
