4212 6262
563 390 709 451 tuas
1625 375 1695 433 1N
1737 365 2205 431 TERTULLIANI
2242 333 2780 423 [trememtem
3721 348 3865 405 toea

564 527 681 582 cap.
705 508 761 576 9,
793 514 890 560 art.
921 501 1000 575 2),
1032 513 1140 556 non
1169 495 1432 570 pepercit,
1460 492 1744 566 pristinam
1783 503 1890 546 non
1914 483 2162 556 deposuit
2186 482 2242 542 Α
2266 496 2411 546 nem,
2433 477 2530 535 sed
2556 477 2832 533 hominum
2892 477 2986 528 aut
3028 466 3428 533 bestiariorum,
3457 470 3550 519 aut
3597 463 3869 518 noxiorum

2115 577 2129 582 -
2276 576 2287 582 -
2404 574 2415 582 .
2646 569 2719 582 ι...
2785 567 2893 582 -
3028 566 3042 582 .
3332 578 3415 582 ,ψ
3458 560 3492 582 η
3549 575 3647 582 ___
3697 557 3833 582 .m,

565 557 1273 667 crudelitatem;voluitque
1301 557 1534 647 aliortim
1560 585 1839 643 hominum
1870 588 2060 654 gnatos
2085 577 2163 634 si-
2257 574 2613 647 jugulatorum
2640 567 2982 642 (Tertullian.
3007 564 3303 667 Αροιοςθιιεε.ἶ
3321 560 3515 632 cap.9,
3547 575 3667 667 pag.
3697 557 3793 616 Sil
3817 559 3854 628 ).

567 695 620 752 bi
649 692 823 748 adhuc
849 652 1134 744 immolari.
1182 652 1200 664 .
1876 652 1892 654 _
2269 667 2428 737 Atqui
2459 664 2636 738 primi,
2670 661 2827 718 siculi
2857 660 3090 728 aiebant,
3140 655 3382 712 vilissimi
3410 663 3566 711 erant
3596 652 3861 717 homines,

637 781 892 853 Quamvis
932 794 1062 850 ergo
1083 759 1088 764 ’
1113 775 1392 833 christiani
1443 771 1699 828 infantem
1743 769 1998 839 aliquem,
2026 762 2168 833 quod
2271 761 2358 831 qui
2392 761 2541 814 lucro
2570 754 2847 820 conducti,
2878 765 3098 822 cperam
3129 749 3319 806 bestiis
3361 744 3699 802 trucidandis
3727 744 3870 798 ultro

567 875 911 933 falsissimum
931 881 1107 927 tamen
1133 875 1271 936 erat,
1299 868 1350 922 in
1373 865 1662 938 synaxibus
1690 861 1802 917 suis
1822 858 2166 924 occidissent,
2271 850 2536 905 locabant.
2599 844 2831 901 Secundi
2885 858 3014 898 vero
3070 856 3165 897 sua
3218 847 3438 909 propter
3466 837 3694 902 scelera,
3736 835 3874 890 sicut

568 983 674 1025 non
692 964 958 1021 debebant
981 963 1049 1018 ab
1077 959 1306 1016 ethnicis
1329 927 1528 1014 ideirco
1544 955 1692 1026 argui
1720 964 1774 1008 et
1800 946 2168 1016 condemnari,
2275 940 2412 995 infra
2441 936 2751 1003 dicendum,
2782 934 3041 991 adversus
3094 933 3325 996 bestias,
3352 930 3461 984 lata
3483 927 3720 998 judicum
3742 941 3873 981 sen-

569 1059 658 1130 qui
693 1055 938 1126 preprios
991 1051 1130 1108 ﬁlios
1179 1065 1305 1105 suos
1345 1045 1732 1104 immanissima
1785 1041 2173 1098 inhumanitate

2308 1030 2736 1100 entia,pugnare
2782 1026 3138 1096 cogebantur.
3166 1020 3311 1076 Nihil
3357 1035 3508 1090 ergo,
3563 1017 3879 1089 inquiebant

572 1115 778 1205 hostias
808 1148 1060 1215 Saturno,
1095 1144 1170 1199 uti
1199 1141 1590 1214 opinabantur,
1619 1133 1954 1210 gratissimas
2007 1131 2177 1188 sacri-
2276 1125 2499 1190 ethnici,
2525 1124 2780 1178 horumce
2811 1121 3088 1175 hominum
3120 1118 3296 1173 cmdes
3327 1117 3450 1171 mali
3497 1115 3740 1170 habebat.

573 1240 830 1298 ﬁcabaut.
1045 1207 1058 1215 ⁷
1235 1207 1252 1214 ’
1577 1207 1580 1208 ν
1626 1207 1644 1210 ⁷
2349 1217 2457 1274 Sed
2483 1215 2846 1272 Tertullinnus
2879 1228 3073 1268 vanum
3114 1211 3244 1268 illud
3283 1209 3532 1281 effugium
3560 1207 3713 1263 facile
3739 1207 3882 1262 cito-

2289 1327 2396 1382 que
2425 1310 2621 1366 evertit
2671 1310 2693 1380 (
2705 1307 2729 1361 l
2741 1309 2844 1362 bid.
2872 1307 2911 1377 ).
2944 1305 3240 1361 Besﬁaritts
3271 1305 3464 1366 enim,.
3487 1300 3885 1371 quantumlibet

2283 1404 2428 1468 vilis,
2463 1403 2670 1472 fquue
2708 1400 2888 1454 infima
2915 1396 3172 1461 civitatis,
3206 1410 3312 1450 non
3347 1392 3546 1448 idcirco
3573 1402 3749 1444 tamen
3779 1388 3885 1444 mi-

2283 1510 2384 1552 nus
2418 1495 2578 1550 homo
2606 1502 2708 1559 est,
2738 1498 2962 1562 parique
2986 1487 3276 1544 homicidio
3322 1487 3426 1540 vita
3447 1485 3543 1550 illi,
3565 1484 3705 1554 sicut
3727 1482 3889 1537 ditio-

2286 1589 2352 1653 ri,
2386 1585 2638 1656 eripitur.
2673 1584 2732 1639 Si
2765 1599 2895 1637 vero
2933 1581 3233 1636 sceleratus
3258 1586 3433 1632 morte
3459 1575 3746 1631 damnatus
3793 1574 3886 1640 sit,

653 1681 934 1745 Romanos,
967 1679 1051 1748 qui
1080 1680 1132 1731 in
1160 1674 1528 1732 IEneadarum
1561 1673 1691 1727 urbe
1711 1669 1890 1723 Jovem
1921 1667 2054 1721 ludis
2077 1667 2183 1722 suis

2308 1694 2332 1734 s
2355 1688 2502 1734 certe
2530 1692 2638 1747 quo
2661 1674 2913 1746 iniquior,
2941 1688 3008 1728 eo
3035 1670 3302 1741 indignior
3323 1710 3338 1734 ,
3371 1668 3462 1741 qui
3489 1666 3610 1722 Jovi
3639 1663 3890 1720 immola-

652 1775 873 1826 humano
925 1769 1219 1840 proluebant
1268 1767 1558 1836 sanguine;
1611 1773 1758 1832 atque
1821 1751 2076 1832 aliosjqui
2103 1757 2185 1813 ’li-

2308 1781 2458 1837 'etur,
2486 1770 2601 1824 sive
2632 1778 2687 1822 ut
2717 1767 3001 1834 ipsinsmet
3042 1760 3357 1818 Tertulliani
3409 1758 3589 1814 verbis
3639 1766 3888 1812 utamur:

653 1871 884 1924 berorum
938 1879 1146 1918 suorum
1198 1876 1368 1914 recens
1415 1867 1650 1912 natorum
1670 1857 1908 1925 spiritum
1955 1854 2006 1906 iit
2053 1867 2187 1922 aqua
2217 1875 2266 1935 Β
2297 1863 2410 1918 "ac
2461 1863 2677 1933 ηινρίυε,
2723 1859 2858 1930 quod
2914 1857 3034 1911 ηιαιξ
3091 1855 3308 1910 homini;
3338 1851 3552 1927 (Πήφ),
3583 1849 3802 1920 sanguis
3839 1848 3891 1904 in

654 1955 1032 2028 extorquebant,
1059 1955 1137 2008 vel
1157 1951 1580 2021 eos-exponebant
1622 1949 1771 2002 morti
1800 1946 1939 2000 haud
1965 1961 2176 2015 prorsus

2309 1957 2496 2023 ummi,
2523 1955 2690 2010 veluti
2719 1953 2962 2016 aiebant,
2996 1951 3080 2004 dei
3113 1949 3370 2002 honorem
3411 1943 3669 2000 funditur.
3687 1941 3889 2011 Quam-

653 2055 894 2116 incertat;
921 2059 1166 2120 quantum
1191 2061 1307 2100 vero
1346 2042 1622 2098 Christiani
1649 2041 1710 2094 ab
1740 2040 1878 2093 onmi
1901 2037 2177 2092 homicidio

2308 2049 2467 2104 ibrem
2500 2047 2569 2102 ibi
2614 2045 2708 2100 ille
2756 2043 2822 2098 de
2876 2041 3126 2104 ethnicis,
3158 2047 3212 2094 et
3238 2035 3587 2094 eorumJovc
3605 2033 3744 2088 haud
3769 2033 3893 2087 ille-

656 2145 1003 2208 abhorrerent,
1035 2139 1214 2207 quibus
1246 2152 1344 2192 nec
1373 2134 1426 2190 in
1457 2144 1608 2189 utero
1638 2140 1956 2201 conceptum
1988 2129 2182 2184 dissol-

2308 2140 2408 2195 lide
2431 2136 2658 2210 jocando
2680 2132 3010 2191 exclamabat
3033 2151 3043 2184 :
3069 2131 3114 2186 ο
3137 2131 3314 2184 Jovem
3329 2123 3891 2196 christianum(lbid.)!

658 2251 785 2291 "ere
815 2235 950 2300 ιίεειν
981 2233 1107 2288 dum
1135 2229 1311 2286 adhuc
1338 2227 1554 2298 εθιιευίδ
1606 2225 1662 2280 in
1715 2223 1991 2278 hominem
2046 2220 2182 2278 deli‘
2284 2234 2384 2302 Qui
2415 2230 2708 2296 homicidii,
2735 2228 2887 2298 cujus
2930 2225 3216 2282 Christiani
3243 2223 3377 2278 falso
3419 2218 3890 2285 insimulabantur,

658 2308 836 2363 balur-
1597 2370 1604 2377 .
2285 2338 2474 2381 caussa
2507 2333 2797 2392 auctorque
2819 2320 2933 2386 fuit,
2959 2328 3014 2375 et
3035 2333 3100 2374 eo
3133 2317 3283 2372 titulo
3308 2314 3476 2371 solun:
3499 2313 3661 2384 patris
3686 2311 3766 2365 sui
3791 2309 3894 2366 Sa-

2290 2419 2452 2486 turni,
2487 2418 2574 2488 qui
2605 2417 2742 2471 lilios
2764 2429 2890 2470 suos
2935 2419 3241 2476 voraverat,
3274 2409 3443 2480 ﬁlium
3469 2407 3534 2463 de
3573 2405 3892 2470 crudelitate,

1170 1385 1462 1428 ARTICULUS
1499 1384 1577 1423 111.

587 1493 889 1547 Ostenditur
916 1491 1176 1546 homicidii
1204 1504 1400 1560 quoque
1421 1502 1531 1540 reos
1552 1485 1706 1555 fuisse
1727 1481 2011 1550 Gallos,qni
2034 1478 2178 1535 Mer-

649 1589 791 1641 curio
810 1604 828 1654 ;
850 1585 1069 1650 Tauros,
1101 1584 1186 1654 qui
1213 1583 1394 1636 Diana:
1422 1580 1646 1634 homines
1668 1574 1995 1630 immolabant
2019 1589 2036 1625 :
2065 1573 2181 1626 item

660 2427 1008 2498 Prosequitur
1053 2423 1446 2490 Tertullianus,
1486 2437 1548 2477 ac
1576 2420 1805 2493 gentiles
1832 2415 2103 2488 parricidii
2131 2422 2187 2470 et

591 2519 864 2574 homicidii
906 2533 1029 2572 reos
1057 2532 1178 2573 esse
1206 2516 1560 2569 demonstrat.
1593 2512 1724 2567 Nam
1780 2512 1966 2580 major,
2026 2523 2183 2578 quam

593 2599 873 2665 infantium
904 2620 1056 2674 tetas,
1115 2609 1304 2678 inquit,
1352 2606 1491 2675 apud
1531 2604 1705 2658 Gallos
1753 2604 1804 2656 in
1847 2601 1952 2656 suis
1994 2615 2191 2671 quoque

591 2703 751 2756 sacris
771 2699 1027 2754 Mercurio
1045 2698 1404 2767 prosecabatur
1426 2711 1445 2760 ;
1471 2705 1523 2751 et
1545 2695 1596 2749 id
1628 2693 1841 2763 quidem
1860 2692 1964 2747 alio
1982 2693 2032 2745 in
2052 2690 2191 2746 libro

593 2792 789 2862 repetit
841 2789 1214 2864 (Tertull-iatn,
1271 2788 1538 2858 Apologet.
1581 2803 1697 2840 can.
1755 2787 1811 2850 9,
1844 2801 1962 2854 pag.
1995 2781 2125 2846 516,
2145 2790 2192 2835 et

597 2882 838 2951 Scorpia.
906 2899 1018 2951 cap.
1058 2879 1164 2951 7).
1228 2879 1336 2934 Nos
1397 2894 1524 2933 vero
1580 2877 1648 2932 de
1690 2876 1792 2930 hoc
1841 2888 2059 2945 prorsus
2107 2888 2197 2928 ex-

597 2974 866 3030 secrando
911 2973 1177 3028 sacrificio
1230 2972 1377 3040 plura
1425 2970 1547 3039 alibi
1600 2968 1976 3023 annovatimus
2023 2963 2194 3036 (Dis-

596 3075 768 3122 sertat.
817 3068 870 3120 in
902 3065 1089 3120 Minut.
1117 3064 1324 3127 0ctav.,
1354 3080 1473 3134 cap.
1509 3063 1563 3117 9.
1621 3070 1719 3115 art.
1749 3060 1832 3130 ἓ),
1867 3058 1956 3114 ubi
1987 3071 2198 3128 quoque

595 3157 877 3216 enodatius
932 3173 992 3212 ea
1049 3155 1455 3226 explicavimus.
1488 3169 1607 3223 quae
1637 3153 1726 3207 ille
1769 3152 2023 3207 continuo
2072 3147 2201 3202 sub-

2294 2527 2397 2582 qua
2429 2509 2679 2565 videlicet
2703 2508 2777 2562 illi
2806 2506 2905 2560 fuit
2932 2504 3146 2560 similis.

2369 2603 2529 2673 Urget
2557 2602 2937 2668 Tertullianus,
2971 2614 3033 2654 ac
3058 2597 3231 2667 majus
3258 2595 3349 2651 illo
3377 2592 3661 2684 homicidio
3685 2591 3896 2647 crimen

2293 2711 2480 2752 eorum
2520 2709 2639 2750 esse
2684 2693 2912 2757 asserit,
2941 2692 3027 2761 qui
3054 2699 3198 2744 natos
3223 2689 3318 2743 sibi
3360 2687 3538 2742 liberos
3575 2684 3895 2740 enecabant.

2298 2787 2461 2843 Visne
2489 2787 2634 2842 illum
2686 2785 2930 2840 ethnicos
2981 2793 3258 2855 urgentem
3289 2794 3344 2837 et
3390 2781 3753 2852 alloqucntem
3805 2793 3903 2831 au-

2297 2881 2450 2936 dire?
2481 2881 2619 2935 Ecce
2647 2880 2874 2949 ipsumet
2900 2879 3016 2948 ejus
3061 2867 3222 2933 verba
3257 2894 3271 2930 :
3325 2875 3508 2945 Utique
3545 2874 3804 2929 crudelius
3848 2873 3902 2926 in

2300 2992 2434 3045 aqua
2459 2976 2695 3046 spiritum
2735 2973 3061 3042 extorquetis,
3109 2981 3195 3024 aut
3245 2971 3438 3042 frigori,
3471 2979 3518 3023 et
3545 2969 3697 3039 fami,
3731 2976 3780 3020 et
3807 2982 3898 3019 ca-

2301 3069 2448 3122 nibus
2493 3067 2761 3138 exponitis.
2816 3065 2921 3118 Sed
2969 3065 3208 3134 inquires
3251 3079 3342 3118 cur
3381 3061 3651 3116 crudelius
3703 3060 3904 3114 mortis

2302 3174 2472 3231 genus
2519 3160 2588 3214 ab
2630 3158 2721 3212 illo
2779 3156 2989 3212 dicatur
3043 3155 3324 3211 infantium
3371 3155 3616 3223 spiritum
3671 3152 3722 3204 in
3761 3164 3905 3219 aqua

599 3252 794 3308 nectit:
830 3250 1048 3305 Remitto
1081 3249 1327 3306 Tauricas
1356 3248 1558 3320 fabulas
1587 3247 1794 3301 theatris
1844 3245 1951 3298 suis
1984 3240 2196 3314 (ibid.);
2226 3260 2271 3324 ρ
2305 3251 2564 3321 extingui,
2604 3249 2951 3320 Respondent
3007 3248 3249 3302 nmmum
3297 3246 3678 3317 philosophos,
3709 3243 3911 3312 quibus

599 3346 713 3401 sive
770 3345 1223 3414 quemadmodum
1281 3344 1396 3412 ipse
1450 3343 1502 3396 in
1558 3340 1666 3394 alio
1720 3338 1862 3394 libro
1917 3336 2196 3404 loquitur:

603 3436 752 3491 Nihil
797 3437 905 3491 illic
950 3437 1047 3491 nisi
1099 3439 1272 3508 feritas
1327 3435 1476 3499 calet,
1527 3433 1617 3487 illa
1664 3431 1868 3496 scilicet,
1904 3443 2019 3501 qua:
2048 3425 2194 3498 fabu-

604 3529 679 3583 las
708 3527 844 3582 dedit
874 3529 937 3582 de
952 3528 1218 3596 sacriﬁciis
1248 3509 1535 3581 Taurorum
1583 3522 1949 3594 (Tcrtullian.,
1977 3521 2076 3574 loc.
2108 3519 2196 3572 cit.

602 3630 646 3674 et
700 3620 787 3672 lib.
829 3619 1078 3674 ladvers.
1133 3618 1407 3682 Marciam,
1437 3633 1551 3686 cap.
1594 3615 1714 3686 1),
1791 3613 1883 3684 qui
1948 3610 2198 3667 videlicet

603 3711 786 3766 Di-«me
815 3714 1053 3782 hospites
1082 3725 1209 3764 suos
1241 3708 1611 3764 immolabant.

678 3801 856 3871 Pergit
915 3809 1142 3856 autem:
1195 3799 1326 3855 Ecce
1378 3801 1430 3852 in
1481 3798 1574 3852 illa
1642 3796 2023 3868 religiosissima
2081 3792 2203 3848 urbe

607 3893 962 3952 JEneadarum
989 3893 1192 3963 piorum
1219 3901 1292 3947 est
1321 3890 1529 3962 Jupiter
1552 3890 1777 3960 quidem,
1815 3888 2064 3943 nimirum
2095 3885 2201 3941 La-

606 3984 782 4049 tiaris,
839 4001 987 4056 quem
1039 3982 1171 4037 ludis
1213 3983 1319 4036 suis
1356 3982 1707 4044 circensibus,
1763 3987 1816 4034 et
1879 3971 2204 4048 gladiatoriis

613 4084 837 4137 humano
887 4082 1130 4154 proluunt
1175 4081 1444 4152 sanguine.
1477 4078 1616 4132 Alibi
1656 4091 1785 4131 vero
1826 4075 2084 4146 scriptum
2138 4070 2205 4126 ab

610 4194 676 4234 eo
710 4179 937 4249 legimus
964 4198 978 4235 :
1028 4179 1179 4233 Latio
1211 4179 1278 4232 ad
1308 4177 1612 4232 hodiernum
1636 4174 1755 4229 Jovi
1784 4173 1951 4228 media
1978 4173 2031 4225 in
2071 4169 2206 4227 Urbe

607 4273 864 4326 humanus
890 4274 1100 4344 sanguis
1133 4274 1462 4343 ingustatur;
1495 4287 1584 4325 nec
1623 4270 1892 4341 quisquam
1937 4275 2202 4333 retractat,

610 4378 697 4421 aut
721 4383 820 4420 non
845 4369 1097 4422 rationem
1122 4369 1382 4438 prtesumit
1412 4367 1655 4437 aliquam,
1688 4373 1775 4418 aut
1803 4361 2208 4418 inaestimabilem

609 4460 690 4512 dei
721 4461 797 4513 sui
827 4460 1134 4514 voluntatem
1162 4457 1353 4529 (Idem.
1380 4459 1647 4531 Apologet.
1677 4474 1794 4529 cap.
1823 4455 1878 4511 9.
1915 4472 2036 4526 pag.
2067 4453 2204 4517 5l7;

611 4550 879 4621 Scorpiac.
907 4568 1024 4623 cap.
1046 4550 1136 4622 7).
1184 4552 1313 4620 Quis
1342 4533 1656 4608 autemnon
1687 4549 1832 4605 videt
1858 4549 1926 4602 ab
1969 4547 2061 4601 illo
2086 4545 2208 4600 reli-

2301 3345 2532 3398 accessit
2579 3342 2822 3407 Servius,
2871 3340 3121 3396 docuisse
3163 3340 3398 3394 animam
3432 3337 3666 3390 hominis
3697 3336 3910 3405 igneam

2301 3449 2440 3497 esse,
2466 3432 2817 3505 qum-idcirco
2867 3433 2920 3486 in
2948 3447 3081 3498 aqua
3131 3429 3405 3485 difﬁcilius
3431 3427 3783 3494 extinguitur,
3817 3434 3912 3481 ant

2303 3526 2564 3597 redigitur
2592 3526 2645 3580 in
2676 3523 2897 3579 nihilum
2928 3524 2949 3593 (
2975 3523 3121 3578 Serv.
3166 3522 3219 3574 in
3249 3521 3340 3575 lib.
3388 3519 3411 3574 Ι
3465 3517 3684 3573 ΛΕηεὶἀ.
3723 3516 3907 3588 Virgil.

2303 3636 2353 3674 υ.
2393 3618 2524 3688 95).
2569 3617 2819 3672 Omnium
2849 3624 3027 3669 autem
3074 3614 3214 3668 hanc
3253 3627 3440 3668 revera
3474 3609 3908 3667 crudelissimam

2304 3727 2426 3767 esse
2466 3719 2694 3765 mortem
2723 3706 2934 3779 probari
2967 3721 3130 3778 posse
3166 3715 3355 3777 putant
3390 3705 3475 3762 his
3511 3703 3688 3760 Ovidii
3711 3702 3912 3759 carmi-

2304 3804 2483 3859 nibus.

2431 3893 2538 3944 Non
2563 3893 2751 3942 lethum
2774 3893 2946 3954 timeo,
2973 3904 3133 3954 genus
3157 3898 3233 3940 est
3259 3888 3541 3954 miserabile
3564 3888 3769 3954 mortis:

2491 3955 2695 4007 Demite
2714 3952 3016 4017 naufragium
3036 3992 3050 4014 ,
3079 3967 3210 4002 mors
3232 3953 3348 4002 mihi
3376 3965 3554 4001 munus
3567 3952 3678 4000 erit.

2616 4033 2777 4100 (Ovid.
2805 4033 2890 4088 lib.
2915 4043 2931 4086 ι
2956 4036 3101 4088 Trist.
3124 4033 3246 4100 eleg.
3265 4034 3312 4098 2,
3338 4048 3383 4086 υ.
3407 4035 3465 4085 57
3484 4040 3530 4086 et
3551 4033 3706 4097 seqq.)

2313 4168 2510 4225 Verum
2535 4168 2652 4224 haec
2670 4169 2897 4225 canebat
2935 4177 3090 4240 poeta
3121 4183 3306 4224 amore
3346 4167 3598 4238 sepulcri,
3629 4181 3736 4237 quo
3762 4180 3898 4220 nau—

2308 4261 2492 4331 fragus
2517 4262 2798 4317 caruisset.
2830 4261 2909 4316 Ad
2938 4261 3282 4331 philosophos
3309 4270 3484 4314 autem
3507 4257 3646 4330 quod
3667 4257 3856 4312 attinet
3879 4298 3894 4323 ,

2309 4355 2356 4412 si
2384 4355 2792 4424 aliquianimatn
2823 4353 3056 4407 hominis
3082 4352 3280 4423 ignem,
3305 4352 3392 4405 alii
3411 4358 3556 4406 certe
3571 4364 3783 4420 aquam,
3811 4346 3902 4401 alii

2317 4449 2632 4521 corpus,alii
2654 4449 2924 4521 spiritum,
2951 4447 3040 4501 alii
3064 4446 3232 4511 aliud,
3255 4447 3391 4501 sicut
3413 4445 3539 4500 alibi
3557 4441 3910 4505 ostendimus,

2311 4542 2616 4616 (Dissertat.
2645 4546 2698 4596 in
2723 4539 2959 4596 Lactant.
2990 4556 3106 4609 cap.
3132 4538 3225 4594 23.
3257 4547 3357 4591 art.
3380 4536 3462 4608 2),
3491 4551 3611 4592 esse
3641 4533 3913 4589 existima-

611 4647 910 4717 giosissimaz
962 4647 1101 4701 urbis
1129 4655 1183 4701 et
1211 4645 1569 4701 {Eneadarum
1600 4645 1798 4714 piorum
1829 4641 2068 4707 nomine,
2091 4653 2198 4694 non
2231 4648 2286 4708 ι)
2313 4645 2520 4691 verunt.
2551 4633 2916 4690 Tertullianus
2947 4647 3111 4703 porro
3131 4645 3236 4686 non
3275 4629 3432 4698 unius
3465 4624 3775 4699 philosophi
3815 4637 3909 4694 po-

612 4754 802 4810 magna
856 4741 973 4795 sine
1041 4739 1211 4794 ironia
1279 4737 1534 4809 appellari
1615 4737 1919 4796 Romanos,
1975 4732 2067 4803 qui
2139 4730 2208 4786 ab

613 4831 810 4901 Enea,
850 4850 1008 4904 quem
1059 4834 1256 4903 ubique
1286 4833 1483 4903 passim
1514 4832 1765 4900 Virgilius
1819 4830 1965 4901 pitnn
1996 4837 2204 4899 patrem

612 4939 792 4995 vocat,
840 4943 992 4983 suam
1023 4943 1080 4983 se
1127 4927 1386 4996 originem
1417 4924 1636 4978 duxisse
1663 4921 2066 4994 gloriabantur?
2105 4919 2207 4987 Qui

617 5035 794 5080 autem
825 5023 994 5092 magis
1021 5020 1186 5090 impii,
1221 5028 1274 5074 et
1307 5018 1482 5074 minus
1513 5017 1745 5088 religiosi
1774 5030 1896 5072 esse
1940 5023 2208 5086 poterant,

617 5134 776 5187 quam
810 5117 861 5170 lii
918 5113 1165 5178 Ruinam,
1195 5112 1289 5184 qui
1338 5113 1388 5166 in
1446 5110 1586 5165 ludis
1623 5119 1676 5166 et
1729 5109 2042 5164 muneribus
2098 5105 2220 5162 ,Ιογί

621 5210 840 5277 Latiari,
859 5207 962 5265 deo
983 5221 1082 5262 suo
1098 5207 1302 5276 optimo
1319 5212 1373 5258 et
1398 5204 1632 5258 maximo
1651 5199 2002 5265 consecratis,
2027 5197 2221 5268 gladia-

623 5314 770 5359 tores
821 5317 941 5359 sese
995 5310 1184 5356 mutuo
1232 5298 1634 5359 interlicientes,
1688 5301 1780 5348 aut
1829 5309 1857 5346 a
1886 5291 2072 5349 bestiis
2099 5289 2220 5361 qui-

627 5399 852 5456 buscum
884 5394 1214 5467 pugnabant,
1243 5389 1571 5447 horrendum
1601 5388 1654 5443 in
1686 5386 1925 5450 modum,
1960 5383 2224 5438 laceratos

626 5501 680 5547 et
703 5489 934 5554 occisos,
955 5503 1061 5543 non
1093 5485 1250 5542 siccis
1297 5493 1524 5550 tantum,
1555 5479 1649 5536 sed
1681 5478 1818 5535 laetis
1847 5476 2016 5532 oculis
2045 5475 2222 5530 intue-

626 5581 858 5639 bantur?
912 5580 1018 5637 Sed
1065 5579 1132 5635 de
1175 5579 1278 5633 hoc
1322 5574 1548 5643 crudeli,
1576 5588 1699 5630 cum
1753 5570 2060 5637 homicidio,
2110 5579 2222 5622 tum

628 5675 937 5747 Spectaculo
981 5673 1083 5728 alia
1137 5675 1190 5728 in
1228 5671 1608 5726 dissertatione
1648 5666 1853 5736 egimus
1910 5661 2222 5733 (Dissertat.

631 5767 685 5818 in
715 5765 903 5816 Minut.
931 5763 1108 5817 Octau.
1136 5780 1254 5831 cap.
1283 5764 1337 5826 8,
1365 5771 1463 5815 art.
1491 5761 1528 5814 2
1548 5761 1592 5831 ).

706 5850 1130 5916 Respondebant
1158 5851 1360 5907 ethnici
1393 5861 1500 5904 tum
1532 5847 1746 5918 quidem
1780 5845 1982 5902 effundi
2007 5845 2226 5915 sangui-

2315 4730 2439 4793 tius,
2470 4743 2626 4798 quam
2653 4728 2894 4791 alterius,
2925 4726 3230 4796 opinionem
3255 4722 3477 4779 notavit.

2385 4820 2552 4876 Nobis
2582 4820 2759 4890 itaque
2786 4833 2973 4888 parum
3004 4815 3290 4872 soliditatis
3329 4813 3542 4869 videtur
3562 4811 3765 4865 haltere
3791 4807 3906 4863 illo-

2317 4929 2435 4970 rum
2484 4912 2912 4983 responsio,qui
2953 4911 3080 4965 dum
3106 4907 3395 4983 curiosius,
3446 4920 3605 4976 quam
3649 4909 3908 4974 par-erat,

2321 5005 2604 5061 verborum
2651 5003 2967 5059 Tertulliani
3018 4976 3280 5056 rationem
3335 4996 3652 5068 perscrutati
3688 5001 3830 5056 sunt,
3859 4991 3910 5044 in

2322 5101 2501 5167 scirpo
2526 5098 2724 5153 nodum
2757 5096 3039 5167 quaesiere.
3067 5093 3183 5148 Non
3209 5093 3313 5146 alio
3349 5091 3491 5146 enim
3525 5089 3616 5143 ille
3649 5088 3810 5142 modo
3833 5085 3912 5139 lo-

2322 5193 2503 5263 quitur
2544 5190 2612 5245 de
2643 5188 2956 5254 infantibus,
2987 5201 3212 5256 quorum
3236 5183 3457 5254 spiritus
3495 5182 3547 5236 in
3575 5196 3711 5250 aqua
3742 5177 3914 5234 extin-

2324 5285 2524 5358 guitur,
2555 5297 2712 5354 quam
2767 5281 2834 5336 de
2876 5280 3017 5347 aliis,
3045 5277 3135 5349 qui
3162 5276 3572 5347 exponebantnr
3616 5272 3819 5342 frigori,
3843 5267 3918 5322 fa-

2328 5379 2400 5433 mi
2432 5385 2487 5432 et
2513 5376 2754 5432 canibus.
2798 5374 2867 5429 At
2915 5371 3374 5427 horumomnium
3407 5367 3690 5423 infantium
3729 5361 3922 5420 crude-

2327 5472 2540 5537 liorem,
2561 5485 2721 5540 quam
2740 5469 2967 5523 aliorum
2985 5465 3262 5522 hominum
3283 5479 3468 5520 necem
3484 5476 3605 5517 esse
3621 5466 3923 5523 asseverat;

2328 5565 2451 5636 quia
2480 5563 2710 5618 infantes
2757 5568 2919 5617 certae
2980 5559 3138 5613 morti
3169 5555 3428 5628 expositi,
3488 5555 3636 5610 onmi
3683 5563 3927 5624 prorsus,

2329 5673 2435 5728 quo
2477 5655 2567 5711 alii
2599 5669 2659 5710 se
2687 5653 2821 5710 tueri
2874 5659 3144 5723 poterant,
3184 5647 3424 5704 destituti
3472 5653 3630 5702 erant
3681 5642 3878 5698 auxilio
3903 5677 3924 5708 ,

2330 5759 2489 5818 atque
2517 5746 2718 5802 idcirco
2759 5743 3031 5800 crudelius
3087 5755 3249 5813 quam
3294 5746 3419 5793 natu
3465 5733 3787 5808 grandiores
3825 5745 3931 5786 ne-

2331 5841 2610 5897 cabantur.
2669 5837 2739 5894 At
2789 5835 2934 5892 hunc
2973 5848 3097 5891 esse
3143 5829 3458 5891 Tertulliani
3497 5840 3717 5885 sensum
3743 5863 3762 5894 ,
3816 5836 3937 5880 non
