  <div class='ocr_page' id='page_1' title='image "/cluster/home/n/w/nwhite01/storage/ocr_20150623/1/hvd.32044054128335/534.png"; bbox 0 0 4212 6262; ppageno 0'>
   <div class='ocr_carea' id='block_1_1' title="bbox 293 262 440 324">
    <p class='ocr_par' dir='ltr' id='par_1_1' title="bbox 293 262 440 324">
     <span class='ocr_line' id='line_1_1' title="bbox 293 262 440 324; baseline -0.027 0"><span class='ocrx_word' id='word_1_1' title='bbox 293 262 440 324; x_wconf 66' lang='grc'><strong>1025</strong></span> 
     </span>
    </p>
   </div>
   <div class='ocr_carea' id='block_1_2' title="bbox 1429 242 2457 308">
    <p class='ocr_par' dir='ltr' id='par_1_2' title="bbox 1429 242 2457 308">
     <span class='ocr_line' id='line_1_2' title="bbox 1429 242 2457 308; baseline -0.004 -2"><span class='ocrx_word' id='word_1_2' title='bbox 1429 244 1880 308; x_wconf 79' lang='lat' dir='ltr'><strong>DlSSERTATlO</strong></span> <span class='ocrx_word' id='word_1_3' title='bbox 1917 242 1982 301; x_wconf 87' lang='lat' dir='ltr'><strong>D.</strong></span> <span class='ocrx_word' id='word_1_4' title='bbox 2022 243 2111 304; x_wconf 87' lang='lat' dir='ltr'><strong>LE</strong></span> <span class='ocrx_word' id='word_1_5' title='bbox 2149 243 2457 305; x_wconf 80' lang='lat' dir='ltr'><strong>NOURRY.</strong></span> 
     </span>
    </p>
   </div>
   <div class='ocr_carea' id='block_1_3' title="bbox 3459 247 3598 306">
    <p class='ocr_par' dir='ltr' id='par_1_3' title="bbox 3459 247 3598 306">
     <span class='ocr_line' id='line_1_3' title="bbox 3459 247 3598 306; baseline 0.022 -3"><span class='ocrx_word' id='word_1_6' title='bbox 3459 247 3598 306; x_wconf 68' lang='lat'><strong>1026</strong></span> 
     </span>
    </p>
   </div>
   <div class='ocr_carea' id='block_1_4' title="bbox 296 359 3597 444">
    <p class='ocr_par' dir='ltr' id='par_1_4' title="bbox 296 359 3597 444">
     <span class='ocr_line' id='line_1_4' title="bbox 296 359 3597 444; baseline -0.005 -9"><span class='ocrx_word' id='word_1_7' title='bbox 296 369 529 435; x_wconf 84' lang='lat' dir='ltr'><strong>obscure</strong></span> <span class='ocrx_word' id='word_1_8' title='bbox 573 371 872 444; x_wconf 87' lang='lat' dir='ltr'><strong>signiﬁcant</strong></span> <span class='ocrx_word' id='word_1_9' title='bbox 910 363 1286 437; x_wconf 79' lang='lat' dir='ltr'><strong>subsequentia</strong></span> <span class='ocrx_word' id='word_1_10' title='bbox 1331 363 1448 434; x_wconf 90' lang='lat' dir='ltr'><strong>ejus</strong></span> <span class='ocrx_word' id='word_1_11' title='bbox 1475 363 1638 420; x_wconf 85' lang='lat' dir='ltr'><strong>verba</strong></span> <span class='ocrx_word' id='word_1_12' title='bbox 1675 382 1687 418; x_wconf 90' lang='lat'><strong>:</strong></span> <span class='ocrx_word' id='word_1_13' title='bbox 1729 362 1893 418; x_wconf 84' lang='lat' dir='ltr'><em>Ferro</em></span> <span class='ocrx_word' id='word_1_14' title='bbox 1921 363 1978 420; x_wconf 78' lang='grc' dir='ltr'><strong>Α</strong></span> <span class='ocrx_word' id='word_1_15' title='bbox 2009 378 2122 415; x_wconf 89' lang='lat' dir='ltr'><strong>rum</strong></span> <span class='ocrx_word' id='word_1_16' title='bbox 2155 363 2516 434; x_wconf 84' lang='lat' dir='ltr'><strong>jugulatorttm</strong></span> <span class='ocrx_word' id='word_1_17' title='bbox 2545 360 2842 431; x_wconf 85' lang='lat' dir='ltr'><strong>sanguinem</strong></span> <span class='ocrx_word' id='word_1_18' title='bbox 2868 359 3114 416; x_wconf 74' lang='lat' dir='ltr'><strong>recentem</strong></span> <span class='ocrx_word' id='word_1_19' title='bbox 3157 361 3307 416; x_wconf 77' lang='lat' dir='ltr'><strong>avida</strong></span> <span class='ocrx_word' id='word_1_20' title='bbox 3334 361 3419 418; x_wconf 91' lang='lat' dir='ltr'><strong>siti</strong></span> <span class='ocrx_word' id='word_1_21' title='bbox 3443 366 3597 418; x_wconf 84' lang='lat' dir='ltr'><strong>comi-</strong></span> 
     </span>
    </p>
   </div>
   <div class='ocr_carea' id='block_1_5' title="bbox 298 453 1898 532">
    <p class='ocr_par' dir='ltr' id='par_1_5' title="bbox 298 453 1898 532">
     <span class='ocr_line' id='line_1_5' title="bbox 298 453 1898 532; baseline -0.011 -6"><span class='ocrx_word' id='word_1_22' title='bbox 298 470 437 527; x_wconf 83' lang='lat' dir='ltr'><strong>enim</strong></span> <span class='ocrx_word' id='word_1_23' title='bbox 465 465 592 522; x_wconf 89' lang='lat' dir='ltr'><strong>mori</strong></span> <span class='ocrx_word' id='word_1_24' title='bbox 639 472 761 518; x_wconf 79' lang='lat' dir='ltr'><strong>tetas</strong></span> <span class='ocrx_word' id='word_1_25' title='bbox 787 475 980 532; x_wconf 86' lang='lat' dir='ltr'><strong>quoque</strong></span> <span class='ocrx_word' id='word_1_26' title='bbox 1028 460 1195 528; x_wconf 80' lang='lat' dir='ltr'><strong>maior</strong></span> <span class='ocrx_word' id='word_1_27' title='bbox 1241 457 1485 528; x_wconf 86' lang='lat' dir='ltr'><strong>optaverit</strong></span> <span class='ocrx_word' id='word_1_28' title='bbox 1530 455 1548 526; x_wconf 92' lang='lat'>(</span> <span class='ocrx_word' id='word_1_29' title='bbox 1593 453 1898 510; x_wconf 85' lang='lat' dir='ltr'><strong>Tertullian.</strong></span> 
     </span>
    </p>
   </div>
   <div class='ocr_carea' id='block_1_6' title="bbox 303 546 1897 634">
    <p class='ocr_par' dir='ltr' id='par_1_6' title="bbox 303 546 1897 634">
     <span class='ocr_line' id='line_1_6' title="bbox 303 546 1897 634; baseline -0.011 -14"><span class='ocrx_word' id='word_1_30' title='bbox 303 564 575 634; x_wconf 79' lang='lat' dir='ltr'><strong>Apologet.</strong></span> <span class='ocrx_word' id='word_1_31' title='bbox 602 574 716 628; x_wconf 85' lang='lat' dir='ltr'><strong>cap.</strong></span> <span class='ocrx_word' id='word_1_32' title='bbox 749 554 802 620; x_wconf 91' lang='lat'><strong>9,</strong></span> <span class='ocrx_word' id='word_1_33' title='bbox 834 571 952 625; x_wconf 87' lang='lat' dir='ltr'><strong>pag.</strong></span> <span class='ocrx_word' id='word_1_34' title='bbox 985 552 1142 624; x_wconf 74' lang='lat'><strong>319).</strong></span> <span class='ocrx_word' id='word_1_35' title='bbox 1176 549 1620 619; x_wconf 88' lang='lat' dir='ltr'><strong>malebatquippe</strong></span> <span class='ocrx_word' id='word_1_36' title='bbox 1651 561 1758 602; x_wconf 90' lang='lat' dir='ltr'><strong>uno</strong></span> <span class='ocrx_word' id='word_1_37' title='bbox 1786 546 1897 618; x_wconf 84' lang='lat' dir='ltr'><strong>gla-</strong></span> 
     </span>
    </p>
   </div>
   <div class='ocr_carea' id='block_1_7' title="bbox 299 637 1900 721">
    <p class='ocr_par' dir='ltr' id='par_1_7' title="bbox 299 637 1900 721">
     <span class='ocr_line' id='line_1_7' title="bbox 299 637 1900 721; baseline -0.011 -11"><span class='ocrx_word' id='word_1_38' title='bbox 299 654 377 710; x_wconf 85' lang='lat' dir='ltr'><strong>dii</strong></span> <span class='ocrx_word' id='word_1_39' title='bbox 409 655 538 719; x_wconf 91' lang='lat' dir='ltr'><strong>ictu,</strong></span> <span class='ocrx_word' id='word_1_40' title='bbox 568 664 727 721; x_wconf 92' lang='lat' dir='ltr'><strong>quam</strong></span> <span class='ocrx_word' id='word_1_41' title='bbox 790 645 1053 706; x_wconf 83' lang='lat' dir='ltr'><strong>diuturno</strong></span> <span class='ocrx_word' id='word_1_42' title='bbox 1089 659 1151 698; x_wconf 88' lang='lat' dir='ltr'><strong>ac</strong></span> <span class='ocrx_word' id='word_1_43' title='bbox 1178 640 1430 711; x_wconf 89' lang='lat' dir='ltr'><strong>languido</strong></span> <span class='ocrx_word' id='word_1_44' title='bbox 1472 637 1900 694; x_wconf 87' lang='lat' dir='ltr'><strong>miserandorum</strong></span> 
     </span>
    </p>
   </div>
   <div class='ocr_carea' id='block_1_8' title="bbox 303 731 1901 814">
    <p class='ocr_par' dir='ltr' id='par_1_8' title="bbox 303 731 1901 814">
     <span class='ocr_line' id='line_1_8' title="bbox 303 731 1901 814; baseline -0.011 -11"><span class='ocrx_word' id='word_1_45' title='bbox 303 747 592 804; x_wconf 79' lang='lat' dir='ltr'><strong>infantium</strong></span> <span class='ocrx_word' id='word_1_46' title='bbox 641 740 801 797; x_wconf 91' lang='lat' dir='ltr'><strong>modo</strong></span> <span class='ocrx_word' id='word_1_47' title='bbox 829 737 1078 795; x_wconf 88' lang='lat' dir='ltr'><strong>interﬁci.</strong></span> <span class='ocrx_word' id='word_1_48' title='bbox 1135 737 1208 814; x_wconf 79' lang='lat' dir='ltr'><strong>De</strong></span> <span class='ocrx_word' id='word_1_49' title='bbox 1261 735 1361 790; x_wconf 89' lang='lat' dir='ltr'><strong>hac</strong></span> <span class='ocrx_word' id='word_1_50' title='bbox 1410 749 1570 805; x_wconf 90' lang='lat' dir='ltr'><strong>porro</strong></span> <span class='ocrx_word' id='word_1_51' title='bbox 1625 731 1901 787; x_wconf 82' lang='lat' dir='ltr'><strong>infantium</strong></span> 
     </span>
    </p>
   </div>
   <div class='ocr_carea' id='block_1_9' title="bbox 303 824 1902 912">
    <p class='ocr_par' dir='ltr' id='par_1_9' title="bbox 303 824 1902 912">
     <span class='ocr_line' id='line_1_9' title="bbox 303 824 1902 912; baseline -0.013 -14"><span class='ocrx_word' id='word_1_52' title='bbox 303 840 671 912; x_wconf 75' lang='lat' dir='ltr'><strong>expositione,</strong></span> <span class='ocrx_word' id='word_1_53' title='bbox 727 832 992 903; x_wconf 90' lang='lat' dir='ltr'><strong>hujusque</strong></span> <span class='ocrx_word' id='word_1_54' title='bbox 1070 827 1550 900; x_wconf 76' lang='lat' dir='ltr'><strong>argumentationis</strong></span> <span class='ocrx_word' id='word_1_55' title='bbox 1606 824 1902 890; x_wconf 84' lang='lat' dir='ltr'><strong>viribus,a</strong></span> 
     </span>
    </p>
   </div>
   <div class='ocr_carea' id='block_1_10' title="bbox 304 917 1901 988">
    <p class='ocr_par' dir='ltr' id='par_1_10' title="bbox 304 917 1901 988">
     <span class='ocr_line' id='line_1_10' title="bbox 304 917 1901 988; baseline -0.013 -1"><span class='ocrx_word' id='word_1_56' title='bbox 304 931 462 988; x_wconf 91' lang='lat' dir='ltr'><strong>nobis</strong></span> <span class='ocrx_word' id='word_1_57' title='bbox 495 930 548 986; x_wconf 91' lang='lat' dir='ltr'><strong>in</strong></span> <span class='ocrx_word' id='word_1_58' title='bbox 577 937 759 985; x_wconf 90' lang='lat' dir='ltr'><strong>nostra</strong></span> <span class='ocrx_word' id='word_1_59' title='bbox 805 925 874 980; x_wconf 92' lang='lat' dir='ltr'><strong>de</strong></span> <span class='ocrx_word' id='word_1_60' title='bbox 918 923 1120 978; x_wconf 86' lang='lat' dir='ltr'><strong>Minutii</strong></span> <span class='ocrx_word' id='word_1_61' title='bbox 1150 921 1343 976; x_wconf 87' lang='lat' dir='ltr'><strong>Felicis</strong></span> <span class='ocrx_word' id='word_1_62' title='bbox 1371 918 1593 976; x_wconf 81' lang='lat' dir='ltr'><strong>Octavio</strong></span> <span class='ocrx_word' id='word_1_63' title='bbox 1644 917 1901 972; x_wconf 88' lang='lat' dir='ltr'><strong>disserta-</strong></span> 
     </span>
    </p>
   </div>
   <div class='ocr_carea' id='block_1_11' title="bbox 313 1006 1905 1088">
    <p class='ocr_par' dir='ltr' id='par_1_11' title="bbox 313 1006 1905 1088">
     <span class='ocr_line' id='line_1_11' title="bbox 313 1006 1905 1088; baseline -0.009 -11"><span class='ocrx_word' id='word_1_64' title='bbox 313 1023 478 1088; x_wconf 87' lang='lat' dir='ltr'><strong>tione,</strong></span> <span class='ocrx_word' id='word_1_65' title='bbox 512 1033 566 1078; x_wconf 89' lang='lat' dir='ltr'><strong>et</strong></span> <span class='ocrx_word' id='word_1_66' title='bbox 623 1020 758 1075; x_wconf 89' lang='lat' dir='ltr'><strong>locis</strong></span> <span class='ocrx_word' id='word_1_67' title='bbox 783 1016 981 1072; x_wconf 89' lang='lat' dir='ltr'><strong>ibidem</strong></span> <span class='ocrx_word' id='word_1_68' title='bbox 1005 1013 1198 1083; x_wconf 39' lang='lat' dir='ltr'><strong>.citatis</strong></span> <span class='ocrx_word' id='word_1_69' title='bbox 1236 1013 1562 1083; x_wconf 72' lang='lat' dir='ltr'><strong>disputatum</strong></span> <span class='ocrx_word' id='word_1_70' title='bbox 1608 1017 1692 1065; x_wconf 91' lang='lat' dir='ltr'><strong>est</strong></span> <span class='ocrx_word' id='word_1_71' title='bbox 1744 1006 1905 1080; x_wconf 85' lang='lat' dir='ltr'><strong>(Dis-</strong></span> 
     </span>
    </p>
   </div>
   <div class='ocr_carea' id='block_1_12' title="bbox 315 1102 1533 1176">
    <p class='ocr_par' dir='ltr' id='par_1_12' title="bbox 315 1102 1533 1176">
     <span class='ocr_line' id='line_1_12' title="bbox 315 1102 1533 1176; baseline -0.012 -7"><span class='ocrx_word' id='word_1_72' title='bbox 315 1123 489 1169; x_wconf 91' lang='lat' dir='ltr'><strong>sertat.</strong></span> <span class='ocrx_word' id='word_1_73' title='bbox 520 1114 574 1168; x_wconf 90' lang='lat' dir='ltr'><strong>in</strong></span> <span class='ocrx_word' id='word_1_74' title='bbox 603 1111 793 1168; x_wconf 81' lang='lat' dir='ltr'><strong>Minut.</strong></span> <span class='ocrx_word' id='word_1_75' title='bbox 831 1107 1008 1162; x_wconf 81' lang='lat' dir='ltr'><strong>Octav.</strong></span> <span class='ocrx_word' id='word_1_76' title='bbox 1038 1122 1154 1176; x_wconf 88' lang='lat' dir='ltr'><strong>cap.</strong></span> <span class='ocrx_word' id='word_1_77' title='bbox 1184 1104 1240 1160; x_wconf 90' lang='lat'><strong>9.</strong></span> <span class='ocrx_word' id='word_1_78' title='bbox 1273 1113 1374 1158; x_wconf 90' lang='lat' dir='ltr'><strong>art.</strong></span> <span class='ocrx_word' id='word_1_79' title='bbox 1406 1102 1472 1158; x_wconf 77' lang='lat' dir='ltr'><strong>l2</strong></span> <span class='ocrx_word' id='word_1_80' title='bbox 1492 1102 1533 1172; x_wconf 90' lang='lat'><strong>).</strong></span> 
     </span>
    </p>
   </div>
   <div class='ocr_carea' id='block_1_13' title="bbox 391 1192 1906 1276">
    <p class='ocr_par' dir='ltr' id='par_1_13' title="bbox 391 1192 1906 1276">
     <span class='ocr_line' id='line_1_13' title="bbox 391 1192 1906 1276; baseline -0.012 -13"><span class='ocrx_word' id='word_1_81' title='bbox 391 1211 564 1269; x_wconf 90' lang='lat' dir='ltr'><strong>Omne</strong></span> <span class='ocrx_word' id='word_1_82' title='bbox 609 1217 772 1276; x_wconf 89' lang='lat' dir='ltr'><strong>porro</strong></span> <span class='ocrx_word' id='word_1_83' title='bbox 819 1199 1091 1256; x_wconf 90' lang='lat' dir='ltr'><strong>homicidii</strong></span> <span class='ocrx_word' id='word_1_84' title='bbox 1117 1212 1286 1269; x_wconf 90' lang='lat' dir='ltr'><strong>genus</strong></span> <span class='ocrx_word' id='word_1_85' title='bbox 1333 1196 1412 1252; x_wconf 91' lang='lat' dir='ltr'><strong>sic</strong></span> <span class='ocrx_word' id='word_1_86' title='bbox 1453 1192 1771 1250; x_wconf 84' lang='lat' dir='ltr'><strong>Christianis</strong></span> <span class='ocrx_word' id='word_1_87' title='bbox 1823 1192 1906 1246; x_wconf 87' lang='lat' dir='ltr'><strong>in-</strong></span> 
     </span>
    </p>
   </div>
   <div class='ocr_carea' id='block_1_14' title="bbox 309 1288 1907 1368">
    <p class='ocr_par' dir='ltr' id='par_1_14' title="bbox 309 1288 1907 1368">
     <span class='ocr_line' id='line_1_14' title="bbox 309 1288 1907 1368; baseline -0.014 -4"><span class='ocrx_word' id='word_1_88' title='bbox 309 1304 705 1364; x_wconf 86' lang='lat' dir='ltr'><strong>terdicebatur;</strong></span> <span class='ocrx_word' id='word_1_89' title='bbox 735 1306 788 1351; x_wconf 90' lang='lat' dir='ltr'><strong>ut</strong></span> <span class='ocrx_word' id='word_1_90' title='bbox 817 1297 944 1368; x_wconf 86' lang='lat' dir='ltr'><strong>ipsis</strong></span> <span class='ocrx_word' id='word_1_91' title='bbox 985 1295 1137 1348; x_wconf 86' lang='lat' dir='ltr'><strong>etiam</strong></span> <span class='ocrx_word' id='word_1_92' title='bbox 1160 1302 1458 1363; x_wconf 85' lang='lat' dir='ltr'><strong>conceptum</strong></span> <span class='ocrx_word' id='word_1_93' title='bbox 1495 1300 1659 1357; x_wconf 83' lang='lat' dir='ltr'><strong>utero,</strong></span> <span class='ocrx_word' id='word_1_94' title='bbox 1695 1288 1907 1344; x_wconf 85' lang='lat' dir='ltr'><strong>Tertul-</strong></span> 
     </span>
    </p>
   </div>
   <div class='ocr_carea' id='block_1_15' title="bbox 306 1381 1908 1456">
    <p class='ocr_par' dir='ltr' id='par_1_15' title="bbox 306 1381 1908 1456">
     <span class='ocr_line' id='line_1_15' title="bbox 306 1381 1908 1456; baseline -0.014 -1"><span class='ocrx_word' id='word_1_95' title='bbox 306 1398 439 1455; x_wconf 85' lang='lat' dir='ltr'><strong>liani</strong></span> <span class='ocrx_word' id='word_1_96' title='bbox 493 1394 657 1451; x_wconf 83' lang='lat' dir='ltr'><strong>verba</strong></span> <span class='ocrx_word' id='word_1_97' title='bbox 702 1397 846 1456; x_wconf 92' lang='lat' dir='ltr'><strong>sunt,</strong></span> <span class='ocrx_word' id='word_1_98' title='bbox 879 1387 1003 1440; x_wconf 87' lang='lat' dir='ltr'><strong>dum</strong></span> <span class='ocrx_word' id='word_1_99' title='bbox 1057 1385 1228 1440; x_wconf 82' lang='lat' dir='ltr'><strong>adhuc</strong></span> <span class='ocrx_word' id='word_1_100' title='bbox 1282 1383 1492 1455; x_wconf 90' lang='lat' dir='ltr'><strong>sanguis</strong></span> <span class='ocrx_word' id='word_1_101' title='bbox 1548 1383 1601 1436; x_wconf 90' lang='lat' dir='ltr'><strong>in</strong></span> <span class='ocrx_word' id='word_1_102' title='bbox 1653 1381 1908 1435; x_wconf 78' lang='lat' dir='ltr'><strong>hominem</strong></span> 
     </span>
    </p>
   </div>
   <div class='ocr_carea' id='block_1_16' title="bbox 315 1474 1904 1557">
    <p class='ocr_par' dir='ltr' id='par_1_16' title="bbox 315 1474 1904 1557">
     <span class='ocr_line' id='line_1_16' title="bbox 315 1474 1904 1557; baseline -0.012 -10"><span class='ocrx_word' id='word_1_103' title='bbox 315 1490 594 1557; x_wconf 80' lang='lat' dir='ltr'><strong>delibatur,</strong></span> <span class='ocrx_word' id='word_1_104' title='bbox 672 1483 944 1538; x_wconf 73' lang='lat' dir='ltr'><strong>dissolvere</strong></span> <span class='ocrx_word' id='word_1_105' title='bbox 1010 1497 1111 1536; x_wconf 87' lang='lat' dir='ltr'><strong>non</strong></span> <span class='ocrx_word' id='word_1_106' title='bbox 1173 1479 1342 1533; x_wconf 85' lang='lat' dir='ltr'><strong>liceret</strong></span> <span class='ocrx_word' id='word_1_107' title='bbox 1402 1475 1744 1545; x_wconf 86' lang='lat' dir='ltr'><strong>(Tertullian.</strong></span> <span class='ocrx_word' id='word_1_108' title='bbox 1806 1474 1904 1528; x_wconf 88' lang='lat' dir='ltr'><strong>loc.</strong></span> 
     </span>
    </p>
   </div>
   <div class='ocr_carea' id='block_1_17' title="bbox 183 1567 1907 1658">
    <p class='ocr_par' dir='ltr' id='par_1_17' title="bbox 183 1567 1907 1658">
     <span class='ocr_line' id='line_1_17' title="bbox 183 1567 1907 1658; baseline -0.013 -15"><span class='ocrx_word' id='word_1_109' title='bbox 183 1573 206 1586; x_wconf 58' lang='grc'><strong>“</strong></span> <span class='ocrx_word' id='word_1_110' title='bbox 307 1585 472 1658; x_wconf 89' lang='lat' dir='ltr'><strong>cit.),</strong></span> <span class='ocrx_word' id='word_1_111' title='bbox 502 1585 555 1638; x_wconf 90' lang='lat' dir='ltr'><strong>id</strong></span> <span class='ocrx_word' id='word_1_112' title='bbox 605 1590 709 1643; x_wconf 87' lang='lat' dir='ltr'><strong>est,</strong></span> <span class='ocrx_word' id='word_1_113' title='bbox 761 1577 888 1634; x_wconf 91' lang='lat' dir='ltr'><strong>dum</strong></span> <span class='ocrx_word' id='word_1_114' title='bbox 942 1575 1101 1631; x_wconf 65' lang='lat' dir='ltr'><strong>foetus</strong></span> <span class='ocrx_word' id='word_1_115' title='bbox 1140 1573 1193 1627; x_wconf 91' lang='lat' dir='ltr'><strong>in</strong></span> <span class='ocrx_word' id='word_1_116' title='bbox 1247 1571 1434 1626; x_wconf 84' lang='lat' dir='ltr'><strong>matris</strong></span> <span class='ocrx_word' id='word_1_117' title='bbox 1478 1579 1631 1625; x_wconf 85' lang='lat' dir='ltr'><strong>utero</strong></span> <span class='ocrx_word' id='word_1_118' title='bbox 1670 1567 1907 1624; x_wconf 91' lang='lat' dir='ltr'><strong>nondum</strong></span> 
     </span>
    </p>
   </div>
   <div class='ocr_carea' id='block_1_18' title="bbox 303 1660 1909 1744">
    <p class='ocr_par' dir='ltr' id='par_1_18' title="bbox 303 1660 1909 1744">
     <span class='ocr_line' id='line_1_18' title="bbox 303 1660 1909 1744; baseline -0.014 -9"><span class='ocrx_word' id='word_1_119' title='bbox 303 1679 594 1735; x_wconf 84' lang='lat' dir='ltr'><strong>humanam</strong></span> <span class='ocrx_word' id='word_1_120' title='bbox 641 1675 861 1744; x_wconf 87' lang='lat' dir='ltr'><strong>ﬁguram</strong></span> <span class='ocrx_word' id='word_1_121' title='bbox 899 1676 1198 1738; x_wconf 89' lang='lat' dir='ltr'><strong>acceperat.</strong></span> <span class='ocrx_word' id='word_1_122' title='bbox 1232 1665 1348 1721; x_wconf 89' lang='lat' dir='ltr'><strong>Non</strong></span> <span class='ocrx_word' id='word_1_123' title='bbox 1395 1665 1538 1720; x_wconf 89' lang='lat' dir='ltr'><strong>enim</strong></span> <span class='ocrx_word' id='word_1_124' title='bbox 1585 1663 1764 1717; x_wconf 88' lang='lat' dir='ltr'><strong>omnia</strong></span> <span class='ocrx_word' id='word_1_125' title='bbox 1811 1660 1909 1715; x_wconf 88' lang='lat' dir='ltr'><strong>ho-</strong></span> 
     </span>
    </p>
   </div>
   <div class='ocr_carea' id='block_1_19' title="bbox 2007 450 3599 526">
    <p class='ocr_par' dir='ltr' id='par_1_19' title="bbox 2007 450 3599 526">
     <span class='ocr_line' id='line_1_19' title="bbox 2007 450 3599 526; baseline 0.003 -19"><span class='ocrx_word' id='word_1_126' title='bbox 2007 454 2118 508; x_wconf 89' lang='lat' dir='ltr'><strong>tiali</strong></span> <span class='ocrx_word' id='word_1_127' title='bbox 2165 454 2338 509; x_wconf 89' lang='lat' dir='ltr'><strong>morbo</strong></span> <span class='ocrx_word' id='word_1_128' title='bbox 2407 454 2661 508; x_wconf 88' lang='lat' dir='ltr'><strong>medentes</strong></span> <span class='ocrx_word' id='word_1_129' title='bbox 2709 454 2946 522; x_wconf 77' lang='lat' dir='ltr'><strong>auferunt</strong></span> <span class='ocrx_word' id='word_1_130' title='bbox 2993 450 3359 525; x_wconf 89' lang='lat' dir='ltr'><strong>(Tertullian.,</strong></span> <span class='ocrx_word' id='word_1_131' title='bbox 3405 456 3599 526; x_wconf 80' lang='lat' dir='ltr'><strong>Apolo-</strong></span> 
     </span>
    </p>
   </div>
   <div class='ocr_carea' id='block_1_20' title="bbox 2005 543 3600 617">
    <p class='ocr_par' dir='ltr' id='par_1_20' title="bbox 2005 543 3600 617">
     <span class='ocr_line' id='line_1_20' title="bbox 2005 543 3600 617; baseline 0.003 -18"><span class='ocrx_word' id='word_1_132' title='bbox 2005 556 2128 617; x_wconf 89' lang='lat' dir='ltr'><strong>get.,</strong></span> <span class='ocrx_word' id='word_1_133' title='bbox 2148 562 2192 600; x_wconf 93' lang='lat' dir='ltr'><strong>c.</strong></span> <span class='ocrx_word' id='word_1_134' title='bbox 2216 545 2271 611; x_wconf 90' lang='lat'><strong>9,</strong></span> <span class='ocrx_word' id='word_1_135' title='bbox 2289 563 2341 614; x_wconf 88' lang='lat' dir='ltr'><strong>p.</strong></span> <span class='ocrx_word' id='word_1_136' title='bbox 2365 543 2516 615; x_wconf 68' lang='lat'><strong>32!).</strong></span> <span class='ocrx_word' id='word_1_137' title='bbox 2537 545 2668 610; x_wconf 83' lang='lat' dir='ltr'><strong>Quis</strong></span> <span class='ocrx_word' id='word_1_138' title='bbox 2688 551 2888 611; x_wconf 90' lang='lat' dir='ltr'><strong>autem,</strong></span> <span class='ocrx_word' id='word_1_139' title='bbox 2921 545 3022 598; x_wconf 91' lang='lat' dir='ltr'><strong>nisi</strong></span> <span class='ocrx_word' id='word_1_140' title='bbox 3052 544 3298 600; x_wconf 84' lang='lat' dir='ltr'><strong>immanis</strong></span> <span class='ocrx_word' id='word_1_141' title='bbox 3319 561 3380 601; x_wconf 87' lang='lat' dir='ltr'><strong>ac</strong></span> <span class='ocrx_word' id='word_1_142' title='bbox 3395 545 3600 603; x_wconf 80' lang='lat' dir='ltr'><strong>ferreus</strong></span> 
     </span>
    </p>
   </div>
   <div class='ocr_carea' id='block_1_21' title="bbox 2009 636 3600 704">
    <p class='ocr_par' dir='ltr' id='par_1_21' title="bbox 2009 636 3600 704">
     <span class='ocr_line' id='line_1_21' title="bbox 2009 636 3600 704; baseline 0.003 -13"><span class='ocrx_word' id='word_1_143' title='bbox 2009 637 2194 703; x_wconf 90' lang='lat' dir='ltr'><strong>homo,</strong></span> <span class='ocrx_word' id='word_1_144' title='bbox 2225 636 2318 692; x_wconf 88' lang='lat' dir='ltr'><strong>tali</strong></span> <span class='ocrx_word' id='word_1_145' title='bbox 2346 637 2609 704; x_wconf 89' lang='lat' dir='ltr'><strong>remedio,</strong></span> <span class='ocrx_word' id='word_1_146' title='bbox 2638 653 2700 692; x_wconf 88' lang='lat' dir='ltr'><strong>ac</strong></span> <span class='ocrx_word' id='word_1_147' title='bbox 2728 637 2952 692; x_wconf 89' lang='lat' dir='ltr'><strong>aliorum</strong></span> <span class='ocrx_word' id='word_1_148' title='bbox 2982 637 3256 691; x_wconf 87' lang='lat' dir='ltr'><strong>hominum</strong></span> <span class='ocrx_word' id='word_1_149' title='bbox 3281 637 3483 694; x_wconf 87' lang='lat' dir='ltr'><strong>crudeli</strong></span> <span class='ocrx_word' id='word_1_150' title='bbox 3514 640 3600 695; x_wconf 89' lang='lat' dir='ltr'><strong>in-</strong></span> 
     </span>
    </p>
   </div>
   <div class='ocr_carea' id='block_1_22' title="bbox 2009 727 3211 792">
    <p class='ocr_par' dir='ltr' id='par_1_22' title="bbox 2009 727 3211 792">
     <span class='ocr_line' id='line_1_22' title="bbox 2009 727 3211 792; baseline -0.002 -7"><span class='ocrx_word' id='word_1_151' title='bbox 2009 729 2190 792; x_wconf 89' lang='lat' dir='ltr'><strong>teritu,</strong></span> <span class='ocrx_word' id='word_1_152' title='bbox 2223 730 2345 784; x_wconf 73' lang='lat' dir='ltr'><strong>vita:</strong></span> <span class='ocrx_word' id='word_1_153' title='bbox 2366 743 2477 784; x_wconf 70' lang='lat' dir='ltr'><strong>sua:</strong></span> <span class='ocrx_word' id='word_1_154' title='bbox 2511 729 2793 784; x_wconf 88' lang='lat' dir='ltr'><strong>consulere</strong></span> <span class='ocrx_word' id='word_1_155' title='bbox 2817 744 2924 782; x_wconf 92' lang='lat' dir='ltr'><strong>non</strong></span> <span class='ocrx_word' id='word_1_156' title='bbox 2957 727 3211 783; x_wconf 87' lang='lat' dir='ltr'><strong>horreat?</strong></span> 
     </span>
    </p>
   </div>
   <div class='ocr_carea' id='block_1_23' title="bbox 2078 819 3604 891">
    <p class='ocr_par' dir='ltr' id='par_1_23' title="bbox 2078 819 3604 891">
     <span class='ocr_line' id='line_1_23' title="bbox 2078 819 3604 891; baseline 0.001 -15"><span class='ocrx_word' id='word_1_157' title='bbox 2078 820 2160 876; x_wconf 85' lang='lat' dir='ltr'><strong>Ab</strong></span> <span class='ocrx_word' id='word_1_158' title='bbox 2188 819 2378 875; x_wconf 89' lang='lat' dir='ltr'><strong>horum</strong></span> <span class='ocrx_word' id='word_1_159' title='bbox 2405 835 2536 874; x_wconf 85' lang='lat' dir='ltr'><strong>vero</strong></span> <span class='ocrx_word' id='word_1_160' title='bbox 2567 819 2956 875; x_wconf 83' lang='lat' dir='ltr'><strong>inhumanitate</strong></span> <span class='ocrx_word' id='word_1_161' title='bbox 2995 835 3102 874; x_wconf 90' lang='lat' dir='ltr'><strong>non</strong></span> <span class='ocrx_word' id='word_1_162' title='bbox 3154 820 3341 891; x_wconf 86' lang='lat' dir='ltr'><strong>procul</strong></span> <span class='ocrx_word' id='word_1_163' title='bbox 3378 819 3604 878; x_wconf 89' lang='lat' dir='ltr'><strong>aberant</strong></span> 
     </span>
    </p>
   </div>
   <div class='ocr_carea' id='block_1_24' title="bbox 2008 911 3603 982">
    <p class='ocr_par' dir='ltr' id='par_1_24' title="bbox 2008 911 3603 982">
     <span class='ocr_line' id='line_1_24' title="bbox 2008 911 3603 982; baseline -0.001 -14"><span class='ocrx_word' id='word_1_164' title='bbox 2008 912 2137 968; x_wconf 71' lang='lat' dir='ltr'><strong>ferte</strong></span> <span class='ocrx_word' id='word_1_165' title='bbox 2188 911 2297 966; x_wconf 74' lang='lat' dir='ltr'><strong>illa:</strong></span> <span class='ocrx_word' id='word_1_166' title='bbox 2341 920 2552 982; x_wconf 78' lang='lat' dir='ltr'><strong>gentes,</strong></span> <span class='ocrx_word' id='word_1_167' title='bbox 2605 926 2725 978; x_wconf 71' lang='lat' dir='ltr'><strong>qua:</strong></span> <span class='ocrx_word' id='word_1_168' title='bbox 2765 911 3071 981; x_wconf 89' lang='lat' dir='ltr'><strong>sanguinis,</strong></span> <span class='ocrx_word' id='word_1_169' title='bbox 3101 926 3166 966; x_wconf 68' lang='lat' dir='ltr'><strong>ex</strong></span> <span class='ocrx_word' id='word_1_170' title='bbox 3201 911 3458 967; x_wconf 85' lang='lat' dir='ltr'><strong>membris</strong></span> <span class='ocrx_word' id='word_1_171' title='bbox 3489 913 3603 968; x_wconf 89' lang='lat' dir='ltr'><strong>suis</strong></span> 
     </span>
    </p>
   </div>
   <div class='ocr_carea' id='block_1_25' title="bbox 2009 1003 3604 1075">
    <p class='ocr_par' dir='ltr' id='par_1_25' title="bbox 2009 1003 3604 1075">
     <span class='ocr_line' id='line_1_25' title="bbox 2009 1003 3604 1075; baseline -0.003 -13"><span class='ocrx_word' id='word_1_172' title='bbox 2009 1006 2192 1072; x_wconf 89' lang='lat' dir='ltr'><strong>eliciti,</strong></span> <span class='ocrx_word' id='word_1_173' title='bbox 2227 1013 2353 1075; x_wconf 90' lang='lat' dir='ltr'><strong>potu</strong></span> <span class='ocrx_word' id='word_1_174' title='bbox 2381 1003 2585 1061; x_wconf 64' lang='lat' dir='ltr'><strong>foedera</strong></span> <span class='ocrx_word' id='word_1_175' title='bbox 2616 1005 2758 1060; x_wconf 87' lang='lat' dir='ltr'><strong>inter</strong></span> <span class='ocrx_word' id='word_1_176' title='bbox 2806 1020 2863 1059; x_wconf 89' lang='lat' dir='ltr'><strong>se</strong></span> <span class='ocrx_word' id='word_1_177' title='bbox 2900 1003 3164 1059; x_wconf 79' lang='lat' dir='ltr'><strong>feriebant</strong></span> <span class='ocrx_word' id='word_1_178' title='bbox 3213 1013 3267 1060; x_wconf 87' lang='lat' dir='ltr'><strong>et</strong></span> <span class='ocrx_word' id='word_1_179' title='bbox 3315 1004 3604 1059; x_wconf 85' lang='lat' dir='ltr'><strong>conﬁrma-</strong></span> 
     </span>
    </p>
   </div>
   <div class='ocr_carea' id='block_1_26' title="bbox 2010 1097 3605 1170">
    <p class='ocr_par' dir='ltr' id='par_1_26' title="bbox 2010 1097 3605 1170">
     <span class='ocr_line' id='line_1_26' title="bbox 2010 1097 3605 1170; baseline 0.001 -14"><span class='ocrx_word' id='word_1_180' title='bbox 2010 1100 2156 1156; x_wconf 87' lang='lat' dir='ltr'><strong>bant.</strong></span> <span class='ocrx_word' id='word_1_181' title='bbox 2190 1101 2260 1153; x_wconf 80' lang='lat' dir='ltr'><strong>At</strong></span> <span class='ocrx_word' id='word_1_182' title='bbox 2300 1097 2459 1170; x_wconf 86' lang='lat' dir='ltr'><strong>hujus</strong></span> <span class='ocrx_word' id='word_1_183' title='bbox 2492 1100 2648 1168; x_wconf 81' lang='lat' dir='ltr'><strong>plane</strong></span> <span class='ocrx_word' id='word_1_184' title='bbox 2678 1099 2890 1154; x_wconf 86' lang='lat' dir='ltr'><strong>barbari</strong></span> <span class='ocrx_word' id='word_1_185' title='bbox 2925 1100 3091 1155; x_wconf 90' lang='lat' dir='ltr'><strong>moris</strong></span> <span class='ocrx_word' id='word_1_186' title='bbox 3134 1109 3326 1156; x_wconf 88' lang='lat' dir='ltr'><strong>testem</strong></span> <span class='ocrx_word' id='word_1_187' title='bbox 3360 1101 3605 1158; x_wconf 89' lang='lat' dir='ltr'><strong>l-lerodo-</strong></span> 
     </span>
    </p>
   </div>
   <div class='ocr_carea' id='block_1_27' title="bbox 2012 1189 3606 1262">
    <p class='ocr_par' dir='ltr' id='par_1_27' title="bbox 2012 1189 3606 1262">
     <span class='ocr_line' id='line_1_27' title="bbox 2012 1189 3606 1262; baseline 0.003 -16"><span class='ocrx_word' id='word_1_188' title='bbox 2012 1201 2124 1246; x_wconf 92' lang='lat' dir='ltr'><strong>tum</strong></span> <span class='ocrx_word' id='word_1_189' title='bbox 2152 1189 2238 1245; x_wconf 87' lang='lat' dir='ltr'><strong>his</strong></span> <span class='ocrx_word' id='word_1_190' title='bbox 2263 1189 2629 1246; x_wconf 87' lang='lat' dir='ltr'><strong>Tertullianus</strong></span> <span class='ocrx_word' id='word_1_191' title='bbox 2654 1191 2784 1246; x_wconf 89' lang='lat' dir='ltr'><strong>citat</strong></span> <span class='ocrx_word' id='word_1_192' title='bbox 2829 1191 3005 1247; x_wconf 78' lang='lat' dir='ltr'><strong>verbis</strong></span> <span class='ocrx_word' id='word_1_193' title='bbox 3041 1210 3053 1246; x_wconf 94' lang='lat'><strong>:</strong></span> <span class='ocrx_word' id='word_1_194' title='bbox 3086 1191 3263 1262; x_wconf 81' lang='lat' dir='ltr'><strong>Legite</strong></span> <span class='ocrx_word' id='word_1_195' title='bbox 3302 1196 3481 1249; x_wconf 85' lang='lat' dir='ltr'><strong>necubi</strong></span> <span class='ocrx_word' id='word_1_196' title='bbox 3522 1211 3606 1250; x_wconf 82' lang='lat' dir='ltr'><strong>re-</strong></span> 
     </span>
    </p>
   </div>
   <div class='ocr_carea' id='block_1_28' title="bbox 2012 1281 3607 1357">
    <p class='ocr_par' dir='ltr' id='par_1_28' title="bbox 2012 1281 3607 1357">
     <span class='ocr_line' id='line_1_28' title="bbox 2012 1281 3607 1357; baseline 0.003 -21"><span class='ocrx_word' id='word_1_197' title='bbox 2012 1282 2171 1336; x_wconf 87' lang='lat' dir='ltr'><strong>latum</strong></span> <span class='ocrx_word' id='word_1_198' title='bbox 2194 1281 2258 1336; x_wconf 92' lang='lat' dir='ltr'><strong>sit</strong></span> <span class='ocrx_word' id='word_1_199' title='bbox 2286 1282 2380 1353; x_wconf 90' lang='lat' dir='ltr'><strong>(est</strong></span> <span class='ocrx_word' id='word_1_200' title='bbox 2406 1283 2545 1352; x_wconf 88' lang='lat' dir='ltr'><strong>apud</strong></span> <span class='ocrx_word' id='word_1_201' title='bbox 2588 1281 2901 1337; x_wconf 83' lang='lat' dir='ltr'><strong>Herodotum</strong></span> <span class='ocrx_word' id='word_1_202' title='bbox 2949 1285 3150 1355; x_wconf 85' lang='lat' dir='ltr'><strong>opinor)</strong></span> <span class='ocrx_word' id='word_1_203' title='bbox 3203 1285 3436 1357; x_wconf 77' lang='lat' dir='ltr'><strong>defusum</strong></span> <span class='ocrx_word' id='word_1_204' title='bbox 3487 1287 3607 1341; x_wconf 87' lang='lat' dir='ltr'><strong>bra-</strong></span> 
     </span>
    </p>
   </div>
   <div class='ocr_carea' id='block_1_29' title="bbox 2011 1374 3608 1446">
    <p class='ocr_par' dir='ltr' id='par_1_29' title="bbox 2011 1374 3608 1446">
     <span class='ocr_line' id='line_1_29' title="bbox 2011 1374 3608 1446; baseline 0.003 -18"><span class='ocrx_word' id='word_1_205' title='bbox 2011 1374 2140 1428; x_wconf 81' lang='lat' dir='ltr'><strong>chiis</strong></span> <span class='ocrx_word' id='word_1_206' title='bbox 2213 1376 2514 1446; x_wconf 88' lang='lat' dir='ltr'><strong>sanguinem</strong></span> <span class='ocrx_word' id='word_1_207' title='bbox 2587 1391 2651 1429; x_wconf 82' lang='lat' dir='ltr'><strong>ea:</strong></span> <span class='ocrx_word' id='word_1_208' title='bbox 2697 1374 2942 1429; x_wconf 89' lang='lat' dir='ltr'><strong>alterutro</strong></span> <span class='ocrx_word' id='word_1_209' title='bbox 3009 1377 3328 1444; x_wconf 76' lang='lat' dir='ltr'><strong>degustatum</strong></span> <span class='ocrx_word' id='word_1_210' title='bbox 3378 1378 3608 1433; x_wconf 85' lang='lat' dir='ltr'><strong>nationes</strong></span> 
     </span>
    </p>
   </div>
   <div class='ocr_carea' id='block_1_30' title="bbox 2011 1467 3609 1540">
    <p class='ocr_par' dir='ltr' id='par_1_30' title="bbox 2011 1467 3609 1540">
     <span class='ocr_line' id='line_1_30' title="bbox 2011 1467 3609 1540; baseline 0.003 -18"><span class='ocrx_word' id='word_1_211' title='bbox 2011 1468 2258 1538; x_wconf 87' lang='lat' dir='ltr'><strong>quasdam</strong></span> <span class='ocrx_word' id='word_1_212' title='bbox 2285 1467 2467 1538; x_wconf 77' lang='lat' dir='ltr'><strong>foederi</strong></span> <span class='ocrx_word' id='word_1_213' title='bbox 2494 1484 2817 1539; x_wconf 88' lang='lat' dir='ltr'><strong>comparasse</strong></span> <span class='ocrx_word' id='word_1_214' title='bbox 2837 1468 2998 1540; x_wconf 77' lang='lat' dir='ltr'><strong>(Ibid.</strong></span> <span class='ocrx_word' id='word_1_215' title='bbox 3021 1478 3069 1522; x_wconf 92' lang='lat' dir='ltr'><strong>et</strong></span> <span class='ocrx_word' id='word_1_216' title='bbox 3097 1469 3279 1540; x_wconf 85' lang='lat' dir='ltr'><strong>seqq.).</strong></span> <span class='ocrx_word' id='word_1_217' title='bbox 3309 1471 3378 1524; x_wconf 81' lang='lat' dir='ltr'><strong>At</strong></span> <span class='ocrx_word' id='word_1_218' title='bbox 3408 1470 3488 1524; x_wconf 92' lang='lat' dir='ltr'><strong>his</strong></span> <span class='ocrx_word' id='word_1_219' title='bbox 3520 1470 3609 1526; x_wconf 90' lang='lat' dir='ltr'><strong>ille</strong></span> 
     </span>
    </p>
   </div>
   <div class='ocr_carea' id='block_1_31' title="bbox 2014 1560 3610 1634">
    <p class='ocr_par' dir='ltr' id='par_1_31' title="bbox 2014 1560 3610 1634">
     <span class='ocr_line' id='line_1_31' title="bbox 2014 1560 3610 1634; baseline 0.002 -18"><span class='ocrx_word' id='word_1_220' title='bbox 2014 1561 2217 1626; x_wconf 89' lang='lat' dir='ltr'><strong>verbis,</strong></span> <span class='ocrx_word' id='word_1_221' title='bbox 2248 1563 2390 1632; x_wconf 90' lang='lat' dir='ltr'><strong>apud</strong></span> <span class='ocrx_word' id='word_1_222' title='bbox 2419 1560 2736 1616; x_wconf 83' lang='lat' dir='ltr'><strong>Herodotum</strong></span> <span class='ocrx_word' id='word_1_223' title='bbox 2784 1564 2985 1632; x_wconf 89' lang='lat' dir='ltr'><strong>opinor,</strong></span> <span class='ocrx_word' id='word_1_224' title='bbox 3033 1563 3161 1616; x_wconf 87' lang='lat' dir='ltr'><strong>satis</strong></span> <span class='ocrx_word' id='word_1_225' title='bbox 3210 1571 3396 1631; x_wconf 90' lang='lat' dir='ltr'><strong>aperte</strong></span> <span class='ocrx_word' id='word_1_226' title='bbox 3445 1563 3610 1634; x_wconf 86' lang='lat' dir='ltr'><strong>signi-</strong></span> 
     </span>
    </p>
   </div>
   <div class='ocr_carea' id='block_1_32' title="bbox 2012 1653 3611 1722">
    <p class='ocr_par' dir='ltr' id='par_1_32' title="bbox 2012 1653 3611 1722">
     <span class='ocr_line' id='line_1_32' title="bbox 2012 1653 3611 1722; baseline 0.001 -12"><span class='ocrx_word' id='word_1_227' title='bbox 2012 1654 2136 1710; x_wconf 87' lang='lat' dir='ltr'><strong>ﬁcat</strong></span> <span class='ocrx_word' id='word_1_228' title='bbox 2175 1670 2236 1711; x_wconf 89' lang='lat' dir='ltr'><strong>se</strong></span> <span class='ocrx_word' id='word_1_229' title='bbox 2273 1653 2459 1710; x_wconf 74' lang='lat' dir='ltr'><strong>isthmc</strong></span> <span class='ocrx_word' id='word_1_230' title='bbox 2488 1671 2553 1711; x_wconf 77' lang='lat' dir='ltr'><strong>ex</strong></span> <span class='ocrx_word' id='word_1_231' title='bbox 2588 1657 2842 1711; x_wconf 90' lang='lat' dir='ltr'><strong>memoria</strong></span> <span class='ocrx_word' id='word_1_232' title='bbox 2876 1658 2945 1711; x_wconf 89' lang='lat' dir='ltr'><strong>ita</strong></span> <span class='ocrx_word' id='word_1_233' title='bbox 2989 1657 3276 1722; x_wconf 88' lang='lat' dir='ltr'><strong>recitasse;</strong></span> <span class='ocrx_word' id='word_1_234' title='bbox 3310 1667 3365 1711; x_wconf 93' lang='lat' dir='ltr'><strong>ut</strong></span> <span class='ocrx_word' id='word_1_235' title='bbox 3390 1658 3611 1712; x_wconf 89' lang='lat' dir='ltr'><strong>omnino</strong></span> 
     </span>
    </p>
   </div>
   <div class='ocr_carea' id='block_1_33' title="bbox 303 1748 3611 1826">
    <p class='ocr_par' dir='ltr' id='par_1_33' title="bbox 303 1748 3611 1826">
     <span class='ocr_line' id='line_1_33' title="bbox 303 1748 3611 1826; baseline -0.007 1"><span class='ocrx_word' id='word_1_236' title='bbox 303 1771 469 1826; x_wconf 87' lang='lat' dir='ltr'><strong>minis</strong></span> <span class='ocrx_word' id='word_1_237' title='bbox 515 1767 752 1824; x_wconf 86' lang='lat' dir='ltr'><strong>membra</strong></span> <span class='ocrx_word' id='word_1_238' title='bbox 786 1761 944 1818; x_wconf 89' lang='lat' dir='ltr'><strong>simul</strong></span> <span class='ocrx_word' id='word_1_239' title='bbox 995 1760 1314 1825; x_wconf 77' lang='lat' dir='ltr'><strong>formantur,</strong></span> <span class='ocrx_word' id='word_1_240' title='bbox 1363 1771 1466 1813; x_wconf 90' lang='lat' dir='ltr'><strong>nec</strong></span> <span class='ocrx_word' id='word_1_241' title='bbox 1495 1756 1672 1810; x_wconf 89' lang='lat' dir='ltr'><strong>anima</strong></span> <span class='ocrx_word' id='word_1_242' title='bbox 1725 1755 1906 1810; x_wconf 89' lang='lat' dir='ltr'><strong>statim</strong></span> <span class='ocrx_word' id='word_1_243' title='bbox 1936 1751 1986 1813; x_wconf 91' lang='lat' dir='ltr'><strong>B</strong></span> <span class='ocrx_word' id='word_1_244' title='bbox 2013 1762 2236 1804; x_wconf 87' lang='lat' dir='ltr'><strong>securus</strong></span> <span class='ocrx_word' id='word_1_245' title='bbox 2264 1764 2371 1802; x_wconf 87' lang='lat' dir='ltr'><strong>non</strong></span> <span class='ocrx_word' id='word_1_246' title='bbox 2402 1748 2562 1803; x_wconf 80' lang='lat' dir='ltr'><strong>fuerit</strong></span> <span class='ocrx_word' id='word_1_247' title='bbox 2587 1748 2776 1803; x_wconf 69' lang='lat' dir='ltr'><strong>anilla</strong></span> <span class='ocrx_word' id='word_1_248' title='bbox 2809 1748 2877 1802; x_wconf 89' lang='lat' dir='ltr'><strong>ab</strong></span> <span class='ocrx_word' id='word_1_249' title='bbox 2909 1750 3024 1818; x_wconf 89' lang='lat' dir='ltr'><strong>ipso</strong></span> <span class='ocrx_word' id='word_1_250' title='bbox 3058 1748 3330 1804; x_wconf 80' lang='lat' dir='ltr'><strong>Herodoto</strong></span> <span class='ocrx_word' id='word_1_251' title='bbox 3381 1749 3466 1804; x_wconf 89' lang='lat' dir='ltr'><strong>vel</strong></span> <span class='ocrx_word' id='word_1_252' title='bbox 3503 1749 3611 1804; x_wconf 90' lang='lat' dir='ltr'><strong>alio</strong></span> 
     </span>
    </p>
   </div>
   <div class='ocr_carea' id='block_1_34' title="bbox 303 1845 1902 1922">
    <p class='ocr_par' dir='ltr' id='par_1_34' title="bbox 303 1845 1902 1922">
     <span class='ocr_line' id='line_1_34' title="bbox 303 1845 1902 1922; baseline -0.011 -5"><span class='ocrx_word' id='word_1_253' title='bbox 303 1859 461 1917; x_wconf 62' lang='lat' dir='ltr'><strong>fetui</strong></span> <span class='ocrx_word' id='word_1_254' title='bbox 490 1856 806 1919; x_wconf 80' lang='lat' dir='ltr'><strong>infunditur,</strong></span> <span class='ocrx_word' id='word_1_255' title='bbox 863 1853 957 1908; x_wconf 90' lang='lat' dir='ltr'><strong>sed</strong></span> <span class='ocrx_word' id='word_1_256' title='bbox 1007 1861 1125 1922; x_wconf 88' lang='lat' dir='ltr'><strong>post</strong></span> <span class='ocrx_word' id='word_1_257' title='bbox 1155 1850 1351 1905; x_wconf 90' lang='lat' dir='ltr'><strong>multus</strong></span> <span class='ocrx_word' id='word_1_258' title='bbox 1377 1866 1406 1904; x_wconf 90' lang='lat' dir='ltr'><strong>a</strong></span> <span class='ocrx_word' id='word_1_259' title='bbox 1457 1857 1720 1917; x_wconf 89' lang='lat' dir='ltr'><strong>conceptu</strong></span> <span class='ocrx_word' id='word_1_260' title='bbox 1763 1845 1902 1912; x_wconf 89' lang='lat' dir='ltr'><strong>dies,</strong></span> 
     </span>
    </p>
   </div>
   <div class='ocr_carea' id='block_1_35' title="bbox 301 1938 1904 2022">
    <p class='ocr_par' dir='ltr' id='par_1_35' title="bbox 301 1938 1904 2022">
     <span class='ocr_line' id='line_1_35' title="bbox 301 1938 1904 2022; baseline -0.01 -13"><span class='ocrx_word' id='word_1_261' title='bbox 301 1953 378 2009; x_wconf 88' lang='lat' dir='ltr'><strong>uti</strong></span> <span class='ocrx_word' id='word_1_262' title='bbox 404 1959 593 2022; x_wconf 88' lang='lat' dir='ltr'><strong>putant</strong></span> <span class='ocrx_word' id='word_1_263' title='bbox 623 1946 948 2019; x_wconf 80' lang='lat' dir='ltr'><strong>phil030plti,</strong></span> <span class='ocrx_word' id='word_1_264' title='bbox 974 1958 1177 2014; x_wconf 88' lang='lat' dir='ltr'><strong>nosque</strong></span> <span class='ocrx_word' id='word_1_265' title='bbox 1205 1943 1332 1998; x_wconf 89' lang='lat' dir='ltr'><strong>alibi</strong></span> <span class='ocrx_word' id='word_1_266' title='bbox 1355 1941 1690 1998; x_wconf 85' lang='lat' dir='ltr'><strong>ostendimus</strong></span> <span class='ocrx_word' id='word_1_267' title='bbox 1736 1938 1756 2012; x_wconf 96' lang='lat'>(</span> <span class='ocrx_word' id='word_1_268' title='bbox 1783 1939 1904 1994; x_wconf 89' lang='lat' dir='ltr'><strong>Dis-</strong></span> 
     </span>
    </p>
   </div>
   <div class='ocr_carea' id='block_1_36' title="bbox 308 2033 1904 2109">
    <p class='ocr_par' dir='ltr' id='par_1_36' title="bbox 308 2033 1904 2109">
     <span class='ocr_line' id='line_1_36' title="bbox 308 2033 1904 2109; baseline -0.009 -7"><span class='ocrx_word' id='word_1_269' title='bbox 308 2054 486 2102; x_wconf 89' lang='lat' dir='ltr'><strong>sertat.</strong></span> <span class='ocrx_word' id='word_1_270' title='bbox 508 2045 562 2097; x_wconf 87' lang='lat' dir='ltr'><strong>in</strong></span> <span class='ocrx_word' id='word_1_271' title='bbox 603 2039 865 2103; x_wconf 91' lang='lat' dir='ltr'><strong>Lactant.,</strong></span> <span class='ocrx_word' id='word_1_272' title='bbox 922 2055 1037 2109; x_wconf 90' lang='lat' dir='ltr'><strong>cap.</strong></span> <span class='ocrx_word' id='word_1_273' title='bbox 1077 2035 1171 2103; x_wconf 71' lang='lat'><strong>27,</strong></span> <span class='ocrx_word' id='word_1_274' title='bbox 1213 2045 1312 2090; x_wconf 88' lang='lat' dir='ltr'><strong>art.</strong></span> <span class='ocrx_word' id='word_1_275' title='bbox 1355 2035 1412 2101; x_wconf 76' lang='grc'><strong>2,</strong></span> <span class='ocrx_word' id='word_1_276' title='bbox 1453 2045 1498 2088; x_wconf 91' lang='lat' dir='ltr'><strong>et</strong></span> <span class='ocrx_word' id='word_1_277' title='bbox 1535 2033 1629 2090; x_wconf 71' lang='lat'><strong>40.</strong></span> <span class='ocrx_word' id='word_1_278' title='bbox 1673 2043 1772 2087; x_wconf 91' lang='lat' dir='ltr'><strong>art.</strong></span> <span class='ocrx_word' id='word_1_279' title='bbox 1803 2035 1836 2088; x_wconf 80' lang='lat'><strong>6</strong></span> <span class='ocrx_word' id='word_1_280' title='bbox 1861 2035 1904 2104; x_wconf 93' lang='lat'><strong>).</strong></span> 
     </span>
    </p>
   </div>
   <div class='ocr_carea' id='block_1_37' title="bbox 2009 1841 3610 1912">
    <p class='ocr_par' dir='ltr' id='par_1_37' title="bbox 2009 1841 3610 1912">
     <span class='ocr_line' id='line_1_37' title="bbox 2009 1841 3610 1912; baseline 0.001 -16"><span class='ocrx_word' id='word_1_281' title='bbox 2009 1843 2272 1912; x_wconf 88' lang='lat' dir='ltr'><strong>scriptore</strong></span> <span class='ocrx_word' id='word_1_282' title='bbox 2300 1841 2491 1896; x_wconf 87' lang='lat' dir='ltr'><strong>litteris</strong></span> <span class='ocrx_word' id='word_1_283' title='bbox 2518 1843 2766 1897; x_wconf 90' lang='lat' dir='ltr'><strong>mandata</strong></span> <span class='ocrx_word' id='word_1_284' title='bbox 2795 1843 2922 1896; x_wconf 88' lang='lat' dir='ltr'><strong>sint.</strong></span> <span class='ocrx_word' id='word_1_285' title='bbox 2957 1841 3334 1898; x_wconf 89' lang='lat' dir='ltr'><strong>Verumtamen</strong></span> <span class='ocrx_word' id='word_1_286' title='bbox 3363 1843 3610 1899; x_wconf 87' lang='lat' dir='ltr'><strong>eumdem</strong></span> 
     </span>
    </p>
   </div>
   <div class='ocr_carea' id='block_1_38' title="bbox 2012 1934 3614 2006">
    <p class='ocr_par' dir='ltr' id='par_1_38' title="bbox 2012 1934 3614 2006">
     <span class='ocr_line' id='line_1_38' title="bbox 2012 1934 3614 2006; baseline -0.002 -12"><span class='ocrx_word' id='word_1_287' title='bbox 2012 1937 2339 1995; x_wconf 86' lang='lat' dir='ltr'><strong>llerodotum</strong></span> <span class='ocrx_word' id='word_1_288' title='bbox 2385 1949 2538 1994; x_wconf 88' lang='lat' dir='ltr'><strong>certo</strong></span> <span class='ocrx_word' id='word_1_289' title='bbox 2572 1939 2741 1992; x_wconf 89' lang='lat' dir='ltr'><strong>citare</strong></span> <span class='ocrx_word' id='word_1_290' title='bbox 2785 1942 3034 2006; x_wconf 87' lang='lat' dir='ltr'><strong>poterat;</strong></span> <span class='ocrx_word' id='word_1_291' title='bbox 3078 1949 3200 1988; x_wconf 91' lang='lat' dir='ltr'><strong>nam</strong></span> <span class='ocrx_word' id='word_1_292' title='bbox 3231 1936 3280 1988; x_wconf 92' lang='lat' dir='ltr'><strong>in</strong></span> <span class='ocrx_word' id='word_1_293' title='bbox 3310 1934 3486 2004; x_wconf 89' lang='lat' dir='ltr'><strong>primo</strong></span> <span class='ocrx_word' id='word_1_294' title='bbox 3515 1950 3614 1991; x_wconf 90' lang='lat' dir='ltr'><strong>suo</strong></span> 
     </span>
    </p>
   </div>
   <div class='ocr_carea' id='block_1_39' title="bbox 2009 2017 3613 2100">
    <p class='ocr_par' dir='ltr' id='par_1_39' title="bbox 2009 2017 3613 2100">
     <span class='ocr_line' id='line_1_39' title="bbox 2009 2017 3613 2100; baseline -0.002 -14"><span class='ocrx_word' id='word_1_295' title='bbox 2009 2031 2146 2086; x_wconf 91' lang='lat' dir='ltr'><strong>libro</strong></span> <span class='ocrx_word' id='word_1_296' title='bbox 2175 2030 2288 2085; x_wconf 64' lang='lat' dir='ltr'><strong>haec</strong></span> <span class='ocrx_word' id='word_1_297' title='bbox 2316 2039 2500 2086; x_wconf 86' lang='lat' dir='ltr'><strong>narrat</strong></span> <span class='ocrx_word' id='word_1_298' title='bbox 2527 2029 2594 2085; x_wconf 93' lang='lat' dir='ltr'><strong>de</strong></span> <span class='ocrx_word' id='word_1_299' title='bbox 2621 2029 2787 2100; x_wconf 87' lang='lat' dir='ltr'><strong>Lydis</strong></span> <span class='ocrx_word' id='word_1_300' title='bbox 2818 2045 2830 2082; x_wconf 90' lang='lat'><strong>:</strong></span> <span class='ocrx_word' id='word_1_301' title='bbox 2892 2017 3045 2098; x_wconf 77' lang='grc' dir='ltr'><strong>ὀριια</strong></span> <span class='ocrx_word' id='word_1_302' title='bbox 3081 2032 3130 2081; x_wconf 70' lang='lat' dir='ltr'><strong>3t</strong></span> <span class='ocrx_word' id='word_1_303' title='bbox 3182 2035 3398 2082; x_wconf 74' lang='grc' dir='ltr'><strong>ποιέεται</strong></span> <span class='ocrx_word' id='word_1_304' title='bbox 3453 2035 3613 2084; x_wconf 66' lang='lat' dir='ltr'><strong>usu</strong></span> 
     </span>
    </p>
   </div>
   <div class='ocr_carea' id='block_1_40' title="bbox 311 2126 1918 2208">
    <p class='ocr_par' dir='ltr' id='par_1_40' title="bbox 311 2126 1908 2208">
     <span class='ocr_line' id='line_1_40' title="bbox 311 2126 1908 2208; baseline -0.009 -13"><span class='ocrx_word' id='word_1_305' title='bbox 311 2137 473 2208; x_wconf 85' lang='lat' dir='ltr'><strong>Atqui</strong></span> <span class='ocrx_word' id='word_1_306' title='bbox 529 2135 574 2190; x_wconf 91' lang='lat' dir='ltr'><strong>si</strong></span> <span class='ocrx_word' id='word_1_307' title='bbox 604 2131 869 2204; x_wconf 86' lang='lat' dir='ltr'><strong>ejusmodi</strong></span> <span class='ocrx_word' id='word_1_308' title='bbox 907 2130 1214 2186; x_wconf 84' lang='lat' dir='ltr'><strong>abortiones</strong></span> <span class='ocrx_word' id='word_1_309' title='bbox 1247 2143 1538 2200; x_wconf 81' lang='lat' dir='ltr'><strong>provocare</strong></span> <span class='ocrx_word' id='word_1_310' title='bbox 1588 2126 1908 2185; x_wconf 86' lang='lat' dir='ltr'><strong>Christianis</strong></span> 
     </span>
    </p>
   </div>
   <div class='ocr_carea' id='block_1_41' title="bbox 2020 2126 3617 2208">
    <p class='ocr_par' dir='ltr' id='par_1_41' title="bbox 2020 2128 3617 2193">
     <span class='ocr_line' id='line_1_41' title="bbox 2020 2128 3617 2193; baseline -0.001 -16"><span class='ocrx_word' id='word_1_311' title='bbox 2020 2129 2073 2177; x_wconf 70' lang='lat' dir='ltr'><strong>rit</strong></span> <span class='ocrx_word' id='word_1_312' title='bbox 2118 2131 2267 2189; x_wconf 69' lang='grc' dir='ltr'><strong>ἔθνεα,</strong></span> <span class='ocrx_word' id='word_1_313' title='bbox 2323 2129 2386 2176; x_wconf 80' lang='grc' dir='ltr'><strong>τὰ</strong></span> <span class='ocrx_word' id='word_1_314' title='bbox 2436 2132 2522 2193; x_wconf 73' lang='grc' dir='ltr'><strong>πέρ</strong></span> <span class='ocrx_word' id='word_1_315' title='bbox 2554 2145 2607 2176; x_wconf 77' lang='grc' dir='ltr'>τι</span> <span class='ocrx_word' id='word_1_316' title='bbox 2649 2128 2851 2184; x_wconf 69' lang='grc' dir='ltr'><strong>ἔλληνςς,</strong></span> <span class='ocrx_word' id='word_1_317' title='bbox 2905 2131 2988 2174; x_wconf 70' lang='lat' dir='ltr'><strong>utsi</strong></span> <span class='ocrx_word' id='word_1_318' title='bbox 3056 2130 3168 2190; x_wconf 75' lang='grc' dir='ltr'><strong>πρὸς</strong></span> <span class='ocrx_word' id='word_1_319' title='bbox 3217 2129 3434 2176; x_wconf 69' lang='grc' dir='ltr'><strong>’τούτοισι</strong></span> <span class='ocrx_word' id='word_1_320' title='bbox 3476 2128 3617 2176; x_wconf 73' lang='grc' dir='ltr'><strong>ἰπιὰν</strong></span> 
     </span>
    </p>
   </div>
   <div class='ocr_carea' id='block_1_42' title="bbox 312 2221 1903 2300">
    <p class='ocr_par' dir='ltr' id='par_1_42' title="bbox 312 2221 1903 2300">
     <span class='ocr_line' id='line_1_42' title="bbox 312 2221 1903 2300; baseline -0.01 -10"><span class='ocrx_word' id='word_1_321' title='bbox 312 2231 463 2291; x_wconf 82' lang='lat' dir='ltr'><strong>nefas</strong></span> <span class='ocrx_word' id='word_1_322' title='bbox 487 2239 625 2296; x_wconf 89' lang='lat' dir='ltr'><strong>erat,</strong></span> <span class='ocrx_word' id='word_1_323' title='bbox 657 2237 858 2300; x_wconf 90' lang='lat' dir='ltr'><strong>quanto</strong></span> <span class='ocrx_word' id='word_1_324' title='bbox 881 2227 1050 2297; x_wconf 87' lang='lat' dir='ltr'><strong>magis</strong></span> <span class='ocrx_word' id='word_1_325' title='bbox 1065 2224 1332 2296; x_wconf 89' lang='lat' dir='ltr'><strong>quoslibet</strong></span> <span class='ocrx_word' id='word_1_326' title='bbox 1354 2222 1600 2278; x_wconf 88' lang='lat' dir='ltr'><strong>occidere</strong></span> <span class='ocrx_word' id='word_1_327' title='bbox 1623 2221 1903 2276; x_wconf 87' lang='lat' dir='ltr'><strong>homines!</strong></span> 
     </span>
    </p>
   </div>
   <div class='ocr_carea' id='block_1_43' title="bbox 307 2315 1906 2395">
    <p class='ocr_par' dir='ltr' id='par_1_43' title="bbox 307 2315 1906 2395">
     <span class='ocr_line' id='line_1_43' title="bbox 307 2315 1906 2395; baseline -0.009 -13"><span class='ocrx_word' id='word_1_328' title='bbox 307 2326 437 2394; x_wconf 83' lang='lat' dir='ltr'><strong>Quis</strong></span> <span class='ocrx_word' id='word_1_329' title='bbox 481 2325 643 2395; x_wconf 80' lang='lat' dir='ltr'><strong>igitur</strong></span> <span class='ocrx_word' id='word_1_330' title='bbox 692 2336 798 2377; x_wconf 92' lang='lat' dir='ltr'><strong>non</strong></span> <span class='ocrx_word' id='word_1_331' title='bbox 844 2320 1060 2390; x_wconf 80' lang='lat' dir='ltr'><strong>indigne</strong></span> <span class='ocrx_word' id='word_1_332' title='bbox 1111 2319 1244 2373; x_wconf 86' lang='lat' dir='ltr'><strong>lerat</strong></span> <span class='ocrx_word' id='word_1_333' title='bbox 1296 2317 1418 2372; x_wconf 89' lang='lat' dir='ltr'><strong>illos</strong></span> <span class='ocrx_word' id='word_1_334' title='bbox 1469 2315 1738 2370; x_wconf 89' lang='lat' dir='ltr'><strong>homicidii</strong></span> <span class='ocrx_word' id='word_1_335' title='bbox 1800 2323 1906 2368; x_wconf 76' lang='lat' dir='ltr'><strong>tam</strong></span> 
     </span>
    </p>
   </div>
   <div class='ocr_carea' id='block_1_44' title="bbox 306 2408 1902 2489">
    <p class='ocr_par' dir='ltr' id='par_1_44' title="bbox 306 2408 1902 2489">
     <span class='ocr_line' id='line_1_44' title="bbox 306 2408 1902 2489; baseline -0.011 -11"><span class='ocrx_word' id='word_1_336' title='bbox 306 2430 515 2478; x_wconf 87' lang='lat' dir='ltr'><strong>temere</strong></span> <span class='ocrx_word' id='word_1_337' title='bbox 561 2416 816 2489; x_wconf 89' lang='lat' dir='ltr'><strong>postulari</strong></span> <span class='ocrx_word' id='word_1_338' title='bbox 875 2415 941 2470; x_wconf 90' lang='lat' dir='ltr'><strong>ab</strong></span> <span class='ocrx_word' id='word_1_339' title='bbox 981 2413 1245 2475; x_wconf 84' lang='lat' dir='ltr'><strong>ethnicis,</strong></span> <span class='ocrx_word' id='word_1_340' title='bbox 1283 2411 1370 2481; x_wconf 88' lang='lat' dir='ltr'><strong>qui</strong></span> <span class='ocrx_word' id='word_1_341' title='bbox 1422 2419 1530 2464; x_wconf 89' lang='lat' dir='ltr'><strong>tam</strong></span> <span class='ocrx_word' id='word_1_342' title='bbox 1592 2408 1902 2478; x_wconf 80' lang='lat' dir='ltr'><strong>frequenter</strong></span> 
     </span>
    </p>
   </div>
   <div class='ocr_carea' id='block_1_45' title="bbox 310 2497 1910 2570">
    <p class='ocr_par' dir='ltr' id='par_1_45' title="bbox 310 2497 1910 2570">
     <span class='ocr_line' id='line_1_45' title="bbox 310 2497 1910 2570; baseline -0.012 0"><span class='ocrx_word' id='word_1_343' title='bbox 310 2514 451 2570; x_wconf 90' lang='lat' dir='ltr'><strong>alios</strong></span> <span class='ocrx_word' id='word_1_344' title='bbox 492 2511 734 2566; x_wconf 90' lang='lat' dir='ltr'><strong>homines</strong></span> <span class='ocrx_word' id='word_1_345' title='bbox 778 2505 1148 2563; x_wconf 85' lang='lat' dir='ltr'><strong>crudelissime</strong></span> <span class='ocrx_word' id='word_1_346' title='bbox 1175 2501 1511 2566; x_wconf 86' lang='lat' dir='ltr'><strong>occidebant,</strong></span> <span class='ocrx_word' id='word_1_347' title='bbox 1567 2508 1623 2554; x_wconf 91' lang='lat' dir='ltr'><strong>ut</strong></span> <span class='ocrx_word' id='word_1_348' title='bbox 1657 2499 1767 2569; x_wconf 89' lang='lat' dir='ltr'><strong>jam</strong></span> <span class='ocrx_word' id='word_1_349' title='bbox 1797 2497 1910 2552; x_wconf 90' lang='lat' dir='ltr'><strong>dic-</strong></span> 
     </span>
    </p>
   </div>
   <div class='ocr_carea' id='block_1_46' title="bbox 309 2600 1162 2663">
    <p class='ocr_par' dir='ltr' id='par_1_46' title="bbox 309 2600 1162 2663">
     <span class='ocr_line' id='line_1_46' title="bbox 309 2600 1162 2663; baseline -0.013 0"><span class='ocrx_word' id='word_1_350' title='bbox 309 2616 422 2663; x_wconf 89' lang='lat' dir='ltr'><strong>tum</strong></span> <span class='ocrx_word' id='word_1_351' title='bbox 450 2617 505 2663; x_wconf 90' lang='lat' dir='ltr'><strong>et</strong></span> <span class='ocrx_word' id='word_1_352' title='bbox 529 2605 701 2659; x_wconf 86' lang='lat' dir='ltr'><strong>adhuc</strong></span> <span class='ocrx_word' id='word_1_353' title='bbox 728 2600 1012 2658; x_wconf 89' lang='lat' dir='ltr'><strong>dicendum</strong></span> <span class='ocrx_word' id='word_1_354' title='bbox 1044 2600 1162 2655; x_wconf 82' lang='lat' dir='ltr'><strong>est?</strong></span> 
     </span>
    </p>
   </div>
   <div class='ocr_carea' id='block_1_47' title="bbox 906 2732 1420 2777">
    <p class='ocr_par' dir='ltr' id='par_1_47' title="bbox 906 2732 1420 2777">
     <span class='ocr_line' id='line_1_47' title="bbox 906 2732 1420 2777; baseline -0.008 -1"><span class='ocrx_word' id='word_1_355' title='bbox 906 2733 1200 2777; x_wconf 72' lang='lat' dir='ltr'><strong>AR&#39;HCULUS</strong></span> <span class='ocrx_word' id='word_1_356' title='bbox 1253 2732 1330 2772; x_wconf 80' lang='lat' dir='ltr'><strong>IV.</strong></span> <span class='ocrx_word' id='word_1_357' title='bbox 1412 2764 1420 2772; x_wconf 94' lang='lat'><strong>.</strong></span> 
     </span>
    </p>
   </div>
   <div class='ocr_carea' id='block_1_48' title="bbox 315 2826 1912 2909">
    <p class='ocr_par' dir='ltr' id='par_1_48' title="bbox 315 2826 1912 2909">
     <span class='ocr_line' id='line_1_48' title="bbox 315 2826 1912 2909; baseline -0.01 -13"><span class='ocrx_word' id='word_1_358' title='bbox 315 2841 490 2909; x_wconf 82' lang='lat' dir='ltr'><strong>Quam</strong></span> <span class='ocrx_word' id='word_1_359' title='bbox 536 2847 674 2894; x_wconf 84' lang='lat' dir='ltr'><strong>certo</strong></span> <span class='ocrx_word' id='word_1_360' title='bbox 714 2834 1062 2892; x_wconf 85' lang='lat' dir='ltr'><strong>Tertullianus</strong></span> <span class='ocrx_word' id='word_1_361' title='bbox 1104 2840 1299 2886; x_wconf 82' lang='lat' dir='ltr'><strong>asserat</strong></span> <span class='ocrx_word' id='word_1_362' title='bbox 1353 2837 1558 2900; x_wconf 89' lang='lat' dir='ltr'><strong>epotum</strong></span> <span class='ocrx_word' id='word_1_363' title='bbox 1585 2828 1649 2882; x_wconf 89' lang='lat' dir='ltr'><strong>ab</strong></span> <span class='ocrx_word' id='word_1_364' title='bbox 1697 2826 1912 2881; x_wconf 77' lang='lat' dir='ltr'><strong>ethnicis</strong></span> 
     </span>
    </p>
   </div>
   <div class='ocr_carea' id='block_1_49' title="bbox 387 2917 1910 2998">
    <p class='ocr_par' dir='ltr' id='par_1_49' title="bbox 387 2917 1910 2998">
     <span class='ocr_line' id='line_1_49' title="bbox 387 2917 1910 2998; baseline -0.009 -13"><span class='ocrx_word' id='word_1_365' title='bbox 387 2931 665 2985; x_wconf 81' lang='lat' dir='ltr'><strong>humanum</strong></span> <span class='ocrx_word' id='word_1_366' title='bbox 693 2928 991 2998; x_wconf 87' lang='lat' dir='ltr'><strong>sanguinem</strong></span> <span class='ocrx_word' id='word_1_367' title='bbox 1023 2923 1235 2994; x_wconf 84' lang='lat' dir='ltr'><strong>publicis</strong></span> <span class='ocrx_word' id='word_1_368' title='bbox 1269 2922 1321 2974; x_wconf 89' lang='lat' dir='ltr'><strong>in</strong></span> <span class='ocrx_word' id='word_1_369' title='bbox 1365 2920 1502 2974; x_wconf 84' lang='lat' dir='ltr'><strong>ludis</strong></span> <span class='ocrx_word' id='word_1_370' title='bbox 1545 2917 1662 2973; x_wconf 73' lang='lat' dir='ltr'><strong>Iovi</strong></span> <span class='ocrx_word' id='word_1_371' title='bbox 1706 2919 1910 2987; x_wconf 83' lang='lat' dir='ltr'><strong>dicatis,</strong></span> 
     </span>
    </p>
   </div>
   <div class='ocr_carea' id='block_1_50' title="bbox 384 3010 1910 3091">
    <p class='ocr_par' dir='ltr' id='par_1_50' title="bbox 384 3010 1910 3091">
     <span class='ocr_line' id='line_1_50' title="bbox 384 3010 1910 3091; baseline -0.01 -14"><span class='ocrx_word' id='word_1_372' title='bbox 384 3031 434 3078; x_wconf 86' lang='lat' dir='ltr'><strong>et</strong></span> <span class='ocrx_word' id='word_1_373' title='bbox 461 3023 524 3076; x_wconf 89' lang='lat' dir='ltr'><strong>ab</strong></span> <span class='ocrx_word' id='word_1_374' title='bbox 553 3023 632 3076; x_wconf 83' lang='lat' dir='ltr'><strong>Itis</strong></span> <span class='ocrx_word' id='word_1_375' title='bbox 661 3021 747 3091; x_wconf 88' lang='lat' dir='ltr'><strong>qui</strong></span> <span class='ocrx_word' id='word_1_376' title='bbox 805 3019 1048 3074; x_wconf 88' lang='lat' dir='ltr'><strong>contitiali</strong></span> <span class='ocrx_word' id='word_1_377' title='bbox 1081 3017 1254 3070; x_wconf 90' lang='lat' dir='ltr'><strong>morbo</strong></span> <span class='ocrx_word' id='word_1_378' title='bbox 1284 3014 1560 3068; x_wconf 86' lang='lat' dir='ltr'><strong>remedium</strong></span> <span class='ocrx_word' id='word_1_379' title='bbox 1597 3010 1910 3082; x_wconf 71' lang='lat' dir='ltr'><strong>quaerebant,</strong></span> 
     </span>
    </p>
   </div>
   <div class='ocr_carea' id='block_1_51' title="bbox 383 3105 1983 3204">
    <p class='ocr_par' dir='ltr' id='par_1_51' title="bbox 383 3105 1983 3204">
     <span class='ocr_line' id='line_1_51' title="bbox 383 3105 1983 3204; baseline -0.007 -34"><span class='ocrx_word' id='word_1_380' title='bbox 383 3125 534 3185; x_wconf 87' lang='lat' dir='ltr'><strong>atque</strong></span> <span class='ocrx_word' id='word_1_381' title='bbox 562 3114 623 3167; x_wconf 87' lang='lat' dir='ltr'><strong>ab</strong></span> <span class='ocrx_word' id='word_1_382' title='bbox 652 3113 896 3184; x_wconf 87' lang='lat' dir='ltr'><strong>aliis,&#39;qui</strong></span> <span class='ocrx_word' id='word_1_383' title='bbox 937 3111 1065 3165; x_wconf 84' lang='lat' dir='ltr'><strong>sicut</strong></span> <span class='ocrx_word' id='word_1_384' title='bbox 1091 3108 1312 3165; x_wconf 82' lang='lat' dir='ltr'><strong>Catilina</strong></span> <span class='ocrx_word' id='word_1_385' title='bbox 1342 3107 1638 3177; x_wconf 74' lang='lat' dir='ltr'><strong>{meluscum</strong></span> <span class='ocrx_word' id='word_1_386' title='bbox 1660 3105 1910 3176; x_wconf 85' lang='lat' dir='ltr'><strong>aliquibus</strong></span> <span class='ocrx_word' id='word_1_387' title='bbox 1937 3141 1983 3204; x_wconf 65' lang='grc' dir='ltr'>Ο</span> 
     </span>
    </p>
   </div>
   <div class='ocr_carea' id='block_1_52' title="bbox 383 3200 1910 3273">
    <p class='ocr_par' dir='ltr' id='par_1_52' title="bbox 383 3200 1910 3273">
     <span class='ocr_line' id='line_1_52' title="bbox 383 3200 1910 3273; baseline -0.008 -8"><span class='ocrx_word' id='word_1_388' title='bbox 383 3210 576 3265; x_wconf 87' lang='lat' dir='ltr'><strong>inibant</strong></span> <span class='ocrx_word' id='word_1_389' title='bbox 609 3223 626 3262; x_wconf 93' lang='lat'><strong><em>:</em></strong></span> <span class='ocrx_word' id='word_1_390' title='bbox 651 3208 770 3260; x_wconf 85' lang='lat' dir='ltr'><strong>item</strong></span> <span class='ocrx_word' id='word_1_391' title='bbox 821 3206 874 3259; x_wconf 86' lang='lat' dir='ltr'><strong>in</strong></span> <span class='ocrx_word' id='word_1_392' title='bbox 903 3205 1078 3273; x_wconf 76' lang='lat' dir='ltr'><strong>Africa</strong></span> <span class='ocrx_word' id='word_1_393' title='bbox 1117 3201 1350 3256; x_wconf 75' lang='lat' dir='ltr'><strong>Bellona:</strong></span> <span class='ocrx_word' id='word_1_394' title='bbox 1378 3210 1604 3256; x_wconf 90' lang='lat' dir='ltr'><strong>sacratos</strong></span> <span class='ocrx_word' id='word_1_395' title='bbox 1633 3201 1816 3254; x_wconf 82' lang='lat' dir='ltr'><strong>hausto</strong></span> <span class='ocrx_word' id='word_1_396' title='bbox 1841 3200 1910 3254; x_wconf 90' lang='lat' dir='ltr'><strong>si-</strong></span> 
     </span>
    </p>
   </div>
   <div class='ocr_carea' id='block_1_53' title="bbox 388 3292 1915 3373">
    <p class='ocr_par' dir='ltr' id='par_1_53' title="bbox 388 3292 1915 3373">
     <span class='ocr_line' id='line_1_53' title="bbox 388 3292 1915 3373; baseline -0.007 -19"><span class='ocrx_word' id='word_1_397' title='bbox 388 3309 568 3373; x_wconf 88' lang='lat' dir='ltr'><strong>gnatos</strong></span> <span class='ocrx_word' id='word_1_398' title='bbox 599 3299 752 3369; x_wconf 77' lang='lat' dir='ltr'><strong>fuisse</strong></span> <span class='ocrx_word' id='word_1_399' title='bbox 777 3297 1043 3367; x_wconf 86' lang='lat' dir='ltr'><strong>sanguine,</strong></span> <span class='ocrx_word' id='word_1_400' title='bbox 1075 3303 1224 3365; x_wconf 89' lang='lat' dir='ltr'><strong>atque</strong></span> <span class='ocrx_word' id='word_1_401' title='bbox 1253 3293 1315 3346; x_wconf 89' lang='lat' dir='ltr'><strong>ab</strong></span> <span class='ocrx_word' id='word_1_402' title='bbox 1344 3292 1462 3347; x_wconf 90' lang='lat' dir='ltr'><strong>aliis</strong></span> <span class='ocrx_word' id='word_1_403' title='bbox 1490 3292 1681 3346; x_wconf 86' lang='lat' dir='ltr'><strong>crimen</strong></span> <span class='ocrx_word' id='word_1_404' title='bbox 1703 3292 1782 3344; x_wconf 82' lang='lat' dir='ltr'><strong>his</strong></span> <span class='ocrx_word' id='word_1_405' title='bbox 1801 3306 1915 3343; x_wconf 89' lang='lat' dir='ltr'><strong>ma-</strong></span> 
     </span>
    </p>
   </div>
   <div class='ocr_carea' id='block_1_54' title="bbox 391 3388 1191 3465">
    <p class='ocr_par' dir='ltr' id='par_1_54' title="bbox 391 3388 1191 3465">
     <span class='ocr_line' id='line_1_54' title="bbox 391 3388 1191 3465; baseline -0.01 -17"><span class='ocrx_word' id='word_1_406' title='bbox 391 3394 472 3465; x_wconf 89' lang='lat' dir='ltr'><strong>gis</strong></span> <span class='ocrx_word' id='word_1_407' title='bbox 499 3390 860 3446; x_wconf 73' lang='lat' dir='ltr'><strong>exsecrandum</strong></span> <span class='ocrx_word' id='word_1_408' title='bbox 886 3388 1191 3460; x_wconf 87' lang='lat' dir='ltr'><strong>perpetrari.</strong></span> 
     </span>
    </p>
   </div>
   <div class='ocr_carea' id='block_1_55' title="bbox 390 3500 1918 3578">
    <p class='ocr_par' dir='ltr' id='par_1_55' title="bbox 390 3500 1918 3578">
     <span class='ocr_line' id='line_1_55' title="bbox 390 3500 1918 3578; baseline -0.006 -14"><span class='ocrx_word' id='word_1_409' title='bbox 390 3508 507 3578; x_wconf 87' lang='lat' dir='ltr'><strong>Qua</strong></span> <span class='ocrx_word' id='word_1_410' title='bbox 533 3506 892 3564; x_wconf 85' lang='lat' dir='ltr'><strong>Tertullianus</strong></span> <span class='ocrx_word' id='word_1_411' title='bbox 921 3504 1185 3561; x_wconf 84' lang='lat' dir='ltr'><strong>evidentia</strong></span> <span class='ocrx_word' id='word_1_412' title='bbox 1208 3502 1599 3560; x_wconf 87' lang='lat' dir='ltr'><strong>demonstravit</strong></span> <span class='ocrx_word' id='word_1_413' title='bbox 1638 3500 1769 3557; x_wconf 91' lang='lat' dir='ltr'><strong>nihil</strong></span> <span class='ocrx_word' id='word_1_414' title='bbox 1797 3513 1918 3556; x_wconf 91' lang='lat' dir='ltr'><strong>esse</strong></span> 
     </span>
    </p>
   </div>
   <div class='ocr_carea' id='block_1_56' title="bbox 314 3598 1919 3672">
    <p class='ocr_par' dir='ltr' id='par_1_56' title="bbox 314 3598 1919 3672">
     <span class='ocr_line' id='line_1_56' title="bbox 314 3598 1919 3672; baseline -0.006 -13"><span class='ocrx_word' id='word_1_415' title='bbox 314 3603 501 3660; x_wconf 79' lang='lat' dir='ltr'><strong>falsius</strong></span> <span class='ocrx_word' id='word_1_416' title='bbox 520 3644 536 3670; x_wconf 93' lang='lat'><strong>,</strong></span> <span class='ocrx_word' id='word_1_417' title='bbox 563 3617 730 3672; x_wconf 87' lang='lat' dir='ltr'><strong>quam</strong></span> <span class='ocrx_word' id='word_1_418' title='bbox 757 3601 977 3656; x_wconf 83' lang='lat' dir='ltr'><strong>infantis</strong></span> <span class='ocrx_word' id='word_1_419' title='bbox 1002 3614 1032 3653; x_wconf 90' lang='lat' dir='ltr'><strong>a</strong></span> <span class='ocrx_word' id='word_1_420' title='bbox 1058 3598 1378 3656; x_wconf 86' lang='lat' dir='ltr'><strong>Christianis</strong></span> <span class='ocrx_word' id='word_1_421' title='bbox 1407 3612 1560 3652; x_wconf 89' lang='lat' dir='ltr'><strong>sacra</strong></span> <span class='ocrx_word' id='word_1_422' title='bbox 1591 3610 1683 3651; x_wconf 89' lang='lat' dir='ltr'><strong>sua</strong></span> <span class='ocrx_word' id='word_1_423' title='bbox 1713 3602 1919 3667; x_wconf 83' lang='lat' dir='ltr'><strong>myste-</strong></span> 
     </span>
    </p>
   </div>
   <div class='ocr_carea' id='block_1_57' title="bbox 316 3689 1918 3762">
    <p class='ocr_par' dir='ltr' id='par_1_57' title="bbox 316 3689 1918 3762">
     <span class='ocr_line' id='line_1_57' title="bbox 316 3689 1918 3762; baseline -0.006 -10"><span class='ocrx_word' id='word_1_424' title='bbox 316 3696 400 3754; x_wconf 81' lang='lat' dir='ltr'><strong>ria</strong></span> <span class='ocrx_word' id='word_1_425' title='bbox 425 3693 820 3750; x_wconf 88' lang='lat' dir='ltr'><strong>celebrantibus</strong></span> <span class='ocrx_word' id='word_1_426' title='bbox 876 3693 1038 3749; x_wconf 91' lang='lat' dir='ltr'><strong>occisi</strong></span> <span class='ocrx_word' id='word_1_427' title='bbox 1097 3692 1409 3762; x_wconf 89' lang='lat' dir='ltr'><strong>sanguinem</strong></span> <span class='ocrx_word' id='word_1_428' title='bbox 1465 3689 1632 3760; x_wconf 88' lang='lat' dir='ltr'><strong>potari</strong></span> <span class='ocrx_word' id='word_1_429' title='bbox 1661 3731 1676 3757; x_wconf 95' lang='lat'><strong>,</strong></span> <span class='ocrx_word' id='word_1_430' title='bbox 1729 3689 1918 3744; x_wconf 88' lang='lat' dir='ltr'><strong>eadem</strong></span> 
     </span>
    </p>
   </div>
   <div class='ocr_carea' id='block_1_58' title="bbox 317 3783 1920 3854">
    <p class='ocr_par' dir='ltr' id='par_1_58' title="bbox 317 3783 1920 3854">
     <span class='ocr_line' id='line_1_58' title="bbox 317 3783 1920 3854; baseline -0.004 -10"><span class='ocrx_word' id='word_1_431' title='bbox 317 3786 640 3844; x_wconf 88' lang='lat' dir='ltr'><strong>certitudine</strong></span> <span class='ocrx_word' id='word_1_432' title='bbox 691 3785 928 3842; x_wconf 89' lang='lat' dir='ltr'><strong>ostendit</strong></span> <span class='ocrx_word' id='word_1_433' title='bbox 999 3786 1130 3839; x_wconf 90' lang='lat' dir='ltr'><strong>tanti</strong></span> <span class='ocrx_word' id='word_1_434' title='bbox 1188 3785 1372 3854; x_wconf 83' lang='lat' dir='ltr'><strong>ﬂagitii</strong></span> <span class='ocrx_word' id='word_1_435' title='bbox 1434 3783 1682 3838; x_wconf 86' lang='lat' dir='ltr'><strong>conscios</strong></span> <span class='ocrx_word' id='word_1_436' title='bbox 1743 3783 1920 3852; x_wconf 88' lang='lat' dir='ltr'><strong>reipsa</strong></span> 
     </span>
    </p>
   </div>
   <div class='ocr_carea' id='block_1_59' title="bbox 317 3876 1924 3952">
    <p class='ocr_par' dir='ltr' id='par_1_59' title="bbox 317 3876 1924 3952">
     <span class='ocr_line' id='line_1_59' title="bbox 317 3876 1924 3952; baseline -0.006 -14"><span class='ocrx_word' id='word_1_437' title='bbox 317 3895 443 3938; x_wconf 86' lang='lat' dir='ltr'><strong>esse</strong></span> <span class='ocrx_word' id='word_1_438' title='bbox 491 3880 742 3952; x_wconf 84' lang='lat' dir='ltr'><strong>gentiles.</strong></span> <span class='ocrx_word' id='word_1_439' title='bbox 796 3879 851 3934; x_wconf 92' lang='lat' dir='ltr'><strong>ln</strong></span> <span class='ocrx_word' id='word_1_440' title='bbox 893 3879 1030 3934; x_wconf 91' lang='lat' dir='ltr'><strong>ludis</strong></span> <span class='ocrx_word' id='word_1_441' title='bbox 1082 3879 1280 3935; x_wconf 89' lang='lat' dir='ltr'><strong>etenim</strong></span> <span class='ocrx_word' id='word_1_442' title='bbox 1336 3878 1657 3944; x_wconf 80' lang='lat' dir='ltr'><strong>Latiaribus,</strong></span> <span class='ocrx_word' id='word_1_443' title='bbox 1707 3876 1776 3932; x_wconf 90' lang='lat' dir='ltr'><strong>de</strong></span> <span class='ocrx_word' id='word_1_444' title='bbox 1805 3877 1924 3947; x_wconf 84' lang='lat' dir='ltr'><strong>qui-</strong></span> 
     </span>
    </p>
   </div>
   <div class='ocr_carea' id='block_1_60' title="bbox 321 3970 1922 4045">
    <p class='ocr_par' dir='ltr' id='par_1_60' title="bbox 321 3970 1922 4045">
     <span class='ocr_line' id='line_1_60' title="bbox 321 3970 1922 4045; baseline -0.004 -13"><span class='ocrx_word' id='word_1_445' title='bbox 321 3974 425 4032; x_wconf 79' lang='lat' dir='ltr'><strong>bus</strong></span> <span class='ocrx_word' id='word_1_446' title='bbox 472 3975 524 4029; x_wconf 88' lang='lat' dir='ltr'><strong>in</strong></span> <span class='ocrx_word' id='word_1_447' title='bbox 573 3973 833 4045; x_wconf 88' lang='lat' dir='ltr'><strong>superiori</strong></span> <span class='ocrx_word' id='word_1_448' title='bbox 890 3972 1115 4028; x_wconf 88' lang='lat' dir='ltr'><strong>articulo</strong></span> <span class='ocrx_word' id='word_1_449' title='bbox 1155 3973 1382 4044; x_wconf 88' lang='lat' dir='ltr'><strong>egimus,</strong></span> <span class='ocrx_word' id='word_1_450' title='bbox 1413 3973 1656 4037; x_wconf 87' lang='lat' dir='ltr'><strong>Itumano,</strong></span> <span class='ocrx_word' id='word_1_451' title='bbox 1685 3971 1761 4026; x_wconf 91' lang='lat' dir='ltr'><strong>ait</strong></span> <span class='ocrx_word' id='word_1_452' title='bbox 1789 3970 1922 4025; x_wconf 82' lang='lat' dir='ltr'><strong>Ter-</strong></span> 
     </span>
    </p>
   </div>
   <div class='ocr_carea' id='block_1_61' title="bbox 318 4062 1917 4136">
    <p class='ocr_par' dir='ltr' id='par_1_61' title="bbox 318 4062 1917 4136">
     <span class='ocr_line' id='line_1_61' title="bbox 318 4062 1917 4136; baseline -0.004 -13"><span class='ocrx_word' id='word_1_453' title='bbox 318 4065 610 4130; x_wconf 80' lang='lat' dir='ltr'><strong>tullianus,</strong></span> <span class='ocrx_word' id='word_1_454' title='bbox 663 4065 903 4136; x_wconf 86' lang='lat' dir='ltr'><strong>proluunt</strong></span> <span class='ocrx_word' id='word_1_455' title='bbox 949 4063 1581 4136; x_wconf 80' lang='lat' dir='ltr'><strong>sanguine(Tertullian.,</strong></span> <span class='ocrx_word' id='word_1_456' title='bbox 1626 4062 1917 4134; x_wconf 78' lang='lat' dir='ltr'><strong>Apologet.,</strong></span> 
     </span>
    </p>
   </div>
   <div class='ocr_carea' id='block_1_62' title="bbox 325 4156 1922 4230">
    <p class='ocr_par' dir='ltr' id='par_1_62' title="bbox 325 4156 1922 4230">
     <span class='ocr_line' id='line_1_62' title="bbox 325 4156 1922 4230; baseline -0.003 -17"><span class='ocrx_word' id='word_1_457' title='bbox 325 4175 444 4229; x_wconf 88' lang='lat' dir='ltr'><strong>cap.</strong></span> <span class='ocrx_word' id='word_1_458' title='bbox 468 4158 524 4224; x_wconf 91' lang='lat'><strong>9,</strong></span> <span class='ocrx_word' id='word_1_459' title='bbox 546 4159 784 4230; x_wconf 68' lang='lat' dir='ltr'><strong>p.517);</strong></span> <span class='ocrx_word' id='word_1_460' title='bbox 819 4158 900 4213; x_wconf 72' lang='lat' dir='ltr'><strong>vel</strong></span> <span class='ocrx_word' id='word_1_461' title='bbox 939 4159 1076 4212; x_wconf 85' lang='lat' dir='ltr'><strong>sicut</strong></span> <span class='ocrx_word' id='word_1_462' title='bbox 1101 4159 1153 4212; x_wconf 94' lang='lat' dir='ltr'><strong>in</strong></span> <span class='ocrx_word' id='word_1_463' title='bbox 1188 4157 1292 4211; x_wconf 89' lang='lat' dir='ltr'><strong>alio</strong></span> <span class='ocrx_word' id='word_1_464' title='bbox 1321 4158 1490 4213; x_wconf 90' lang='lat' dir='ltr'><strong>libro:</strong></span> <span class='ocrx_word' id='word_1_465' title='bbox 1537 4156 1688 4210; x_wconf 87' lang='lat' dir='ltr'><strong>Latio</strong></span> <span class='ocrx_word' id='word_1_466' title='bbox 1715 4156 1781 4208; x_wconf 89' lang='lat' dir='ltr'><strong>ad</strong></span> <span class='ocrx_word' id='word_1_467' title='bbox 1827 4156 1922 4208; x_wconf 78' lang='lat' dir='ltr'><strong>lto-</strong></span> 
     </span>
    </p>
   </div>
   <div class='ocr_carea' id='block_1_63' title="bbox 325 4247 1921 4306">
    <p class='ocr_par' dir='ltr' id='par_1_63' title="bbox 325 4247 1921 4306">
     <span class='ocr_line' id='line_1_63' title="bbox 325 4247 1921 4306; baseline -0.004 0"><span class='ocrx_word' id='word_1_468' title='bbox 325 4251 560 4306; x_wconf 85' lang='lat' dir='ltr'><strong>diernunt</strong></span> <span class='ocrx_word' id='word_1_469' title='bbox 604 4249 722 4304; x_wconf 79' lang='lat' dir='ltr'><strong>Jovi</strong></span> <span class='ocrx_word' id='word_1_470' title='bbox 777 4250 944 4304; x_wconf 88' lang='lat' dir='ltr'><strong>media</strong></span> <span class='ocrx_word' id='word_1_471' title='bbox 987 4250 1041 4302; x_wconf 92' lang='lat' dir='ltr'><strong>in</strong></span> <span class='ocrx_word' id='word_1_472' title='bbox 1092 4247 1213 4303; x_wconf 86' lang='lat' dir='ltr'><strong>urbe</strong></span> <span class='ocrx_word' id='word_1_473' title='bbox 1269 4247 1436 4302; x_wconf 85' lang='lat' dir='ltr'><strong>Roma</strong></span> <span class='ocrx_word' id='word_1_474' title='bbox 1487 4249 1739 4301; x_wconf 84' lang='lat' dir='ltr'><strong>humanus</strong></span> <span class='ocrx_word' id='word_1_475' title='bbox 1797 4263 1921 4300; x_wconf 88' lang='lat' dir='ltr'><strong>san-</strong></span> 
     </span>
    </p>
   </div>
   <div class='ocr_carea' id='block_1_64' title="bbox 322 4337 1928 4415">
    <p class='ocr_par' dir='ltr' id='par_1_64' title="bbox 322 4337 1928 4415">
     <span class='ocr_line' id='line_1_64' title="bbox 322 4337 1928 4415; baseline -0.002 -19"><span class='ocrx_word' id='word_1_476' title='bbox 322 4343 438 4415; x_wconf 85' lang='lat' dir='ltr'><strong>guis</strong></span> <span class='ocrx_word' id='word_1_477' title='bbox 501 4344 789 4414; x_wconf 87' lang='lat' dir='ltr'><strong>ingustatur</strong></span> <span class='ocrx_word' id='word_1_478' title='bbox 851 4342 870 4412; x_wconf 95' lang='lat'><strong>(</strong></span> <span class='ocrx_word' id='word_1_479' title='bbox 913 4341 1150 4410; x_wconf 81' lang='lat' dir='ltr'><strong>Scorpio.</strong></span> <span class='ocrx_word' id='word_1_480' title='bbox 1199 4356 1314 4410; x_wconf 86' lang='lat' dir='ltr'><strong>cap.</strong></span> <span class='ocrx_word' id='word_1_481' title='bbox 1351 4339 1460 4408; x_wconf 86' lang='lat'><strong>7).</strong></span> <span class='ocrx_word' id='word_1_482' title='bbox 1531 4337 1748 4410; x_wconf 80' lang='lat' dir='ltr'><strong>Ignotus</strong></span> <span class='ocrx_word' id='word_1_483' title='bbox 1798 4352 1928 4394; x_wconf 87' lang='lat' dir='ltr'><strong>vero</strong></span> 
     </span>
    </p>
   </div>
   <div class='ocr_carea' id='block_1_65' title="bbox 324 4430 1924 4504">
    <p class='ocr_par' dir='ltr' id='par_1_65' title="bbox 324 4430 1924 4504">
     <span class='ocr_line' id='line_1_65' title="bbox 324 4430 1924 4504; baseline -0.004 -15"><span class='ocrx_word' id='word_1_484' title='bbox 324 4432 451 4490; x_wconf 89' lang='lat' dir='ltr'><strong>libri</strong></span> <span class='ocrx_word' id='word_1_485' title='bbox 499 4433 568 4488; x_wconf 89' lang='lat' dir='ltr'><strong>de</strong></span> <span class='ocrx_word' id='word_1_486' title='bbox 620 4433 992 4502; x_wconf 85' lang='lat' dir='ltr'><strong>Spectaculis,</strong></span> <span class='ocrx_word' id='word_1_487' title='bbox 1046 4441 1169 4502; x_wconf 87' lang='lat' dir='ltr'><strong>post</strong></span> <span class='ocrx_word' id='word_1_488' title='bbox 1223 4431 1473 4504; x_wconf 84' lang='lat' dir='ltr'><strong>Cypriani</strong></span> <span class='ocrx_word' id='word_1_489' title='bbox 1539 4445 1703 4500; x_wconf 88' lang='lat' dir='ltr'><strong>opera</strong></span> <span class='ocrx_word' id='word_1_490' title='bbox 1773 4430 1924 4498; x_wconf 90' lang='lat' dir='ltr'><strong>editi,</strong></span> 
     </span>
    </p>
   </div>
   <div class='ocr_carea' id='block_1_66' title="bbox 2007 2215 3616 2287">
    <p class='ocr_par' dir='ltr' id='par_1_66' title="bbox 2007 2215 3616 2287">
     <span class='ocr_line' id='line_1_66' title="bbox 2007 2215 3616 2287; baseline -0.001 -17"><span class='ocrx_word' id='word_1_491' title='bbox 2007 2224 2118 2276; x_wconf 76' lang='grc' dir='ltr'><strong>τοὺς</strong></span> <span class='ocrx_word' id='word_1_492' title='bbox 2143 2226 2405 2287; x_wconf 72' lang='grc' dir='ltr'><strong>βραχίονας</strong></span> <span class='ocrx_word' id='word_1_493' title='bbox 2433 2221 2764 2284; x_wconf 64' lang='grc' dir='ltr'><strong>ἐπιτάμωνται</strong></span> <span class='ocrx_word' id='word_1_494' title='bbox 2811 2222 2855 2274; x_wconf 70' lang='lat' dir='ltr'><strong>2e</strong></span> <span class='ocrx_word' id='word_1_495' title='bbox 2891 2225 2982 2272; x_wconf 64' lang='grc' dir='ltr'><strong>τὶν</strong></span> <span class='ocrx_word' id='word_1_496' title='bbox 3030 2219 3325 2285; x_wconf 67' lang='grc' dir='ltr'><strong>αἷμοῤῥοῐην,</strong></span> <span class='ocrx_word' id='word_1_497' title='bbox 3379 2224 3437 2270; x_wconf 73' lang='grc' dir='ltr'><strong><em>τὸ</em></strong></span> <span class='ocrx_word' id='word_1_498' title='bbox 3490 2215 3616 2287; x_wconf 65' lang='grc' dir='ltr'><strong>αἷμα</strong></span> 
     </span>
    </p>
   </div>
   <div class='ocr_carea' id='block_1_67' title="bbox 2010 2287 3616 2379">
    <p class='ocr_par' dir='ltr' id='par_1_67' title="bbox 2010 2287 3616 2379">
     <span class='ocr_line' id='line_1_67' title="bbox 2010 2287 3616 2379; baseline 0.001 -18"><span class='ocrx_word' id='word_1_499' title='bbox 2010 2309 2310 2376; x_wconf 71' lang='grc' dir='ltr'><strong>ἀναλείχουσι</strong></span> <span class='ocrx_word' id='word_1_500' title='bbox 2389 2309 2615 2368; x_wconf 61' lang='grc' dir='ltr'><strong>ἀλλήλων.</strong></span> <span class='ocrx_word' id='word_1_501' title='bbox 2663 2287 2675 2308; x_wconf 58' lang='grc'>³</span> <span class='ocrx_word' id='word_1_502' title='bbox 2700 2305 2890 2359; x_wconf 81' lang='lat' dir='ltr'><strong>Ineunt</strong></span> <span class='ocrx_word' id='word_1_503' title='bbox 2995 2316 3163 2360; x_wconf 86' lang='lat' dir='ltr'><strong>autem</strong></span> <span class='ocrx_word' id='word_1_504' title='bbox 3269 2307 3350 2360; x_wconf 76' lang='lat' dir='ltr'><strong>lite</strong></span> <span class='ocrx_word' id='word_1_505' title='bbox 3445 2319 3616 2379; x_wconf 84' lang='lat' dir='ltr'><strong>gentes</strong></span> 
     </span>
    </p>
   </div>
   <div class='ocr_carea' id='block_1_68' title="bbox 2012 2397 3616 2472">
    <p class='ocr_par' dir='ltr' id='par_1_68' title="bbox 2012 2397 3616 2472">
     <span class='ocr_line' id='line_1_68' title="bbox 2012 2397 3616 2472; baseline 0.001 -18"><span class='ocrx_word' id='word_1_506' title='bbox 2012 2403 2206 2472; x_wconf 76' lang='lat' dir='ltr'><strong>ftzdera</strong></span> <span class='ocrx_word' id='word_1_507' title='bbox 2261 2416 2377 2454; x_wconf 88' lang='lat' dir='ltr'><strong>cum</strong></span> <span class='ocrx_word' id='word_1_508' title='bbox 2425 2411 2628 2467; x_wconf 83' lang='lat' dir='ltr'><strong>ctrtera,</strong></span> <span class='ocrx_word' id='word_1_509' title='bbox 2689 2401 2791 2452; x_wconf 88' lang='lat' dir='ltr'><strong>ritu</strong></span> <span class='ocrx_word' id='word_1_510' title='bbox 2819 2397 3137 2466; x_wconf 63' lang='lat' dir='ltr'><strong>Graecorum,</strong></span> <span class='ocrx_word' id='word_1_511' title='bbox 3171 2408 3276 2453; x_wconf 90' lang='lat' dir='ltr'><strong>tum</strong></span> <span class='ocrx_word' id='word_1_512' title='bbox 3303 2401 3616 2456; x_wconf 84' lang='lat' dir='ltr'><strong>cruentando</strong></span> 
     </span>
    </p>
   </div>
   <div class='ocr_carea' id='block_1_69' title="bbox 2015 2491 3616 2562">
    <p class='ocr_par' dir='ltr' id='par_1_69' title="bbox 2015 2491 3616 2562">
     <span class='ocr_line' id='line_1_69' title="bbox 2015 2491 3616 2562; baseline 0.001 -16"><span class='ocrx_word' id='word_1_513' title='bbox 2015 2492 2222 2546; x_wconf 83' lang='lat' dir='ltr'><strong>brachia</strong></span> <span class='ocrx_word' id='word_1_514' title='bbox 2304 2491 2596 2546; x_wconf 83' lang='lat' dir='ltr'><strong>vulneribus</strong></span> <span class='ocrx_word' id='word_1_515' title='bbox 2630 2521 2638 2528; x_wconf 90' lang='lat'><strong><em>-</em></strong></span> <span class='ocrx_word' id='word_1_516' title='bbox 2668 2501 2846 2562; x_wconf 86' lang='lat' dir='ltr'><strong>sponte</strong></span> <span class='ocrx_word' id='word_1_517' title='bbox 2916 2493 3164 2560; x_wconf 87' lang='lat' dir='ltr'><strong>susceptis</strong></span> <span class='ocrx_word' id='word_1_518' title='bbox 3193 2533 3207 2556; x_wconf 95' lang='lat'><strong>,</strong></span> <span class='ocrx_word' id='word_1_519' title='bbox 3265 2503 3311 2546; x_wconf 88' lang='lat' dir='ltr'><strong>et</strong></span> <span class='ocrx_word' id='word_1_520' title='bbox 3384 2504 3616 2548; x_wconf 87' lang='lat' dir='ltr'><strong>mutuum</strong></span> 
     </span>
    </p>
   </div>
   <div class='ocr_carea' id='block_1_70' title="bbox 2013 2581 3616 2656">
    <p class='ocr_par' dir='ltr' id='par_1_70' title="bbox 2013 2581 3616 2656">
     <span class='ocr_line' id='line_1_70' title="bbox 2013 2581 3616 2656; baseline -0.001 -18"><span class='ocrx_word' id='word_1_521' title='bbox 2013 2585 2312 2656; x_wconf 87' lang='lat' dir='ltr'><strong>sanguinem</strong></span> <span class='ocrx_word' id='word_1_522' title='bbox 2332 2583 2634 2654; x_wconf 90' lang='lat' dir='ltr'><strong>delingendo</strong></span> <span class='ocrx_word' id='word_1_523' title='bbox 2656 2581 2954 2654; x_wconf 83' lang='lat' dir='ltr'><strong>(Herodot.,</strong></span> <span class='ocrx_word' id='word_1_524' title='bbox 2992 2581 3080 2636; x_wconf 90' lang='lat' dir='ltr'><strong>lib.</strong></span> <span class='ocrx_word' id='word_1_525' title='bbox 3105 2581 3148 2644; x_wconf 89' lang='grc' dir='ltr'><strong>ι,</strong></span> <span class='ocrx_word' id='word_1_526' title='bbox 3181 2581 3348 2654; x_wconf 61' lang='grc' dir='ltr'><strong>δτι).</strong></span> <span class='ocrx_word' id='word_1_527' title='bbox 3379 2584 3451 2638; x_wconf 90' lang='lat' dir='ltr'><strong>De</strong></span> <span class='ocrx_word' id='word_1_528' title='bbox 3479 2583 3616 2655; x_wconf 85' lang='lat' dir='ltr'><strong>Scy-</strong></span> 
     </span>
    </p>
   </div>
   <div class='ocr_carea' id='block_1_71' title="bbox 2015 2660 3616 2747">
    <p class='ocr_par' dir='ltr' id='par_1_71' title="bbox 2015 2660 3616 2747">
     <span class='ocr_line' id='line_1_71' title="bbox 2015 2660 3616 2747; baseline 0.001 -17"><span class='ocrx_word' id='word_1_529' title='bbox 2015 2675 2121 2731; x_wconf 90' lang='lat' dir='ltr'><strong>this</strong></span> <span class='ocrx_word' id='word_1_530' title='bbox 2147 2686 2324 2732; x_wconf 88' lang='lat' dir='ltr'><strong>autem</strong></span> <span class='ocrx_word' id='word_1_531' title='bbox 2351 2677 2457 2732; x_wconf 89' lang='lat' dir='ltr'><strong>alio</strong></span> <span class='ocrx_word' id='word_1_532' title='bbox 2487 2677 2538 2731; x_wconf 90' lang='lat' dir='ltr'><strong>in</strong></span> <span class='ocrx_word' id='word_1_533' title='bbox 2570 2677 2705 2731; x_wconf 88' lang='lat' dir='ltr'><strong>libro</strong></span> <span class='ocrx_word' id='word_1_534' title='bbox 2735 2695 2747 2730; x_wconf 93' lang='lat'><strong>:</strong></span> <span class='ocrx_word' id='word_1_535' title='bbox 2775 2660 2927 2747; x_wconf 73' lang='grc' dir='ltr'><strong>ὁρκια</strong></span> <span class='ocrx_word' id='word_1_536' title='bbox 2971 2680 3020 2730; x_wconf 68' lang='grc' dir='ltr'><strong>δὲ</strong></span> <span class='ocrx_word' id='word_1_537' title='bbox 3041 2717 3057 2742; x_wconf 87' lang='grc'><em>,</em></span> <span class='ocrx_word' id='word_1_538' title='bbox 3121 2677 3315 2745; x_wconf 88' lang='lat' dir='ltr'><strong>inquit,</strong></span> <span class='ocrx_word' id='word_1_539' title='bbox 3367 2701 3616 2731; x_wconf 77' lang='grc' dir='ltr'><strong>ποιεονται</strong></span> 
     </span>
    </p>
   </div>
   <div class='ocr_carea' id='block_1_72' title="bbox 2016 2770 3618 2840">
    <p class='ocr_par' dir='ltr' id='par_1_72' title="bbox 2016 2770 3618 2840">
     <span class='ocr_line' id='line_1_72' title="bbox 2016 2770 3618 2840; baseline -0.001 -18"><span class='ocrx_word' id='word_1_540' title='bbox 2016 2775 2187 2825; x_wconf 66' lang='grc' dir='ltr'><strong>Σκῦθάι</strong></span> <span class='ocrx_word' id='word_1_541' title='bbox 2217 2774 2304 2824; x_wconf 76' lang='grc' dir='ltr'><strong>ὧδε</strong></span> <span class='ocrx_word' id='word_1_542' title='bbox 2331 2777 2444 2840; x_wconf 76' lang='grc' dir='ltr'><strong>πρὸς</strong></span> <span class='ocrx_word' id='word_1_543' title='bbox 2461 2780 2554 2823; x_wconf 74' lang='grc' dir='ltr'><strong>τῶν</strong></span> <span class='ocrx_word' id='word_1_544' title='bbox 2578 2771 2634 2822; x_wconf 83' lang='grc' dir='ltr'><strong>ἂν</strong></span> <span class='ocrx_word' id='word_1_545' title='bbox 2657 2776 2935 2823; x_wconf 60' lang='grc' dir='ltr'><strong>ποιέωντιν</strong></span> <span class='ocrx_word' id='word_1_546' title='bbox 2968 2775 3014 2828; x_wconf 70' lang='lat' dir='ltr'><strong>ie</strong></span> <span class='ocrx_word' id='word_1_547' title='bbox 3034 2770 3205 2822; x_wconf 75' lang='grc' dir='ltr'><strong>κύλικα</strong></span> <span class='ocrx_word' id='word_1_548' title='bbox 3240 2770 3448 2838; x_wconf 60' lang='grc' dir='ltr'><strong>μεγάλην</strong></span> <span class='ocrx_word' id='word_1_549' title='bbox 3475 2791 3618 2839; x_wconf 75' lang='grc' dir='ltr'><strong>κεροι-</strong></span> 
     </span>
    </p>
   </div>
   <div class='ocr_carea' id='block_1_73' title="bbox 2014 2859 3615 2931">
    <p class='ocr_par' dir='ltr' id='par_1_73' title="bbox 2014 2859 3615 2931">
     <span class='ocr_line' id='line_1_73' title="bbox 2014 2859 3615 2931; baseline -0.001 -16"><span class='ocrx_word' id='word_1_550' title='bbox 2014 2873 2152 2930; x_wconf 82' lang='grc' dir='ltr'><strong>μίνην</strong></span> <span class='ocrx_word' id='word_1_551' title='bbox 2173 2863 2292 2916; x_wconf 71' lang='grc' dir='ltr'><strong>οἶνον</strong></span> <span class='ocrx_word' id='word_1_552' title='bbox 2317 2868 2578 2931; x_wconf 65' lang='grc' dir='ltr'><strong>ἐγχέαντες,</strong></span> <span class='ocrx_word' id='word_1_553' title='bbox 2612 2859 2736 2928; x_wconf 66' lang='grc' dir='ltr'><strong>αἳμα-</strong></span> <span class='ocrx_word' id='word_1_554' title='bbox 2766 2869 3076 2929; x_wconf 73' lang='grc' dir='ltr'><strong>συμμίηουσι</strong></span> <span class='ocrx_word' id='word_1_555' title='bbox 3105 2875 3195 2914; x_wconf 83' lang='grc' dir='ltr'><strong>τῶν</strong></span> <span class='ocrx_word' id='word_1_556' title='bbox 3215 2863 3282 2912; x_wconf 69' lang='grc' dir='ltr'><strong><em>τὰ</em></strong></span> <span class='ocrx_word' id='word_1_557' title='bbox 3321 2866 3460 2930; x_wconf 73' lang='grc' dir='ltr'><strong>ὅρκια</strong></span> <span class='ocrx_word' id='word_1_558' title='bbox 3483 2883 3615 2928; x_wconf 77' lang='grc' dir='ltr'><strong>ταμ-</strong></span> 
     </span>
    </p>
   </div>
   <div class='ocr_carea' id='block_1_74' title="bbox 2016 2955 3619 3022">
    <p class='ocr_par' dir='ltr' id='par_1_74' title="bbox 2016 2955 3619 3022">
     <span class='ocr_line' id='line_1_74' title="bbox 2016 2955 3619 3022; baseline -0.001 -14"><span class='ocrx_word' id='word_1_559' title='bbox 2016 2961 2458 3022; x_wconf 71' lang='grc' dir='ltr'><strong>νομένων,τὺψαντες</strong></span> <span class='ocrx_word' id='word_1_560' title='bbox 2485 2959 2682 3015; x_wconf 64' lang='lat' dir='ltr'><strong>fmina,</strong></span> <span class='ocrx_word' id='word_1_561' title='bbox 2709 2962 2738 3012; x_wconf 80' lang='grc' dir='ltr'>ἡ</span> <span class='ocrx_word' id='word_1_562' title='bbox 2755 2955 3062 3019; x_wconf 65' lang='grc' dir='ltr'><strong>ἐπιταμόντες</strong></span> <span class='ocrx_word' id='word_1_563' title='bbox 3075 2962 3298 3022; x_wconf 64' lang='grc' dir='ltr'><strong>μαχαίρῃ</strong></span> <span class='ocrx_word' id='word_1_564' title='bbox 3315 2960 3508 3022; x_wconf 69' lang='grc' dir='ltr'><strong>σμικρὰν</strong></span> <span class='ocrx_word' id='word_1_565' title='bbox 3534 2957 3619 3007; x_wconf 75' lang='grc' dir='ltr'><strong>τοῦ</strong></span> 
     </span>
    </p>
   </div>
   <div class='ocr_carea' id='block_1_75' title="bbox 2018 3049 3616 3115">
    <p class='ocr_par' dir='ltr' id='par_1_75' title="bbox 2018 3049 3616 3115">
     <span class='ocr_line' id='line_1_75' title="bbox 2018 3049 3616 3115; baseline 0.001 -15"><span class='ocrx_word' id='word_1_566' title='bbox 2018 3057 2256 3115; x_wconf 59' lang='grc' dir='ltr'><strong>σώμιντομ</strong></span> <span class='ocrx_word' id='word_1_567' title='bbox 2287 3050 2370 3099; x_wconf 67' lang='grc' dir='ltr'><strong>καὶ</strong></span> <span class='ocrx_word' id='word_1_568' title='bbox 2401 3054 2570 3100; x_wconf 73' lang='grc' dir='ltr'><strong>ἔπειτα,</strong></span> <span class='ocrx_word' id='word_1_569' title='bbox 2593 3049 2921 3114; x_wconf 69' lang='grc' dir='ltr'><strong>ἀποϐάψαντες</strong></span> <span class='ocrx_word' id='word_1_570' title='bbox 2953 3053 2996 3107; x_wconf 64' lang='grc' dir='ltr'><strong>ἒς</strong></span> <span class='ocrx_word' id='word_1_571' title='bbox 3025 3059 3114 3108; x_wconf 73' lang='grc' dir='ltr'><strong>τὴν</strong></span> <span class='ocrx_word' id='word_1_572' title='bbox 3138 3052 3310 3102; x_wconf 64' lang='grc' dir='ltr'><strong>κύλικι</strong></span> <span class='ocrx_word' id='word_1_573' title='bbox 3363 3049 3616 3114; x_wconf 64' lang='grc' dir='ltr'><strong>ἀκινάκεα,</strong></span> 
     </span>
    </p>
   </div>
   <div class='ocr_carea' id='block_1_76' title="bbox 2013 3142 3621 3209">
    <p class='ocr_par' dir='ltr' id='par_1_76' title="bbox 2013 3142 3621 3209">
     <span class='ocr_line' id='line_1_76' title="bbox 2013 3142 3621 3209; baseline 0 -17"><span class='ocrx_word' id='word_1_574' title='bbox 2013 3151 2097 3194; x_wconf 72' lang='grc' dir='ltr'><strong><em>καὶ</em></strong></span> <span class='ocrx_word' id='word_1_575' title='bbox 2122 3143 2321 3204; x_wconf 64' lang='grc' dir='ltr'><strong>οἰστοὺς,</strong></span> <span class='ocrx_word' id='word_1_576' title='bbox 2349 3144 2431 3191; x_wconf 80' lang='grc' dir='ltr'><strong>καὶ</strong></span> <span class='ocrx_word' id='word_1_577' title='bbox 2461 3146 2678 3209; x_wconf 64' lang='grc' dir='ltr'><strong>σάγαριν,</strong></span> <span class='ocrx_word' id='word_1_578' title='bbox 2698 3142 2780 3191; x_wconf 70' lang='grc' dir='ltr'><strong>καὶ</strong></span> <span class='ocrx_word' id='word_1_579' title='bbox 2801 3142 3031 3192; x_wconf 74' lang='grc' dir='ltr'><strong>ἅκόντιον“</strong></span> <span class='ocrx_word' id='word_1_580' title='bbox 3050 3144 3188 3193; x_wconf 58' lang='lat' dir='ltr'><strong>instita</strong></span> <span class='ocrx_word' id='word_1_581' title='bbox 3217 3142 3267 3192; x_wconf 71' lang='grc' dir='ltr'><strong>δὲ</strong></span> <span class='ocrx_word' id='word_1_582' title='bbox 3292 3146 3448 3194; x_wconf 61' lang='lat' dir='ltr'><strong>ruﬁs-ot</strong></span> <span class='ocrx_word' id='word_1_583' title='bbox 3473 3151 3621 3201; x_wconf 81' lang='grc' dir='ltr'><strong>ποιή-</strong></span> 
     </span>
    </p>
   </div>
   <div class='ocr_carea' id='block_1_77' title="bbox 2020 3235 3622 3299">
    <p class='ocr_par' dir='ltr' id='par_1_77' title="bbox 2020 3235 3622 3299">
     <span class='ocr_line' id='line_1_77' title="bbox 2020 3235 3622 3299; baseline -0.001 -11"><span class='ocrx_word' id='word_1_584' title='bbox 2020 3255 2154 3296; x_wconf 77' lang='grc' dir='ltr'><strong><em>σωσι,</em></strong></span> <span class='ocrx_word' id='word_1_585' title='bbox 2185 3238 2500 3299; x_wconf 64' lang='grc' dir='ltr'><strong>κατεύχονται</strong></span> <span class='ocrx_word' id='word_1_586' title='bbox 2534 3235 2710 3297; x_wconf 75' lang='grc' dir='ltr'><strong>πόλλα,</strong></span> <span class='ocrx_word' id='word_1_587' title='bbox 2741 3235 2824 3284; x_wconf 59' lang='lat' dir='ltr'><strong>uti</strong></span> <span class='ocrx_word' id='word_1_588' title='bbox 2854 3239 3024 3286; x_wconf 67' lang='lat' dir='ltr'><strong>(asta-is</strong></span> <span class='ocrx_word' id='word_1_589' title='bbox 3071 3235 3348 3286; x_wconf 72' lang='grc' dir='ltr'><strong>ἀποπίνουσι</strong></span> <span class='ocrx_word' id='word_1_590' title='bbox 3394 3236 3534 3287; x_wconf 66' lang='grc' dir='ltr'><strong>αὐτοί</strong></span> <span class='ocrx_word' id='word_1_591' title='bbox 3569 3255 3622 3287; x_wconf 74' lang='grc' dir='ltr'><strong><em>τε</em></strong></span> 
     </span>
    </p>
   </div>
   <div class='ocr_carea' id='block_1_78' title="bbox 2022 3322 3621 3397">
    <p class='ocr_par' dir='ltr' id='par_1_78' title="bbox 2022 3322 3621 3397">
     <span class='ocr_line' id='line_1_78' title="bbox 2022 3322 3621 3397; baseline 0.002 -19"><span class='ocrx_word' id='word_1_592' title='bbox 2022 3333 2066 3378; x_wconf 73' lang='grc' dir='ltr'><strong>οι</strong></span> <span class='ocrx_word' id='word_1_593' title='bbox 2093 3322 2330 3397; x_wconf 62' lang='grc' dir='ltr'><strong>τόξὸρκιον</strong></span> <span class='ocrx_word' id='word_1_594' title='bbox 2354 3333 2644 3393; x_wconf 74' lang='grc' dir='ltr'><strong>ποιευμένοι,</strong></span> <span class='ocrx_word' id='word_1_595' title='bbox 2675 3330 2759 3378; x_wconf 64' lang='grc' dir='ltr'><strong>καὶ</strong></span> <span class='ocrx_word' id='word_1_596' title='bbox 2785 3336 2880 3379; x_wconf 69' lang='grc' dir='ltr'><strong>τῶν</strong></span> <span class='ocrx_word' id='word_1_597' title='bbox 2903 3331 3133 3393; x_wconf 67' lang='grc' dir='ltr'><strong>ἑπομένων</strong></span> <span class='ocrx_word' id='word_1_598' title='bbox 3157 3332 3200 3378; x_wconf 79' lang='grc' dir='ltr'><strong>οἱ</strong></span> <span class='ocrx_word' id='word_1_599' title='bbox 3225 3335 3445 3381; x_wconf 73' lang='grc' dir='ltr'><strong>πλείστου</strong></span> <span class='ocrx_word' id='word_1_600' title='bbox 3467 3332 3621 3391; x_wconf 68' lang='grc' dir='ltr'><strong>ἄξιοι.</strong></span> 
     </span>
    </p>
   </div>
   <div class='ocr_carea' id='block_1_79' title="bbox 2021 3415 3617 3488">
    <p class='ocr_par' dir='ltr' id='par_1_79' title="bbox 2021 3415 3617 3488">
     <span class='ocr_line' id='line_1_79' title="bbox 2021 3415 3617 3488; baseline 0 -18"><span class='ocrx_word' id='word_1_601' title='bbox 2021 3415 2241 3472; x_wconf 78' lang='lat' dir='ltr'><strong>Foedera</strong></span> <span class='ocrx_word' id='word_1_602' title='bbox 2269 3433 2384 3470; x_wconf 90' lang='lat' dir='ltr'><strong>cum</strong></span> <span class='ocrx_word' id='word_1_603' title='bbox 2409 3416 2803 3487; x_wconf 88' lang='lat' dir='ltr'><strong>quibuscumque</strong></span> <span class='ocrx_word' id='word_1_604' title='bbox 2845 3417 3055 3488; x_wconf 79' lang='lat' dir='ltr'><strong>Scytha:</strong></span> <span class='ocrx_word' id='word_1_605' title='bbox 3082 3418 3176 3471; x_wconf 83' lang='lat' dir='ltr'><strong>hoc</strong></span> <span class='ocrx_word' id='word_1_606' title='bbox 3231 3417 3381 3471; x_wconf 90' lang='lat' dir='ltr'><strong>modo</strong></span> <span class='ocrx_word' id='word_1_607' title='bbox 3411 3416 3617 3482; x_wconf 88' lang='lat' dir='ltr'><strong>ineunt;</strong></span> 
     </span>
    </p>
   </div>
   <div class='ocr_carea' id='block_1_80' title="bbox 2020 3507 3624 3579">
    <p class='ocr_par' dir='ltr' id='par_1_80' title="bbox 2020 3507 3624 3579">
     <span class='ocr_line' id='line_1_80' title="bbox 2020 3507 3624 3579; baseline 0.001 -17"><span class='ocrx_word' id='word_1_608' title='bbox 2020 3508 2194 3579; x_wconf 75' lang='lat' dir='ltr'><strong>infuso</strong></span> <span class='ocrx_word' id='word_1_609' title='bbox 2223 3509 2274 3563; x_wconf 90' lang='lat' dir='ltr'><strong>in</strong></span> <span class='ocrx_word' id='word_1_610' title='bbox 2305 3510 2552 3579; x_wconf 85' lang='lat' dir='ltr'><strong>grandem</strong></span> <span class='ocrx_word' id='word_1_611' title='bbox 2599 3509 2808 3563; x_wconf 89' lang='lat' dir='ltr'><strong>calicem</strong></span> <span class='ocrx_word' id='word_1_612' title='bbox 2857 3507 3068 3579; x_wconf 80' lang='lat' dir='ltr'><strong>ﬁctilem</strong></span> <span class='ocrx_word' id='word_1_613' title='bbox 3114 3511 3250 3575; x_wconf 80' lang='lat' dir='ltr'><strong>vino,</strong></span> <span class='ocrx_word' id='word_1_614' title='bbox 3300 3510 3624 3564; x_wconf 86' lang='lat' dir='ltr'><strong>commiscent</strong></span> 
     </span>
    </p>
   </div>
   <div class='ocr_carea' id='block_1_81' title="bbox 2022 3601 3620 3672">
    <p class='ocr_par' dir='ltr' id='par_1_81' title="bbox 2022 3601 3620 3672">
     <span class='ocr_line' id='line_1_81' title="bbox 2022 3601 3620 3672; baseline 0.001 -17"><span class='ocrx_word' id='word_1_615' title='bbox 2022 3617 2196 3655; x_wconf 88' lang='lat' dir='ltr'><strong>eorum</strong></span> <span class='ocrx_word' id='word_1_616' title='bbox 2227 3603 2526 3672; x_wconf 86' lang='lat' dir='ltr'><strong>sanguinem</strong></span> <span class='ocrx_word' id='word_1_617' title='bbox 2573 3611 2661 3672; x_wconf 82' lang='lat' dir='ltr'><strong>qui</strong></span> <span class='ocrx_word' id='word_1_618' title='bbox 2690 3603 2881 3672; x_wconf 78' lang='lat' dir='ltr'><strong>feriunt</strong></span> <span class='ocrx_word' id='word_1_619' title='bbox 2909 3601 3094 3672; x_wconf 59' lang='lat' dir='ltr'><strong>foedus,</strong></span> <span class='ocrx_word' id='word_1_620' title='bbox 3140 3603 3477 3672; x_wconf 86' lang='lat' dir='ltr'><strong>percutieutes</strong></span> <span class='ocrx_word' id='word_1_621' title='bbox 3506 3602 3620 3658; x_wconf 89' lang='lat' dir='ltr'><strong>cul-</strong></span> 
     </span>
    </p>
   </div>
   <div class='ocr_carea' id='block_1_82' title="bbox 2024 3693 3619 3764">
    <p class='ocr_par' dir='ltr' id='par_1_82' title="bbox 2024 3693 3619 3764">
     <span class='ocr_line' id='line_1_82' title="bbox 2024 3693 3619 3764; baseline -0.001 -17"><span class='ocrx_word' id='word_1_622' title='bbox 2024 3694 2165 3761; x_wconf 89' lang='lat' dir='ltr'><strong>tello,</strong></span> <span class='ocrx_word' id='word_1_623' title='bbox 2213 3702 2304 3747; x_wconf 88' lang='lat' dir='ltr'><strong>aut</strong></span> <span class='ocrx_word' id='word_1_624' title='bbox 2349 3693 2630 3747; x_wconf 89' lang='lat' dir='ltr'><strong>incidentes</strong></span> <span class='ocrx_word' id='word_1_625' title='bbox 2694 3693 2870 3764; x_wconf 88' lang='lat' dir='ltr'><strong>gladio</strong></span> <span class='ocrx_word' id='word_1_626' title='bbox 2921 3693 3300 3764; x_wconf 84' lang='lat' dir='ltr'><strong>aliquantulum</strong></span> <span class='ocrx_word' id='word_1_627' title='bbox 3370 3695 3619 3764; x_wconf 88' lang='lat' dir='ltr'><strong>corporis.</strong></span> 
     </span>
    </p>
   </div>
   <div class='ocr_carea' id='block_1_83' title="bbox 2025 3785 3620 3857">
    <p class='ocr_par' dir='ltr' id='par_1_83' title="bbox 2025 3785 3620 3857">
     <span class='ocr_line' id='line_1_83' title="bbox 2025 3785 3620 3857; baseline 0.002 -17"><span class='ocrx_word' id='word_1_628' title='bbox 2025 3785 2224 3841; x_wconf 88' lang='lat' dir='ltr'><strong>Deinde</strong></span> <span class='ocrx_word' id='word_1_629' title='bbox 2249 3787 2302 3840; x_wconf 92' lang='lat' dir='ltr'><strong>in</strong></span> <span class='ocrx_word' id='word_1_630' title='bbox 2345 3787 2504 3840; x_wconf 88' lang='lat' dir='ltr'><strong>calice</strong></span> <span class='ocrx_word' id='word_1_631' title='bbox 2547 3787 2744 3856; x_wconf 87' lang='lat' dir='ltr'><strong>tingunt</strong></span> <span class='ocrx_word' id='word_1_632' title='bbox 2770 3787 3051 3854; x_wconf 89' lang='lat' dir='ltr'><strong>acinacem,</strong></span> <span class='ocrx_word' id='word_1_633' title='bbox 3084 3789 3317 3857; x_wconf 87' lang='lat' dir='ltr'><strong>sagittas,</strong></span> <span class='ocrx_word' id='word_1_634' title='bbox 3362 3789 3620 3855; x_wconf 89' lang='lat' dir='ltr'><strong>securim,</strong></span> 
     </span>
    </p>
   </div>
   <div class='ocr_carea' id='block_1_84' title="bbox 2015 3878 3621 3954">
    <p class='ocr_par' dir='ltr' id='par_1_84' title="bbox 2015 3878 3621 3954">
     <span class='ocr_line' id='line_1_84' title="bbox 2015 3878 3621 3954; baseline -0.001 -19"><span class='ocrx_word' id='word_1_635' title='bbox 2015 3882 2275 3954; x_wconf 86' lang='lat' dir='ltr'><strong>jaculum.</strong></span> <span class='ocrx_word' id='word_1_636' title='bbox 2301 3878 2429 3935; x_wconf 70' lang='lat' dir='ltr'><strong>Hazc</strong></span> <span class='ocrx_word' id='word_1_637' title='bbox 2449 3881 2534 3934; x_wconf 90' lang='lat' dir='ltr'><strong>ubi</strong></span> <span class='ocrx_word' id='word_1_638' title='bbox 2551 3880 2800 3950; x_wconf 81' lang='lat' dir='ltr'><strong>fecerunt,</strong></span> <span class='ocrx_word' id='word_1_639' title='bbox 2832 3897 2940 3936; x_wconf 87' lang='lat' dir='ltr'><strong>sese</strong></span> <span class='ocrx_word' id='word_1_640' title='bbox 2991 3882 3168 3935; x_wconf 89' lang='lat' dir='ltr'><strong>multis</strong></span> <span class='ocrx_word' id='word_1_641' title='bbox 3187 3882 3346 3937; x_wconf 80' lang='lat' dir='ltr'><strong>verbis</strong></span> <span class='ocrx_word' id='word_1_642' title='bbox 3363 3883 3621 3946; x_wconf 80' lang='lat' dir='ltr'><strong>devovent,</strong></span> 
     </span>
    </p>
   </div>
   <div class='ocr_carea' id='block_1_85' title="bbox 2027 3972 3622 4044">
    <p class='ocr_par' dir='ltr' id='par_1_85' title="bbox 2027 3972 3622 4044">
     <span class='ocr_line' id='line_1_85' title="bbox 2027 3972 3622 4044; baseline -0.001 -17"><span class='ocrx_word' id='word_1_643' title='bbox 2027 3984 2202 4044; x_wconf 87' lang='lat' dir='ltr'><strong>postea</strong></span> <span class='ocrx_word' id='word_1_644' title='bbox 2224 3973 2398 4027; x_wconf 89' lang='lat' dir='ltr'><strong>vinum</strong></span> <span class='ocrx_word' id='word_1_645' title='bbox 2427 3981 2631 4042; x_wconf 88' lang='lat' dir='ltr'><strong>epotant</strong></span> <span class='ocrx_word' id='word_1_646' title='bbox 2659 3989 2760 4027; x_wconf 91' lang='lat' dir='ltr'><strong>non</strong></span> <span class='ocrx_word' id='word_1_647' title='bbox 2788 3973 2940 4026; x_wconf 89' lang='lat' dir='ltr'><strong>ntodo</strong></span> <span class='ocrx_word' id='word_1_648' title='bbox 2965 3972 3036 4038; x_wconf 91' lang='lat' dir='ltr'><strong>ii,</strong></span> <span class='ocrx_word' id='word_1_649' title='bbox 3065 3973 3152 4042; x_wconf 88' lang='lat' dir='ltr'><strong>qui</strong></span> <span class='ocrx_word' id='word_1_650' title='bbox 3183 3972 3348 4042; x_wconf 62' lang='lat' dir='ltr'><strong>foedus</strong></span> <span class='ocrx_word' id='word_1_651' title='bbox 3375 3972 3622 4041; x_wconf 80' lang='lat' dir='ltr'><strong>fecerunt,</strong></span> 
     </span>
    </p>
   </div>
   <div class='ocr_carea' id='block_1_86' title="bbox 2028 4063 3626 4136">
    <p class='ocr_par' dir='ltr' id='par_1_86' title="bbox 2028 4063 3626 4136">
     <span class='ocr_line' id='line_1_86' title="bbox 2028 4063 3626 4136; baseline 0.001 -17"><span class='ocrx_word' id='word_1_652' title='bbox 2028 4065 2116 4119; x_wconf 90' lang='lat' dir='ltr'><strong>sed</strong></span> <span class='ocrx_word' id='word_1_653' title='bbox 2165 4065 2317 4118; x_wconf 88' lang='lat' dir='ltr'><strong>etiant</strong></span> <span class='ocrx_word' id='word_1_654' title='bbox 2371 4065 2576 4120; x_wconf 88' lang='lat' dir='ltr'><strong>cantites</strong></span> <span class='ocrx_word' id='word_1_655' title='bbox 2629 4065 2702 4133; x_wconf 89' lang='lat' dir='ltr'><strong>ii,</strong></span> <span class='ocrx_word' id='word_1_656' title='bbox 2755 4067 2841 4136; x_wconf 89' lang='lat' dir='ltr'><strong>qui</strong></span> <span class='ocrx_word' id='word_1_657' title='bbox 2884 4073 3002 4120; x_wconf 87' lang='lat' dir='ltr'><strong>sunt</strong></span> <span class='ocrx_word' id='word_1_658' title='bbox 3055 4063 3293 4118; x_wconf 70' lang='lat' dir='ltr'><strong>maximae</strong></span> <span class='ocrx_word' id='word_1_659' title='bbox 3363 4064 3626 4135; x_wconf 84' lang='lat' dir='ltr'><strong>dignitatis</strong></span> 
     </span>
    </p>
   </div>
   <div class='ocr_carea' id='block_1_87' title="bbox 2028 4154 2632 4228">
    <p class='ocr_par' dir='ltr' id='par_1_87' title="bbox 2028 4154 2632 4228">
     <span class='ocr_line' id='line_1_87' title="bbox 2028 4154 2632 4228; baseline -0.002 -19"><span class='ocrx_word' id='word_1_660' title='bbox 2028 4154 2225 4226; x_wconf 88' lang='lat' dir='ltr'><strong>(Idem,</strong></span> <span class='ocrx_word' id='word_1_661' title='bbox 2245 4156 2336 4210; x_wconf 86' lang='lat' dir='ltr'><strong>lib.</strong></span> <span class='ocrx_word' id='word_1_662' title='bbox 2354 4154 2442 4211; x_wconf 75' lang='grc' dir='ltr'><strong>Ν.</strong></span> <span class='ocrx_word' id='word_1_663' title='bbox 2468 4154 2498 4227; x_wconf 65' lang='grc' dir='ltr'><strong>ς</strong></span> <span class='ocrx_word' id='word_1_664' title='bbox 2520 4155 2632 4228; x_wconf 84' lang='grc'><strong>70).</strong></span> 
     </span>
    </p>
   </div>
   <div class='ocr_carea' id='block_1_88' title="bbox 2103 4247 3624 4320">
    <p class='ocr_par' dir='ltr' id='par_1_88' title="bbox 2103 4247 3624 4320">
     <span class='ocr_line' id='line_1_88' title="bbox 2103 4247 3624 4320; baseline 0.001 -16"><span class='ocrx_word' id='word_1_665' title='bbox 2103 4250 2319 4305; x_wconf 87' lang='lat' dir='ltr'><strong>Poterat</strong></span> <span class='ocrx_word' id='word_1_666' title='bbox 2339 4264 2469 4320; x_wconf 91' lang='lat' dir='ltr'><strong>ergo</strong></span> <span class='ocrx_word' id='word_1_667' title='bbox 2495 4249 2858 4304; x_wconf 86' lang='lat' dir='ltr'><strong>Tertullianus</strong></span> <span class='ocrx_word' id='word_1_668' title='bbox 2901 4249 3046 4302; x_wconf 90' lang='lat' dir='ltr'><strong>hunc</strong></span> <span class='ocrx_word' id='word_1_669' title='bbox 3082 4247 3364 4320; x_wconf 88' lang='lat' dir='ltr'><strong>antiquum</strong></span> <span class='ocrx_word' id='word_1_670' title='bbox 3393 4250 3624 4319; x_wconf 85' lang='lat' dir='ltr'><strong>scripto-</strong></span> 
     </span>
    </p>
   </div>
   <div class='ocr_carea' id='block_1_89' title="bbox 2029 4340 3627 4406">
    <p class='ocr_par' dir='ltr' id='par_1_89' title="bbox 2029 4340 3627 4406">
     <span class='ocr_line' id='line_1_89' title="bbox 2029 4340 3627 4406; baseline -0.001 -8"><span class='ocrx_word' id='word_1_671' title='bbox 2029 4357 2146 4398; x_wconf 80' lang='lat' dir='ltr'><strong>rem</strong></span> <span class='ocrx_word' id='word_1_672' title='bbox 2175 4341 2313 4397; x_wconf 86' lang='lat' dir='ltr'><strong>haud</strong></span> <span class='ocrx_word' id='word_1_673' title='bbox 2339 4340 2647 4396; x_wconf 88' lang='lat' dir='ltr'><strong>dubitanter</strong></span> <span class='ocrx_word' id='word_1_674' title='bbox 2694 4340 2962 4406; x_wconf 87' lang='lat' dir='ltr'><strong>opinionis</strong></span> <span class='ocrx_word' id='word_1_675' title='bbox 3014 4355 3125 4394; x_wconf 69' lang='lat' dir='ltr'><strong>sua:</strong></span> <span class='ocrx_word' id='word_1_676' title='bbox 3175 4353 3502 4398; x_wconf 87' lang='lat' dir='ltr'><strong>assertorem</strong></span> <span class='ocrx_word' id='word_1_677' title='bbox 3530 4342 3627 4397; x_wconf 87' lang='lat' dir='ltr'><strong>ad-</strong></span> 
     </span>
    </p>
   </div>
   <div class='ocr_carea' id='block_1_90' title="bbox 2033 4432 3626 4504">
    <p class='ocr_par' dir='ltr' id='par_1_90' title="bbox 2033 4432 3626 4504">
     <span class='ocr_line' id='line_1_90' title="bbox 2033 4432 3626 4504; baseline 0.001 -17"><span class='ocrx_word' id='word_1_678' title='bbox 2033 4448 2248 4498; x_wconf 86' lang='lat' dir='ltr'><strong>vocare,</strong></span> <span class='ocrx_word' id='word_1_679' title='bbox 2291 4443 2452 4502; x_wconf 88' lang='lat' dir='ltr'><strong>atque</strong></span> <span class='ocrx_word' id='word_1_680' title='bbox 2497 4447 2562 4488; x_wconf 92' lang='lat' dir='ltr'><strong>eo</strong></span> <span class='ocrx_word' id='word_1_681' title='bbox 2608 4432 2796 4502; x_wconf 88' lang='lat' dir='ltr'><strong>potiori</strong></span> <span class='ocrx_word' id='word_1_682' title='bbox 2840 4432 2982 4502; x_wconf 86' lang='lat' dir='ltr'><strong>jure,</strong></span> <span class='ocrx_word' id='word_1_683' title='bbox 3029 4433 3172 4504; x_wconf 90' lang='lat' dir='ltr'><strong>quod</strong></span> <span class='ocrx_word' id='word_1_684' title='bbox 3220 4434 3626 4504; x_wconf 79' lang='lat' dir='ltr'><strong>suﬁ‘ragatorem</strong></span> 
     </span>
    </p>
   </div>
   <div class='ocr_carea' id='block_1_91' title="bbox 323 4521 3622 4596">
    <p class='ocr_par' dir='ltr' id='par_1_91' title="bbox 323 4521 3622 4596">
     <span class='ocr_line' id='line_1_91' title="bbox 323 4521 3622 4596; baseline 0 -16"><span class='ocrx_word' id='word_1_685' title='bbox 323 4533 517 4580; x_wconf 79' lang='lat' dir='ltr'><strong>auctor</strong></span> <span class='ocrx_word' id='word_1_686' title='bbox 563 4523 816 4580; x_wconf 86' lang='lat' dir='ltr'><strong>describit</strong></span> <span class='ocrx_word' id='word_1_687' title='bbox 859 4525 1128 4596; x_wconf 89' lang='lat' dir='ltr'><strong>quomodo</strong></span> <span class='ocrx_word' id='word_1_688' title='bbox 1167 4523 1387 4592; x_wconf 90' lang='lat' dir='ltr'><strong>impium</strong></span> <span class='ocrx_word' id='word_1_689' title='bbox 1418 4521 1545 4576; x_wconf 88' lang='lat' dir='ltr'><strong>illud</strong></span> <span class='ocrx_word' id='word_1_690' title='bbox 1591 4521 1916 4578; x_wconf 87' lang='lat' dir='ltr'><strong>sacrilicium</strong></span> <span class='ocrx_word' id='word_1_691' title='bbox 1949 4528 2004 4594; x_wconf 87' lang='lat' dir='ltr'><strong><em>D</em></strong></span> <span class='ocrx_word' id='word_1_692' title='bbox 2030 4526 2224 4582; x_wconf 87' lang='lat' dir='ltr'><strong>habeat</strong></span> <span class='ocrx_word' id='word_1_693' title='bbox 2252 4525 2542 4580; x_wconf 89' lang='lat' dir='ltr'><strong>Lucianum</strong></span> <span class='ocrx_word' id='word_1_694' title='bbox 2571 4523 2812 4595; x_wconf 88' lang='lat' dir='ltr'><strong>(Lucian.</strong></span> <span class='ocrx_word' id='word_1_695' title='bbox 2838 4521 3050 4596; x_wconf 57' lang='lat' dir='ltr'><strong>Dialogi</strong></span> <span class='ocrx_word' id='word_1_696' title='bbox 3077 4525 3266 4580; x_wconf 71' lang='lat' dir='ltr'><strong>Torar.</strong></span> <span class='ocrx_word' id='word_1_697' title='bbox 3301 4542 3390 4580; x_wconf 89' lang='lat' dir='ltr'><strong>seu</strong></span> <span class='ocrx_word' id='word_1_698' title='bbox 3409 4527 3472 4579; x_wconf 90' lang='lat' dir='ltr'><strong>de</strong></span> <span class='ocrx_word' id='word_1_699' title='bbox 3489 4527 3622 4580; x_wconf 88' lang='lat' dir='ltr'><strong>ami-</strong></span> 
     </span>
    </p>
   </div>
   <div class='ocr_carea' id='block_1_92' title="bbox 323 4613 1923 4686">
    <p class='ocr_par' dir='ltr' id='par_1_92' title="bbox 323 4613 1923 4686">
     <span class='ocr_line' id='line_1_92' title="bbox 323 4613 1923 4686; baseline -0.003 -12"><span class='ocrx_word' id='word_1_700' title='bbox 323 4615 448 4674; x_wconf 79' lang='lat' dir='ltr'><strong>ﬁeri</strong></span> <span class='ocrx_word' id='word_1_701' title='bbox 475 4615 682 4670; x_wconf 87' lang='lat' dir='ltr'><strong>solebat</strong></span> <span class='ocrx_word' id='word_1_702' title='bbox 710 4634 724 4670; x_wconf 87' lang='lat'><strong>:</strong></span> <span class='ocrx_word' id='word_1_703' title='bbox 757 4615 941 4685; x_wconf 87' lang='lat' dir='ltr'><strong>Plura,</strong></span> <span class='ocrx_word' id='word_1_704' title='bbox 973 4617 1177 4686; x_wconf 90' lang='lat' dir='ltr'><strong>inquit,</strong></span> <span class='ocrx_word' id='word_1_705' title='bbox 1207 4614 1440 4686; x_wconf 86' lang='lat' dir='ltr'><strong>prosequi</strong></span> <span class='ocrx_word' id='word_1_706' title='bbox 1465 4613 1588 4681; x_wconf 87' lang='lat' dir='ltr'><strong>quid</strong></span> <span class='ocrx_word' id='word_1_707' title='bbox 1611 4623 1683 4667; x_wconf 91' lang='lat' dir='ltr'><strong>est</strong></span> <span class='ocrx_word' id='word_1_708' title='bbox 1704 4629 1923 4681; x_wconf 87' lang='lat' dir='ltr'><strong>necesse,</strong></span> 
     </span>
    </p>
   </div>
   <div class='ocr_carea' id='block_1_93' title="bbox 326 4706 1930 4780">
    <p class='ocr_par' dir='ltr' id='par_1_93' title="bbox 326 4706 1930 4780">
     <span class='ocr_line' id='line_1_93' title="bbox 326 4706 1930 4780; baseline -0.001 -16"><span class='ocrx_word' id='word_1_709' title='bbox 326 4710 409 4764; x_wconf 76' lang='lat' dir='ltr'><strong>uel</strong></span> <span class='ocrx_word' id='word_1_710' title='bbox 437 4709 806 4777; x_wconf 82' lang='lat' dir='ltr'><strong>sacriﬁciorum</strong></span> <span class='ocrx_word' id='word_1_711' title='bbox 832 4710 886 4764; x_wconf 89' lang='lat' dir='ltr'><strong>in</strong></span> <span class='ocrx_word' id='word_1_712' title='bbox 912 4709 1050 4764; x_wconf 89' lang='lat' dir='ltr'><strong>ludis</strong></span> <span class='ocrx_word' id='word_1_713' title='bbox 1077 4724 1263 4780; x_wconf 86' lang='lat' dir='ltr'><strong>genera</strong></span> <span class='ocrx_word' id='word_1_714' title='bbox 1293 4716 1578 4762; x_wconf 85' lang='lat' dir='ltr'><strong>monstrosa</strong></span> <span class='ocrx_word' id='word_1_715' title='bbox 1609 4706 1930 4762; x_wconf 80' lang='lat' dir='ltr'><strong>describere?</strong></span> 
     </span>
    </p>
   </div>
   <div class='ocr_carea' id='block_1_94' title="bbox 323 4797 1931 4871">
    <p class='ocr_par' dir='ltr' id='par_1_94' title="bbox 323 4797 1931 4871">
     <span class='ocr_line' id='line_1_94' title="bbox 323 4797 1931 4871; baseline -0.005 -11"><span class='ocrx_word' id='word_1_716' title='bbox 323 4800 476 4860; x_wconf 76' lang='lat' dir='ltr'><strong>Inter</strong></span> <span class='ocrx_word' id='word_1_717' title='bbox 501 4817 615 4871; x_wconf 74' lang='lat' dir='ltr'><strong>qua:</strong></span> <span class='ocrx_word' id='word_1_718' title='bbox 639 4817 1003 4870; x_wconf 85' lang='lat' dir='ltr'><strong>nonnunquam</strong></span> <span class='ocrx_word' id='word_1_719' title='bbox 1048 4810 1095 4854; x_wconf 91' lang='lat' dir='ltr'><strong>et</strong></span> <span class='ocrx_word' id='word_1_720' title='bbox 1140 4801 1290 4854; x_wconf 86' lang='lat' dir='ltr'><strong>homo</strong></span> <span class='ocrx_word' id='word_1_721' title='bbox 1343 4800 1400 4870; x_wconf 82' lang='lat' dir='ltr'><strong>ﬁt</strong></span> <span class='ocrx_word' id='word_1_722' title='bbox 1444 4799 1611 4852; x_wconf 81' lang='lat' dir='ltr'><strong>hostia</strong></span> <span class='ocrx_word' id='word_1_723' title='bbox 1663 4797 1931 4852; x_wconf 87' lang='lat' dir='ltr'><strong>latrocinio</strong></span> 
     </span>
    </p>
   </div>
   <div class='ocr_carea' id='block_1_95' title="bbox 328 4891 1935 4962">
    <p class='ocr_par' dir='ltr' id='par_1_95' title="bbox 328 4891 1935 4962">
     <span class='ocr_line' id='line_1_95' title="bbox 328 4891 1935 4962; baseline -0.002 -13"><span class='ocrx_word' id='word_1_724' title='bbox 328 4893 633 4956; x_wconf 87' lang='lat' dir='ltr'><strong>sacerdotis,</strong></span> <span class='ocrx_word' id='word_1_725' title='bbox 667 4894 789 4947; x_wconf 89' lang='lat' dir='ltr'><strong>dum</strong></span> <span class='ocrx_word' id='word_1_726' title='bbox 816 4909 968 4947; x_wconf 89' lang='lat' dir='ltr'><strong>cruor</strong></span> <span class='ocrx_word' id='word_1_727' title='bbox 996 4893 1150 4946; x_wconf 88' lang='lat' dir='ltr'><strong>etiam</strong></span> <span class='ocrx_word' id='word_1_728' title='bbox 1170 4892 1232 4946; x_wconf 88' lang='lat' dir='ltr'><strong>de</strong></span> <span class='ocrx_word' id='word_1_729' title='bbox 1253 4891 1439 4962; x_wconf 88' lang='lat' dir='ltr'><strong>jugulo</strong></span> <span class='ocrx_word' id='word_1_730' title='bbox 1469 4891 1670 4944; x_wconf 87' lang='lat' dir='ltr'><strong>calidus</strong></span> <span class='ocrx_word' id='word_1_731' title='bbox 1697 4900 1935 4960; x_wconf 75' lang='lat' dir='ltr'><strong>acceptus</strong></span> 
     </span>
    </p>
   </div>
   <div class='ocr_carea' id='block_1_96' title="bbox 327 4981 1933 5055">
    <p class='ocr_par' dir='ltr' id='par_1_96' title="bbox 327 4981 1933 5055">
     <span class='ocr_line' id='line_1_96' title="bbox 327 4981 1933 5055; baseline -0.002 -17"><span class='ocrx_word' id='word_1_732' title='bbox 327 4995 531 5055; x_wconf 81' lang='lat' dir='ltr'><strong>patera,</strong></span> <span class='ocrx_word' id='word_1_733' title='bbox 561 4985 688 5040; x_wconf 89' lang='lat' dir='ltr'><strong>dum</strong></span> <span class='ocrx_word' id='word_1_734' title='bbox 714 4984 884 5039; x_wconf 84' lang='lat' dir='ltr'><strong>adhuc</strong></span> <span class='ocrx_word' id='word_1_735' title='bbox 927 4989 1102 5054; x_wconf 80' lang='lat' dir='ltr'><strong>feruet,</strong></span> <span class='ocrx_word' id='word_1_736' title='bbox 1130 4993 1178 5038; x_wconf 89' lang='lat' dir='ltr'><strong>et</strong></span> <span class='ocrx_word' id='word_1_737' title='bbox 1203 4983 1348 5054; x_wconf 85' lang='lat' dir='ltr'><strong>quasi</strong></span> <span class='ocrx_word' id='word_1_738' title='bbox 1373 4981 1563 5036; x_wconf 88' lang='lat' dir='ltr'><strong>sitienti</strong></span> <span class='ocrx_word' id='word_1_739' title='bbox 1590 4982 1730 5036; x_wconf 89' lang='lat' dir='ltr'><strong>idolo</strong></span> <span class='ocrx_word' id='word_1_740' title='bbox 1775 4983 1826 5036; x_wconf 88' lang='lat' dir='ltr'><strong>in</strong></span> <span class='ocrx_word' id='word_1_741' title='bbox 1849 4986 1933 5052; x_wconf 80' lang='lat' dir='ltr'><strong>fa-</strong></span> 
     </span>
    </p>
   </div>
   <div class='ocr_carea' id='block_1_97' title="bbox 337 5075 1937 5149">
    <p class='ocr_par' dir='ltr' id='par_1_97' title="bbox 337 5075 1937 5149">
     <span class='ocr_line' id='line_1_97' title="bbox 337 5075 1937 5149; baseline -0.002 -17"><span class='ocrx_word' id='word_1_742' title='bbox 337 5078 466 5132; x_wconf 89' lang='lat' dir='ltr'><strong>ciem</strong></span> <span class='ocrx_word' id='word_1_743' title='bbox 499 5081 730 5149; x_wconf 87' lang='lat' dir='ltr'><strong>jactatus</strong></span> <span class='ocrx_word' id='word_1_744' title='bbox 761 5118 776 5143; x_wconf 92' lang='lat'><strong>,</strong></span> <span class='ocrx_word' id='word_1_745' title='bbox 827 5076 1098 5132; x_wconf 86' lang='lat' dir='ltr'><strong>crudeliter</strong></span> <span class='ocrx_word' id='word_1_746' title='bbox 1147 5077 1452 5148; x_wconf 90' lang='lat' dir='ltr'><strong>propinatur</strong></span> <span class='ocrx_word' id='word_1_747' title='bbox 1503 5075 1693 5145; x_wconf 83' lang='lat' dir='ltr'><strong>(Auct.</strong></span> <span class='ocrx_word' id='word_1_748' title='bbox 1741 5076 1830 5130; x_wconf 92' lang='lat' dir='ltr'><strong>lib.</strong></span> <span class='ocrx_word' id='word_1_749' title='bbox 1873 5075 1937 5129; x_wconf 91' lang='lat' dir='ltr'><strong>de</strong></span> 
     </span>
    </p>
   </div>
   <div class='ocr_carea' id='block_1_98' title="bbox 331 5167 1934 5239">
    <p class='ocr_par' dir='ltr' id='par_1_98' title="bbox 331 5167 1934 5239">
     <span class='ocr_line' id='line_1_98' title="bbox 331 5167 1934 5239; baseline -0.002 -14"><span class='ocrx_word' id='word_1_750' title='bbox 331 5167 639 5239; x_wconf 84' lang='lat' dir='ltr'><strong>Spectac.).</strong></span> <span class='ocrx_word' id='word_1_751' title='bbox 693 5167 803 5224; x_wconf 88' lang='lat' dir='ltr'><strong>Nos</strong></span> <span class='ocrx_word' id='word_1_752' title='bbox 857 5183 987 5224; x_wconf 87' lang='lat' dir='ltr'><strong>vero</strong></span> <span class='ocrx_word' id='word_1_753' title='bbox 1047 5168 1116 5225; x_wconf 90' lang='lat' dir='ltr'><strong>de</strong></span> <span class='ocrx_word' id='word_1_754' title='bbox 1181 5169 1284 5224; x_wconf 92' lang='lat' dir='ltr'><strong>hoc</strong></span> <span class='ocrx_word' id='word_1_755' title='bbox 1323 5177 1432 5226; x_wconf 88' lang='lat' dir='ltr'><strong>tam</strong></span> <span class='ocrx_word' id='word_1_756' title='bbox 1483 5167 1740 5236; x_wconf 90' lang='lat' dir='ltr'><strong>absurdo,</strong></span> <span class='ocrx_word' id='word_1_757' title='bbox 1773 5183 1934 5239; x_wconf 90' lang='lat' dir='ltr'><strong>quam</strong></span> 
     </span>
    </p>
   </div>
   <div class='ocr_carea' id='block_1_99' title="bbox 333 5259 1935 5331">
    <p class='ocr_par' dir='ltr' id='par_1_99' title="bbox 333 5259 1935 5331">
     <span class='ocr_line' id='line_1_99' title="bbox 333 5259 1935 5331; baseline -0.002 -15"><span class='ocrx_word' id='word_1_758' title='bbox 333 5260 546 5316; x_wconf 87' lang='lat' dir='ltr'><strong>crudeli</strong></span> <span class='ocrx_word' id='word_1_759' title='bbox 575 5259 843 5316; x_wconf 88' lang='lat' dir='ltr'><strong>sacriﬁcio</strong></span> <span class='ocrx_word' id='word_1_760' title='bbox 870 5260 1267 5331; x_wconf 87' lang='lat' dir='ltr'><strong>disputavimus</strong></span> <span class='ocrx_word' id='word_1_761' title='bbox 1313 5261 1366 5315; x_wconf 89' lang='lat' dir='ltr'><strong>in</strong></span> <span class='ocrx_word' id='word_1_762' title='bbox 1400 5270 1579 5316; x_wconf 86' lang='lat' dir='ltr'><strong>nostra</strong></span> <span class='ocrx_word' id='word_1_763' title='bbox 1619 5261 1684 5316; x_wconf 89' lang='lat' dir='ltr'><strong>de</strong></span> <span class='ocrx_word' id='word_1_764' title='bbox 1724 5260 1935 5316; x_wconf 88' lang='lat' dir='ltr'><strong>Minutii</strong></span> 
     </span>
    </p>
   </div>
   <div class='ocr_carea' id='block_1_100' title="bbox 330 5350 1930 5422">
    <p class='ocr_par' dir='ltr' id='par_1_100' title="bbox 330 5350 1930 5422">
     <span class='ocr_line' id='line_1_100' title="bbox 330 5350 1930 5422; baseline -0.001 -14"><span class='ocrx_word' id='word_1_765' title='bbox 330 5350 546 5408; x_wconf 86' lang='lat' dir='ltr'><strong>Octavii</strong></span> <span class='ocrx_word' id='word_1_766' title='bbox 591 5350 968 5407; x_wconf 89' lang='lat' dir='ltr'><strong>dissertatione</strong></span> <span class='ocrx_word' id='word_1_767' title='bbox 995 5354 1013 5422; x_wconf 94' lang='lat'><strong>(</strong></span> <span class='ocrx_word' id='word_1_768' title='bbox 1039 5350 1308 5408; x_wconf 86' lang='lat' dir='ltr'><strong>Dissertat.</strong></span> <span class='ocrx_word' id='word_1_769' title='bbox 1353 5353 1408 5406; x_wconf 86' lang='lat' dir='ltr'><strong>in</strong></span> <span class='ocrx_word' id='word_1_770' title='bbox 1459 5350 1673 5416; x_wconf 79' lang='lat' dir='ltr'><strong>Minut.,</strong></span> <span class='ocrx_word' id='word_1_771' title='bbox 1728 5367 1845 5421; x_wconf 90' lang='lat' dir='ltr'><strong>cap.</strong></span> <span class='ocrx_word' id='word_1_772' title='bbox 1875 5350 1930 5407; x_wconf 92' lang='lat'><strong>9.</strong></span> 
     </span>
    </p>
   </div>
   <div class='ocr_carea' id='block_1_101' title="bbox 333 5443 1935 5516">
    <p class='ocr_par' dir='ltr' id='par_1_101' title="bbox 333 5443 1935 5516">
     <span class='ocr_line' id='line_1_101' title="bbox 333 5443 1935 5516; baseline -0.001 -16"><span class='ocrx_word' id='word_1_773' title='bbox 333 5454 438 5500; x_wconf 89' lang='lat' dir='ltr'><strong>art.</strong></span> <span class='ocrx_word' id='word_1_774' title='bbox 467 5447 503 5502; x_wconf 79' lang='grc'>3</span> <span class='ocrx_word' id='word_1_775' title='bbox 547 5455 596 5500; x_wconf 89' lang='lat' dir='ltr'><strong>et</strong></span> <span class='ocrx_word' id='word_1_776' title='bbox 633 5444 727 5516; x_wconf 70' lang='grc'><strong>4),</strong></span> <span class='ocrx_word' id='word_1_777' title='bbox 775 5445 864 5500; x_wconf 92' lang='lat' dir='ltr'><strong>ubi</strong></span> <span class='ocrx_word' id='word_1_778' title='bbox 889 5445 1051 5500; x_wconf 87' lang='lat' dir='ltr'><strong>etiam</strong></span> <span class='ocrx_word' id='word_1_779' title='bbox 1079 5446 1287 5515; x_wconf 86' lang='lat' dir='ltr'><strong>egimus</strong></span> <span class='ocrx_word' id='word_1_780' title='bbox 1311 5443 1379 5500; x_wconf 88' lang='lat' dir='ltr'><strong>de</strong></span> <span class='ocrx_word' id='word_1_781' title='bbox 1427 5445 1512 5509; x_wconf 92' lang='lat' dir='ltr'><strong>iis,</strong></span> <span class='ocrx_word' id='word_1_782' title='bbox 1559 5445 1649 5516; x_wconf 89' lang='lat' dir='ltr'><strong>qui</strong></span> <span class='ocrx_word' id='word_1_783' title='bbox 1678 5445 1935 5499; x_wconf 90' lang='lat' dir='ltr'><strong>comitiali</strong></span> 
     </span>
    </p>
   </div>
   <div class='ocr_carea' id='block_1_102' title="bbox 333 5527 1936 5608">
    <p class='ocr_par' dir='ltr' id='par_1_102' title="bbox 333 5527 1936 5608">
     <span class='ocr_line' id='line_1_102' title="bbox 333 5527 1936 5608; baseline 0 -15"><span class='ocrx_word' id='word_1_784' title='bbox 333 5537 534 5593; x_wconf 84' lang='lat' dir='ltr'><strong>morbo</strong></span> <span class='ocrx_word' id='word_1_785' title='bbox 555 5537 884 5604; x_wconf 88' lang='lat' dir='ltr'><strong>laborantes,</strong></span> <span class='ocrx_word' id='word_1_786' title='bbox 920 5545 1102 5606; x_wconf 90' lang='lat' dir='ltr'><strong>potato</strong></span> <span class='ocrx_word' id='word_1_787' title='bbox 1122 5535 1482 5608; x_wconf 87' lang='lat' dir='ltr'><strong>jugulatorum</strong></span> <span class='ocrx_word' id='word_1_788' title='bbox 1508 5537 1561 5591; x_wconf 93' lang='lat' dir='ltr'><strong>in</strong></span> <span class='ocrx_word' id='word_1_789' title='bbox 1589 5536 1676 5592; x_wconf 88' lang='lat' dir='ltr'><strong>his</strong></span> <span class='ocrx_word' id='word_1_790' title='bbox 1720 5527 1936 5608; x_wconf 82' lang='lat' dir='ltr'><strong>specta-</strong></span> 
     </span>
    </p>
   </div>
   <div class='ocr_carea' id='block_1_103' title="bbox 333 5628 1931 5702">
    <p class='ocr_par' dir='ltr' id='par_1_103' title="bbox 333 5628 1931 5702">
     <span class='ocr_line' id='line_1_103' title="bbox 333 5628 1931 5702; baseline 0.001 -16"><span class='ocrx_word' id='word_1_791' title='bbox 333 5628 474 5686; x_wconf 83' lang='lat' dir='ltr'><strong>culis</strong></span> <span class='ocrx_word' id='word_1_792' title='bbox 545 5629 823 5686; x_wconf 87' lang='lat' dir='ltr'><strong>hominum</strong></span> <span class='ocrx_word' id='word_1_793' title='bbox 899 5630 1158 5702; x_wconf 88' lang='lat' dir='ltr'><strong>sanguine</strong></span> <span class='ocrx_word' id='word_1_794' title='bbox 1227 5629 1546 5685; x_wconf 87' lang='lat' dir='ltr'><strong>medicinam</strong></span> <span class='ocrx_word' id='word_1_795' title='bbox 1603 5631 1931 5701; x_wconf 72' lang='lat' dir='ltr'><strong>quaerebant.</strong></span> 
     </span>
    </p>
   </div>
   <div class='ocr_carea' id='block_1_104' title="bbox 335 5719 1936 5792">
    <p class='ocr_par' dir='ltr' id='par_1_104' title="bbox 335 5719 1936 5792">
     <span class='ocr_line' id='line_1_104' title="bbox 335 5719 1936 5792; baseline -0.001 -10"><span class='ocrx_word' id='word_1_796' title='bbox 335 5719 477 5782; x_wconf 76' lang='lat' dir='ltr'><strong>Nam</strong></span> <span class='ocrx_word' id='word_1_797' title='bbox 504 5721 583 5790; x_wconf 88' lang='lat' dir='ltr'><strong>bi,</strong></span> <span class='ocrx_word' id='word_1_798' title='bbox 608 5722 683 5780; x_wconf 90' lang='lat' dir='ltr'><strong>uti</strong></span> <span class='ocrx_word' id='word_1_799' title='bbox 711 5722 790 5778; x_wconf 90' lang='lat' dir='ltr'><strong>ait</strong></span> <span class='ocrx_word' id='word_1_800' title='bbox 813 5719 1200 5792; x_wconf 83' lang='lat' dir='ltr'><strong>Tertullianus,</strong></span> <span class='ocrx_word' id='word_1_801' title='bbox 1238 5736 1445 5778; x_wconf 85' lang='lat' dir='ltr'><strong>munere</strong></span> <span class='ocrx_word' id='word_1_802' title='bbox 1467 5720 1522 5778; x_wconf 89' lang='lat' dir='ltr'><strong>in</strong></span> <span class='ocrx_word' id='word_1_803' title='bbox 1545 5737 1704 5779; x_wconf 88' lang='lat' dir='ltr'><strong>arena</strong></span> <span class='ocrx_word' id='word_1_804' title='bbox 1754 5727 1936 5781; x_wconf 68' lang='lat' dir='ltr'><strong>noxio-</strong></span> 
     </span>
    </p>
   </div>
   <div class='ocr_carea' id='block_1_105' title="bbox 2031 4614 3630 4689">
    <p class='ocr_par' dir='ltr' id='par_1_105' title="bbox 2031 4614 3630 4689">
     <span class='ocr_line' id='line_1_105' title="bbox 2031 4614 3630 4689; baseline 0.001 -17"><span class='ocrx_word' id='word_1_805' title='bbox 2031 4617 2118 4672; x_wconf 88' lang='lat' dir='ltr'><strong>cit.</strong></span> <span class='ocrx_word' id='word_1_806' title='bbox 2149 4633 2268 4688; x_wconf 86' lang='lat' dir='ltr'><strong>pag.</strong></span> <span class='ocrx_word' id='word_1_807' title='bbox 2313 4615 2463 4686; x_wconf 76' lang='lat'><strong>630).</strong></span> <span class='ocrx_word' id='word_1_808' title='bbox 2513 4614 2645 4670; x_wconf 82' lang='lat' dir='ltr'><strong>Nam</strong></span> <span class='ocrx_word' id='word_1_809' title='bbox 2698 4625 2948 4671; x_wconf 89' lang='lat' dir='ltr'><strong>testatum</strong></span> <span class='ocrx_word' id='word_1_810' title='bbox 2994 4616 3080 4672; x_wconf 90' lang='lat' dir='ltr'><strong>hic</strong></span> <span class='ocrx_word' id='word_1_811' title='bbox 3130 4617 3252 4671; x_wconf 77' lang='lat' dir='ltr'><strong>facit</strong></span> <span class='ocrx_word' id='word_1_812' title='bbox 3292 4616 3525 4689; x_wconf 88' lang='lat' dir='ltr'><strong>Scythas</strong></span> <span class='ocrx_word' id='word_1_813' title='bbox 3574 4617 3630 4673; x_wconf 90' lang='lat' dir='ltr'><strong>in</strong></span> 
     </span>
    </p>
   </div>
   <div class='ocr_carea' id='block_1_106' title="bbox 2033 4707 3632 4778">
    <p class='ocr_par' dir='ltr' id='par_1_106' title="bbox 2033 4707 3632 4778">
     <span class='ocr_line' id='line_1_106' title="bbox 2033 4707 3632 4778; baseline -0.001 -12"><span class='ocrx_word' id='word_1_814' title='bbox 2033 4709 2258 4766; x_wconf 72' lang='lat' dir='ltr'><strong>Calicem</strong></span> <span class='ocrx_word' id='word_1_815' title='bbox 2299 4724 2363 4764; x_wconf 82' lang='lat' dir='ltr'><strong>ex</strong></span> <span class='ocrx_word' id='word_1_816' title='bbox 2392 4708 2578 4763; x_wconf 92' lang='lat' dir='ltr'><strong>incisis</strong></span> <span class='ocrx_word' id='word_1_817' title='bbox 2615 4707 2798 4778; x_wconf 87' lang='lat' dir='ltr'><strong>digitis</strong></span> <span class='ocrx_word' id='word_1_818' title='bbox 2848 4709 3164 4778; x_wconf 88' lang='lat' dir='ltr'><strong>sanguinem</strong></span> <span class='ocrx_word' id='word_1_819' title='bbox 3211 4707 3524 4774; x_wconf 85' lang='lat' dir='ltr'><strong>distillasse,</strong></span> <span class='ocrx_word' id='word_1_820' title='bbox 3567 4722 3632 4764; x_wconf 90' lang='lat' dir='ltr'><strong>ac</strong></span> 
     </span>
    </p>
   </div>
   <div class='ocr_carea' id='block_1_107' title="bbox 2035 4800 3628 4872">
    <p class='ocr_par' dir='ltr' id='par_1_107' title="bbox 2035 4800 3628 4872">
     <span class='ocr_line' id='line_1_107' title="bbox 2035 4800 3628 4872; baseline 0.001 -15"><span class='ocrx_word' id='word_1_821' title='bbox 2035 4802 2254 4858; x_wconf 90' lang='lat' dir='ltr'><strong>intincta</strong></span> <span class='ocrx_word' id='word_1_822' title='bbox 2293 4800 2594 4872; x_wconf 87' lang='lat' dir='ltr'><strong>gladiorum</strong></span> <span class='ocrx_word' id='word_1_823' title='bbox 2636 4816 2860 4857; x_wconf 89' lang='lat' dir='ltr'><strong>suorum</strong></span> <span class='ocrx_word' id='word_1_824' title='bbox 2897 4800 3140 4871; x_wconf 84' lang='lat' dir='ltr'><strong>cuspide,</strong></span> <span class='ocrx_word' id='word_1_825' title='bbox 3187 4800 3348 4857; x_wconf 90' lang='lat' dir='ltr'><strong>simul</strong></span> <span class='ocrx_word' id='word_1_826' title='bbox 3389 4803 3587 4858; x_wconf 89' lang='lat' dir='ltr'><strong>bibisse</strong></span> <span class='ocrx_word' id='word_1_827' title='bbox 3612 4843 3628 4869; x_wconf 90' lang='lat'><strong>,</strong></span> 
     </span>
    </p>
   </div>
   <div class='ocr_carea' id='block_1_108' title="bbox 2037 4892 3632 4965">
    <p class='ocr_par' dir='ltr' id='par_1_108' title="bbox 2037 4892 3632 4965">
     <span class='ocr_line' id='line_1_108' title="bbox 2037 4892 3632 4965; baseline 0.002 -16"><span class='ocrx_word' id='word_1_828' title='bbox 2037 4902 2198 4964; x_wconf 89' lang='lat' dir='ltr'><strong>atque</strong></span> <span class='ocrx_word' id='word_1_829' title='bbox 2224 4894 2295 4948; x_wconf 89' lang='lat' dir='ltr'><strong>ita</strong></span> <span class='ocrx_word' id='word_1_830' title='bbox 2319 4893 2586 4964; x_wconf 85' lang='lat' dir='ltr'><strong>pepigisse</strong></span> <span class='ocrx_word' id='word_1_831' title='bbox 2621 4892 2820 4960; x_wconf 70' lang='lat' dir='ltr'><strong>foedus,</strong></span> <span class='ocrx_word' id='word_1_832' title='bbox 2849 4894 2993 4965; x_wconf 90' lang='lat' dir='ltr'><strong>quod</strong></span> <span class='ocrx_word' id='word_1_833' title='bbox 3037 4903 3221 4964; x_wconf 88' lang='lat' dir='ltr'><strong>postea</strong></span> <span class='ocrx_word' id='word_1_834' title='bbox 3250 4894 3507 4951; x_wconf 88' lang='lat' dir='ltr'><strong>dirimere</strong></span> <span class='ocrx_word' id='word_1_835' title='bbox 3534 4913 3632 4952; x_wconf 85' lang='lat' dir='ltr'><strong>ne-</strong></span> 
     </span>
    </p>
   </div>
   <div class='ocr_carea' id='block_1_109' title="bbox 2039 4982 3631 5055">
    <p class='ocr_par' dir='ltr' id='par_1_109' title="bbox 2039 4982 3631 5055">
     <span class='ocr_line' id='line_1_109' title="bbox 2039 4982 3631 5055; baseline 0 -15"><span class='ocrx_word' id='word_1_836' title='bbox 2039 4986 2168 5041; x_wconf 84' lang='lat' dir='ltr'><strong>mini</strong></span> <span class='ocrx_word' id='word_1_837' title='bbox 2191 4985 2406 5040; x_wconf 89' lang='lat' dir='ltr'><strong>licebat.</strong></span> <span class='ocrx_word' id='word_1_838' title='bbox 2438 4985 2512 5039; x_wconf 90' lang='lat' dir='ltr'><strong>De</strong></span> <span class='ocrx_word' id='word_1_839' title='bbox 2532 4982 2851 5055; x_wconf 87' lang='lat' dir='ltr'><strong>quibusdam</strong></span> <span class='ocrx_word' id='word_1_840' title='bbox 2881 4999 3010 5041; x_wconf 93' lang='lat' dir='ltr'><strong>vero</strong></span> <span class='ocrx_word' id='word_1_841' title='bbox 3050 4984 3282 5055; x_wconf 90' lang='lat' dir='ltr'><strong>populis,</strong></span> <span class='ocrx_word' id='word_1_842' title='bbox 3313 4987 3631 5042; x_wconf 81' lang='lat' dir='ltr'><strong>Axiacarum</strong></span> 
     </span>
    </p>
   </div>
   <div class='ocr_carea' id='block_1_110' title="bbox 2036 5076 3633 5148">
    <p class='ocr_par' dir='ltr' id='par_1_110' title="bbox 2036 5076 3633 5148">
     <span class='ocr_line' id='line_1_110' title="bbox 2036 5076 3633 5148; baseline 0.001 -16"><span class='ocrx_word' id='word_1_843' title='bbox 2036 5076 2251 5141; x_wconf 81' lang='lat' dir='ltr'><strong>vicinis,</strong></span> <span class='ocrx_word' id='word_1_844' title='bbox 2295 5077 2411 5132; x_wconf 69' lang='lat' dir='ltr'><strong>hrec</strong></span> <span class='ocrx_word' id='word_1_845' title='bbox 2459 5076 2784 5146; x_wconf 88' lang='lat' dir='ltr'><strong>Pomponius</strong></span> <span class='ocrx_word' id='word_1_846' title='bbox 2839 5076 2972 5131; x_wconf 85' lang='lat' dir='ltr'><strong>Mela</strong></span> <span class='ocrx_word' id='word_1_847' title='bbox 3023 5077 3297 5132; x_wconf 66' lang='lat' dir='ltr'><strong>memoriae</strong></span> <span class='ocrx_word' id='word_1_848' title='bbox 3352 5078 3633 5148; x_wconf 87' lang='lat' dir='ltr'><strong>prodidit:</strong></span> 
     </span>
    </p>
   </div>
   <div class='ocr_carea' id='block_1_111' title="bbox 2038 5168 3635 5241">
    <p class='ocr_par' dir='ltr' id='par_1_111' title="bbox 2038 5168 3635 5241">
     <span class='ocr_line' id='line_1_111' title="bbox 2038 5168 3635 5241; baseline -0.001 -17"><span class='ocrx_word' id='word_1_849' title='bbox 2038 5168 2189 5224; x_wconf 87' lang='lat' dir='ltr'><strong>Bella</strong></span> <span class='ocrx_word' id='word_1_850' title='bbox 2217 5170 2478 5240; x_wconf 70' lang='lat' dir='ltr'><strong>caedesque</strong></span> <span class='ocrx_word' id='word_1_851' title='bbox 2517 5179 2727 5236; x_wconf 88' lang='lat' dir='ltr'><strong>amant;</strong></span> <span class='ocrx_word' id='word_1_852' title='bbox 2753 5185 2958 5241; x_wconf 85' lang='lat' dir='ltr'><strong>mosque</strong></span> <span class='ocrx_word' id='word_1_853' title='bbox 2977 5179 3051 5224; x_wconf 89' lang='lat' dir='ltr'><strong>est</strong></span> <span class='ocrx_word' id='word_1_854' title='bbox 3077 5169 3378 5224; x_wconf 88' lang='lat' dir='ltr'><strong>bellantibus</strong></span> <span class='ocrx_word' id='word_1_855' title='bbox 3403 5187 3635 5224; x_wconf 86' lang='lat' dir='ltr'><strong>cruorem</strong></span> 
     </span>
    </p>
   </div>
   <div class='ocr_carea' id='block_1_112' title="bbox 2037 5261 3636 5333">
    <p class='ocr_par' dir='ltr' id='par_1_112' title="bbox 2037 5261 3636 5333">
     <span class='ocr_line' id='line_1_112' title="bbox 2037 5261 3636 5333; baseline 0.001 -17"><span class='ocrx_word' id='word_1_856' title='bbox 2037 5262 2172 5333; x_wconf 83' lang='lat' dir='ltr'><strong>ejus,</strong></span> <span class='ocrx_word' id='word_1_857' title='bbox 2215 5277 2363 5331; x_wconf 89' lang='lat' dir='ltr'><strong>quem</strong></span> <span class='ocrx_word' id='word_1_858' title='bbox 2411 5262 2634 5331; x_wconf 84' lang='lat' dir='ltr'><strong>primum</strong></span> <span class='ocrx_word' id='word_1_859' title='bbox 2681 5263 3060 5326; x_wconf 87' lang='lat' dir='ltr'><strong>interemerunt,</strong></span> <span class='ocrx_word' id='word_1_860' title='bbox 3111 5262 3238 5330; x_wconf 89' lang='lat' dir='ltr'><strong>ipsis</strong></span> <span class='ocrx_word' id='word_1_861' title='bbox 3281 5278 3308 5316; x_wconf 91' lang='lat' dir='ltr'><strong>e</strong></span> <span class='ocrx_word' id='word_1_862' title='bbox 3348 5261 3636 5317; x_wconf 84' lang='lat' dir='ltr'><strong>vulneribus</strong></span> 
     </span>
    </p>
   </div>
   <div class='ocr_carea' id='block_1_113' title="bbox 2038 5352 3634 5426">
    <p class='ocr_par' dir='ltr' id='par_1_113' title="bbox 2038 5352 3634 5426">
     <span class='ocr_line' id='line_1_113' title="bbox 2038 5352 3634 5426; baseline 0 -17"><span class='ocrx_word' id='word_1_863' title='bbox 2038 5355 2374 5410; x_wconf 89' lang='lat' dir='ltr'><strong>ebibere......</strong></span> <span class='ocrx_word' id='word_1_864' title='bbox 2405 5352 2490 5408; x_wconf 89' lang='lat' dir='ltr'><strong>Ne</strong></span> <span class='ocrx_word' id='word_1_865' title='bbox 2519 5355 2708 5426; x_wconf 67' lang='lat' dir='ltr'><strong>{rudera</strong></span> <span class='ocrx_word' id='word_1_866' title='bbox 2754 5355 2956 5426; x_wconf 87' lang='lat' dir='ltr'><strong>quidem</strong></span> <span class='ocrx_word' id='word_1_867' title='bbox 2997 5355 3260 5410; x_wconf 87' lang='lat' dir='ltr'><strong>incruento</strong></span> <span class='ocrx_word' id='word_1_868' title='bbox 3304 5364 3445 5410; x_wconf 91' lang='lat' dir='ltr'><strong>sunt.</strong></span> <span class='ocrx_word' id='word_1_869' title='bbox 3491 5355 3634 5411; x_wconf 85' lang='lat' dir='ltr'><strong>Sau—</strong></span> 
     </span>
    </p>
   </div>
   <div class='ocr_carea' id='block_1_114' title="bbox 2039 5447 3639 5519">
    <p class='ocr_par' dir='ltr' id='par_1_114' title="bbox 2039 5447 3639 5519">
     <span class='ocr_line' id='line_1_114' title="bbox 2039 5447 3639 5519; baseline -0.001 -16"><span class='ocrx_word' id='word_1_870' title='bbox 2039 5449 2178 5503; x_wconf 89' lang='lat' dir='ltr'><strong>ciant</strong></span> <span class='ocrx_word' id='word_1_871' title='bbox 2201 5463 2275 5514; x_wconf 91' lang='lat' dir='ltr'><strong>se,</strong></span> <span class='ocrx_word' id='word_1_872' title='bbox 2299 5447 2389 5515; x_wconf 88' lang='lat' dir='ltr'><strong>qui</strong></span> <span class='ocrx_word' id='word_1_873' title='bbox 2418 5447 2762 5517; x_wconf 88' lang='lat' dir='ltr'><strong>paciscuntur,</strong></span> <span class='ocrx_word' id='word_1_874' title='bbox 2797 5456 3184 5519; x_wconf 72' lang='lat' dir='ltr'><strong>exemptumque</strong></span> <span class='ocrx_word' id='word_1_875' title='bbox 3220 5448 3521 5518; x_wconf 88' lang='lat' dir='ltr'><strong>sanguinem</strong></span> <span class='ocrx_word' id='word_1_876' title='bbox 3550 5447 3639 5501; x_wconf 89' lang='lat' dir='ltr'><strong>ubi</strong></span> 
     </span>
    </p>
   </div>
   <div class='ocr_carea' id='block_1_115' title="bbox 2041 5539 3638 5612">
    <p class='ocr_par' dir='ltr' id='par_1_115' title="bbox 2041 5539 3638 5612">
     <span class='ocr_line' id='line_1_115' title="bbox 2041 5539 3638 5612; baseline -0.001 -16"><span class='ocrx_word' id='word_1_877' title='bbox 2041 5543 2398 5612; x_wconf 87' lang='lat' dir='ltr'><strong>permiscuere,</strong></span> <span class='ocrx_word' id='word_1_878' title='bbox 2423 5540 2795 5612; x_wconf 66' lang='lat' dir='ltr'><strong>degustant.”</strong></span> <span class='ocrx_word' id='word_1_879' title='bbox 2815 5549 2997 5610; x_wconf 90' lang='lat' dir='ltr'><strong>putant</strong></span> <span class='ocrx_word' id='word_1_880' title='bbox 3025 5555 3281 5594; x_wconf 67' lang='lat' dir='ltr'><strong>mansurae</strong></span> <span class='ocrx_word' id='word_1_881' title='bbox 3307 5539 3428 5609; x_wconf 80' lang='lat' dir='ltr'><strong>ﬁdei</strong></span> <span class='ocrx_word' id='word_1_882' title='bbox 3454 5539 3638 5612; x_wconf 87' lang='lat' dir='ltr'><strong>pignus</strong></span> 
     </span>
    </p>
   </div>
   <div class='ocr_carea' id='block_1_116' title="bbox 2039 5631 3632 5707">
    <p class='ocr_par' dir='ltr' id='par_1_116' title="bbox 2039 5631 3632 5707">
     <span class='ocr_line' id='line_1_116' title="bbox 2039 5631 3632 5707; baseline -0.002 -15"><span class='ocrx_word' id='word_1_883' title='bbox 2039 5636 2372 5692; x_wconf 87' lang='lat' dir='ltr'><strong>certissimum</strong></span> <span class='ocrx_word' id='word_1_884' title='bbox 2415 5633 2716 5707; x_wconf 86' lang='lat' dir='ltr'><strong>(Pompon.</strong></span> <span class='ocrx_word' id='word_1_885' title='bbox 2746 5631 2872 5690; x_wconf 74' lang='lat' dir='ltr'><strong>Mel.</strong></span> <span class='ocrx_word' id='word_1_886' title='bbox 2901 5633 2990 5690; x_wconf 90' lang='lat' dir='ltr'><strong>lib.</strong></span> <span class='ocrx_word' id='word_1_887' title='bbox 3021 5632 3066 5689; x_wconf 86' lang='lat' dir='ltr'><strong>II</strong></span> <span class='ocrx_word' id='word_1_888' title='bbox 3091 5633 3155 5689; x_wconf 86' lang='lat' dir='ltr'><strong>de</strong></span> <span class='ocrx_word' id='word_1_889' title='bbox 3189 5633 3310 5690; x_wconf 87' lang='lat' dir='ltr'><strong>Situ</strong></span> <span class='ocrx_word' id='word_1_890' title='bbox 3363 5632 3474 5689; x_wconf 89' lang='lat' dir='ltr'><strong>arb.</strong></span> <span class='ocrx_word' id='word_1_891' title='bbox 3508 5649 3554 5689; x_wconf 91' lang='lat' dir='ltr'><strong>c.</strong></span> <span class='ocrx_word' id='word_1_892' title='bbox 3580 5633 3632 5689; x_wconf 76' lang='grc'><strong>1.</strong></span> 
     </span>
    </p>
   </div>
   <div class='ocr_carea' id='block_1_117' title="bbox 2040 5725 2315 5801">
    <p class='ocr_par' dir='ltr' id='par_1_117' title="bbox 2040 5725 2315 5801">
     <span class='ocr_line' id='line_1_117' title="bbox 2040 5725 2315 5801; baseline 0.015 -20"><span class='ocrx_word' id='word_1_893' title='bbox 2040 5743 2164 5801; x_wconf 82' lang='lat' dir='ltr'><strong>pag.</strong></span> <span class='ocrx_word' id='word_1_894' title='bbox 2195 5725 2315 5800; x_wconf 71' lang='grc'><strong>27).</strong></span> 
     </span>
    </p>
   </div>
  </div>
