4212 6262
586 289 727 349 um

589 505 731 561 inter
757 499 1165 558 Rhadamistum
1196 504 1252 551 et
1294 493 1653 549 Mithridatem
1680 511 1692 547 :
1715 492 1831 548 Mos
1860 501 1953 559 est,
1986 491 2182 562 inquit,

588 596 808 669 regibus,
837 591 1033 663 quoties
1060 590 1113 643 in
1141 588 1429 644 societatem
1460 585 1940 657 coeunt,implicare
1955 585 2180 649 dextras,

590 691 897 761 pollicesque
919 688 1050 743 inter
1073 702 1127 741 se
1152 685 1358 752 vincire,
1390 683 1624 754 nodoque
1650 683 2025 753 prtestringere.
2058 679 2187 734 Mox

591 782 678 837 ubi
707 780 913 852 sanguis
966 780 1020 841 in
1066 787 1209 833 artus
1262 786 1512 832 extremos
1548 792 1600 830 se
1641 772 1900 841 e/fuderit,
1935 773 2030 826 levi
2082 772 2187 827 ictu

591 888 826 930 cruorem
858 870 1092 938 eliciunt,
1124 879 1274 940 atque
1299 870 1508 922 invicem
1540 865 1786 921 lambunt.
1816 863 1885 918 1d
1907 863 2071 934 [trdus
2096 879 2186 916 ar-

593 984 780 1022 canum
810 966 1043 1031 habetur,
1075 966 1219 1036 quasi
1260 973 1433 1018 mutuo
1476 978 1655 1017 cruore
1705 970 1961 1019 sacratum
2002 959 2185 1032 (Corn.

592 1058 759 1114 Tacit.
788 1058 877 1113 lib.
912 1057 1005 1112 XII
1047 1058 1237 1113 Annal.
1270 1066 1381 1126 post
1402 1055 1585 1127 med.).

664 1151 802 1217 Quid
838 1150 1023 1221 plura?
1081 1149 1328 1205 Valerius
1371 1148 1633 1207 Maximus
1681 1147 1750 1204 de
1777 1146 2064 1210 Sariastre,
2093 1159 2189 1201 seu

593 1243 825 1315 Tigrane
879 1242 1104 1305 Minore,
1159 1242 1249 1312 qui
1293 1240 1480 1296 relicto
1529 1250 1679 1309 patre
1726 1254 1863 1307 suo,
1912 1237 1981 1293 ad
2032 1237 2192 1293 Pum-

593 1338 774 1411 peium
833 1334 1080 1407 Magnum
1111 1375 1126 1399 ,
1159 1350 1222 1388 ae
1263 1333 1459 1394 deinde
1498 1334 1565 1389 ab
1623 1333 1812 1389 eodem
1842 1332 2099 1403 Pompeio
2123 1330 2191 1387 ad

483 1421 490 1427 ’
591 1442 799 1502 patrem
828 1443 983 1484 suum
1014 1426 1303 1494 defecerat,
1358 1427 1475 1482 lucc
1523 1428 1754 1483 scribit:
1791 1426 2052 1483 Sariaster
2099 1426 2195 1480 atl-

594 1510 768 1583 versus
826 1532 1022 1598 patrem
1061 1538 1211 1577 suum
1270 1519 1561 1593 Tigranem,
1606 1520 1859 1575 Armenia:
1901 1536 2090 1589 regem,
2120 1520 2194 1575 ita

596 1632 711 1675 cum
738 1615 914 1669 amicis
932 1614 1188 1669 consensit
1212 1655 1227 1678 ,
1256 1624 1335 1695 και
1383 1630 1556 1667 omnes
1602 1612 1793 1667 dextris
1819 1611 2049 1666 amnibus
2069 1628 2193 1666 san-

593 1709 800 1783 guinem
848 1708 1119 1773 mitterent,
1159 1717 1311 1775 atque
1346 1723 1458 1760 eum
1498 1707 1713 1760 invium
1754 1706 2012 1762 sorberent
2041 1703 2189 1776 (Val.

599 1798 749 1856 Max.
780 1799 868 1854 lib.
892 1798 983 1854 ΙΧ.
1016 1816 1131 1866 cap.
1168 1799 1257 1854 11.
1289 1809 1445 1853 exter.
1477 1798 1505 1869 §
1535 1797 1611 1872 5).

674 1893 859 1965 Neque
888 1892 1236 1949 humaniores
1264 1892 1492 1947 Rutnani
1546 1892 1616 1947 ab
1689 1894 1787 1947 hac
1846 1891 2093 1947 barbarie
2120 1891 2195 1953 le-

596 1987 781 2057 risque
809 1985 1050 2040 moribus
1098 1985 1257 2059 longe
1303 1986 1551 2041 aberant.
1594 1985 1802 2041 Etenim
1837 1986 2005 2039 nescio
2032 1986 2187 2055 quid,

607 2078 677 2132 ait
711 2077 1094 2145 Tertullianus,
1134 2088 1182 2131 et
1229 2078 1321 2133 sub
1363 2075 1585 2139 Catilina
1632 2077 1736 2132 tale
1779 2077 2097 2149 degustatum
2128 2086 2198 2147 est

528 2160 531 2165 ’
613 2168 939 2238 (Tertullian.
979 2168 1246 2240 Apologet.
1300 2185 1417 2238 cap.
1478 2168 1532 2223 9.
1578 2184 1703 2240 pag.
1734 2165 1886 2241 521),
1944 2167 2197 2239 nifhirum

598 2261 810 2331 quando
859 2272 1045 2315 contra
1101 2260 1510 2331 Rempublicam
1566 2261 1896 2331 cottjuravit,
1959 2270 2015 2315 ut
2070 2259 2198 2333 alibi

598 2351 928 2408 ostendimus
967 2351 1261 2422 (Dissertat.
1288 2352 1341 2405 in
1366 2351 1557 2406 Minut.
1605 2350 1784 2406 Octav.
1812 2368 1857 2405 c.
1882 2350 1937 2407 9.
1964 2360 2061 2405 art.
2089 2350 2121 2407 4

672 2444 787 2499 Mos
828 2460 990 2513 porro
1029 2444 1152 2510 ille,
1188 2445 1535 2499 humanitatis
1565 2444 1724 2513 plane
1761 2459 1988 2516 expers,
2034 2444 2198 2513 viguit

607 2552 711 2592 non
748 2536 909 2592 modo
956 2537 1010 2591 in
1076 2534 1311 2607 profanis
1339 2578 1354 2603 ,
1392 2536 1489 2591 sed
1529 2536 1699 2591 sacris
1728 2537 1886 2590 etiam
1917 2535 2197 2602 gentilium

602 2628 853 2695 coetibus,
899 2643 998 2683 nec
1046 2636 1248 2693 tantum
1300 2628 1353 2681 in
1393 2628 1617 2683 remotis
1652 2643 1680 2680 a
1722 2625 2052 2683 Tertulliano
2078 2627 2200 2682 bar-

597 2722 743 2778 baris
766 2721 1047 2809 gentibus,
1089 2720 1185 2776 sed
1224 2721 1279 2774 in
1331 2721 1446 2790 ipsa
1501 2734 1715 2793 quoque
1765 2720 1973 2787 Africa,
2026 2735 2201 2795 eoque

599 2813 720 2886 ipso
753 2822 1020 2885 tempore,
1051 2829 1156 2884 quo
1186 2812 1329 2866 hunc
1363 2812 1773 2885 Apologeticnm
1796 2812 2090 2883 scribebat.
2125 2813 2200 2873 De

597 2906 663 2962 iis
691 2905 990 2971 enimvero,
1012 2905 1099 2975 qui
1122 2904 1357 2959 Bellona:
1379 2906 1652 2978 mysteriis
1675 2905 2040 2969 initiabantur,
2058 2904 2201 2977 hunc

603 2999 840 3071 loquitur
868 3000 920 3053 in
952 2978 1178 3070 modum
1205 3017 1216 3053 :
1246 2996 1422 3052 Hodie
1445 2984 1558 3053 istic
1582 2996 1812 3071 Bellona:
1838 3008 2062 3054 sacratos
2082 3015 2201 3053 san-

599 3094 710 3166 guis
739 3093 801 3146 tle
824 3096 1017 3164 [artiore
1041 3091 1291 3165 proscisso
1337 3092 1393 3145 in
1437 3090 1722 3162 palmulam
1774 3101 2033 3160 exceptus,
2094 3092 2201 3147 esui

1669 279 1738 338 IN
1775 274 2241 345 TERTULLIANI
2281 272 2819 336 APOLOGETICUM

658 407 741 465 A'd
771 406 887 461 haec
925 417 1054 461 vero
1104 398 1393 458 Cornelius
1437 396 1675 466 Tacitus,
1737 397 1826 452 ubi
1877 396 1946 455 de
1985 392 2273 457 foedereA

3750 275 3902 340 1028

2903 405 3196 447 ARTICULUS
3231 404 3287 446 ν.

2290 484 2588 542 Ostenditur
2614 485 2869 559 quomodo
2895 484 3134 545 Immanis
3165 481 3403 542 carnibus
3431 491 3751 540 vescerentur
3776 487 3897 559 gla-

2372 577 2615 643 diatores.
2665 577 2894 650 Scyllae,
2935 576 3255 649 Messagetre,
3294 586 3340 631 et
3380 568 3637 642 Derbices,
3666 580 3752 651 qui
3774 596 3893 635 sus—

2357 683 2504 745 cepta
2546 673 2791 747 religione
2835 672 3136 741 christiana,
3185 668 3249 725 ab
3288 670 3366 726 Itis
3408 670 3747 727 discesserunt
3772 673 3895 746 [eris

2361 768 2605 827 moribus.

2362 865 2540 936 Pergit
2610 858 3016 929 Tertullianus,
3085 862 3411 935 planumque
3463 861 3716 918 omnibus
3765 862 3891 919 facit

2290 959 2535 1016 ethnicos
2558 974 2669 1013 non
2698 956 2875 1025 solum
2905 956 3102 1015 bibisse
3130 955 3407 1011 hominum
3428 955 3766 1028 sanguinem,
3793 957 3893 1013 sed

2291 1053 2509 1108 illorum
2555 1052 2719 1109 etiam
2757 1062 2942 1124 pastos
2970 1066 3091 1109 esse
3116 1051 3391 1108 carnibus.
3443 1050 3684 1108 Primum
3737 1053 3882 1108 enim

2292 1147 2637 1218 gladiatores,
2670 1155 2795 1217 post
2824 1145 2973 1200 ﬁnita
3027 1145 3357 1217 spectacula,
3406 1146 3471 1201 de
3492 1164 3663 1213 arena,
3693 1146 3889 1220 inquit,

2293 1237 2472 1307 ferinis
2497 1237 2719 1295 obsoniis
2772 1248 2974 1292 coenant
3028 1236 3359 1309 (Tertullian.
3390 1235 3650 1309 Apologet.
3678 1254 3796 1308 cap.
3832 1238 3889 1294 9.

2278 1346 2416 1404 'pag.
2443 1328 2595 1398 322),
2627 1329 2681 1384 id
2721 1340 2824 1400 est,
2856 1340 3133 1387 caenantes
3158 1340 3448 1387 vescuntur
3471 1331 3716 1385 carnibus
3746 1330 3893 1387 fera-

2296 1438 2437 1490 rum,
2485 1437 2621 1495 quas
2666 1423 2825 1493 paulo
2861 1433 2989 1478 ante
3016 1424 3069 1493 in
3110 1423 3257 1479 circo
3302 1422 3695 1489 interfecerant.
3724 1424 3892 1496 Atqui

2298 1515 2424 1570 ferae
2466 1514 2572 1570 illae
2600 1514 2799 1571 crudas
2830 1515 3132 1585 hominum,
3172 1532 3202 1571 a
3242 1531 3303 1572 se
3346 1517 3402 1571 in
3452 1517 3641 1572 iisdem
3679 1526 3893 1587 specta-

2296 1608 2433 1663 culis
2463 1609 2876 1674 trueidatorum,
2904 1625 3097 1666 carnes
3140 1610 3389 1681 proxime
3427 1609 3733 1678 devoratus,
3762 1626 3897 1667 non-

2298 1699 2422 1755 dum
2455 1700 2699 1771 digerere
2729 1712 3034 1774 potuerant.
3060 1701 3144 1757 Ab
3188 1702 3269 1757 his
3301 1702 3479 1773 itaque
3506 1701 3898 1759 crudelissimis

2222 1795 2271 1855 B
2298 1791 2680 1863 gladiatoribus
2730 1793 2960 1864 ipsorum
3003 1810 3258 1857 ursorum,
3290 1795 3431 1849 sicut
3461 1797 3665 1850 Auctor
3712 1804 3897 1852 noster

2300 1883 2555 1953 loquitur,
2589 1884 2722 1939 alvei
2752 1897 3084 1956 appetuntur,
3111 1888 3420 1942 cruditantes
3455 1888 3627 1942 adhuc
3652 1888 3718 1943 de
3744 1889 3901 1945 visce-

2298 1975 2437 2029 ribus
2484 1977 2720 2031 Immanis
2752 1974 2961 2049 (Ibid.).
2993 1977 3060 2032 Et
3087 1979 3157 2037 ita
3198 1978 3416 2049 quidem
3452 1978 3504 2033 in
3531 1978 3751 2050 Rigaltii
3778 1978 3897 2034 edi-

2300 2067 2490 2124 tione:
2524 2067 2620 2124 sed
2670 2070 2722 2124 in
2768 2070 3160 2139 antiquioribus
3198 2086 3295 2142 pro
3336 2072 3501 2127 verbo
3551 2071 3898 2139 cruditantes,

2300 2160 2526 2231 legimus
2582 2162 2998 2226 truridantibus;
3039 2163 3294 2219 mendose
3320 2164 3543 2219 omnino
3577 2180 3592 2217 :
3626 2163 3679 2218 in
3708 2177 3901 2217 mann-

2301 2255 2519 2324 scriptis
2542 2269 2672 2311 vero
2710 2256 2911 2321 neStris
2936 2264 2991 2309 et
3015 2256 3134 2310 aliis
3155 2255 3432 2311 codicibus
3460 2264 3771 2313 constanter
3800 2254 3898 2309 ha-

2262 2360 2273 2371 ‘
2302 2344 2475 2412 betur,
2510 2346 2879 2401 cruditantibus
2904 2348 3071 2400 adhuc
3105 2349 3168 2402 de
3204 2347 3478 2403 visceribus
3506 2348 3762 2412 Immanis,
3787 2346 3902 2402 sive

2304 2437 2480 2492 adhuc
2509 2439 2713 2506 crudis,
2745 2439 3091 2510 nondumque
3132 2440 3186 2495 in
3237 2454 3506 2507 ursorum,
3538 2440 3627 2510 qui
3658 2455 3718 2495 ea
3746 2454 3902 2494 vora-

2301 2540 2511 2598 verant,
2559 2532 2678 2585 alvo
2729 2542 2784 2586 et
2840 2541 3029 2587 ventre
3060 2532 3301 2603 digestis.
3327 2531 3518 2591 Utrum
3565 2542 3739 2587 autem
3780 2531 3902 2586 lucc

2304 2640 2428 2679 vera
2454 2624 2526 2679 sit
2552 2624 2732 2690 lectio,
2776 2625 2897 2694 quis
2939 2634 3088 2682 certo
3126 2625 3244 2681 sine
3293 2625 3634 2680 correctioris
3669 2623 3899 2694 alicujus

2302 2714 2504 2769 codicis
2558 2730 2661 2786 ope
2694 2714 2921 2771 delinire
3000 2715 3230 2770 audeat?
3280 2717 3349 2770 At
3393 2730 3744 2787 quaecumque
3796 2716 3899 2781 sit,

2302 2808 2432 2866 satis
2471 2814 2620 2877 patet
2669 2807 3061 2863 Tertullianum
3116 2807 3247 2863 nihil
3323 2808 3468 2864 aliud
3520 2809 3854 2879 signiﬁcasse
3883 2848 3901 2875 ,

2303 2902 2405 2957 nisi
2423 2916 2454 2955 a
2474 2900 2862 2971 gladiatoribus
2884 2903 3060 2973 appeti
3088 2918 3153 2958 ac
3183 2902 3365 2959 mandi
3410 2914 3599 2959 carnes
3622 2918 3917 2970 ursornm,_

2302 2996 2393 3066 qui
2422 2995 2583 3065 paulo
2614 3005 2739 3052 ante
2772 2996 3051 3052 hominum
3080 2998 3285 3052 viscera
3310 3006 3363 3053 et
3391 3011 3578 3052 carnes
3600 2996 3907 3050 devorave-

2303 3098 2446 3155 rant,
2478 3103 2535 3145 et
2560 3090 2762 3149 idcirco
2793 3094 2848 3147 in
2879 3107 3068 3147 eorum
3098 3091 3371 3148 stomacho
3413 3100 3565 3146 erant
3588 3089 3768 3146 adhuc
3807 3088 3904 3143 in-

600 3185 749 3257 dutus
776 3185 944 3255 signat
971 3183 1307 3271 l’l‘ertullian.
1336 3182 1512 3255 ibid).
1539 3186 1607 3239 At
1636 3185 1688 3240 in
1720 3184 1970 3240 omnibus
1995 3184 2201 3243 nostris
2228 3185 2274 3249 C
2308 3180 2539 3253 digesta.

601 3278 1001 3350 exemplaribus
1041 3278 1425 3350 manuscriptis
1475 3292 1574 3357 pro
1627 3288 1948 3332 sacratos....
1977 3279 2085 3334 esui
2123 3278 2199 3334 le-

599 3372 773 3443 gimus
796 3382 1126 3428 sacratus....
1159 3382 1205 3427 et
1226 3374 1326 3426 sui.
1358 3371 1465 3427 Sed
1495 3370 1881 3427 uullushorum
1911 3370 2198 3428 verborum

600 3480 812 3522 sensus.
848 3466 904 3521 ln
935 3465 1261 3522 editionibus
1292 3465 1525 3536 Rigaltio
1576 3466 1991 3533 vetustioribus,
2021 3482 2199 3521 sacra.

600 3566 797 3613 tus.....
833 3568 879 3612 et
904 3558 1010 3612 suis
1040 3557 1192 3612 datus
1234 3559 1469 3630 signatis.
1503 3559 1609 3615 Sed
1644 3560 1734 3615 vix
1762 3560 2043 3615 meliorem
2074 3559 2201 3617 inde

602 3664 819 3704 sensum
856 3650 1080 3704 efﬁcias.
1114 3648 1411 3721 Corruptus
1443 3651 1605 3722 igitur
1635 3651 1736 3708 fuit
1767 3652 1853 3709 hic
1881 3652 2200 3709 Tertulliani

602 3746 775 3811 locus,
806 3755 860 3802 et
887 3747 953 3801 ad
984 3747 1129 3801 illum
1170 3746 1468 3803 sanandum
1508 3746 1725 3818 quidam
1770 3762 1868 3816 pro
1909 3756 1955 3803 et
1986 3747 2087 3814 sui,
2116 3746 2203 3803 vel

616 3849 663 3894 et
689 3839 815 3905 suis,
841 3838 954 3894 sive
980 3840 1107 3901 esui.
1137 3838 1237 3911 legi
1267 3838 1453 3894 volunt
1482 3839 1706 3901 Itaustui.
1732 3837 1799 3893 Et
1820 3837 1872 3895 id
1890 3837 2104 3910 quidem
2134 3838 2203 3894 de

603 3932 860 4003 sanguine
900 3933 951 3987 in
991 3932 1282 4005 palmulam
1336 3941 1583 4005 excepto,
1636 3932 1829 3989 melius
1877 3947 2036 4003 quam
2095 3933 2203 3989 esui

604 4027 708 4083 dici
741 4036 937 4099 potest.
979 4025 1162 4098 Neque
1188 4042 1287 4082 nos
1313 4025 1531 4098 quidem
1560 4026 1687 4081 huic
1711 4025 2040 4095 conjecturae
2066 4025 2204 4081 mul—

605 4130 717 4177 tum
759 4121 1228 4199 repugnabimus,
1253 4122 1298 4176 si
1336 4120 1513 4176 adhuc
1538 4131 1766 4188 sacratos
1805 4136 1903 4190 pro
1927 4129 2155 4177 sacratus
2184 4161 2200 4191 ,

608 4213 1000 4269 emendandum
1062 4229 1185 4271 esse
1221 4202 1511 4271 ‘ostendas.
1563 4213 1697 4269 Nam
1751 4211 2004 4269 Minutius
2052 4213 2203 4269 Felix

604 4306 858 4381 (Miuut.
938 4308 1116 4369 θείαν.
1148 4307 1205 4381 ),
1238 4310 1326 4379 qui
1388 4308 1537 4379 plura
1596 4323 1663 4364 ex
1723 4307 1826 4363 hoc
1879 4307 2017 4364 libro
2063 4306 2203 4364 deli-

604 4399 777 4473 bavit,
837 4401 1150 4469 Tertulliani
1218 4418 1434 4471 sensum
1508 4401 1592 4459 his
1666 4401 1937 4472 expressit
1989 4400 2200 4469 verbis,

605 4493 694 4567 ubi
750 4494 888 4553 sicut
943 4494 1034 4553 ille
1080 4493 1308 4551 ethnicis
1357 4494 1590 4564 obiectat
1631 4512 1645 4549 :
1699 4493 1971 4550 Bellonam
2001 4508 2204 4553 sacrum

2376 3278 2448 3330 At
2474 3291 2673 3340 nonne,
2708 3277 2937 3348 inquies,
2970 3264 3282 3349 corruptum
3304 3271 3532 3348 'quoque
3560 3277 3659 3331 'est
3701 3275 3904 3332 nomen

2304 3368 2456 3433 alvei,
2494 3384 2557 3425 ac
2604 3370 2950 3426 scribendum
2995 3372 3174 3441 potius
3204 3372 3326 3436 alvi,
3365 3371 3454 3441 qui
3501 3370 3744 3425 ciborum
3778 3376 3906 3424 sunt

2303 3461 2666 3530 receptacula.
2707 3461 2827 3519 Non
2866 3463 3099 3519 absurde
3138 3463 3379 3534 quidem,
3408 3463 3455 3519 si
3481 3462 3685 3520 dixeris
3713 3460 3904 3518 melio-

2305 3571 2420 3613 rem
2444 3566 2652 3628 partem
2690 3572 2790 3628 pro
2828 3566 2941 3614 toto
2986 3574 3018 3613 a
3068 3557 3397 3615 Tertulliano
3420 3558 3633 3629 accipi,
3662 3556 3908 3625 hancque

2306 3650 2737 3707 emendationem
2788 3650 3022 3722 quodam
3070 3652 3260 3707 saltem
3325 3650 3513 3707 codice
3571 3648 3904 3722 probaveris.

2304 3742 2423 3807 Non
2474 3743 2618 3799 enim
2672 3758 2919 3803 ursorum
2985 3743 3245 3801 duntaxat
3286 3743 3410 3811 alvi,
3451 3743 3548 3800 sed
3600 3743 3716 3797 aliae
3739 3741 3910 3797 etiam

2284 3838 2523 3895 illorum
2571 3853 2761 3895 carnes
2809 3839 3021 3895 comedi
3087 3838 3336 3896 solebant
3368 3862 3388 3904 -,
3450 3833 3911 3908 quemadmodum

2306 3932 2482 4002 colligi
2526 3941 2706 4003 potest
2739 3947 2805 3987 ex
2847 3931 3063 4003 Apuleii
3091 3931 3306 3998 verbis,
3335 3929 3529 4001 quibus
3558 3926 3912 3999 magniﬁcen-

2308 4023 2575 4081 tissimum
2615 4023 2919 4094 gladiatorii
2961 4023 3072 4080 ludi
3117 4033 3434 4094 apparatum
3464 4021 3721 4078 describit
3753 4036 3769 4078 :
3798 4017 3911 4075 Uro

2276 4103 2439 4182 ’sam,
2471 4115 2665 4185 inquit,
2693 4132 2805 4187 quae
2840 4117 3034 4172 ceteris
3076 4116 3284 4172 sarcina
3309 4114 3537 4185 corporis
3558 4111 3861 4185 prwoalebat
3885 4150 3907 4179 ,

2307 4208 2456 4279 quasi
2484 4207 2596 4263 cibo
2616 4209 2935 4279 parandam,
2960 4216 3222 4281 portamus
3264 4208 3332 4261 ad
3360 4204 3588 4263 nostrum
3612 4217 3910 4274 receptacu-

2314 4302 2422 4357 lum
2471 4299 2703 4373 (Apuleii
2749 4302 2838 4357 lib.
2886 4301 2954 4358 IV
2986 4300 3257 4357 Hetamor.
3302 4316 3423 4371 pag.
3454 4296 3570 4369 59).
3603 4296 3739 4363 Quid
3771 4308 3910 4364 ergo

2307 4402 2453 4451 vetat
2490 4394 2778 4465 quominus
2826 4409 3170 4452 communem
3208 4392 3448 4449 omnium
3487 4389 3729 4446 codicum
3771 4386 3916 4442 reti-

2310 4502 2541 4545 neamus
2576 4502 2764 4544 vocem
2820 4487 2989 4557 aluei,
3053 4501 3159 4559 qua
3208 4487 3583 4557 signiﬁcentur
3643 4496 3795 4546 vasa,
3855 4480 3915 4536 in

605 4604 751 4647 suum
815 4588 998 4645 haustu
1037 4589 1250 4645 humani
1302 4588 1497 4649 cruoris
1541 4587 1783 4651 imbuere.
1814 4585 2028 4643 Vidcsis
2083 4600 2198 4656 quae

2309 4579 2507 4649 quibus
2555 4580 2863 4637 semicocuc
2904 4587 3112 4634 tantum
3156 4587 3312 4635 erant
3362 4591 3618 4634 ursorum
3669 4588 3863 4631 carnes
3894 4613 3914 4642 ,

604 4677 660 4734 in
694 4686 874 4753 nostra
915 4679 984 4736 de
1027 4678 1185 4751 hujus
1214 4678 1351 4735 libro
1402 4678 1784 4737 dissertatione
1826 4678 2203 4734 annotavimus

605 4772 913 4849 (Dissertat.
971 4774 1027 4830 ia
1057 4772 1250 4831 Μίδεω.
1299 4771 1480 4829 Octav.
1510 4788 1627 4844 cap.
1696 4772 1750 4829 9.
1780 4780 1882 4829 art.
1906 4772 1962 4831 4.
2006 4782 2053 4828 et
2083 4788 2196 4844 cap.

605 4862 677 4927 20
704 4873 803 4918 art.
833 4864 911 4939 ὅ).

680 4956 937 5015 Etlinicos
975 4972 1158 5027 porro,
1189 4966 1248 5013 ut
1289 4957 1410 5013 falsi
1457 4958 1699 5015 criminis
1749 4971 2005 5015 accusare
2047 4958 2204 5015 Chri-

505 5111 509 5115 ,
606 5048 812 5109 silanos
855 5051 1059 5122 magis,
1100 5050 1147 5107 si
1194 5065 1425 5122 unquam
1478 5052 1593 5109 ﬁeri
1641 5062 1891 5123 poterat,
1926 5053 2202 5125 magisque

606 5142 852 5215 puderet,
885 5144 949 5199 iis
982 5143 1310 5202 horrendum
1336 5145 1487 5217 aliud
1514 5146 1717 5204 crimen
1747 5148 2008 5216 honestis,
2040 5159 2200 5218 prout

606 5249 695 5295 res
722 5236 1045 5307 postulabat,
1078 5239 1260 5295 verbis
1285 5241 1650 5310 exprobravit.
1697 5240 1805 5298 Sed
1856 5242 1984 5297 illud
2026 5259 2127 5300 nec
2168 5258 2199 5299 a

605 5327 765 5385 nobis
819 5329 1204 5391 nominandum
1233 5372 1250 5398 ,
1304 5332 1473 5397 multo
1534 5336 1710 5390 minus
1778 5335 2200 5405 explicandum,

603 5420 753 5492 quod
781 5421 996 5494 satyrici
1030 5434 1205 5481 tamen
1234 5435 1408 5495 poetic
1448 5428 1790 5483 manilestum
1820 5429 1952 5484 satis
1978 5428 2200 5499 faciunt,

606 5521 661 5577 et
712 5515 908 5584 passim
956 5518 1285 5577 insectantur
1315 5518 1653 5591 (Tertullian.
1687 5520 1958 5594 Apologet.
1990 5539 2108 5594 cap.
2141 5522 2201 5581 9.

609 5619 727 5676 pag.
758 5607 885 5667 5&5.
918 5615 963 5663 et
991 5606 1079 5673 lib.
1104 5608 1131 5667 Ι
1155 5608 1223 5671 a4
1254 5607 1470 5669 Natum.
1493 5626 1611 5683 cap.
1636 5612 1725 5669 15.
1746 5630 1865 5686 pag.
1895 5614 2050 5687 580).

2305 4687 2441 4744 quas
2485 4671 2815 4743 gladiatores
2842 4681 2988 4728 tanta
3036 4670 3294 4727 aviditate
3346 4670 3616 4741 appetitas
3658 4664 3919 4723 comede-

2304 4766 2477 4827 ωηιῖ
2526 4766 2910 4834 ιριηωοδηιη
2970 4764 3335 4822 Tertullianus
3403 4763 3530 4820 inde
3597 4759 3916 4818 concludit:

2305 4858 2561 4915 Ructatur
2592 4860 2812 4929 proinde
2852 4859 2916 4913 ab
2960 4859 3165 4915 homine
3191 4874 3313 4914 caro
3355 4857 3493 4924 ursi,
3526 4866 3677 4927 pasta
3703 4855 3769 4909 de
3815 4852 3921 4906 lto-

2306 4953 2442 5008 mine
2480 4950 2812 5024 (Tertullian.
2839 4951 3109 5023 Apologet.
3162 4967 3281 5023 cap.
3313 4951 3369 5007 9.
3405 4965 3526 5021 pag.
3558 4947 3710 5019 ωδ),
3742 4960 3776 5001 a
3802 4958 3921 5017 quo

2307 5047 2654 5118 paulovautea
2689 5045 2901 5100 occisus
2931 5043 3126 5100 trierat.
3564 5034 3574 5045 ’

2379 5138 2583 5197 Verum
2625 5136 2778 5193 hisee
2820 5136 3208 5210 gladiatoribus
3252 5135 3411 5207 longe
3449 5130 3795 5189 immaniores
3814 5127 3923 5186 alii

2306 5234 2494 5307 procul
2532 5232 2693 5288 dubio
2719 5241 2913 5300 erant,
2966 5230 3033 5287 de
3068 5230 3265 5302 quibus
3304 5230 3394 5286 ille
3427 5243 3533 5283 non
3569 5226 3641 5280 ita
3687 5222 3920 5296 quidem

2306 5328 2594 5389 affirmate.
2633 5324 2729 5380 sed
2780 5323 2922 5380 hunc
2971 5322 3231 5379 duntaxat
3280 5323 3336 5377 in
3385 5320 3602 5377 modum
3621 5316 3917 5388 loquitur:

2310 5420 2468 5476 Aiunt
2511 5430 2558 5475 et
2584 5417 2722 5492 apud
2749 5417 2996 5490 quosdam
3021 5413 3233 5489 gentiles
3262 5414 3573 5487 Scytharum
3611 5413 3921 5484 defunctum

2309 5501 2553 5587 quentque
2592 5528 2625 5567 a
2660 5511 2767 5567 suis
2817 5510 3014 5565 comedi
3053 5509 3268 5582 (lbid.).
3312 5513 3384 5565 At
3408 5522 3540 5565 sane
3581 5505 3724 5563 istud
3770 5502 3923 5561 haud

2308 5609 2619 5665 dubitanter
2663 5603 3283 5678 pronuntiare’poterat.
3307 5604 3395 5659 Ex
3421 5603 3687 5660 Strabone
3732 5598 3914 5657 cuim-

2274 5716 2443 5774 ,vero
2487 5700 2748 5758 discimus
2800 5698 3043 5771 hospites
3091 5696 3397 5753 immolatos
3426 5694 3642 5753 fuisses
3670 5690 3915 5764 Scythis,

2315 5792 2411 5865 qui
2444 5789 2666 5855 illorum
2708 5804 2904 5853 carnes
2955 5788 3301 5865 mandebant,
3345 5803 3411 5850 ac
3445 5786 3768 5864 poculorum
3792 5781 3928 5867 loco
