4170 6264
252 318 395 385 ¹1029

1322 325 1774 385 DISSEBTA’I‘IO
1811 329 1878 388 D.
1918 328 2007 390 LE
2046 325 2350 386 NOUBRY.

3416 324 3560 385 1050

253 445 544 502 utebantur
569 456 757 500 eorum
785 441 1034 498 calvariis
1065 442 1267 513 (Strab.
1298 442 1385 499 lib.
1421 442 1514 499 VII
1556 443 1740 517 Geogr.
1790 463 1846 518 p.
1876 446 1929 507 Α
1956 444 1976 518 (
2006 445 2254 515 Athenag.
2332 443 2432 514 leg.
2498 456 2591 512 pro
2669 439 2977 514 chi-istim.)
3047 440 3247 514 aliique
3280 440 3560 499 Ecclesia

252 536 412 610 298).
442 536 578 593 Tum
609 535 766 606 paulo
794 543 915 607 post
938 535 1006 591 de
1026 534 1359 606 Massagetis,
1403 535 1725 610 Scytharum
1764 546 1858 593 aut

257 630 590 701 populis,aut
617 627 954 695 vicinis,th
981 638 1279 684 memorat:
1308 636 1507 690 θένε-τος
1535 634 1585 684 δὲ
1609 636 1856 700 νομίζεται

258 724 377 795 παρ’
399 727 562 782 αὐτοῖς
584 727 797 794 ἄριστος,
831 728 947 777 ὅταν
967 730 1258 794 γηράσαντες
1277 740 1583 781 sauciant
1605 728 1731 793 μετὰ
1765 741 1860 781 τῶν

259 825 548 887 προϐατείων
567 833 708 885 κρεῶν
736 816 817 869 καὶ
842 820 1024 883 bim/at;
1048 822 1267 886 βρωθῶσι
1295 832 1308 867 :
1335 813 1518 869 Mortis
1539 831 1696 886 genus
1727 815 1861 885 οριὶ-

260 924 398 962 mum
446 916 667 981 censent,
725 906 769 960 si
812 906 951 960 senio
1001 907 1220 976 confecti
1272 922 1388 960 cum
1432 907 1668 962 carnibus
1716 907 1860 962 ovilis

260 1000 613 1065 concidantur,
668 1014 869 1069 unaque
900 998 1202 1053 decorentur
1260 996 1447 1070 (Ibid.
1506 1016 1627 1071 pag.
1680 1000 1789 1055 515
1816 998 1859 1072 ).

262 1093 589 1151 Strabonem
621 1107 751 1147 vero
778 1092 1023 1161 sequitur
1050 1091 1351 1157 Eusebius,
1405 1092 1493 1161 qui
1550 1091 1864 1163 Massagetis

263 1187 508 1258 adjunxit
532 1185 807 1251 Derbices,
836 1184 1161 1256 tradiditque
1188 1185 1255 1241 ab
1273 1185 1514 1256 utrisque
1534 1186 1860 1252 immolatos,

262 1295 401 1350 quos
453 1278 690 1333 cariores
721 1276 1009 1343 habebant,
1047 1276 1332 1347 actatejam
1356 1276 1564 1332 etl‘tetos
1590 1286 1862 1347 parentes,

264 1386 559 1441 eorumque
591 1384 719 1425 usos
746 1368 1000 1424 carnibus
1024 1410 1039 1435 ,
1072 1378 1325 1441 tanquam
1357 1369 1529 1439 epulis
1558 1369 1866 1424 lautissiniis

274 1462 488 1536 (Euseb.
545 1462 635 1517 lib.
667 1459 734 1517 III
766 1459 1003 1532 Prwpar.
1051 1460 1251 1534 Erang.
1281 1477 1397 1533 cap.
1428 1461 1482 1517 4.
1515 1478 1635 1534 pag.
1665 1460 1776 1531 il).
1809 1459 1869 1515 Si

272 1555 400 1626 quid
445 1570 573 1610 vero
614 1554 813 1611 clarius
849 1567 1164 1625 expressum
1188 1552 1488 1620 desideras,
1516 1552 1605 1611 adi
1640 1552 1867 1607 Plinium

278 1648 446 1723 (Plin.
476 1646 566 1701 lib.
589 1646 659 1703 Vl
694 1656 862 1700 natur.
908 1644 1051 1701 Hist.
1080 1663 1196 1728 cap.
1224 1646 1292 1700 17
1323 1646 1364 1717 ),
1393 1654 1447 1700 et
1486 1645 1578 1714 qui
1618 1661 1739 1701 eum
1780 1659 1869 1699 se-

277 1742 480 1813 quitur,
531 1739 772 1796 Solinum
817 1738 1009 1811 (Solin.
1055 1756 1171 1810 cap.
1208 1738 1294 1795 15.
1340 1755 1460 1810 pag.
1489 1737 1560 1794 54
1586 1736 1630 1809 ),
1661 1737 1751 1810 qui
1784 1736 1869 1793 di-

1959 540 2145 596 Patres
2190 535 2381 594 iisdem
2429 535 2659 591 ethnicis
2709 535 3029 605 objecerint,
3072 535 3216 605 quod
3245 535 3315 591 ab
3343 536 3552 591 illorum

1956 629 2312 700 scriptoribus
2340 628 2512 699 palam
2541 627 2953 698 praedicabatur,
2983 627 3127 683 hunc
3156 629 3329 698 ipsum
3366 627 3557 684 Jovem

1960 739 2025 778 ex
2048 731 2219 778 matre
2240 737 2359 790 sua,
2383 730 2437 777 et
2460 720 2567 777 lilia
2598 720 2759 786 Core,
2791 735 2887 777 seu
2911 720 3231 790 Proserpina
3261 724 3564 791 suscepisse

1961 816 2186 871 libertis?
2203 816 2333 881 Quis
2352 814 2519 873 etiam
2547 813 2631 869 vel
2655 814 2979 882 primoribus
3009 813 3173 868 labris
3191 814 3367 869 editos
3393 830 3421 867 a
3439 827 3562 884 pro-

1962 907 2104 963 fanis
2152 907 2325 977 poetis
2380 906 2549 963 libros
2584 907 2780 977 attigit,
2829 921 2927 961 nec
2980 907 3124 961 illico
3165 906 3447 962 exhorruit
3494 900 3563 963 5b

1964 1005 2071 1061 illis
2099 1003 2366 1061 lunonem
2392 1001 2594 1066 induci,
2634 1017 2754 1073 qua:
2784 1017 2846 1058 se
2874 1000 3115 1071 ejusdem
3152 1000 3302 1057 lovis
3325 1015 3567 1056 sororem

1966 1105 2020 1151 et
2076 1110 2297 1151 uxorem
2345 1109 2465 1152 esse
2508 1092 2826 1164 jactitabat?
2876 1092 3040 1163 Atqui
3087 1098 3463 1163 pumicata»,
3493 1094 3572 1147 ait

1967 1188 2207 1245 Justinus
2259 1196 2480 1259 martyr,
2528 1197 2671 1243 καλὸν
2714 1186 3037 1246 classiariis":
3078 1194 3304 1257 ἡγοῦνται
3336 1204 3350 1241 ;
3385 1186 3574 1241 Omnes

1954 1268 2238 1352 'pulclirum
2267 1290 2534 1337 autumant
2570 1297 2623 1334 se
2651 1280 2865 1334 deamat
2904 1294 3010 1334 esse
3037 1280 3319 1335 imitatores
3347 1276 3570 1349 (Justin.

1970 1376 2238 1447 Apologet.
2276 1374 2341 1446 l).
2368 1374 2622 1442 Quamvis
2650 1382 2829 1428 autem
2853 1372 3053 1428 ethnici
3075 1388 3136 1428 se
3186 1372 3334 1428 illum
3387 1386 3577 1427 revera

1973 1470 2210 1525 imitatos
2250 1467 2413 1523 luisse
2446 1474 2740 1537 negassent
2772 1508 2787 1531 ,
2839 1465 2971 1520 vitio
3028 1474 3207 1523 tamen
3258 1464 3580 1520 Christianis

1972 1558 2103 1618 dare
2140 1578 2247 1621 non
2290 1567 2566 1633 poterant.
2604 1558 2745 1628 quod
2773 1573 2804 1612 a
2827 1557 2963 1614 Jove
3002 1573 3236 1624 summo,
3256 1566 3319 1613 ut
3343 1556 3578 1624 aiebant,

1976 1654 2101 1717 deo.
2121 1663 2297 1709 attum
2316 1652 2643 1709 fatebantur.
2676 1652 2752 1708 De
2774 1651 2856 1706 his
2878 1665 3039 1721 porro
3095 1651 3238 1706 illius
3285 1649 3584 1706 sceleribus

1976 1764 2078 1805 nos
2107 1748 2239 1805 satis
2268 1762 2537 1818 superque
2584 1747 2639 1802 in
2667 1744 3037 1817 superioribus
3082 1746 3280 1802 nostris
3330 1745 3585 1802 disserta-

268 1847 414 1891 scrte
453 1832 721 1888 afﬁrmant
755 1832 1228 1905 anthropophagos
1248 1846 1383 1887 esse
1413 1832 1661 1904 Scythas,
1694 1832 1877 1886 Ituma-
1905 1843 1952 1903 Β
1987 1843 2223 1899 tionibus
2255 1834 2666 1913 disputavimus,

270 1928 349 1981 nis
412 1926 708 1995 corporibus
792 1934 1058 1980 vescentes.
1157 1925 1239 1981 Ab
1313 1923 1587 1981 Herodoto
1660 1937 1873 1996 quoque

272 2018 449 2072 disces
478 2015 894 2085 Melanclnenos,
915 2031 946 2070 a
972 2016 1123 2087 nigra
1157 2024 1307 2071 veste
1334 2016 1413 2071 sic
1431 2015 1624 2083 dictos,
1659 2015 1874 2089 Scythi-

273 2114 351 2167 cis
380 2112 585 2167 vixisse
609 2112 884 2180 institutis,
918 2112 1210 2185 solitosque
1254 2127 1416 2169 carne
1457 2113 1603 2171 vesci
1641 2112 1875 2169 humana

274 2202 551 2278 (Herodot.
587 2204 675 2259 lib.
708 2202 798 2259 IV.
863 2203 890 2277 §
941 2203 1088 2275 107).
1150 2204 1267 2260 lluc
1292 2206 1502 2261 accedit
1528 2205 1683 2272 Mela,
1715 2221 1875 2279 quem

278 2298 463 2354 audire
491 2299 697 2370 puteris
729 2298 843 2353 lucc
879 2306 1188 2354 narrantem
1219 2317 1232 2352 :
1265 2298 1464 2354 Pocula
1494 2309 1545 2354 ut
1589 2298 1877 2355 Essedones

279 2402 590 2467 parentum,
637 2393 710 2445 ita
777 2391 1245 2445 ininticissimorum
1299 2392 1548 2463 capitibus
1592 2392 1877 2468 expoliunt.

280 2487 437 2560 Apud
477 2485 889 2557 anIrOpOphagos
946 2486 1072 2554 ipsa:
1112 2485 1264 2538 eliant
1301 2484 1466 2559 cpula.’
1493 2485 1763 2541 visceribus
1787 2483 1882 2538 ltu-

281 2582 449 2635 manis
498 2591 813 2653 apparantur
860 2578 1012 2650 (Mel.
1057 2579 1145 2635 lib.
1197 2578 1244 2634 ΙΙ
1288 2578 1352 2635 de
1402 2579 1504 2636 Sit.
1546 2579 1655 2635 orb.
1678 2596 1795 2653 cap.
1826 2581 1881 2637 1.

282 2690 403 2745 pag.
437 2671 555 2744 27).

334 2763 597 2819 Eusebius
616 2777 801 2835 porro,
818 2763 928 2833 jam
946 2777 975 2816 a
991 2762 1147 2817 nobis
1162 2760 1635 2826 laudatus,ibidem
1654 2761 1887 2819 asseruit

286 2854 611 2927 Massagetas
656 2869 720 2909 ac
771 2854 1044 2918 Derbices,
1080 2855 1168 2910 ubi
1196 2854 1429 2923 primum
1465 2854 1776 2909 christiana:
1800 2868 1887 2910 re-

286 2946 471 3019 ligioni
498 2961 694 3002 nomen
721 2945 1007 3012 dederunt,
1036 2945 1103 3000 ab
1124 2945 1208 3000 his
1228 2945 1544 3002 discessisse
1572 2946 1698 3000 feris
1729 2946 1885 3003 inltu-

290 3038 568 3110 manisque
635 3038 876 3093 moribus
929 3036 1143 3105 (Euseb.
1198 3037 1297 3091 loc.
1354 3036 1790 3109 cit.).Cieterum
1831 3038 1887 3094 in

292 3144 474 3188 nostra
492 3131 558 3187 de
574 3131 781 3186 Minutii
809 3130 1002 3185 Felicis
1030 3131 1165 3185 libro
1186 3130 1566 3186 dissertatione
1586 3129 1884 3199 (Dissertat.

2053 1934 2333 1991 Summum
2370 1949 2559 2004 porro,
2589 1932 2673 1987 vel
2714 1932 2891 2003 potius
2927 1944 3139 1987 summe
3179 1931 3401 2002 impium
3433 1929 3584 1987 illum

1985 2029 2177 2085 Jovem
2209 2026 2554 2083 imitabantur
2586 2026 2767 2082 Persa:
2786 2068 2800 2090 ,
2827 2041 2965 2097 quos
2985 2040 3101 2079 cum
3128 2026 3262 2091 suis,
3289 2025 3363 2079 ait
3388 2026 3591 2080 Auctor

1988 2128 2171 2178 noster
2189 2162 2203 2187 ,
2234 2120 2480 2175 matribus
2525 2120 2724 2175 misceri
2760 2117 2952 2174 Ctesias
2982 2117 3299 2174 testiﬁcatur
3328 2116 3590 2189 (Tertul-

1994 2214 2119 2269 lian.
2143 2255 2159 2281 ,
2189 2213 2478 2283 Apologet.,
2508 2228 2624 2282 cap.
2672 2210 2725 2279 9,
2760 2209 3064 2285 pag._325).
3109 2210 3454 2281 Antiquiores
3479 2224 3595 2265 ma-

1991 2305 2251 2374 nuscripti
2280 2305 2448 2360 nostri
2475 2304 2692 2360 codices
2736 2302 2994 2369 Cluescas,
3046 2303 3100 2357 in
3149 2302 3289 2359 libro
3317 2303 3382 2356 ad
3406 2300 3594 2356 Natio-

1984 2413 2083 2455 nes
2124 2397 2330 2454 Tltesias
2380 2398 2635 2465 scriptum
2683 2394 3119 2463 exhibent(Lib.
3154 2393 3179 2448 I
3220 2395 3288 2448 ad
3336 2393 3588 2462 Nation.,

1982 2508 2104 2561 cap.
2142 2486 2244 2559 16,
2276 2506 2396 2562 pag.
2428 2489 2584 2561 58l).
2616 2489 2691 2545 De
2711 2488 2814 2545 hoc
2838 2497 3016 2544 autem
3043 2489 3260 2545 nomine
3282 2487 3511 2555 Ctesias,
3543 2496 3601 2544 et

1988 2584 2218 2643 nefando
2254 2584 2344 2639 illo
2382 2582 2672 2651 Persarum
2699 2582 2906 2641 scelere
2929 2584 2981 2637 in
3012 2582 3131 2637 aliis
3156 2581 3358 2636 nostris
3387 2582 3593 2637 disser-

1986 2677 2277 2735 tationibus
2304 2676 2512 2748 egimus
2571 2674 2763 2748 (Tom.
2802 2675 2824 2730 ι
2855 2676 3108 2745 Apparat.
3129 2716 3145 2742 ,
3178 2692 3299 2746 pag.
3346 2672 3523 2740 1259,
3551 2683 3599 2729 et

1989 2771 2232 2838 ωηατ..
2263 2772 2318 2827 in
2342 2770 2560 2839 Arnob.,
2582 2787 2700 2840 cap.
2723 2769 2817 2835 24,
2842 2778 2940 2822 art.
2969 2768 3027 2833 2;
3056 2778 3178 2823 tom.
3231 2767 3254 2823 ι
3301 2770 3553 2839 Apparat.
3580 2809 3596 2838 ,

1988 2880 2109 2934 pag.
2144 2861 2303 2928 1259,
2341 2872 2386 2916 et
2415 2861 2618 2917 dissert.
2650 2864 2705 2914 in
2736 2859 2953 2924 ﬂinut.,
2978 2875 3096 2929 cap.
3127 2859 3219 2928 20,
3252 2870 3349 2915 art.
3378 2860 3458 2932 2).

2062 2956 2198 3011 Tum
2220 2954 2415 3010 dehinc
2440 2953 2801 3009 'l‘ertullianus
2823 2950 3140 3013 laccdones
3168 2954 3220 3006 in
3248 2966 3493 3023 magnam
3521 2953 3604 3009 in-

1991 3056 2171 3107 cestus
2205 3044 2565 3114 suspicionem
2591 3086 2606 3111 ,
2645 3053 2741 3098 aut
2776 3053 2926 3099 certe
2964 3044 3463 3113 comprobationem
3508 3059 3602 3101 ve-

1994 3137 2138 3193 nisse
2167 3135 2294 3191 hinc
2328 3135 2533 3206 colligit
2561 3152 2576 3189 :
2608 3132 2745 3202 Quia
2769 3150 2884 3189 cum
2908 3135 3163 3204 primum,
3196 3120 3399 3205 inquit,
3432 3132 3602 3190 (Edi-

291 3216 346 3279 ii't
398 3223 593 3279 Minui.
642 3223 828 3279 Octav.
869 3240 987 3294 cap.
1038 3223 1095 3278 9.
1144 3232 1245 3276 art.
1301 3221 1383 3293 2),
1424 3232 1477 3277 et
1518 3222 1637 3278 aliis
1662 3222 1797 3278 locis
1816 3222 1888 3279 ibi
1918 3232 1963 3295 ρ
1997 3245 2120 3299 pum
2174 3226 2472 3297 tragwdiam
2521 3226 2820 3291 audissent,
2871 3224 3093 3279 sidentes
3145 3226 3324 3280 incesti
3376 3224 3604 3281 dolorem

294 3318 470 3374 citatis
493 3359 508 3384 ,
553 3316 888 3373 ostendimus
917 3316 1253 3371 Christianos
1282 3330 1551 3386 nunquam
1586 3314 1743 3386 hujus
1788 3330 1888 3370 an-

295 3409 688 3482 tropophagite,
712 3409 811 3466 sed
836 3409 982 3467 solos
1005 3409 1235 3479 gentiles
1256 3409 1433 3480 reipsa
1459 3407 1706 3466 conscios
1729 3408 1895 3465 fuisse

296 3515 354 3562 et
376 3519 522 3562 reos.

897 3608 1193 3650 ARTICULUS
1231 3610 1304 3649 Vl.

305 3690 473 3759 Quam
488 3687 750 3759 perspicue
769 3686 1117 3755 Tertullianus
1142 3686 1374 3743 ostendat
1392 3687 1708 3743 Christianos
1723 3688 1900 3745 secreti

260 3843 283 3849 ἠ
374 3783 428 3836 in
455 3781 614 3836 sacris
636 3781 741 3835 suis
768 3780 1047 3851 synaxibus
1078 3781 1257 3835 incesti
1290 3780 1425 3851 {also
1441 3781 1624 3849 falsius
1644 3782 1897 3849 accusari,

374 3892 472 3946 quo
499 3874 710 3946 gentiles
733 3874 878 3929 Jovis
918 3873 1151 3945 exemplo
1203 3874 1379 3946 palam
1404 3892 1489 3961 .ac
1515 3876 1699 3947 sapius
1725 3884 1903 3930 conta-

375 3966 724 4022 minabantur.

377 4057 714 4115 Manifestum
738 4056 1025 4129 unicuique
1046 4058 1155 4129 jam
1180 4058 1407 4115 fecimus
1424 4058 1641 4130 quibus,
1664 4075 1727 4116 ac
1742 4072 1904 4133 quam

308 4151 497 4209 validis
549 4153 815 4209 rationum
855 4156 1141 4209 momentis
1190 4153 1551 4211 Tertullianus
1596 4165 1779 4212 noster
1815 4172 1908 4226 pe-

311 4245 456 4303 nitus
504 4245 787 4304 obtriverit
828 4246 1081 4309 insulsam
1135 4247 1291 4317 plane
1333 4247 1671 4306 ethnicorum
1699 4242 1906 4305 calum-

313 4341 479 4407 niam,
497 4356 603 4413 qua
621 4340 818 4398 ethnici
840 4341 1178 4397 Christianos
1207 4342 1389 4397 infami
1408 4343 1518 4399 suis
1546 4344 1597 4398 in
1619 4344 1911 4415 synaxibus

312 4433 521 4493 incestu
579 4437 938 4492 contaminari
1020 4435 1486 4506 impudentissime
1572 4434 1909 4491 mentieban-

316 4535 426 4582 tur.
470 4526 589 4596 Quo
637 4528 782 4585 enim
841 4536 998 4600 pacto
1053 4528 1128 4583 illi
1176 4540 1331 4583 sacra
1384 4542 1481 4583 sua
1518 4527 1777 4599 mysteria
1831 4526 1914 4582 in-

1994 3329 2159 3376 ίλιιυνκ
2180 3319 2411 3375 dicebant
2434 3324 2503 3380 εἰς
2521 3331 2607 3381 τὴν
2648 3325 2838 3388 μητερα
2864 3316 2883 3390 (
2906 3315 3211 3373 Tertullian.
3238 3359 3254 3384 ,
3296 3318 3563 3391 Apologct.
3585 3361 3600 3385 ,

1995 3431 2114 3485 cap.
2146 3414 2211 3477 9,
2258 3429 2378 3484 pag.
2408 3410 2560 3483 325).
2589 3410 2781 3466 Mirum
2826 3419 3007 3466 autem
3049 3425 3210 3481 quam
3256 3422 3507 3482 corrupte
3551 3420 3608 3469 et

1999 3506 2149 3562 varie
2180 3504 2297 3561 hrec
2325 3519 2499 3575 graica
2517 3503 2680 3559 verba
2708 3502 2764 3558 in
2787 3503 3169 3586 manuscriptis
3188 3505 3387 3561 nostris
3398 3504 3605 3560 codici-

2000 3600 2124 3667 bus,
2147 3610 2200 3657 et
2222 3598 2342 3656 aliis
2363 3598 2525 3655 editis
2542 3598 2745 3665 scripta
2770 3598 2896 3652 sint.
2917 3597 2973 3652 In
2992 3597 3161 3653 tribus
3186 3600 3329 3653 enim
3349 3598 3608 3654 vetuStio-

2002 3694 2151 3749 ribus
2178 3693 2372 3762 legitur
2399 3699 2658 3747 eaame
2704 3700 2804 3747 etc
2831 3694 2963 3745 ΤΗΝ
2996 3696 3309 3746 cursem
3349 3690 3435 3745 vel
3473 3694 3608 3744 ΤΗΝ

2004 3794 2286 3845 murem
2307 3787 2358 3841 in
2381 3786 2502 3841 aliis
2518 3786 2730 3841 duobus
2756 3785 3121 3841 cllineeistena
3143 3785 3301 3857 ligera
3319 3801 3337 3838 :
3355 3784 3408 3839 in
3436 3784 3611 3855 prima

2005 3881 2242 3939 editione
2264 3879 2486 3934 Basiteaa
2508 3893 2652 3935 snno
2674 3878 2834 3945 1512,
2854 3888 2986 3947 εμεεν
3012 3883 3081 3940 ιὶς
3099 3891 3187 3940 τὴν
3207 3887 3410 3950 μετιρα.
3439 3877 3495 3932 ln
3525 3891 3613 3932 se-

2007 3974 2181 4031 cunda
2210 3988 2354 4031 anno
2384 3972 2525 4030 1528
2550 4015 2565 4040 ,
2600 3973 2793 4044 legitur
2828 3973 3144 4029 charactere
3198 3974 3365 4027 latino
3403 3979 3611 4026 tantum

2006 4082 2212 4132 emene,
2262 4075 2318 4124 et
2366 4064 2469 4121 alia
2499 4065 2662 4121 verba
2693 4066 2895 4122 omissa
2929 4075 3075 4120 sunt.
3121 4064 3363 4132 Denique
3389 4064 3444 4119 in
3475 4063 3612 4118 libro

2012 4161 2079 4219 ad
2124 4142 2391 4218 Nationes
2439 4160 2617 4215 latinis
2653 4160 2816 4215 etiam
2872 4158 3066 4213 litteris
3106 4156 3340 4213 habetur
3369 4176 3383 4213 :
3411 4155 3613 4213 Elattne

2012 4263 2095 4309 ten
2157 4262 2365 4309 motera.
2410 4252 2456 4307 Α
2500 4251 2732 4307 librariis
2792 4250 2955 4319 igitur
3006 4262 3184 4319 graece
3250 4250 3614 4307 nescientibus

2010 4354 2266 4415 corrupta
2311 4344 2529 4401 fuerunt
2551 4358 2724 4415 graeca
2762 4342 2857 4397 illa
2884 4341 3049 4399 verba
3075 4385 3089 4409 ,
3124 4359 3227 4400 nec
3256 4343 3416 4402 facile
3461 4345 3614 4401 dixe-

2015 4437 2091 4494 ris
2114 4475 2129 4501 ,
2174 4452 2295 4507 quae
2335 4449 2523 4506 reapse
2561 4451 2592 4491 a
2645 4434 2977 4493 Tertulliano
3005 4435 3204 4506 scripta
3228 4438 3356 4493 sint.

2086 4526 2452 4584 Gothofredus
2482 4537 2657 4586 tamen
2681 4568 2697 4592 ,
2722 4528 2822 4598 qui
2850 4529 3052 4598 primus
3080 4527 3247 4583 hosce
3285 4528 3449 4583 libros
3477 4527 3617 4599 typis

316 4630 470 4678 cestu
532 4631 637 4676 tam
685 4637 833 4693 saepe
905 4622 1133 4694 repetito
1182 4622 1531 4693 coinquinare
1577 4621 1909 4688 voluissent,
1936 4630 1990 4696 1)
2017 4622 2257 4683 edendos
2305 4623 2548 4688 curavit,
2593 4621 2773 4677 nullus
2816 4623 2974 4692 plane
3017 4622 3224 4677 dubitat
3265 4636 3448 4677 veram
3495 4638 3617 4678 esse

317 4715 411 4787 qui
457 4728 780 4788 praeceptam
804 4716 906 4772 sibi
933 4732 962 4771 a
993 4716 1208 4773 Christo
1246 4718 1534 4790 conjugunt
1585 4718 1908 4783 castitatem,

317 4818 411 4865 aut
436 4822 751 4881 perpetuam
782 4810 1169 4882 virginitatem,
1201 4811 1414 4867 tametsi
1443 4826 1549 4867 non
1574 4811 1910 4881 imperatam,

319 4917 568 4969 summo,
616 4904 757 4959 sicut
786 4904 914 4959 alibi
949 4904 1315 4974 patefecimus,
1366 4903 1544 4960 studio
1578 4898 1915 4961 servabant?

321 4993 523 5051 Verum
553 5011 616 5051 ea
648 5005 825 5051 tamen
850 4994 952 5052 fuit
982 4996 1320 5054 ethnicorum
1360 4996 1689 5068 impudentia
1711 5038 1726 5062 ,
1761 5004 1818 5052 ut
1837 4995 1916 5052 eis

322 5086 612 5145 falsissime
656 5088 993 5160 objectarent
1020 5091 1214 5147 secreti
1242 5092 1480 5149 incestus
1518 5090 1747 5155 crimen,
1773 5088 1919 5161 quod

324 5184 501 5253 reipsa
531 5182 601 5238 ab
628 5183 732 5238 illis
758 5183 889 5255 ipsis
914 5199 1021 5239 non
1045 5184 1218 5240 solum
1245 5183 1473 5250 occulte,
1504 5182 1601 5240 sed
1631 5184 1742 5239 luce
1756 5182 1915 5249 omni,

327 5286 388 5331 ut
430 5276 508 5332 ait
551 5276 913 5335 Tertullianus
938 5316 957 5346 ,
1015 5286 1060 5333 et
1100 5288 1243 5333 nocte
1294 5279 1453 5344 omni,
1486 5294 1548 5332 ac
1578 5286 1682 5332 toto
1721 5275 1920 5331 conscio

329 5370 457 5427 caelo
503 5371 524 5444 (
550 5369 855 5427 Tertullian.
887 5372 975 5426 lib.
1004 5370 1045 5426 l.
1079 5374 1146 5427 ad
1175 5372 1349 5439 Nati.,
1381 5387 1497 5442 cap.
1528 5370 1618 5427 16.
1655 5388 1709 5441 p.
1743 5370 1872 5441 581)
1901 5412 1917 5439 ,

331 5470 440 5519 tam
480 5463 700 5535 impune
744 5480 906 5536 quam
949 5467 1206 5522 audacter
1247 5464 1675 5535 perpetrabatur.
1725 5462 1924 5531 Quidni

333 5567 463 5613 vero
499 5565 705 5612 tantum
734 5556 910 5613 scelus
937 5565 1374 5628 perpetrassent,
1410 5572 1567 5627 quos,
1611 5564 1666 5609 ut
1695 5554 1782 5610 ille
1802 5556 1926 5626 jure

334 5662 556 5721 prorsus
583 5649 778 5707 metito
798 5660 973 5722 urget,
1003 5640 1343 5721 Jupiter'ipse
1369 5648 1537 5704 docuit
1568 5648 1761 5722 (Idem,
1789 5648 1928 5719 Apo-

336 5741 491 5816 loget.
521 5760 635 5816 cap.
666 5742 719 5802 9.
749 5762 869 5817 pag.
895 5744 1047 5815 325),
1073 5758 1172 5801 suo
1197 5742 1449 5802 videlicet
1482 5742 1728 5814 exem1ilo
1750 5744 1928 5799 inces-

336 5838 424 5892 tus
450 5831 665 5895 facere?
689 5836 821 5907 Quis
845 5837 990 5896 enim
1018 5833 1190 5897 nescit
1215 5850 1377 5909 quam
1401 5850 1526 5897 vere
1550 5833 1928 5910 Athenagoras

2019 4714 2158 4772 hunc
2223 4715 2577 4786 posteriorem
2634 4713 2959 4785 Agubardini
3028 4714 3232 4771 codicis
3289 4716 3613 4784 lectionem,

2017 4820 2178 4881 atque
2219 4809 2288 4865 ab
2327 4808 2518 4866 eodem
2545 4808 2875 4865 Tertulliano
2901 4808 3090 4879 graecis
3118 4809 3309 4866 litteris
3336 4810 3616 4881 scriptum,
3691 4858 3699 4863 .

2019 4914 2179 4960 εληυν.
2219 4908 2286 4967 εὶς
2316 4917 2402 4966 τὴν
2428 4913 2618 4976 ματέρι
2647 4921 2662 4956 :
2694 4901 2957 4975 Rigaltins
3010 4917 3139 4959 vero
3187 4904 3240 4959 in
3269 4904 3503 4976 antiquis
3530 4920 3621 4961 co-

2019 4998 2231 5055 dicibus
2277 4997 2535 5067 scriptum
2586 4996 2800 5063 asserit,
2839 5002 3002 5050 nam
3039 5000 3107 5056 sic
3139 5007 3225 5054 19W
3263 5006 3465 5069 μητέρα.
3514 4996 3622 5053 Sed

2023 5093 2114 5164 qui
2140 5091 2197 5147 hi
2224 5089 2438 5147 codices
2461 5132 2476 5157 ,
2503 5098 2560 5146 et
2589 5098 2765 5145 utrum
2793 5103 2825 5143 a
2855 5087 3053 5144 nostris
3082 5087 3281 5145 diversi
3310 5089 3419 5144 sint
3440 5132 3454 5156 ,
3484 5086 3624 5144 indi-

2025 5200 2148 5243 care
2187 5183 2435 5241 debebat.
2467 5182 2600 5238 Nam
2640 5190 2841 5253 praeter
2879 5181 2991 5253 jam
3040 5190 3272 5249 notatos,
3314 5190 3370 5237 et
3407 5196 3437 5236 a
3469 5179 3623 5237 nobis

2025 5280 2196 5335 lectos
2225 5277 2439 5333 codices
2470 5276 2675 5331 nullum
2694 5274 2857 5329 alium
2886 5273 3091 5340 habuit,
3113 5274 3204 5330 sed
3228 5274 3485 5345 quasdam
3510 5281 3626 5331 tan-

2029 5381 2139 5428 tum
2166 5386 2273 5427 non
2302 5368 2522 5424 omnino
2541 5378 2722 5424 certas
2736 5365 3034 5423 Fuldenses
3064 5367 3339 5423 lectiones.
3367 5368 3469 5425 Sed
3497 5368 3625 5441 quid

2029 5465 2098 5521 de
2135 5477 2436 5535 graicorum
2477 5460 2809 5526 verborum,
2855 5475 2887 5515 a
2936 5459 3168 5516 librariis
3210 5471 3621 5532 corruptorum,

2029 5571 2155 5611 vera
2195 5554 2423 5609 lectione
2459 5562 2697 5607 statuere
2732 5550 2955 5621 poteris,
2989 5550 3089 5607 nisi
3121 5565 3284 5609 sanos
3310 5554 3524 5609 codices
3551 5551 3622 5608 ad

2028 5666 2248 5707 manum
2292 5647 2537 5703 iubeas?
2577 5645 2839 5717 Expende
2875 5654 3056 5703 tamen
3092 5656 3268 5702 utrum
3312 5647 3625 5705 Tertulliani

2032 5757 2226 5803 sensus
2252 5740 2590 5812 exprimatur
2616 5738 2700 5795 his
2727 5739 2905 5796 latinis
2934 5738 3113 5796 verbis
3144 5757 3156 5794 :
3182 5740 3288 5814 Age
3311 5741 3410 5798 duc
3432 5742 3488 5798 in
3514 5757 3627 5798 ma-

2033 5842 2177 5895 trem.
2210 5833 2344 5895 Nam
2375 5831 2711 5895 introductus
2740 5832 2794 5893 in
2821 5844 3040 5896 scenam
3068 5831 3309 5909 (Edipus
3335 5850 3433 5896 res
3459 5833 3627 5898 bellae
