  <div class='ocr_page' id='page_1' title='image "/cluster/home/n/w/nwhite01/storage/ocr_20150623/1/hvd.32044054128335/537.png"; bbox 0 0 4212 6262; ppageno 0'>
   <div class='ocr_carea' id='block_1_1' title="bbox 575 219 710 279">
    <p class='ocr_par' dir='ltr' id='par_1_1' title="bbox 575 219 710 279">
     <span class='ocr_line' id='line_1_1' title="bbox 575 219 710 279; baseline -0.015 0"><span class='ocrx_word' id='word_1_1' title='bbox 575 219 710 279; x_wconf 76' lang='grc'><strong>1031</strong></span> 
     </span>
    </p>
   </div>
   <div class='ocr_carea' id='block_1_2' title="bbox 1636 212 2776 275">
    <p class='ocr_par' dir='ltr' id='par_1_2' title="bbox 1636 212 2776 275">
     <span class='ocr_line' id='line_1_2' title="bbox 1636 212 2776 275; baseline -0.002 -1"><span class='ocrx_word' id='word_1_2' title='bbox 1636 214 1704 274; x_wconf 78' lang='lat' dir='ltr'><strong>IN</strong></span> <span class='ocrx_word' id='word_1_3' title='bbox 1741 214 2207 275; x_wconf 78' lang='lat' dir='ltr'><strong>TERTULLIANI</strong></span> <span class='ocrx_word' id='word_1_4' title='bbox 2247 212 2776 275; x_wconf 80' lang='lat' dir='ltr'><strong>APOLOGETICUM</strong></span> 
     </span>
    </p>
   </div>
   <div class='ocr_carea' id='block_1_3' title="bbox 3729 216 3878 279">
    <p class='ocr_par' dir='ltr' id='par_1_3' title="bbox 3729 216 3878 279">
     <span class='ocr_line' id='line_1_3' title="bbox 3729 216 3878 279; baseline 0 -2"><span class='ocrx_word' id='word_1_5' title='bbox 3729 216 3878 279; x_wconf 68' lang='lat'><strong>1052</strong></span> 
     </span>
    </p>
   </div>
   <div class='ocr_carea' id='block_1_4' title="bbox 574 323 3878 409">
    <p class='ocr_par' dir='ltr' id='par_1_4' title="bbox 574 323 3878 409">
     <span class='ocr_line' id='line_1_4' title="bbox 574 323 3878 409; baseline -0 -12"><span class='ocrx_word' id='word_1_6' title='bbox 574 344 662 397; x_wconf 85' lang='lat' dir='ltr'><strong>tor</strong></span> <span class='ocrx_word' id='word_1_7' title='bbox 693 355 813 394; x_wconf 90' lang='lat' dir='ltr'><strong>cum</strong></span> <span class='ocrx_word' id='word_1_8' title='bbox 845 338 1133 408; x_wconf 79' lang='lat' dir='ltr'><strong>fingeretur</strong></span> <span class='ocrx_word' id='word_1_9' title='bbox 1162 336 1292 391; x_wconf 79' lang='lat' dir='ltr'><strong>ﬂere</strong></span> <span class='ocrx_word' id='word_1_10' title='bbox 1324 336 1582 391; x_wconf 89' lang='lat' dir='ltr'><strong>incestum</strong></span> <span class='ocrx_word' id='word_1_11' title='bbox 1604 377 1618 402; x_wconf 93' lang='lat'><strong>,</strong></span> <span class='ocrx_word' id='word_1_12' title='bbox 1652 351 1810 407; x_wconf 86' lang='lat' dir='ltr'><strong>quem</strong></span> <span class='ocrx_word' id='word_1_13' title='bbox 1842 351 1966 392; x_wconf 90' lang='lat' dir='ltr'><strong>cum</strong></span> <span class='ocrx_word' id='word_1_14' title='bbox 1999 347 2170 392; x_wconf 88' lang='lat' dir='ltr'><strong>matre</strong></span> <span class='ocrx_word' id='word_1_15' title='bbox 2203 339 2250 398; x_wconf 83' lang='grc' dir='ltr'>Λ</span> <span class='ocrx_word' id='word_1_16' title='bbox 2284 338 2400 402; x_wconf 88' lang='lat' dir='ltr'><strong>iter,</strong></span> <span class='ocrx_word' id='word_1_17' title='bbox 2435 337 2851 409; x_wconf 58' lang='lat' dir='ltr'><strong>prartereuntibus</strong></span> <span class='ocrx_word' id='word_1_18' title='bbox 2878 344 3086 398; x_wconf 85' lang='lat' dir='ltr'><strong>tractus,</strong></span> <span class='ocrx_word' id='word_1_19' title='bbox 3111 323 3261 390; x_wconf 85' lang='lat' dir='ltr'><strong>domo</strong></span> <span class='ocrx_word' id='word_1_20' title='bbox 3287 337 3491 391; x_wconf 73' lang='lat' dir='ltr'><strong>excidit.</strong></span> <span class='ocrx_word' id='word_1_21' title='bbox 3521 336 3626 406; x_wconf 84' lang='lat' dir='ltr'><strong>Qui</strong></span> <span class='ocrx_word' id='word_1_22' title='bbox 3646 355 3756 394; x_wconf 82' lang='lat' dir='ltr'><strong>eum</strong></span> <span class='ocrx_word' id='word_1_23' title='bbox 3777 359 3878 397; x_wconf 79' lang='lat' dir='ltr'><strong>uu-</strong></span> 
     </span>
    </p>
   </div>
   <div class='ocr_carea' id='block_1_5' title="bbox 577 427 2170 498">
    <p class='ocr_par' dir='ltr' id='par_1_5' title="bbox 577 427 2170 498">
     <span class='ocr_line' id='line_1_5' title="bbox 577 427 2170 498; baseline -0.004 -10"><span class='ocrx_word' id='word_1_24' title='bbox 577 431 780 488; x_wconf 88' lang='lat' dir='ltr'><strong>inscius</strong></span> <span class='ocrx_word' id='word_1_25' title='bbox 825 431 1054 491; x_wconf 85' lang='lat' dir='ltr'><strong>fecerat,</strong></span> <span class='ocrx_word' id='word_1_26' title='bbox 1093 438 1202 483; x_wconf 92' lang='lat' dir='ltr'><strong>tum</strong></span> <span class='ocrx_word' id='word_1_27' title='bbox 1231 427 1546 484; x_wconf 79' lang='lat' dir='ltr'><strong>Macedones</strong></span> <span class='ocrx_word' id='word_1_28' title='bbox 1577 427 1717 482; x_wconf 89' lang='lat' dir='ltr'><strong>hunc</strong></span> <span class='ocrx_word' id='word_1_29' title='bbox 1756 429 1998 483; x_wconf 85' lang='lat' dir='ltr'><strong>bellicosi</strong></span> <span class='ocrx_word' id='word_1_30' title='bbox 2027 429 2170 498; x_wconf 86' lang='lat' dir='ltr'><strong>regis</strong></span> 
     </span>
    </p>
   </div>
   <div class='ocr_carea' id='block_1_6' title="bbox 576 520 2172 591">
    <p class='ocr_par' dir='ltr' id='par_1_6' title="bbox 576 520 2172 591">
     <span class='ocr_line' id='line_1_6' title="bbox 576 520 2172 591; baseline -0.003 -11"><span class='ocrx_word' id='word_1_31' title='bbox 576 524 764 580; x_wconf 79' lang='lat' dir='ltr'><strong>fletum</strong></span> <span class='ocrx_word' id='word_1_32' title='bbox 811 522 1152 584; x_wconf 89' lang='lat' dir='ltr'><strong>deridentes,</strong></span> <span class='ocrx_word' id='word_1_33' title='bbox 1201 521 1300 574; x_wconf 86' lang='lat' dir='ltr'><strong>hoc</strong></span> <span class='ocrx_word' id='word_1_34' title='bbox 1349 520 1574 574; x_wconf 89' lang='lat' dir='ltr'><strong>dicterio</strong></span> <span class='ocrx_word' id='word_1_35' title='bbox 1618 529 1958 590; x_wconf 85' lang='lat' dir='ltr'><strong>pupugerunt</strong></span> <span class='ocrx_word' id='word_1_36' title='bbox 2003 537 2016 574; x_wconf 90' lang='lat'><strong>:</strong></span> <span class='ocrx_word' id='word_1_37' title='bbox 2069 523 2172 591; x_wconf 80' lang='lat' dir='ltr'><strong>Age</strong></span> 
     </span>
    </p>
   </div>
   <div class='ocr_carea' id='block_1_7' title="bbox 577 612 2170 682">
    <p class='ocr_par' dir='ltr' id='par_1_7' title="bbox 577 612 2170 682">
     <span class='ocr_line' id='line_1_7' title="bbox 577 612 2170 682; baseline -0.003 -11"><span class='ocrx_word' id='word_1_38' title='bbox 577 617 677 670; x_wconf 87' lang='lat' dir='ltr'><strong>duc</strong></span> <span class='ocrx_word' id='word_1_39' title='bbox 721 618 772 669; x_wconf 87' lang='lat' dir='ltr'><strong>in</strong></span> <span class='ocrx_word' id='word_1_40' title='bbox 804 624 1012 667; x_wconf 88' lang='lat' dir='ltr'><strong>matrem</strong></span> <span class='ocrx_word' id='word_1_41' title='bbox 1036 655 1049 676; x_wconf 91' lang='lat'><strong>,</strong></span> <span class='ocrx_word' id='word_1_42' title='bbox 1078 613 1228 682; x_wconf 88' lang='lat' dir='ltr'><strong>quasi</strong></span> <span class='ocrx_word' id='word_1_43' title='bbox 1260 612 1602 681; x_wconf 87' lang='lat' dir='ltr'><strong>metropolim</strong></span> <span class='ocrx_word' id='word_1_44' title='bbox 1646 612 1930 682; x_wconf 84' lang='lat' dir='ltr'><strong>quamdam</strong></span> <span class='ocrx_word' id='word_1_45' title='bbox 1977 612 2170 667; x_wconf 78' lang='lat' dir='ltr'><strong>subac-</strong></span> 
     </span>
    </p>
   </div>
   <div class='ocr_carea' id='block_1_8' title="bbox 581 705 2170 765">
    <p class='ocr_par' dir='ltr' id='par_1_8' title="bbox 581 705 2170 765">
     <span class='ocr_line' id='line_1_8' title="bbox 581 705 2170 765; baseline -0.003 0"><span class='ocrx_word' id='word_1_46' title='bbox 581 721 749 765; x_wconf 90' lang='lat' dir='ltr'><strong>turus.</strong></span> <span class='ocrx_word' id='word_1_47' title='bbox 785 707 936 761; x_wconf 86' lang='lat' dir='ltr'><strong>Hunc</strong></span> <span class='ocrx_word' id='word_1_48' title='bbox 959 715 1138 761; x_wconf 89' lang='lat' dir='ltr'><strong>autem</strong></span> <span class='ocrx_word' id='word_1_49' title='bbox 1163 720 1282 760; x_wconf 87' lang='lat' dir='ltr'><strong>esse</strong></span> <span class='ocrx_word' id='word_1_50' title='bbox 1310 706 1558 762; x_wconf 78' lang='lat' dir='ltr'><strong>Auctoris</strong></span> <span class='ocrx_word' id='word_1_51' title='bbox 1586 707 1752 759; x_wconf 91' lang='lat' dir='ltr'><strong>nostri</strong></span> <span class='ocrx_word' id='word_1_52' title='bbox 1785 720 2000 760; x_wconf 84' lang='lat' dir='ltr'><strong>sensum</strong></span> <span class='ocrx_word' id='word_1_53' title='bbox 2033 705 2170 760; x_wconf 91' lang='lat' dir='ltr'><strong>haud</strong></span> 
     </span>
    </p>
   </div>
   <div class='ocr_carea' id='block_1_9' title="bbox 578 796 2168 871">
    <p class='ocr_par' dir='ltr' id='par_1_9' title="bbox 578 796 2168 871">
     <span class='ocr_line' id='line_1_9' title="bbox 578 796 2168 871; baseline -0.002 -15"><span class='ocrx_word' id='word_1_54' title='bbox 578 801 760 871; x_wconf 88' lang='lat' dir='ltr'><strong>inepte</strong></span> <span class='ocrx_word' id='word_1_55' title='bbox 789 799 969 853; x_wconf 88' lang='lat' dir='ltr'><strong>forsan</strong></span> <span class='ocrx_word' id='word_1_56' title='bbox 999 799 1174 867; x_wconf 78' lang='lat' dir='ltr'><strong>colligi</strong></span> <span class='ocrx_word' id='word_1_57' title='bbox 1201 807 1376 867; x_wconf 77' lang='lat' dir='ltr'><strong>potest</strong></span> <span class='ocrx_word' id='word_1_58' title='bbox 1396 813 1459 851; x_wconf 89' lang='lat' dir='ltr'><strong>ex</strong></span> <span class='ocrx_word' id='word_1_59' title='bbox 1489 797 1628 851; x_wconf 90' lang='lat' dir='ltr'><strong>illius</strong></span> <span class='ocrx_word' id='word_1_60' title='bbox 1645 797 1712 850; x_wconf 89' lang='lat' dir='ltr'><strong>ad</strong></span> <span class='ocrx_word' id='word_1_61' title='bbox 1736 796 1984 852; x_wconf 82' lang='lat' dir='ltr'><strong>Nationes</strong></span> <span class='ocrx_word' id='word_1_62' title='bbox 2014 798 2168 863; x_wconf 90' lang='lat' dir='ltr'><strong>libro,</strong></span> 
     </span>
    </p>
   </div>
   <div class='ocr_carea' id='block_1_10' title="bbox 579 888 2174 962">
    <p class='ocr_par' dir='ltr' id='par_1_10' title="bbox 579 888 2174 962">
     <span class='ocr_line' id='line_1_10' title="bbox 579 888 2174 962; baseline -0.003 -13"><span class='ocrx_word' id='word_1_63' title='bbox 579 895 666 949; x_wconf 88' lang='lat' dir='ltr'><strong>ubi</strong></span> <span class='ocrx_word' id='word_1_64' title='bbox 698 894 812 948; x_wconf 68' lang='lat' dir='ltr'><strong>haec</strong></span> <span class='ocrx_word' id='word_1_65' title='bbox 842 892 1059 948; x_wconf 80' lang='lat' dir='ltr'><strong>uberius</strong></span> <span class='ocrx_word' id='word_1_66' title='bbox 1085 891 1274 962; x_wconf 90' lang='lat' dir='ltr'><strong>hisque</strong></span> <span class='ocrx_word' id='word_1_67' title='bbox 1306 891 1485 946; x_wconf 91' lang='lat' dir='ltr'><strong>verbis</strong></span> <span class='ocrx_word' id='word_1_68' title='bbox 1514 890 1750 960; x_wconf 79' lang='lat' dir='ltr'><strong>explicat</strong></span> <span class='ocrx_word' id='word_1_69' title='bbox 1782 907 1794 942; x_wconf 90' lang='lat'><strong>:</strong></span> <span class='ocrx_word' id='word_1_70' title='bbox 1825 888 1951 942; x_wconf 80' lang='lat' dir='ltr'><strong>Cum</strong></span> <span class='ocrx_word' id='word_1_71' title='bbox 1980 890 2174 958; x_wconf 87' lang='lat' dir='ltr'><strong>primus</strong></span> 
     </span>
    </p>
   </div>
   <div class='ocr_carea' id='block_1_11' title="bbox 577 982 2172 1052">
    <p class='ocr_par' dir='ltr' id='par_1_11' title="bbox 577 982 2172 1052">
     <span class='ocr_line' id='line_1_11' title="bbox 577 982 2172 1052; baseline -0.005 -10"><span class='ocrx_word' id='word_1_72' title='bbox 577 1002 783 1042; x_wconf 90' lang='lat' dir='ltr'><strong>scenam</strong></span> <span class='ocrx_word' id='word_1_73' title='bbox 823 1001 997 1040; x_wconf 87' lang='lat' dir='ltr'><strong>eorum</strong></span> <span class='ocrx_word' id='word_1_74' title='bbox 1043 983 1389 1039; x_wconf 79' lang='lat' dir='ltr'><strong>Macedonum</strong></span> <span class='ocrx_word' id='word_1_75' title='bbox 1440 982 1689 1052; x_wconf 80' lang='lat' dir='ltr'><strong>OEdipus</strong></span> <span class='ocrx_word' id='word_1_76' title='bbox 1729 983 1933 1036; x_wconf 81' lang='lat' dir='ltr'><strong>intravit</strong></span> <span class='ocrx_word' id='word_1_77' title='bbox 1959 1023 1974 1048; x_wconf 91' lang='lat'><strong>,</strong></span> <span class='ocrx_word' id='word_1_78' title='bbox 2015 983 2172 1035; x_wconf 87' lang='lat' dir='ltr'><strong>truci-</strong></span> 
     </span>
    </p>
   </div>
   <div class='ocr_carea' id='block_1_12' title="bbox 580 1074 2176 1145">
    <p class='ocr_par' dir='ltr' id='par_1_12' title="bbox 580 1074 2176 1145">
     <span class='ocr_line' id='line_1_12' title="bbox 580 1074 2176 1145; baseline -0.004 -12"><span class='ocrx_word' id='word_1_79' title='bbox 580 1079 734 1134; x_wconf 87' lang='lat' dir='ltr'><strong>datus</strong></span> <span class='ocrx_word' id='word_1_80' title='bbox 760 1077 953 1144; x_wconf 87' lang='lat' dir='ltr'><strong>oculos,</strong></span> <span class='ocrx_word' id='word_1_81' title='bbox 985 1078 1088 1131; x_wconf 89' lang='lat' dir='ltr'><strong>risu</strong></span> <span class='ocrx_word' id='word_1_82' title='bbox 1115 1092 1175 1129; x_wconf 90' lang='lat' dir='ltr'><strong>ac</strong></span> <span class='ocrx_word' id='word_1_83' title='bbox 1201 1076 1370 1129; x_wconf 85' lang='lat' dir='ltr'><strong>derisu</strong></span> <span class='ocrx_word' id='word_1_84' title='bbox 1400 1085 1714 1145; x_wconf 75' lang='lat' dir='ltr'><strong>exceperant.</strong></span> <span class='ocrx_word' id='word_1_85' title='bbox 1750 1074 2026 1144; x_wconf 73' lang='lat' dir='ltr'><strong>Traga’dus</strong></span> <span class='ocrx_word' id='word_1_86' title='bbox 2055 1090 2176 1127; x_wconf 90' lang='lat' dir='ltr'><strong>con-</strong></span> 
     </span>
    </p>
   </div>
   <div class='ocr_carea' id='block_1_13' title="bbox 579 1166 2172 1238">
    <p class='ocr_par' dir='ltr' id='par_1_13' title="bbox 579 1166 2172 1238">
     <span class='ocr_line' id='line_1_13' title="bbox 579 1166 2172 1238; baseline -0.006 -11"><span class='ocrx_word' id='word_1_87' title='bbox 579 1182 868 1237; x_wconf 84' lang='lat' dir='ltr'><strong>sternatus,</strong></span> <span class='ocrx_word' id='word_1_88' title='bbox 909 1180 1128 1224; x_wconf 89' lang='lat' dir='ltr'><strong>retracta</strong></span> <span class='ocrx_word' id='word_1_89' title='bbox 1169 1185 1421 1238; x_wconf 81' lang='lat' dir='ltr'><strong>persona,</strong></span> <span class='ocrx_word' id='word_1_90' title='bbox 1473 1167 1750 1236; x_wconf 87' lang='lat' dir='ltr'><strong>numquid,</strong></span> <span class='ocrx_word' id='word_1_91' title='bbox 1798 1167 1902 1232; x_wconf 90' lang='lat' dir='ltr'><strong>ait,</strong></span> <span class='ocrx_word' id='word_1_92' title='bbox 1946 1166 2172 1234; x_wconf 80' lang='lat' dir='ltr'><strong>domini,</strong></span> 
     </span>
    </p>
   </div>
   <div class='ocr_carea' id='block_1_14' title="bbox 581 1256 2180 1332">
    <p class='ocr_par' dir='ltr' id='par_1_14' title="bbox 581 1256 2180 1332">
     <span class='ocr_line' id='line_1_14' title="bbox 581 1256 2180 1332; baseline -0.004 -15"><span class='ocrx_word' id='word_1_93' title='bbox 581 1263 820 1332; x_wconf 83' lang='lat' dir='ltr'><strong>displicui</strong></span> <span class='ocrx_word' id='word_1_94' title='bbox 863 1262 1050 1316; x_wconf 72' lang='lat' dir='ltr'><strong>vobis?</strong></span> <span class='ocrx_word' id='word_1_95' title='bbox 1101 1259 1487 1330; x_wconf 85' lang='lat' dir='ltr'><strong>Responderunt</strong></span> <span class='ocrx_word' id='word_1_96' title='bbox 1560 1258 1866 1313; x_wconf 77' lang='lat' dir='ltr'><strong>Macedones</strong></span> <span class='ocrx_word' id='word_1_97' title='bbox 1905 1273 1922 1311; x_wconf 90' lang='lat'><strong><em>:</em></strong></span> <span class='ocrx_word' id='word_1_98' title='bbox 1961 1256 2074 1312; x_wconf 80' lang='lat' dir='ltr'><strong>lino</strong></span> <span class='ocrx_word' id='word_1_99' title='bbox 2123 1267 2180 1310; x_wconf 88' lang='lat' dir='ltr'><strong>tu</strong></span> 
     </span>
    </p>
   </div>
   <div class='ocr_carea' id='block_1_15' title="bbox 580 1351 2177 1430">
    <p class='ocr_par' dir='ltr' id='par_1_15' title="bbox 580 1351 2177 1430">
     <span class='ocr_line' id='line_1_15' title="bbox 580 1351 2177 1430; baseline -0.004 -17"><span class='ocrx_word' id='word_1_100' title='bbox 580 1355 1451 1430; x_wconf 82' lang='lat' dir='ltr'><strong>quidempulchre(manuscriptus</strong></span> <span class='ocrx_word' id='word_1_101' title='bbox 1496 1353 1667 1408; x_wconf 77' lang='lat' dir='ltr'><strong>codex</strong></span> <span class='ocrx_word' id='word_1_102' title='bbox 1717 1353 1992 1423; x_wconf 78' lang='lat' dir='ltr'><strong>pulcher).</strong></span> <span class='ocrx_word' id='word_1_103' title='bbox 2050 1351 2177 1407; x_wconf 86' lang='lat' dir='ltr'><strong>lude</strong></span> 
     </span>
    </p>
   </div>
   <div class='ocr_carea' id='block_1_16' title="bbox 581 1447 2178 1519">
    <p class='ocr_par' dir='ltr' id='par_1_16' title="bbox 581 1447 2178 1519">
     <span class='ocr_line' id='line_1_16' title="bbox 581 1447 2178 1519; baseline -0.004 -13"><span class='ocrx_word' id='word_1_104' title='bbox 581 1460 762 1507; x_wconf 86' lang='lat' dir='ltr'><strong>autem</strong></span> <span class='ocrx_word' id='word_1_105' title='bbox 791 1451 870 1505; x_wconf 90' lang='lat' dir='ltr'><strong>sic</strong></span> <span class='ocrx_word' id='word_1_106' title='bbox 907 1456 1311 1519; x_wconf 87' lang='lat' dir='ltr'><strong>argumentatur</strong></span> <span class='ocrx_word' id='word_1_107' title='bbox 1343 1465 1356 1500; x_wconf 90' lang='lat'><strong>:</strong></span> <span class='ocrx_word' id='word_1_108' title='bbox 1385 1447 1486 1500; x_wconf 83' lang='lat' dir='ltr'><strong>Aut</strong></span> <span class='ocrx_word' id='word_1_109' title='bbox 1514 1449 1732 1515; x_wconf 76' lang='lat' dir='ltr'><strong>scriptor</strong></span> <span class='ocrx_word' id='word_1_110' title='bbox 1760 1448 2063 1500; x_wconf 83' lang='lat' dir='ltr'><strong>vanissimas</strong></span> <span class='ocrx_word' id='word_1_111' title='bbox 2087 1488 2102 1513; x_wconf 97' lang='lat'><strong>,</strong></span> <span class='ocrx_word' id='word_1_112' title='bbox 2135 1447 2178 1499; x_wconf 92' lang='lat' dir='ltr'><strong>si</strong></span> 
     </span>
    </p>
   </div>
   <div class='ocr_carea' id='block_1_17' title="bbox 2279 429 3879 501">
    <p class='ocr_par' dir='ltr' id='par_1_17' title="bbox 2279 429 3879 501">
     <span class='ocr_line' id='line_1_17' title="bbox 2279 429 3879 501; baseline 0.001 -17"><span class='ocrx_word' id='word_1_113' title='bbox 2279 433 2451 486; x_wconf 85' lang='lat' dir='ltr'><strong>trierat</strong></span> <span class='ocrx_word' id='word_1_114' title='bbox 2473 432 2746 500; x_wconf 78' lang='lat' dir='ltr'><strong>greeeulus,</strong></span> <span class='ocrx_word' id='word_1_115' title='bbox 2790 430 2866 484; x_wconf 80' lang='lat' dir='ltr'><strong>vel</strong></span> <span class='ocrx_word' id='word_1_116' title='bbox 2895 447 2925 483; x_wconf 89' lang='lat' dir='ltr'><strong>a</strong></span> <span class='ocrx_word' id='word_1_117' title='bbox 2955 431 3144 490; x_wconf 84' lang='lat' dir='ltr'><strong>limine,</strong></span> <span class='ocrx_word' id='word_1_118' title='bbox 3173 429 3393 500; x_wconf 74' lang='lat' dir='ltr'><strong>grwculo</strong></span> <span class='ocrx_word' id='word_1_119' title='bbox 3423 447 3560 483; x_wconf 88' lang='lat' dir='ltr'><strong>more</strong></span> <span class='ocrx_word' id='word_1_120' title='bbox 3586 441 3879 501; x_wconf 78' lang='lat' dir='ltr'><strong>raptaverat</strong></span> 
     </span>
    </p>
   </div>
   <div class='ocr_carea' id='block_1_18' title="bbox 2277 520 3878 594">
    <p class='ocr_par' dir='ltr' id='par_1_18' title="bbox 2277 520 3878 594">
     <span class='ocr_line' id='line_1_18' title="bbox 2277 520 3878 594; baseline 0.001 -18"><span class='ocrx_word' id='word_1_121' title='bbox 2277 524 2492 578; x_wconf 84' lang='lat' dir='ltr'><strong>intrans.</strong></span> <span class='ocrx_word' id='word_1_122' title='bbox 2522 523 2654 578; x_wconf 80' lang='lat' dir='ltr'><strong>Inde</strong></span> <span class='ocrx_word' id='word_1_123' title='bbox 2679 533 2900 576; x_wconf 78' lang='lat' dir='ltr'><strong>tantalus</strong></span> <span class='ocrx_word' id='word_1_124' title='bbox 2923 521 3112 594; x_wconf 81' lang='lat' dir='ltr'><strong>(Ibid.,</strong></span> <span class='ocrx_word' id='word_1_125' title='bbox 3137 524 3280 588; x_wconf 84' lang='lat' dir='ltr'><strong>etc.).</strong></span> <span class='ocrx_word' id='word_1_126' title='bbox 3303 520 3407 577; x_wconf 70' lang='lat' dir='ltr'><strong>Sed</strong></span> <span class='ocrx_word' id='word_1_127' title='bbox 3427 523 3575 591; x_wconf 89' lang='lat' dir='ltr'><strong>plura</strong></span> <span class='ocrx_word' id='word_1_128' title='bbox 3601 521 3670 577; x_wconf 85' lang='lat' dir='ltr'><strong>ibi</strong></span> <span class='ocrx_word' id='word_1_129' title='bbox 3695 523 3878 578; x_wconf 80' lang='lat' dir='ltr'><strong>redar—</strong></span> 
     </span>
    </p>
   </div>
   <div class='ocr_carea' id='block_1_19' title="bbox 2275 611 3877 684">
    <p class='ocr_par' dir='ltr' id='par_1_19' title="bbox 2275 611 3877 684">
     <span class='ocr_line' id='line_1_19' title="bbox 2275 611 3877 684; baseline 0 -16"><span class='ocrx_word' id='word_1_130' title='bbox 2275 625 2508 684; x_wconf 86' lang='lat' dir='ltr'><strong>guuntur</strong></span> <span class='ocrx_word' id='word_1_131' title='bbox 2547 613 2749 668; x_wconf 89' lang='lat' dir='ltr'><strong>librarii</strong></span> <span class='ocrx_word' id='word_1_132' title='bbox 2793 623 2991 667; x_wconf 83' lang='lat' dir='ltr'><strong>errata.</strong></span> <span class='ocrx_word' id='word_1_133' title='bbox 3026 613 3260 667; x_wconf 86' lang='lat' dir='ltr'><strong>Primum</strong></span> <span class='ocrx_word' id='word_1_134' title='bbox 3303 612 3445 666; x_wconf 87' lang='lat' dir='ltr'><strong>enim</strong></span> <span class='ocrx_word' id='word_1_135' title='bbox 3479 611 3715 682; x_wconf 82' lang='lat' dir='ltr'><strong>Rigaltio</strong></span> <span class='ocrx_word' id='word_1_136' title='bbox 3751 629 3877 683; x_wconf 89' lang='lat' dir='ltr'><strong>pcr-</strong></span> 
     </span>
    </p>
   </div>
   <div class='ocr_carea' id='block_1_20' title="bbox 2274 701 3880 774">
    <p class='ocr_par' dir='ltr' id='par_1_20' title="bbox 2274 701 3880 774">
     <span class='ocr_line' id='line_1_20' title="bbox 2274 701 3880 774; baseline 0.001 -15"><span class='ocrx_word' id='word_1_137' title='bbox 2274 719 2493 760; x_wconf 82' lang='lat' dir='ltr'><strong>suasum</strong></span> <span class='ocrx_word' id='word_1_138' title='bbox 2525 703 2661 759; x_wconf 87' lang='lat' dir='ltr'><strong>adeo</strong></span> <span class='ocrx_word' id='word_1_139' title='bbox 2684 703 2798 770; x_wconf 86' lang='lat' dir='ltr'><strong>fuit,</strong></span> <span class='ocrx_word' id='word_1_140' title='bbox 2827 720 2921 774; x_wconf 88' lang='lat' dir='ltr'><strong>pro</strong></span> <span class='ocrx_word' id='word_1_141' title='bbox 2945 713 3167 769; x_wconf 85' lang='lat' dir='ltr'><strong>senatus,</strong></span> <span class='ocrx_word' id='word_1_142' title='bbox 3195 702 3264 757; x_wconf 86' lang='lat' dir='ltr'><strong>ibi</strong></span> <span class='ocrx_word' id='word_1_143' title='bbox 3295 701 3578 774; x_wconf 84' lang='lat' dir='ltr'><strong>legendum</strong></span> <span class='ocrx_word' id='word_1_144' title='bbox 3608 715 3796 768; x_wconf 85' lang='lat' dir='ltr'><strong>reatus,</strong></span> <span class='ocrx_word' id='word_1_145' title='bbox 3823 715 3880 761; x_wconf 85' lang='lat' dir='ltr'><strong>ut</strong></span> 
     </span>
    </p>
   </div>
   <div class='ocr_carea' id='block_1_21' title="bbox 2279 799 3878 871">
    <p class='ocr_par' dir='ltr' id='par_1_21' title="bbox 2279 799 3878 871">
     <span class='ocr_line' id='line_1_21' title="bbox 2279 799 3878 871; baseline 0.001 -16"><span class='ocrx_word' id='word_1_146' title='bbox 2279 801 2410 856; x_wconf 90' lang='lat' dir='ltr'><strong>illud</strong></span> <span class='ocrx_word' id='word_1_147' title='bbox 2444 801 2742 871; x_wconf 86' lang='lat' dir='ltr'><strong>reposuerit</strong></span> <span class='ocrx_word' id='word_1_148' title='bbox 2778 801 2829 856; x_wconf 89' lang='lat' dir='ltr'><strong>in</strong></span> <span class='ocrx_word' id='word_1_149' title='bbox 2868 803 2984 871; x_wconf 86' lang='lat' dir='ltr'><strong>ipso</strong></span> <span class='ocrx_word' id='word_1_150' title='bbox 3025 800 3333 856; x_wconf 72' lang='lat' dir='ltr'><strong>Tertulliani</strong></span> <span class='ocrx_word' id='word_1_151' title='bbox 3366 809 3536 854; x_wconf 87' lang='lat' dir='ltr'><strong>textu.</strong></span> <span class='ocrx_word' id='word_1_152' title='bbox 3581 799 3781 856; x_wconf 88' lang='lat' dir='ltr'><strong>Deinde</strong></span> <span class='ocrx_word' id='word_1_153' title='bbox 3810 817 3878 858; x_wconf 80' lang='lat' dir='ltr'><strong>ex</strong></span> 
     </span>
    </p>
   </div>
   <div class='ocr_carea' id='block_1_22' title="bbox 2278 895 3878 962">
    <p class='ocr_par' dir='ltr' id='par_1_22' title="bbox 2278 895 3878 962">
     <span class='ocr_line' id='line_1_22' title="bbox 2278 895 3878 962; baseline 0.001 -12"><span class='ocrx_word' id='word_1_154' title='bbox 2278 909 2344 950; x_wconf 89' lang='lat' dir='ltr'><strong>eo</strong></span> <span class='ocrx_word' id='word_1_155' title='bbox 2374 897 2638 950; x_wconf 85' lang='lat' dir='ltr'><strong>resecavit</strong></span> <span class='ocrx_word' id='word_1_156' title='bbox 2677 896 2789 951; x_wconf 80' lang='lat' dir='ltr'><strong>lucc</strong></span> <span class='ocrx_word' id='word_1_157' title='bbox 2816 895 2976 951; x_wconf 89' lang='lat' dir='ltr'><strong>verba</strong></span> <span class='ocrx_word' id='word_1_158' title='bbox 3009 915 3023 951; x_wconf 92' lang='lat'><strong>:</strong></span> <span class='ocrx_word' id='word_1_159' title='bbox 3063 895 3161 962; x_wconf 85' lang='lat' dir='ltr'><strong>Qui</strong></span> <span class='ocrx_word' id='word_1_160' title='bbox 3191 912 3304 949; x_wconf 87' lang='lat' dir='ltr'><strong>eum</strong></span> <span class='ocrx_word' id='word_1_161' title='bbox 3335 895 3620 961; x_wconf 86' lang='lat' dir='ltr'><strong>nutrierat,</strong></span> <span class='ocrx_word' id='word_1_162' title='bbox 3664 905 3718 950; x_wconf 89' lang='lat' dir='ltr'><strong>et</strong></span> <span class='ocrx_word' id='word_1_163' title='bbox 3761 895 3878 952; x_wconf 81' lang='lat' dir='ltr'><strong>haec</strong></span> 
     </span>
    </p>
   </div>
   <div class='ocr_carea' id='block_1_23' title="bbox 2277 987 3876 1059">
    <p class='ocr_par' dir='ltr' id='par_1_23' title="bbox 2277 987 3876 1059">
     <span class='ocr_line' id='line_1_23' title="bbox 2277 987 3876 1059; baseline 0.001 -17"><span class='ocrx_word' id='word_1_164' title='bbox 2277 989 2356 1042; x_wconf 81' lang='lat' dir='ltr'><strong>vel</strong></span> <span class='ocrx_word' id='word_1_165' title='bbox 2379 1005 2410 1041; x_wconf 88' lang='lat' dir='ltr'><strong>a</strong></span> <span class='ocrx_word' id='word_1_166' title='bbox 2430 989 2604 1043; x_wconf 85' lang='lat' dir='ltr'><strong>limine</strong></span> <span class='ocrx_word' id='word_1_167' title='bbox 2629 1007 2641 1040; x_wconf 89' lang='lat'><strong>:</strong></span> <span class='ocrx_word' id='word_1_168' title='bbox 2671 993 3013 1059; x_wconf 73' lang='lat' dir='ltr'><strong>ac&#39;prtcterea</strong></span> <span class='ocrx_word' id='word_1_169' title='bbox 3042 989 3264 1044; x_wconf 68' lang='lat' dir='ltr'><strong>teritum</strong></span> <span class='ocrx_word' id='word_1_170' title='bbox 3286 989 3504 1053; x_wconf 83' lang='lat' dir='ltr'><strong>intrans,</strong></span> <span class='ocrx_word' id='word_1_171' title='bbox 3526 987 3876 1044; x_wconf 74' lang='lat' dir='ltr'><strong>auferendum</strong></span> 
     </span>
    </p>
   </div>
   <div class='ocr_carea' id='block_1_24' title="bbox 2279 1079 3878 1138">
    <p class='ocr_par' dir='ltr' id='par_1_24' title="bbox 2279 1079 3878 1138">
     <span class='ocr_line' id='line_1_24' title="bbox 2279 1079 3878 1138; baseline 0.002 -4"><span class='ocrx_word' id='word_1_172' title='bbox 2279 1081 2454 1138; x_wconf 88' lang='lat' dir='ltr'><strong>adlmc</strong></span> <span class='ocrx_word' id='word_1_173' title='bbox 2497 1083 2806 1137; x_wconf 84' lang='lat' dir='ltr'><strong>arbitratur.</strong></span> <span class='ocrx_word' id='word_1_174' title='bbox 2847 1083 3039 1138; x_wconf 70' lang='lat' dir='ltr'><strong>Prima:</strong></span> <span class='ocrx_word' id='word_1_175' title='bbox 3078 1091 3254 1137; x_wconf 90' lang='lat' dir='ltr'><strong>autem</strong></span> <span class='ocrx_word' id='word_1_176' title='bbox 3303 1079 3686 1136; x_wconf 86' lang='lat' dir='ltr'><strong>emendationis</strong></span> <span class='ocrx_word' id='word_1_177' title='bbox 3735 1080 3878 1137; x_wconf 90' lang='lat' dir='ltr'><strong>hanc</strong></span> 
     </span>
    </p>
   </div>
   <div class='ocr_carea' id='block_1_25' title="bbox 2287 1174 3874 1245">
    <p class='ocr_par' dir='ltr' id='par_1_25' title="bbox 2287 1174 3874 1245">
     <span class='ocr_line' id='line_1_25' title="bbox 2287 1174 3874 1245; baseline 0.001 -15"><span class='ocrx_word' id='word_1_178' title='bbox 2287 1174 2443 1230; x_wconf 76' lang='lat' dir='ltr'><strong>affert</strong></span> <span class='ocrx_word' id='word_1_179' title='bbox 2475 1175 2770 1239; x_wconf 89' lang='lat' dir='ltr'><strong>rationem;</strong></span> <span class='ocrx_word' id='word_1_180' title='bbox 2801 1176 2920 1244; x_wconf 89' lang='lat' dir='ltr'><strong>quia</strong></span> <span class='ocrx_word' id='word_1_181' title='bbox 2951 1175 3063 1230; x_wconf 77' lang='lat' dir='ltr'><strong>lucc</strong></span> <span class='ocrx_word' id='word_1_182' title='bbox 3087 1189 3275 1230; x_wconf 87' lang='lat' dir='ltr'><strong>caussa</strong></span> <span class='ocrx_word' id='word_1_183' title='bbox 3300 1176 3346 1230; x_wconf 88' lang='lat' dir='ltr'><strong>si</strong></span> <span class='ocrx_word' id='word_1_184' title='bbox 3377 1192 3406 1228; x_wconf 87' lang='lat' dir='ltr'><strong>a</strong></span> <span class='ocrx_word' id='word_1_185' title='bbox 3427 1185 3605 1229; x_wconf 89' lang='lat' dir='ltr'><strong>senatu</strong></span> <span class='ocrx_word' id='word_1_186' title='bbox 3631 1175 3874 1245; x_wconf 86' lang='lat' dir='ltr'><strong>judicata</strong></span> 
     </span>
    </p>
   </div>
   <div class='ocr_carea' id='block_1_26' title="bbox 2280 1267 3860 1337">
    <p class='ocr_par' dir='ltr' id='par_1_26' title="bbox 2280 1267 3860 1337">
     <span class='ocr_line' id='line_1_26' title="bbox 2280 1267 3860 1337; baseline 0 -14"><span class='ocrx_word' id='word_1_187' title='bbox 2280 1268 2502 1335; x_wconf 82' lang='lat' dir='ltr'><strong>fuisset,</strong></span> <span class='ocrx_word' id='word_1_188' title='bbox 2534 1285 2564 1324; x_wconf 91' lang='lat' dir='ltr'><strong>a</strong></span> <span class='ocrx_word' id='word_1_189' title='bbox 2595 1269 2859 1324; x_wconf 87' lang='lat' dir='ltr'><strong>Fusciano</strong></span> <span class='ocrx_word' id='word_1_190' title='bbox 2885 1285 2987 1324; x_wconf 91' lang='lat' dir='ltr'><strong>non</strong></span> <span class='ocrx_word' id='word_1_191' title='bbox 3019 1269 3200 1324; x_wconf 85' lang='lat' dir='ltr'><strong>debuit</strong></span> <span class='ocrx_word' id='word_1_192' title='bbox 3230 1269 3458 1336; x_wconf 82' lang='lat' dir='ltr'><strong>amplius</strong></span> <span class='ocrx_word' id='word_1_193' title='bbox 3479 1268 3720 1337; x_wconf 76' lang='lat' dir='ltr'><strong>iudicari.</strong></span> <span class='ocrx_word' id='word_1_194' title='bbox 3749 1267 3860 1324; x_wconf 83' lang='lat' dir='ltr'><strong>Po-</strong></span> 
     </span>
    </p>
   </div>
   <div class='ocr_carea' id='block_1_27' title="bbox 2283 1361 3872 1434">
    <p class='ocr_par' dir='ltr' id='par_1_27' title="bbox 2283 1361 3872 1434">
     <span class='ocr_line' id='line_1_27' title="bbox 2283 1361 3872 1434; baseline -0.001 -17"><span class='ocrx_word' id='word_1_195' title='bbox 2283 1363 2386 1418; x_wconf 91' lang='lat' dir='ltr'><strong>tius</strong></span> <span class='ocrx_word' id='word_1_196' title='bbox 2413 1364 2592 1434; x_wconf 90' lang='lat' dir='ltr'><strong>itaque</strong></span> <span class='ocrx_word' id='word_1_197' title='bbox 2621 1363 2902 1434; x_wconf 88' lang='lat' dir='ltr'><strong>lcgendum</strong></span> <span class='ocrx_word' id='word_1_198' title='bbox 2934 1361 3199 1416; x_wconf 82' lang='lat' dir='ltr'><strong>Fusciano</strong></span> <span class='ocrx_word' id='word_1_199' title='bbox 3213 1363 3450 1433; x_wconf 87' lang='lat' dir='ltr'><strong>judicata</strong></span> <span class='ocrx_word' id='word_1_200' title='bbox 3475 1363 3729 1430; x_wconf 83' lang='lat' dir='ltr'><strong>punitione</strong></span> <span class='ocrx_word' id='word_1_201' title='bbox 3754 1378 3872 1416; x_wconf 60' lang='lat' dir='ltr'><strong>rea.</strong></span> 
     </span>
    </p>
   </div>
   <div class='ocr_carea' id='block_1_28' title="bbox 2283 1452 3879 1526">
    <p class='ocr_par' dir='ltr' id='par_1_28' title="bbox 2283 1452 3879 1526">
     <span class='ocr_line' id='line_1_28' title="bbox 2283 1452 3879 1526; baseline 0 -17"><span class='ocrx_word' id='word_1_202' title='bbox 2283 1467 2385 1510; x_wconf 89' lang='lat' dir='ltr'><strong>tus.</strong></span> <span class='ocrx_word' id='word_1_203' title='bbox 2417 1453 2527 1510; x_wconf 86' lang='lat' dir='ltr'><strong>Nec</strong></span> <span class='ocrx_word' id='word_1_204' title='bbox 2555 1471 2744 1526; x_wconf 83' lang='lat' dir='ltr'><strong>parum</strong></span> <span class='ocrx_word' id='word_1_205' title='bbox 2773 1453 2987 1524; x_wconf 89' lang='lat' dir='ltr'><strong>quidem</strong></span> <span class='ocrx_word' id='word_1_206' title='bbox 3021 1455 3308 1524; x_wconf 84' lang='lat' dir='ltr'><strong>probabilis</strong></span> <span class='ocrx_word' id='word_1_207' title='bbox 3351 1454 3560 1509; x_wconf 85' lang='lat' dir='ltr'><strong>videtur</strong></span> <span class='ocrx_word' id='word_1_208' title='bbox 3590 1452 3708 1508; x_wconf 72' lang='lat' dir='ltr'><strong>bzec</strong></span> <span class='ocrx_word' id='word_1_209' title='bbox 3744 1470 3879 1510; x_wconf 83' lang='lat' dir='ltr'><strong>con-</strong></span> 
     </span>
    </p>
   </div>
   <div class='ocr_carea' id='block_1_29' title="bbox 583 1541 2188 1617">
    <p class='ocr_par' dir='ltr' id='par_1_29' title="bbox 583 1541 2179 1616">
     <span class='ocr_line' id='line_1_29' title="bbox 583 1541 2179 1616; baseline -0.004 -16"><span class='ocrx_word' id='word_1_210' title='bbox 583 1545 771 1616; x_wconf 77' lang='lat' dir='ltr'><strong>ﬁnxit;</strong></span> <span class='ocrx_word' id='word_1_211' title='bbox 799 1553 885 1598; x_wconf 89' lang='lat' dir='ltr'><strong>aut</strong></span> <span class='ocrx_word' id='word_1_212' title='bbox 913 1541 1146 1614; x_wconf 62' lang='lat' dir='ltr'><strong>“Edipus</strong></span> <span class='ocrx_word' id='word_1_213' title='bbox 1191 1542 1593 1596; x_wconf 77' lang='lat' dir='ltr'><strong>clementissimus</strong></span> <span class='ocrx_word' id='word_1_214' title='bbox 1612 1583 1626 1608; x_wconf 94' lang='lat'><strong>,</strong></span> <span class='ocrx_word' id='word_1_215' title='bbox 1655 1542 1699 1596; x_wconf 90' lang='lat' dir='ltr'><strong>si</strong></span> <span class='ocrx_word' id='word_1_216' title='bbox 1727 1544 1798 1595; x_wconf 89' lang='lat' dir='ltr'><strong>ita</strong></span> <span class='ocrx_word' id='word_1_217' title='bbox 1838 1545 1955 1613; x_wconf 76' lang='lat' dir='ltr'><strong>fecit</strong></span> <span class='ocrx_word' id='word_1_218' title='bbox 1987 1557 2004 1594; x_wconf 90' lang='lat'><strong><em>:</em></strong></span> <span class='ocrx_word' id='word_1_219' title='bbox 2030 1550 2179 1611; x_wconf 88' lang='lat' dir='ltr'><strong>atque</strong></span> 
     </span>
    </p>
   </div>
   <div class='ocr_carea' id='block_1_30' title="bbox 2292 1541 3881 1617">
    <p class='ocr_par' dir='ltr' id='par_1_30' title="bbox 2292 1545 3881 1616">
     <span class='ocr_line' id='line_1_30' title="bbox 2292 1545 3881 1616; baseline 0.001 -15"><span class='ocrx_word' id='word_1_220' title='bbox 2292 1546 2506 1615; x_wconf 87' lang='lat' dir='ltr'><strong>iectura.</strong></span> <span class='ocrx_word' id='word_1_221' title='bbox 2539 1547 2679 1615; x_wconf 85' lang='lat' dir='ltr'><strong>Quid</strong></span> <span class='ocrx_word' id='word_1_222' title='bbox 2711 1556 2888 1602; x_wconf 88' lang='lat' dir='ltr'><strong>tamen</strong></span> <span class='ocrx_word' id='word_1_223' title='bbox 2919 1547 2962 1602; x_wconf 90' lang='lat' dir='ltr'><strong>si</strong></span> <span class='ocrx_word' id='word_1_224' title='bbox 2995 1545 3191 1616; x_wconf 87' lang='lat' dir='ltr'><strong>aliquid</strong></span> <span class='ocrx_word' id='word_1_225' title='bbox 3215 1546 3284 1601; x_wconf 89' lang='lat' dir='ltr'><strong>ibi</strong></span> <span class='ocrx_word' id='word_1_226' title='bbox 3306 1546 3445 1602; x_wconf 86' lang='lat' dir='ltr'><strong>desit</strong></span> <span class='ocrx_word' id='word_1_227' title='bbox 3465 1589 3478 1610; x_wconf 92' lang='lat'><strong>,</strong></span> <span class='ocrx_word' id='word_1_228' title='bbox 3513 1556 3568 1600; x_wconf 89' lang='lat' dir='ltr'><strong>et</strong></span> <span class='ocrx_word' id='word_1_229' title='bbox 3598 1546 3881 1602; x_wconf 82' lang='lat' dir='ltr'><strong>Tertullia-</strong></span> 
     </span>
    </p>
   </div>
   <div class='ocr_carea' id='block_1_31' title="bbox 584 1631 2180 1700">
    <p class='ocr_par' dir='ltr' id='par_1_31' title="bbox 584 1631 2180 1700">
     <span class='ocr_line' id='line_1_31' title="bbox 584 1631 2180 1700; baseline -0.002 -9"><span class='ocrx_word' id='word_1_230' title='bbox 584 1637 768 1692; x_wconf 77' lang='lat' dir='ltr'><strong>exinde</strong></span> <span class='ocrx_word' id='word_1_231' title='bbox 802 1637 931 1690; x_wconf 87' lang='lat' dir='ltr'><strong>alter</strong></span> <span class='ocrx_word' id='word_1_232' title='bbox 971 1637 1039 1690; x_wconf 91' lang='lat' dir='ltr'><strong>ad</strong></span> <span class='ocrx_word' id='word_1_233' title='bbox 1076 1637 1292 1689; x_wconf 87' lang='lat' dir='ltr'><strong>alterum</strong></span> <span class='ocrx_word' id='word_1_234' title='bbox 1315 1677 1330 1700; x_wconf 94' lang='lat'><strong>,</strong></span> <span class='ocrx_word' id='word_1_235' title='bbox 1374 1635 1551 1688; x_wconf 86' lang='lat' dir='ltr'><strong>elaune</strong></span> <span class='ocrx_word' id='word_1_236' title='bbox 1594 1644 1675 1689; x_wconf 90' lang='lat' dir='ltr'><strong>ten</strong></span> <span class='ocrx_word' id='word_1_237' title='bbox 1709 1644 1902 1689; x_wconf 88' lang='lat' dir='ltr'><strong>matera</strong></span> <span class='ocrx_word' id='word_1_238' title='bbox 1941 1631 2180 1688; x_wconf 84' lang='lat' dir='ltr'><strong>dicebatis</strong></span> 
     </span>
    </p>
   </div>
   <div class='ocr_carea' id='block_1_32' title="bbox 2285 1637 3884 1709">
    <p class='ocr_par' dir='ltr' id='par_1_32' title="bbox 2285 1637 3884 1709">
     <span class='ocr_line' id='line_1_32' title="bbox 2285 1637 3884 1709; baseline 0.002 -16"><span class='ocrx_word' id='word_1_239' title='bbox 2285 1655 2386 1694; x_wconf 92' lang='lat' dir='ltr'><strong>nus</strong></span> <span class='ocrx_word' id='word_1_240' title='bbox 2411 1639 2713 1709; x_wconf 78' lang='lat' dir='ltr'><strong>signiﬁcare</strong></span> <span class='ocrx_word' id='word_1_241' title='bbox 2742 1639 2971 1694; x_wconf 89' lang='lat' dir='ltr'><strong>voluerit</strong></span> <span class='ocrx_word' id='word_1_242' title='bbox 2995 1639 3314 1694; x_wconf 89' lang='lat' dir='ltr'><strong>sententiam</strong></span> <span class='ocrx_word' id='word_1_243' title='bbox 3344 1637 3592 1693; x_wconf 60' lang='lat' dir='ltr'><strong>Fusciani</strong></span> <span class='ocrx_word' id='word_1_244' title='bbox 3629 1653 3658 1692; x_wconf 90' lang='lat' dir='ltr'><strong>a</strong></span> <span class='ocrx_word' id='word_1_245' title='bbox 3695 1651 3884 1696; x_wconf 87' lang='lat' dir='ltr'><strong>senatu</strong></span> 
     </span>
    </p>
   </div>
   <div class='ocr_carea' id='block_1_33' title="bbox 585 1727 3882 1813">
    <p class='ocr_par' dir='ltr' id='par_1_33' title="bbox 585 1727 3882 1813">
     <span class='ocr_line' id='line_1_33' title="bbox 585 1727 3882 1813; baseline 0.002 -32"><span class='ocrx_word' id='word_1_246' title='bbox 585 1729 606 1800; x_wconf 92' lang='lat'><strong>(</strong></span> <span class='ocrx_word' id='word_1_247' title='bbox 631 1727 867 1793; x_wconf 85' lang='lat' dir='ltr'><strong>Tertull.,</strong></span> <span class='ocrx_word' id='word_1_248' title='bbox 903 1729 990 1782; x_wconf 84' lang='lat' dir='ltr'><strong>tib.</strong></span> <span class='ocrx_word' id='word_1_249' title='bbox 1023 1727 1044 1782; x_wconf 87' lang='grc' dir='ltr'>Ι</span> <span class='ocrx_word' id='word_1_250' title='bbox 1088 1728 1156 1781; x_wconf 89' lang='lat' dir='ltr'><strong>ad</strong></span> <span class='ocrx_word' id='word_1_251' title='bbox 1189 1727 1363 1794; x_wconf 84' lang='lat' dir='ltr'><strong>Nati.,</strong></span> <span class='ocrx_word' id='word_1_252' title='bbox 1393 1744 1508 1798; x_wconf 85' lang='lat' dir='ltr'><strong>cap.</strong></span> <span class='ocrx_word' id='word_1_253' title='bbox 1541 1728 1608 1782; x_wconf 78' lang='grc'><strong>16</strong></span> <span class='ocrx_word' id='word_1_254' title='bbox 1630 1770 1644 1794; x_wconf 90' lang='grc'><em>,</em></span> <span class='ocrx_word' id='word_1_255' title='bbox 1676 1746 1794 1813; x_wconf 65' lang='grc' dir='ltr'><strong>ρας]ἒ</strong></span> <span class='ocrx_word' id='word_1_256' title='bbox 1831 1728 1982 1798; x_wconf 82' lang='grc'><strong>581).</strong></span> <span class='ocrx_word' id='word_1_257' title='bbox 2014 1727 2180 1783; x_wconf 83' lang='lat' dir='ltr'><strong>Audis</strong></span> <span class='ocrx_word' id='word_1_258' title='bbox 2210 1730 2257 1789; x_wconf 93' lang='lat' dir='ltr'><strong>B</strong></span> <span class='ocrx_word' id='word_1_259' title='bbox 2288 1733 2560 1804; x_wconf 86' lang='lat' dir='ltr'><strong>probatam</strong></span> <span class='ocrx_word' id='word_1_260' title='bbox 2591 1732 2794 1788; x_wconf 90' lang='lat' dir='ltr'><strong>fuisse?</strong></span> <span class='ocrx_word' id='word_1_261' title='bbox 2821 1736 2891 1788; x_wconf 83' lang='lat' dir='ltr'><strong>At</strong></span> <span class='ocrx_word' id='word_1_262' title='bbox 2931 1733 3044 1802; x_wconf 89' lang='lat' dir='ltr'><strong>ipse</strong></span> <span class='ocrx_word' id='word_1_263' title='bbox 3070 1731 3333 1803; x_wconf 80' lang='lat' dir='ltr'><strong>Rigaltius</strong></span> <span class='ocrx_word' id='word_1_264' title='bbox 3364 1731 3518 1786; x_wconf 90' lang='lat' dir='ltr'><strong>nobis</strong></span> <span class='ocrx_word' id='word_1_265' title='bbox 3545 1747 3652 1787; x_wconf 91' lang='lat' dir='ltr'><strong>non</strong></span> <span class='ocrx_word' id='word_1_266' title='bbox 3680 1731 3882 1804; x_wconf 82' lang='lat' dir='ltr'><strong>edixit,</strong></span> 
     </span>
    </p>
   </div>
   <div class='ocr_carea' id='block_1_34' title="bbox 584 1820 2179 1890">
    <p class='ocr_par' dir='ltr' id='par_1_34' title="bbox 584 1820 2179 1890">
     <span class='ocr_line' id='line_1_34' title="bbox 584 1820 2179 1890; baseline -0.001 -12"><span class='ocrx_word' id='word_1_267' title='bbox 584 1837 716 1878; x_wconf 84' lang='lat' dir='ltr'><strong>sane</strong></span> <span class='ocrx_word' id='word_1_268' title='bbox 753 1821 1139 1876; x_wconf 87' lang='lat' dir='ltr'><strong>Tertulliannm</strong></span> <span class='ocrx_word' id='word_1_269' title='bbox 1182 1830 1486 1875; x_wconf 88' lang='lat' dir='ltr'><strong>narrantem</strong></span> <span class='ocrx_word' id='word_1_270' title='bbox 1519 1835 1548 1874; x_wconf 90' lang='lat' dir='ltr'><strong>a</strong></span> <span class='ocrx_word' id='word_1_271' title='bbox 1578 1820 1956 1875; x_wconf 83' lang='lat' dir='ltr'><strong>Macedonibus</strong></span> <span class='ocrx_word' id='word_1_272' title='bbox 2006 1821 2179 1890; x_wconf 90' lang='lat' dir='ltr'><strong>primo</strong></span> 
     </span>
    </p>
   </div>
   <div class='ocr_carea' id='block_1_35' title="bbox 584 1911 2176 1990">
    <p class='ocr_par' dir='ltr' id='par_1_35' title="bbox 584 1911 2176 1990">
     <span class='ocr_line' id='line_1_35' title="bbox 584 1911 2176 1990; baseline -0.004 -21"><span class='ocrx_word' id='word_1_273' title='bbox 584 1914 800 1985; x_wconf 88' lang='lat' dir='ltr'><strong>quidem</strong></span> <span class='ocrx_word' id='word_1_274' title='bbox 843 1914 954 1990; x_wconf 75' lang='lat' dir='ltr'><strong>risu</strong></span> <span class='ocrx_word' id='word_1_275' title='bbox 1000 1927 1063 1966; x_wconf 92' lang='lat' dir='ltr'><strong>ac</strong></span> <span class='ocrx_word' id='word_1_276' title='bbox 1095 1911 1276 1967; x_wconf 91' lang='lat' dir='ltr'><strong>derisu</strong></span> <span class='ocrx_word' id='word_1_277' title='bbox 1315 1922 1596 1982; x_wconf 78' lang='lat' dir='ltr'><strong>exceptura</strong></span> <span class='ocrx_word' id='word_1_278' title='bbox 1635 1911 1798 1966; x_wconf 87' lang='lat' dir='ltr'><strong>fuisse</strong></span> <span class='ocrx_word' id='word_1_279' title='bbox 1833 1921 2176 1980; x_wconf 87' lang='lat' dir='ltr'><strong>personatum</strong></span> 
     </span>
    </p>
   </div>
   <div class='ocr_carea' id='block_1_36' title="bbox 585 2003 2178 2075">
    <p class='ocr_par' dir='ltr' id='par_1_36' title="bbox 585 2003 2178 2075">
     <span class='ocr_line' id='line_1_36' title="bbox 585 2003 2178 2075; baseline -0.003 -14"><span class='ocrx_word' id='word_1_280' title='bbox 585 2003 849 2075; x_wconf 85' lang='lat' dir='ltr'><strong>OEdipum</strong></span> <span class='ocrx_word' id='word_1_281' title='bbox 877 2045 893 2071; x_wconf 94' lang='lat'><strong>,</strong></span> <span class='ocrx_word' id='word_1_282' title='bbox 937 2017 1096 2073; x_wconf 90' lang='lat' dir='ltr'><strong>quem</strong></span> <span class='ocrx_word' id='word_1_283' title='bbox 1147 2014 1324 2058; x_wconf 89' lang='lat' dir='ltr'><strong>tamen</strong></span> <span class='ocrx_word' id='word_1_284' title='bbox 1371 2003 1471 2058; x_wconf 86' lang='lat' dir='ltr'><strong>sibi</strong></span> <span class='ocrx_word' id='word_1_285' title='bbox 1518 2019 1624 2058; x_wconf 90' lang='lat' dir='ltr'><strong>non</strong></span> <span class='ocrx_word' id='word_1_286' title='bbox 1670 2003 1955 2073; x_wconf 75' lang='lat' dir='ltr'><strong>displicere</strong></span> <span class='ocrx_word' id='word_1_287' title='bbox 1997 2013 2178 2072; x_wconf 89' lang='lat' dir='ltr'><strong>postea</strong></span> 
     </span>
    </p>
   </div>
   <div class='ocr_carea' id='block_1_37' title="bbox 586 2095 2182 2166">
    <p class='ocr_par' dir='ltr' id='par_1_37' title="bbox 586 2095 2182 2166">
     <span class='ocr_line' id='line_1_37' title="bbox 586 2095 2182 2166; baseline -0.002 -13"><span class='ocrx_word' id='word_1_288' title='bbox 586 2096 822 2154; x_wconf 87' lang='lat' dir='ltr'><strong>confessi</strong></span> <span class='ocrx_word' id='word_1_289' title='bbox 862 2108 988 2153; x_wconf 88' lang='lat' dir='ltr'><strong>sunt</strong></span> <span class='ocrx_word' id='word_1_290' title='bbox 1015 2114 1029 2151; x_wconf 91' lang='lat'><strong>:</strong></span> <span class='ocrx_word' id='word_1_291' title='bbox 1061 2105 1170 2151; x_wconf 90' lang='lat' dir='ltr'><strong>tum</strong></span> <span class='ocrx_word' id='word_1_292' title='bbox 1195 2095 1391 2151; x_wconf 90' lang='lat' dir='ltr'><strong>deinde</strong></span> <span class='ocrx_word' id='word_1_293' title='bbox 1429 2110 1613 2152; x_wconf 88' lang='lat' dir='ltr'><strong>secum</strong></span> <span class='ocrx_word' id='word_1_294' title='bbox 1657 2097 2026 2166; x_wconf 85' lang='lat' dir='ltr'><strong>colloquentes</strong></span> <span class='ocrx_word' id='word_1_295' title='bbox 2067 2095 2182 2150; x_wconf 81' lang='lat' dir='ltr'><strong>inec</strong></span> 
     </span>
    </p>
   </div>
   <div class='ocr_carea' id='block_1_38' title="bbox 587 2189 2182 2264">
    <p class='ocr_par' dir='ltr' id='par_1_38' title="bbox 587 2189 2182 2264">
     <span class='ocr_line' id='line_1_38' title="bbox 587 2189 2182 2264; baseline -0.001 -17"><span class='ocrx_word' id='word_1_296' title='bbox 587 2193 821 2249; x_wconf 85' lang='lat' dir='ltr'><strong>vicissim</strong></span> <span class='ocrx_word' id='word_1_297' title='bbox 873 2192 1158 2264; x_wconf 85' lang='lat' dir='ltr'><strong>protulisse</strong></span> <span class='ocrx_word' id='word_1_298' title='bbox 1197 2192 1359 2246; x_wconf 88' lang='lat' dir='ltr'><strong>verba</strong></span> <span class='ocrx_word' id='word_1_299' title='bbox 1407 2191 1608 2246; x_wconf 82' lang='lat' dir='ltr'><strong>Elaune</strong></span> <span class='ocrx_word' id='word_1_300' title='bbox 1666 2203 1746 2245; x_wconf 87' lang='lat' dir='ltr'><strong>ten</strong></span> <span class='ocrx_word' id='word_1_301' title='bbox 1792 2200 1998 2246; x_wconf 87' lang='lat' dir='ltr'><strong>metera.</strong></span> <span class='ocrx_word' id='word_1_302' title='bbox 2051 2189 2182 2258; x_wconf 75' lang='lat' dir='ltr'><strong>Qua:</strong></span> 
     </span>
    </p>
   </div>
   <div class='ocr_carea' id='block_1_39' title="bbox 587 2281 2184 2355">
    <p class='ocr_par' dir='ltr' id='par_1_39' title="bbox 587 2281 2184 2355">
     <span class='ocr_line' id='line_1_39' title="bbox 587 2281 2184 2355; baseline -0.002 -16"><span class='ocrx_word' id='word_1_303' title='bbox 587 2284 802 2355; x_wconf 88' lang='lat' dir='ltr'><strong>quidem</strong></span> <span class='ocrx_word' id='word_1_304' title='bbox 829 2286 873 2339; x_wconf 90' lang='lat' dir='ltr'><strong>si</strong></span> <span class='ocrx_word' id='word_1_305' title='bbox 902 2285 1130 2354; x_wconf 88' lang='lat' dir='ltr'><strong>genuina</strong></span> <span class='ocrx_word' id='word_1_306' title='bbox 1159 2283 1265 2338; x_wconf 89' lang='lat' dir='ltr'><strong>sint</strong></span> <span class='ocrx_word' id='word_1_307' title='bbox 1285 2323 1301 2349; x_wconf 89' lang='lat'><strong>,</strong></span> <span class='ocrx_word' id='word_1_308' title='bbox 1336 2283 1418 2337; x_wconf 92' lang='lat' dir='ltr'><strong>his</strong></span> <span class='ocrx_word' id='word_1_309' title='bbox 1443 2283 1793 2354; x_wconf 84' lang='lat' dir='ltr'><strong>signiﬁcatur,</strong></span> <span class='ocrx_word' id='word_1_310' title='bbox 1820 2281 2046 2336; x_wconf 90' lang='lat' dir='ltr'><strong>alterum</strong></span> <span class='ocrx_word' id='word_1_311' title='bbox 2072 2298 2184 2336; x_wconf 90' lang='lat' dir='ltr'><strong>ma-</strong></span> 
     </span>
    </p>
   </div>
   <div class='ocr_carea' id='block_1_40' title="bbox 588 2371 2184 2444">
    <p class='ocr_par' dir='ltr' id='par_1_40' title="bbox 588 2371 2184 2444">
     <span class='ocr_line' id='line_1_40' title="bbox 588 2371 2184 2444; baseline -0.003 -13"><span class='ocrx_word' id='word_1_312' title='bbox 588 2376 848 2431; x_wconf 91' lang='lat' dir='ltr'><strong>cedonem</strong></span> <span class='ocrx_word' id='word_1_313' title='bbox 880 2371 1081 2430; x_wconf 82' lang='lat' dir='ltr'><strong>dixisse</strong></span> <span class='ocrx_word' id='word_1_314' title='bbox 1111 2373 1268 2429; x_wconf 88' lang='lat' dir='ltr'><strong>alteri</strong></span> <span class='ocrx_word' id='word_1_315' title='bbox 1295 2392 1308 2428; x_wconf 92' lang='lat'><strong>:</strong></span> <span class='ocrx_word' id='word_1_316' title='bbox 1337 2374 1514 2442; x_wconf 81' lang='lat' dir='ltr'><strong>Agita,</strong></span> <span class='ocrx_word' id='word_1_317' title='bbox 1547 2373 1738 2444; x_wconf 77' lang='lat' dir='ltr'><strong>instiga</strong></span> <span class='ocrx_word' id='word_1_318' title='bbox 1759 2415 1773 2440; x_wconf 90' lang='lat'><strong>,</strong></span> <span class='ocrx_word' id='word_1_319' title='bbox 1801 2373 2016 2430; x_wconf 84' lang='lat' dir='ltr'><strong>stimula</strong></span> <span class='ocrx_word' id='word_1_320' title='bbox 2039 2413 2055 2439; x_wconf 93' lang='lat'><strong>,</strong></span> <span class='ocrx_word' id='word_1_321' title='bbox 2085 2374 2184 2428; x_wconf 92' lang='lat' dir='ltr'><strong>im-</strong></span> 
     </span>
    </p>
   </div>
   <div class='ocr_carea' id='block_1_41' title="bbox 590 2467 2184 2539">
    <p class='ocr_par' dir='ltr' id='par_1_41' title="bbox 590 2467 2184 2539">
     <span class='ocr_line' id='line_1_41' title="bbox 590 2467 2184 2539; baseline 0.001 -17"><span class='ocrx_word' id='word_1_322' title='bbox 590 2469 729 2539; x_wconf 86' lang='lat' dir='ltr'><strong>pelle</strong></span> <span class='ocrx_word' id='word_1_323' title='bbox 757 2478 980 2523; x_wconf 89' lang='lat' dir='ltr'><strong>matrem</strong></span> <span class='ocrx_word' id='word_1_324' title='bbox 1007 2509 1022 2533; x_wconf 92' lang='lat'><strong>,</strong></span> <span class='ocrx_word' id='word_1_325' title='bbox 1054 2476 1108 2522; x_wconf 92' lang='lat' dir='ltr'><strong>et</strong></span> <span class='ocrx_word' id='word_1_326' title='bbox 1139 2467 1348 2522; x_wconf 88' lang='lat' dir='ltr'><strong>imitare</strong></span> <span class='ocrx_word' id='word_1_327' title='bbox 1377 2467 1671 2538; x_wconf 79' lang='lat' dir='ltr'><strong>(Edipum.</strong></span> <span class='ocrx_word' id='word_1_328' title='bbox 1716 2469 1794 2523; x_wconf 87' lang='lat' dir='ltr'><strong>Eo</strong></span> <span class='ocrx_word' id='word_1_329' title='bbox 1837 2475 1978 2524; x_wconf 93' lang='lat' dir='ltr'><strong>enim</strong></span> <span class='ocrx_word' id='word_1_330' title='bbox 2020 2483 2184 2524; x_wconf 89' lang='lat' dir='ltr'><strong>sensu</strong></span> 
     </span>
    </p>
   </div>
   <div class='ocr_carea' id='block_1_42' title="bbox 591 2559 2182 2631">
    <p class='ocr_par' dir='ltr' id='par_1_42' title="bbox 591 2559 2182 2631">
     <span class='ocr_line' id='line_1_42' title="bbox 591 2559 2182 2631; baseline -0.001 -15"><span class='ocrx_word' id='word_1_331' title='bbox 591 2561 812 2616; x_wconf 81' lang='lat' dir='ltr'><strong>verbum</strong></span> <span class='ocrx_word' id='word_1_332' title='bbox 868 2567 1043 2615; x_wconf 69' lang='grc' dir='ltr'><strong>ἰλαύνω</strong></span> <span class='ocrx_word' id='word_1_333' title='bbox 1092 2560 1160 2615; x_wconf 89' lang='lat' dir='ltr'><strong>ab</strong></span> <span class='ocrx_word' id='word_1_334' title='bbox 1191 2559 1550 2628; x_wconf 81' lang='lat' dir='ltr'><strong>Aristophane</strong></span> <span class='ocrx_word' id='word_1_335' title='bbox 1589 2560 1606 2631; x_wconf 94' lang='lat'><strong>(</strong></span> <span class='ocrx_word' id='word_1_336' title='bbox 1631 2560 1893 2630; x_wconf 85' lang='lat' dir='ltr'><strong>Aristoph.</strong></span> <span class='ocrx_word' id='word_1_337' title='bbox 1916 2602 1931 2627; x_wconf 94' lang='lat'><strong>,</strong></span> <span class='ocrx_word' id='word_1_338' title='bbox 1963 2559 2182 2628; x_wconf 84' lang='lat' dir='ltr'><strong>Electr.,</strong></span> 
     </span>
    </p>
   </div>
   <div class='ocr_carea' id='block_1_43' title="bbox 592 2652 2208 2725">
    <p class='ocr_par' dir='ltr' id='par_1_43' title="bbox 592 2652 2208 2725">
     <span class='ocr_line' id='line_1_43' title="bbox 592 2652 2208 2725; baseline -0.002 -18"><span class='ocrx_word' id='word_1_339' title='bbox 592 2668 643 2707; x_wconf 75' lang='grc' dir='ltr'><strong>ν.</strong></span> <span class='ocrx_word' id='word_1_340' title='bbox 694 2655 800 2708; x_wconf 79' lang='grc'><strong>755</strong></span> <span class='ocrx_word' id='word_1_341' title='bbox 823 2663 872 2706; x_wconf 87' lang='lat' dir='ltr'><strong>et</strong></span> <span class='ocrx_word' id='word_1_342' title='bbox 901 2654 1008 2708; x_wconf 75' lang='grc'><strong>740</strong></span> <span class='ocrx_word' id='word_1_343' title='bbox 1029 2652 1071 2724; x_wconf 88' lang='grc'><strong>).</strong></span> <span class='ocrx_word' id='word_1_344' title='bbox 1104 2653 1357 2718; x_wconf 90' lang='lat' dir='ltr'><strong>llomero,</strong></span> <span class='ocrx_word' id='word_1_345' title='bbox 1389 2663 1446 2708; x_wconf 92' lang='lat' dir='ltr'><strong>et</strong></span> <span class='ocrx_word' id='word_1_346' title='bbox 1469 2653 1590 2708; x_wconf 91' lang='lat' dir='ltr'><strong>aliis</strong></span> <span class='ocrx_word' id='word_1_347' title='bbox 1619 2654 1808 2725; x_wconf 62' lang='lat' dir='ltr'><strong>graecis</strong></span> <span class='ocrx_word' id='word_1_348' title='bbox 1837 2655 2208 2724; x_wconf 52' lang='lat' dir='ltr'><strong>scriptoribus.</strong></span> 
     </span>
    </p>
   </div>
   <div class='ocr_carea' id='block_1_44' title="bbox 592 2745 2185 2816">
    <p class='ocr_par' dir='ltr' id='par_1_44' title="bbox 592 2745 2185 2816">
     <span class='ocr_line' id='line_1_44' title="bbox 592 2745 2185 2816; baseline 0.001 -15"><span class='ocrx_word' id='word_1_349' title='bbox 592 2745 874 2816; x_wconf 83' lang='lat' dir='ltr'><strong>accipitur.</strong></span> <span class='ocrx_word' id='word_1_350' title='bbox 891 2747 1120 2815; x_wconf 81' lang='lat' dir='ltr'><strong>Quoquo</strong></span> <span class='ocrx_word' id='word_1_351' title='bbox 1147 2755 1326 2799; x_wconf 91' lang='lat' dir='ltr'><strong>autem</strong></span> <span class='ocrx_word' id='word_1_352' title='bbox 1359 2745 1524 2799; x_wconf 82' lang='lat' dir='ltr'><strong>verbo</strong></span> <span class='ocrx_word' id='word_1_353' title='bbox 1550 2760 1678 2800; x_wconf 85' lang='lat' dir='ltr'><strong>usus</strong></span> <span class='ocrx_word' id='word_1_354' title='bbox 1705 2747 1776 2800; x_wconf 86' lang='lat' dir='ltr'><strong>sit</strong></span> <span class='ocrx_word' id='word_1_355' title='bbox 1804 2745 2185 2814; x_wconf 86' lang='lat' dir='ltr'><strong>Tertullianus,</strong></span> 
     </span>
    </p>
   </div>
   <div class='ocr_carea' id='block_1_45' title="bbox 593 2837 2182 2910">
    <p class='ocr_par' dir='ltr' id='par_1_45' title="bbox 593 2837 2182 2910">
     <span class='ocr_line' id='line_1_45' title="bbox 593 2837 2182 2910; baseline -0.001 -15"><span class='ocrx_word' id='word_1_356' title='bbox 593 2853 661 2895; x_wconf 91' lang='lat' dir='ltr'><strong>eo</strong></span> <span class='ocrx_word' id='word_1_357' title='bbox 696 2840 854 2910; x_wconf 87' lang='lat' dir='ltr'><strong>plane</strong></span> <span class='ocrx_word' id='word_1_358' title='bbox 893 2839 1080 2894; x_wconf 87' lang='lat' dir='ltr'><strong>incesti</strong></span> <span class='ocrx_word' id='word_1_359' title='bbox 1115 2838 1268 2902; x_wconf 84' lang='lat' dir='ltr'><strong>baud</strong></span> <span class='ocrx_word' id='word_1_360' title='bbox 1315 2839 1585 2893; x_wconf 91' lang='lat' dir='ltr'><strong>immerito</strong></span> <span class='ocrx_word' id='word_1_361' title='bbox 1624 2839 1797 2909; x_wconf 78' lang='lat' dir='ltr'><strong>arguit</strong></span> <span class='ocrx_word' id='word_1_362' title='bbox 1833 2837 2182 2904; x_wconf 82' lang='lat' dir='ltr'><strong>Macedones,</strong></span> 
     </span>
    </p>
   </div>
   <div class='ocr_carea' id='block_1_46' title="bbox 517 2931 2189 3004">
    <p class='ocr_par' dir='ltr' id='par_1_46' title="bbox 517 2931 2189 3004">
     <span class='ocr_line' id='line_1_46' title="bbox 517 2931 2189 3004; baseline 0 -17"><span class='ocrx_word' id='word_1_363' title='bbox 517 2961 522 2964; x_wconf 94' lang='lat'><strong><em>-</em></strong></span> <span class='ocrx_word' id='word_1_364' title='bbox 594 2934 685 3004; x_wconf 90' lang='lat' dir='ltr'><strong>qui</strong></span> <span class='ocrx_word' id='word_1_365' title='bbox 715 2932 838 2987; x_wconf 92' lang='lat' dir='ltr'><strong>illud</strong></span> <span class='ocrx_word' id='word_1_366' title='bbox 867 2941 959 2988; x_wconf 91' lang='lat' dir='ltr'><strong>aut</strong></span> <span class='ocrx_word' id='word_1_367' title='bbox 986 2933 1041 2986; x_wconf 92' lang='lat' dir='ltr'><strong>in</strong></span> <span class='ocrx_word' id='word_1_368' title='bbox 1072 2931 1284 3002; x_wconf 77' lang='lat' dir='ltr'><strong>(Edipo</strong></span> <span class='ocrx_word' id='word_1_369' title='bbox 1307 2931 1695 2999; x_wconf 88' lang='lat' dir='ltr'><strong>laudaverunt,</strong></span> <span class='ocrx_word' id='word_1_370' title='bbox 1748 2941 1840 2986; x_wconf 91' lang='lat' dir='ltr'><strong>aut</strong></span> <span class='ocrx_word' id='word_1_371' title='bbox 1863 2933 1979 3002; x_wconf 91' lang='lat' dir='ltr'><strong>ejus</strong></span> <span class='ocrx_word' id='word_1_372' title='bbox 2005 2947 2189 2988; x_wconf 80' lang='lat' dir='ltr'><strong>exem—</strong></span> 
     </span>
    </p>
   </div>
   <div class='ocr_carea' id='block_1_47' title="bbox 595 3025 2021 3100">
    <p class='ocr_par' dir='ltr' id='par_1_47' title="bbox 595 3025 2021 3100">
     <span class='ocr_line' id='line_1_47' title="bbox 595 3025 2021 3100; baseline -0.001 -18"><span class='ocrx_word' id='word_1_373' title='bbox 595 3027 688 3100; x_wconf 86' lang='lat' dir='ltr'><strong>plo</strong></span> <span class='ocrx_word' id='word_1_374' title='bbox 714 3026 778 3081; x_wconf 87' lang='lat' dir='ltr'><strong>ad</strong></span> <span class='ocrx_word' id='word_1_375' title='bbox 809 3026 1220 3097; x_wconf 86' lang='lat' dir='ltr'><strong>perpetrandum</strong></span> <span class='ocrx_word' id='word_1_376' title='bbox 1247 3040 1365 3081; x_wconf 89' lang='lat' dir='ltr'><strong>sese</strong></span> <span class='ocrx_word' id='word_1_377' title='bbox 1389 3026 1611 3081; x_wconf 82' lang='lat' dir='ltr'><strong>invicem</strong></span> <span class='ocrx_word' id='word_1_378' title='bbox 1641 3025 2021 3096; x_wconf 67' lang='lat' dir='ltr'><strong>provocabunt.</strong></span> 
     </span>
    </p>
   </div>
   <div class='ocr_carea' id='block_1_48' title="bbox 2281 1824 3876 1894">
    <p class='ocr_par' dir='ltr' id='par_1_48' title="bbox 2281 1824 3876 1894">
     <span class='ocr_line' id='line_1_48' title="bbox 2281 1824 3876 1894; baseline 0.001 -13"><span class='ocrx_word' id='word_1_379' title='bbox 2281 1841 2378 1881; x_wconf 90' lang='lat' dir='ltr'><strong>cur</strong></span> <span class='ocrx_word' id='word_1_380' title='bbox 2403 1842 2468 1881; x_wconf 75' lang='lat' dir='ltr'><strong>ex</strong></span> <span class='ocrx_word' id='word_1_381' title='bbox 2512 1825 2761 1881; x_wconf 88' lang='lat' dir='ltr'><strong>Auctoris</strong></span> <span class='ocrx_word' id='word_1_382' title='bbox 2791 1826 2959 1880; x_wconf 90' lang='lat' dir='ltr'><strong>nostri</strong></span> <span class='ocrx_word' id='word_1_383' title='bbox 3006 1835 3149 1880; x_wconf 80' lang='lat' dir='ltr'><strong>textu</strong></span> <span class='ocrx_word' id='word_1_384' title='bbox 3193 1826 3400 1894; x_wconf 89' lang='lat' dir='ltr'><strong>penitus</strong></span> <span class='ocrx_word' id='word_1_385' title='bbox 3439 1824 3721 1880; x_wconf 75' lang='lat' dir='ltr'><strong>abstulerit</strong></span> <span class='ocrx_word' id='word_1_386' title='bbox 3761 1825 3876 1882; x_wconf 69' lang='lat' dir='ltr'><strong>lucc</strong></span> 
     </span>
    </p>
   </div>
   <div class='ocr_carea' id='block_1_49' title="bbox 2285 1917 3886 1988">
    <p class='ocr_par' dir='ltr' id='par_1_49' title="bbox 2285 1917 3886 1988">
     <span class='ocr_line' id='line_1_49' title="bbox 2285 1917 3886 1988; baseline -0.001 -11"><span class='ocrx_word' id='word_1_387' title='bbox 2285 1921 2445 1977; x_wconf 84' lang='lat' dir='ltr'><strong>verba</strong></span> <span class='ocrx_word' id='word_1_388' title='bbox 2476 1939 2486 1974; x_wconf 94' lang='lat'>:</span> <span class='ocrx_word' id='word_1_389' title='bbox 2523 1920 2622 1988; x_wconf 84' lang='lat' dir='ltr'><strong>Qui</strong></span> <span class='ocrx_word' id='word_1_390' title='bbox 2655 1937 2769 1974; x_wconf 89' lang='lat' dir='ltr'><strong>eum</strong></span> <span class='ocrx_word' id='word_1_391' title='bbox 2812 1920 3075 1974; x_wconf 64' lang='lat' dir='ltr'><strong>nutrierat.</strong></span> <span class='ocrx_word' id='word_1_392' title='bbox 3119 1917 3385 1988; x_wconf 84' lang='lat' dir='ltr'><strong>Numquid</strong></span> <span class='ocrx_word' id='word_1_393' title='bbox 3433 1918 3502 1972; x_wconf 87' lang='lat' dir='ltr'><strong>ibi</strong></span> <span class='ocrx_word' id='word_1_394' title='bbox 3536 1928 3644 1972; x_wconf 87' lang='lat' dir='ltr'><strong>tam</strong></span> <span class='ocrx_word' id='word_1_395' title='bbox 3679 1918 3886 1976; x_wconf 85' lang='lat' dir='ltr'><strong>inutilia</strong></span> 
     </span>
    </p>
   </div>
   <div class='ocr_carea' id='block_1_50' title="bbox 2284 2008 3883 2080">
    <p class='ocr_par' dir='ltr' id='par_1_50' title="bbox 2284 2008 3883 2080">
     <span class='ocr_line' id='line_1_50' title="bbox 2284 2008 3883 2080; baseline -0.003 -10"><span class='ocrx_word' id='word_1_396' title='bbox 2284 2022 2410 2070; x_wconf 87' lang='lat' dir='ltr'><strong>sunt</strong></span> <span class='ocrx_word' id='word_1_397' title='bbox 2434 2055 2449 2079; x_wconf 97' lang='lat'><strong>,</strong></span> <span class='ocrx_word' id='word_1_398' title='bbox 2483 2021 2538 2068; x_wconf 91' lang='lat' dir='ltr'><strong>ut</strong></span> <span class='ocrx_word' id='word_1_399' title='bbox 2569 2011 2782 2067; x_wconf 89' lang='lat' dir='ltr'><strong>nemine</strong></span> <span class='ocrx_word' id='word_1_400' title='bbox 2821 2012 3025 2065; x_wconf 90' lang='lat' dir='ltr'><strong>monito</strong></span> <span class='ocrx_word' id='word_1_401' title='bbox 3046 2051 3060 2076; x_wconf 93' lang='lat'><strong>,</strong></span> <span class='ocrx_word' id='word_1_402' title='bbox 3103 2009 3362 2080; x_wconf 85' lang='lat' dir='ltr'><strong>amputari</strong></span> <span class='ocrx_word' id='word_1_403' title='bbox 3390 2008 3714 2064; x_wconf 83' lang='lat' dir='ltr'><strong>debuerint?</strong></span> <span class='ocrx_word' id='word_1_404' title='bbox 3738 2008 3883 2065; x_wconf 85' lang='lat' dir='ltr'><strong>Non-</strong></span> 
     </span>
    </p>
   </div>
   <div class='ocr_carea' id='block_1_51' title="bbox 2285 2099 3882 2175">
    <p class='ocr_par' dir='ltr' id='par_1_51' title="bbox 2285 2099 3882 2175">
     <span class='ocr_line' id='line_1_51' title="bbox 2285 2099 3882 2175; baseline -0.004 -15"><span class='ocrx_word' id='word_1_405' title='bbox 2285 2121 2354 2160; x_wconf 91' lang='lat' dir='ltr'><strong>ne</strong></span> <span class='ocrx_word' id='word_1_406' title='bbox 2384 2113 2567 2175; x_wconf 90' lang='lat' dir='ltr'><strong>postea</strong></span> <span class='ocrx_word' id='word_1_407' title='bbox 2595 2103 2730 2158; x_wconf 74' lang='lat' dir='ltr'><strong>dixit</strong></span> <span class='ocrx_word' id='word_1_408' title='bbox 2764 2117 2779 2157; x_wconf 89' lang='lat'><strong>:</strong></span> <span class='ocrx_word' id='word_1_409' title='bbox 2815 2103 3067 2160; x_wconf 77' lang='lat' dir='ltr'><strong>Mutunus</strong></span> <span class='ocrx_word' id='word_1_410' title='bbox 3102 2101 3162 2173; x_wconf 33' lang='lat' dir='ltr'><strong>in.</strong></span> <span class='ocrx_word' id='word_1_411' title='bbox 3186 2100 3400 2167; x_wconf 83' lang='lat' dir='ltr'><strong>pueritia</strong></span> <span class='ocrx_word' id='word_1_412' title='bbox 3424 2100 3449 2152; x_wconf 84' lang='lat'><strong><em>?</em></strong></span> <span class='ocrx_word' id='word_1_413' title='bbox 3481 2100 3718 2170; x_wconf 87' lang='lat' dir='ltr'><strong>Denique</strong></span> <span class='ocrx_word' id='word_1_414' title='bbox 3747 2099 3882 2164; x_wconf 90' lang='lat' dir='ltr'><strong>ista,</strong></span> 
     </span>
    </p>
   </div>
   <div class='ocr_carea' id='block_1_52' title="bbox 2285 2192 3885 2262">
    <p class='ocr_par' dir='ltr' id='par_1_52' title="bbox 2285 2192 3885 2262">
     <span class='ocr_line' id='line_1_52' title="bbox 2285 2192 3885 2262; baseline -0.004 -10"><span class='ocrx_word' id='word_1_415' title='bbox 2285 2197 2364 2252; x_wconf 81' lang='lat' dir='ltr'><strong>vel</strong></span> <span class='ocrx_word' id='word_1_416' title='bbox 2388 2214 2419 2251; x_wconf 83' lang='grc' dir='ltr'><em>α</em></span> <span class='ocrx_word' id='word_1_417' title='bbox 2448 2197 2621 2250; x_wconf 86' lang='lat' dir='ltr'><strong>limine</strong></span> <span class='ocrx_word' id='word_1_418' title='bbox 2641 2238 2654 2262; x_wconf 95' lang='lat'><strong>,</strong></span> <span class='ocrx_word' id='word_1_419' title='bbox 2681 2203 2735 2250; x_wconf 88' lang='lat' dir='ltr'><strong>et</strong></span> <span class='ocrx_word' id='word_1_420' title='bbox 2764 2195 2959 2248; x_wconf 85' lang='lat' dir='ltr'><strong>intrans</strong></span> <span class='ocrx_word' id='word_1_421' title='bbox 2978 2235 2993 2260; x_wconf 95' lang='lat'><strong>,</strong></span> <span class='ocrx_word' id='word_1_422' title='bbox 3022 2193 3351 2248; x_wconf 82' lang='lat' dir='ltr'><strong>detrahenda</strong></span> <span class='ocrx_word' id='word_1_423' title='bbox 3379 2192 3683 2260; x_wconf 76' lang='lat' dir='ltr'><strong>suSpicatnr</strong></span> <span class='ocrx_word' id='word_1_424' title='bbox 3707 2233 3723 2255; x_wconf 92' lang='lat'><strong>,</strong></span> <span class='ocrx_word' id='word_1_425' title='bbox 3763 2193 3885 2262; x_wconf 90' lang='lat' dir='ltr'><strong>quia</strong></span> 
     </span>
    </p>
   </div>
   <div class='ocr_carea' id='block_1_53' title="bbox 2287 2285 3884 2360">
    <p class='ocr_par' dir='ltr' id='par_1_53' title="bbox 2287 2285 3884 2360">
     <span class='ocr_line' id='line_1_53' title="bbox 2287 2285 3884 2360; baseline -0.002 -16"><span class='ocrx_word' id='word_1_426' title='bbox 2287 2291 2554 2360; x_wconf 83' lang='lat' dir='ltr'><strong>posterius</strong></span> <span class='ocrx_word' id='word_1_427' title='bbox 2585 2287 2778 2358; x_wconf 83' lang='lat' dir='ltr'><strong>prioris</strong></span> <span class='ocrx_word' id='word_1_428' title='bbox 2809 2288 3173 2354; x_wconf 84' lang='lat' dir='ltr'><strong>interpretatio</strong></span> <span class='ocrx_word' id='word_1_429' title='bbox 3199 2293 3302 2341; x_wconf 85' lang='lat' dir='ltr'><strong>est.</strong></span> <span class='ocrx_word' id='word_1_430' title='bbox 3334 2285 3442 2340; x_wconf 89' lang='lat' dir='ltr'><strong>Sed</strong></span> <span class='ocrx_word' id='word_1_431' title='bbox 3469 2285 3537 2340; x_wconf 89' lang='lat' dir='ltr'><strong>de</strong></span> <span class='ocrx_word' id='word_1_432' title='bbox 3570 2286 3653 2339; x_wconf 92' lang='lat' dir='ltr'><strong>his</strong></span> <span class='ocrx_word' id='word_1_433' title='bbox 3680 2285 3768 2339; x_wconf 89' lang='lat' dir='ltr'><strong>alii</strong></span> <span class='ocrx_word' id='word_1_434' title='bbox 3793 2286 3884 2356; x_wconf 86' lang='lat' dir='ltr'><strong>ju-</strong></span> 
     </span>
    </p>
   </div>
   <div class='ocr_carea' id='block_1_54' title="bbox 2287 2377 3884 2448">
    <p class='ocr_par' dir='ltr' id='par_1_54' title="bbox 2287 2377 3884 2448">
     <span class='ocr_line' id='line_1_54' title="bbox 2287 2377 3884 2448; baseline -0.001 -12"><span class='ocrx_word' id='word_1_435' title='bbox 2287 2379 2485 2436; x_wconf 87' lang='lat' dir='ltr'><strong>dicent.</strong></span> <span class='ocrx_word' id='word_1_436' title='bbox 2515 2379 2678 2435; x_wconf 85' lang='lat' dir='ltr'><strong>Nobis</strong></span> <span class='ocrx_word' id='word_1_437' title='bbox 2707 2388 2882 2433; x_wconf 89' lang='lat' dir='ltr'><strong>autem</strong></span> <span class='ocrx_word' id='word_1_438' title='bbox 2913 2379 2957 2433; x_wconf 93' lang='lat' dir='ltr'><strong>si</strong></span> <span class='ocrx_word' id='word_1_439' title='bbox 2984 2377 3301 2447; x_wconf 86' lang='lat' dir='ltr'><strong>conjiciendi</strong></span> <span class='ocrx_word' id='word_1_440' title='bbox 3326 2377 3478 2432; x_wconf 91' lang='lat' dir='ltr'><strong>locus</strong></span> <span class='ocrx_word' id='word_1_441' title='bbox 3503 2377 3758 2445; x_wconf 90' lang='lat' dir='ltr'><strong>daretur,</strong></span> <span class='ocrx_word' id='word_1_442' title='bbox 3786 2392 3884 2448; x_wconf 90' lang='lat' dir='ltr'><strong>pro</strong></span> 
     </span>
    </p>
   </div>
   <div class='ocr_carea' id='block_1_55' title="bbox 2289 2469 3882 2541">
    <p class='ocr_par' dir='ltr' id='par_1_55' title="bbox 2289 2469 3882 2541">
     <span class='ocr_line' id='line_1_55' title="bbox 2289 2469 3882 2541; baseline -0.001 -15"><span class='ocrx_word' id='word_1_443' title='bbox 2289 2471 2373 2526; x_wconf 84' lang='lat' dir='ltr'><strong>his</strong></span> <span class='ocrx_word' id='word_1_444' title='bbox 2401 2471 2581 2526; x_wconf 79' lang='lat' dir='ltr'><strong>verbis</strong></span> <span class='ocrx_word' id='word_1_445' title='bbox 2624 2486 2917 2541; x_wconf 85' lang='lat' dir='ltr'><strong>progressus</strong></span> <span class='ocrx_word' id='word_1_446' title='bbox 2960 2471 3084 2528; x_wconf 88' lang='lat' dir='ltr'><strong>iter.</strong></span> <span class='ocrx_word' id='word_1_447' title='bbox 3125 2469 3405 2540; x_wconf 86' lang='lat' dir='ltr'><strong>legendum</strong></span> <span class='ocrx_word' id='word_1_448' title='bbox 3450 2469 3882 2539; x_wconf 83' lang='lat' dir='ltr'><strong>suspicarentur,</strong></span> 
     </span>
    </p>
   </div>
   <div class='ocr_carea' id='block_1_56' title="bbox 2290 2561 3882 2634">
    <p class='ocr_par' dir='ltr' id='par_1_56' title="bbox 2290 2561 3882 2634">
     <span class='ocr_line' id='line_1_56' title="bbox 2290 2561 3882 2634; baseline 0.001 -18"><span class='ocrx_word' id='word_1_449' title='bbox 2290 2578 2586 2634; x_wconf 83' lang='lat' dir='ltr'><strong>progressus</strong></span> <span class='ocrx_word' id='word_1_450' title='bbox 2615 2579 2771 2632; x_wconf 89' lang='lat' dir='ltr'><strong>puer,</strong></span> <span class='ocrx_word' id='word_1_451' title='bbox 2801 2561 2869 2616; x_wconf 89' lang='lat' dir='ltr'><strong>de</strong></span> <span class='ocrx_word' id='word_1_452' title='bbox 2897 2576 3006 2632; x_wconf 91' lang='lat' dir='ltr'><strong>quo</strong></span> <span class='ocrx_word' id='word_1_453' title='bbox 3028 2561 3278 2615; x_wconf 91' lang='lat' dir='ltr'><strong>nimirum</strong></span> <span class='ocrx_word' id='word_1_454' title='bbox 3312 2561 3382 2616; x_wconf 89' lang='lat' dir='ltr'><strong>ibi</strong></span> <span class='ocrx_word' id='word_1_455' title='bbox 3412 2562 3618 2632; x_wconf 89' lang='lat' dir='ltr'><strong>agitur,</strong></span> <span class='ocrx_word' id='word_1_456' title='bbox 3649 2570 3702 2616; x_wconf 91' lang='lat' dir='ltr'><strong>et</strong></span> <span class='ocrx_word' id='word_1_457' title='bbox 3727 2561 3882 2632; x_wconf 82' lang='lat' dir='ltr'><strong>cujus</strong></span> 
     </span>
    </p>
   </div>
   <div class='ocr_carea' id='block_1_57' title="bbox 2291 2654 3235 2726">
    <p class='ocr_par' dir='ltr' id='par_1_57' title="bbox 2291 2654 3235 2726">
     <span class='ocr_line' id='line_1_57' title="bbox 2291 2654 3235 2726; baseline 0 -18"><span class='ocrx_word' id='word_1_458' title='bbox 2291 2655 2516 2726; x_wconf 89' lang='lat' dir='ltr'><strong>pueritia</strong></span> <span class='ocrx_word' id='word_1_459' title='bbox 2545 2654 2705 2724; x_wconf 86' lang='lat' dir='ltr'><strong>paulo</strong></span> <span class='ocrx_word' id='word_1_460' title='bbox 2736 2663 2856 2724; x_wconf 89' lang='lat' dir='ltr'><strong>post</strong></span> <span class='ocrx_word' id='word_1_461' title='bbox 2885 2662 3235 2708; x_wconf 89' lang='lat' dir='ltr'><strong>memoratur.</strong></span> 
     </span>
    </p>
   </div>
   <div class='ocr_carea' id='block_1_58' title="bbox 2363 2743 3885 2816">
    <p class='ocr_par' dir='ltr' id='par_1_58' title="bbox 2363 2743 3885 2816">
     <span class='ocr_line' id='line_1_58' title="bbox 2363 2743 3885 2816; baseline -0.003 -14"><span class='ocrx_word' id='word_1_462' title='bbox 2363 2747 2711 2816; x_wconf 85' lang='lat' dir='ltr'><strong>Quantumvis</strong></span> <span class='ocrx_word' id='word_1_463' title='bbox 2741 2755 2918 2801; x_wconf 88' lang='lat' dir='ltr'><strong>autem</strong></span> <span class='ocrx_word' id='word_1_464' title='bbox 2957 2745 3275 2815; x_wconf 81' lang='lat' dir='ltr'><strong>depravatus</strong></span> <span class='ocrx_word' id='word_1_465' title='bbox 3313 2745 3383 2799; x_wconf 92' lang='lat' dir='ltr'><strong>sit</strong></span> <span class='ocrx_word' id='word_1_466' title='bbox 3428 2743 3514 2799; x_wconf 92' lang='lat' dir='ltr'><strong>hic</strong></span> <span class='ocrx_word' id='word_1_467' title='bbox 3557 2744 3734 2810; x_wconf 88' lang='lat' dir='ltr'><strong>locus,</strong></span> <span class='ocrx_word' id='word_1_468' title='bbox 3774 2757 3885 2798; x_wconf 89' lang='lat' dir='ltr'><strong>non</strong></span> 
     </span>
    </p>
   </div>
   <div class='ocr_carea' id='block_1_59' title="bbox 2293 2837 3881 2908">
    <p class='ocr_par' dir='ltr' id='par_1_59' title="bbox 2293 2837 3881 2908">
     <span class='ocr_line' id='line_1_59' title="bbox 2293 2837 3881 2908; baseline -0.004 -12"><span class='ocrx_word' id='word_1_469' title='bbox 2293 2849 2470 2896; x_wconf 89' lang='lat' dir='ltr'><strong>tamen</strong></span> <span class='ocrx_word' id='word_1_470' title='bbox 2495 2841 2670 2894; x_wconf 91' lang='lat' dir='ltr'><strong>minus</strong></span> <span class='ocrx_word' id='word_1_471' title='bbox 2689 2847 2833 2894; x_wconf 89' lang='lat' dir='ltr'><strong>certa</strong></span> <span class='ocrx_word' id='word_1_472' title='bbox 2860 2846 2943 2892; x_wconf 91' lang='lat' dir='ltr'><strong>est</strong></span> <span class='ocrx_word' id='word_1_473' title='bbox 2976 2837 3133 2908; x_wconf 83' lang='lat' dir='ltr'><strong>hujus</strong></span> <span class='ocrx_word' id='word_1_474' title='bbox 3159 2838 3342 2891; x_wconf 84' lang='lat' dir='ltr'><strong>nefarii</strong></span> <span class='ocrx_word' id='word_1_475' title='bbox 3375 2837 3609 2892; x_wconf 89' lang='lat' dir='ltr'><strong>incestus</strong></span> <span class='ocrx_word' id='word_1_476' title='bbox 3637 2837 3881 2892; x_wconf 89' lang='lat' dir='ltr'><strong>historia.</strong></span> 
     </span>
    </p>
   </div>
   <div class='ocr_carea' id='block_1_60' title="bbox 2296 2929 3890 3002">
    <p class='ocr_par' dir='ltr' id='par_1_60' title="bbox 2296 2929 3890 3002">
     <span class='ocr_line' id='line_1_60' title="bbox 2296 2929 3890 3002; baseline -0.001 -16"><span class='ocrx_word' id='word_1_477' title='bbox 2296 2932 2461 2986; x_wconf 78' lang='lat' dir='ltr'><strong>Recte</strong></span> <span class='ocrx_word' id='word_1_478' title='bbox 2503 2946 2632 3002; x_wconf 87' lang='lat' dir='ltr'><strong>ergo</strong></span> <span class='ocrx_word' id='word_1_479' title='bbox 2676 2929 2946 2985; x_wconf 88' lang='lat' dir='ltr'><strong>concludit</strong></span> <span class='ocrx_word' id='word_1_480' title='bbox 2999 2929 3125 2984; x_wconf 89' lang='lat' dir='ltr'><strong>inde</strong></span> <span class='ocrx_word' id='word_1_481' title='bbox 3155 2929 3510 2983; x_wconf 84' lang='lat' dir='ltr'><strong>&#39;l‘ertullianus</strong></span> <span class='ocrx_word' id='word_1_482' title='bbox 3541 2930 3725 2998; x_wconf 88' lang='lat' dir='ltr'><strong>plures</strong></span> <span class='ocrx_word' id='word_1_483' title='bbox 3754 2931 3890 2984; x_wconf 89' lang='lat' dir='ltr'><strong>alios</strong></span> 
     </span>
    </p>
   </div>
   <div class='ocr_carea' id='block_1_61' title="bbox 2294 3023 3888 3094">
    <p class='ocr_par' dir='ltr' id='par_1_61' title="bbox 2294 3023 3888 3094">
     <span class='ocr_line' id='line_1_61' title="bbox 2294 3023 3888 3094; baseline -0.001 -15"><span class='ocrx_word' id='word_1_484' title='bbox 2294 3024 2460 3080; x_wconf 88' lang='lat' dir='ltr'><strong>fuisse</strong></span> <span class='ocrx_word' id='word_1_485' title='bbox 2487 3034 2736 3094; x_wconf 89' lang='lat' dir='ltr'><strong>parentes</strong></span> <span class='ocrx_word' id='word_1_486' title='bbox 2761 3023 3002 3094; x_wconf 89' lang='lat' dir='ltr'><strong>ejusdem</strong></span> <span class='ocrx_word' id='word_1_487' title='bbox 3037 3039 3156 3078; x_wconf 90' lang='lat' dir='ltr'><strong>reos</strong></span> <span class='ocrx_word' id='word_1_488' title='bbox 3189 3023 3437 3086; x_wconf 83' lang='lat' dir='ltr'><strong>criminis,</strong></span> <span class='ocrx_word' id='word_1_489' title='bbox 3468 3023 3610 3092; x_wconf 90' lang='lat' dir='ltr'><strong>quod</strong></span> <span class='ocrx_word' id='word_1_490' title='bbox 3664 3023 3888 3093; x_wconf 89' lang='lat' dir='ltr'><strong>quidem</strong></span> 
     </span>
    </p>
   </div>
   <div class='ocr_carea' id='block_1_62' title="bbox 671 3113 3888 3206">
    <p class='ocr_par' dir='ltr' id='par_1_62' title="bbox 671 3113 3888 3206">
     <span class='ocr_line' id='line_1_62' title="bbox 671 3113 3888 3206; baseline -0.002 -33"><span class='ocrx_word' id='word_1_491' title='bbox 671 3119 908 3189; x_wconf 90' lang='lat' dir='ltr'><strong>Denique</strong></span> <span class='ocrx_word' id='word_1_492' title='bbox 937 3132 1044 3174; x_wconf 90' lang='lat' dir='ltr'><strong>non</strong></span> <span class='ocrx_word' id='word_1_493' title='bbox 1082 3118 1228 3172; x_wconf 88' lang='lat' dir='ltr'><strong>solos</strong></span> <span class='ocrx_word' id='word_1_494' title='bbox 1255 3116 1571 3172; x_wconf 83' lang='lat' dir='ltr'><strong>Macedones</strong></span> <span class='ocrx_word' id='word_1_495' title='bbox 1591 3157 1604 3180; x_wconf 94' lang='lat'><strong>,</strong></span> <span class='ocrx_word' id='word_1_496' title='bbox 1634 3117 1728 3173; x_wconf 88' lang='lat' dir='ltr'><strong>sed</strong></span> <span class='ocrx_word' id='word_1_497' title='bbox 1757 3117 2028 3188; x_wconf 91' lang='lat' dir='ltr'><strong>quoslibet</strong></span> <span class='ocrx_word' id='word_1_498' title='bbox 2053 3117 2188 3172; x_wconf 90' lang='lat' dir='ltr'><strong>alios</strong></span> <span class='ocrx_word' id='word_1_499' title='bbox 2215 3119 2260 3181; x_wconf 88' lang='lat' dir='ltr'>C</span> <span class='ocrx_word' id='word_1_500' title='bbox 2293 3119 2416 3187; x_wconf 90' lang='lat' dir='ltr'><strong>quia</strong></span> <span class='ocrx_word' id='word_1_501' title='bbox 2444 3117 2708 3172; x_wconf 90' lang='lat' dir='ltr'><strong>occultum</strong></span> <span class='ocrx_word' id='word_1_502' title='bbox 2741 3117 2834 3170; x_wconf 90' lang='lat' dir='ltr'><strong>fuit</strong></span> <span class='ocrx_word' id='word_1_503' title='bbox 2857 3159 2870 3180; x_wconf 90' lang='lat'><strong>,</strong></span> <span class='ocrx_word' id='word_1_504' title='bbox 2903 3115 3111 3170; x_wconf 82' lang='lat' dir='ltr'><strong>debitas</strong></span> <span class='ocrx_word' id='word_1_505' title='bbox 3137 3116 3307 3184; x_wconf 75' lang='lat' dir='ltr'><strong>culpae</strong></span> <span class='ocrx_word' id='word_1_506' title='bbox 3345 3113 3664 3186; x_wconf 75' lang='lat' dir='ltr'><strong>gravissiune</strong></span> <span class='ocrx_word' id='word_1_507' title='bbox 3695 3129 3888 3206; x_wconf 65' lang='lat' dir='ltr'><strong>poenas</strong></span> 
     </span>
    </p>
   </div>
   <div class='ocr_carea' id='block_1_63' title="bbox 596 3208 2192 3280">
    <p class='ocr_par' dir='ltr' id='par_1_63' title="bbox 596 3208 2192 3280">
     <span class='ocr_line' id='line_1_63' title="bbox 596 3208 2192 3280; baseline -0.003 -13"><span class='ocrx_word' id='word_1_508' title='bbox 596 3211 757 3268; x_wconf 89' lang='lat' dir='ltr'><strong>etiam</strong></span> <span class='ocrx_word' id='word_1_509' title='bbox 785 3212 1029 3266; x_wconf 87' lang='lat' dir='ltr'><strong>ethnicos</strong></span> <span class='ocrx_word' id='word_1_510' title='bbox 1069 3209 1228 3280; x_wconf 89' lang='lat' dir='ltr'><strong>hujus</strong></span> <span class='ocrx_word' id='word_1_511' title='bbox 1255 3208 1439 3280; x_wconf 84' lang='lat' dir='ltr'><strong>ﬂagitii</strong></span> <span class='ocrx_word' id='word_1_512' title='bbox 1470 3208 1718 3264; x_wconf 91' lang='lat' dir='ltr'><strong>conscios</strong></span> <span class='ocrx_word' id='word_1_513' title='bbox 1747 3223 1868 3264; x_wconf 91' lang='lat' dir='ltr'><strong>esse</strong></span> <span class='ocrx_word' id='word_1_514' title='bbox 1913 3208 2035 3264; x_wconf 89' lang='lat' dir='ltr'><strong>inde</strong></span> <span class='ocrx_word' id='word_1_515' title='bbox 2062 3223 2192 3263; x_wconf 90' lang='lat' dir='ltr'><strong>con-</strong></span> 
     </span>
    </p>
   </div>
   <div class='ocr_carea' id='block_1_64' title="bbox 600 3303 2190 3376">
    <p class='ocr_par' dir='ltr' id='par_1_64' title="bbox 600 3303 2190 3376">
     <span class='ocr_line' id='line_1_64' title="bbox 600 3303 2190 3376; baseline -0.004 -14"><span class='ocrx_word' id='word_1_516' title='bbox 600 3307 797 3371; x_wconf 86' lang='lat' dir='ltr'><strong>vincit,</strong></span> <span class='ocrx_word' id='word_1_517' title='bbox 827 3304 971 3376; x_wconf 90' lang='lat' dir='ltr'><strong>quod</strong></span> <span class='ocrx_word' id='word_1_518' title='bbox 998 3303 1158 3370; x_wconf 82' lang='lat' dir='ltr'><strong>filios,</strong></span> <span class='ocrx_word' id='word_1_519' title='bbox 1192 3303 1268 3358; x_wconf 88' lang='lat' dir='ltr'><strong>uti</strong></span> <span class='ocrx_word' id='word_1_520' title='bbox 1303 3303 1538 3357; x_wconf 80' lang='lat' dir='ltr'><strong>diximus</strong></span> <span class='ocrx_word' id='word_1_521' title='bbox 1561 3343 1578 3370; x_wconf 96' lang='lat'><strong>,</strong></span> <span class='ocrx_word' id='word_1_522' title='bbox 1621 3317 1811 3358; x_wconf 89' lang='lat' dir='ltr'><strong>recens</strong></span> <span class='ocrx_word' id='word_1_523' title='bbox 1840 3309 1995 3356; x_wconf 89' lang='lat' dir='ltr'><strong>natos</strong></span> <span class='ocrx_word' id='word_1_524' title='bbox 2022 3315 2190 3371; x_wconf 86' lang='lat' dir='ltr'><strong>expo-</strong></span> 
     </span>
    </p>
   </div>
   <div class='ocr_carea' id='block_1_65' title="bbox 598 3392 2194 3468">
    <p class='ocr_par' dir='ltr' id='par_1_65' title="bbox 598 3392 2194 3468">
     <span class='ocr_line' id='line_1_65' title="bbox 598 3392 2194 3468; baseline -0.007 -11"><span class='ocrx_word' id='word_1_525' title='bbox 598 3409 809 3457; x_wconf 89' lang='lat' dir='ltr'><strong>nerent.</strong></span> <span class='ocrx_word' id='word_1_526' title='bbox 841 3399 1098 3454; x_wconf 88' lang='lat' dir='ltr'><strong>Parentes</strong></span> <span class='ocrx_word' id='word_1_527' title='bbox 1123 3396 1384 3468; x_wconf 88' lang='lat' dir='ltr'><strong>siquidem</strong></span> <span class='ocrx_word' id='word_1_528' title='bbox 1425 3396 1546 3450; x_wconf 90' lang='lat' dir='ltr'><strong>illos</strong></span> <span class='ocrx_word' id='word_1_529' title='bbox 1583 3394 1772 3450; x_wconf 75' lang='lat' dir='ltr'><strong>aliena:</strong></span> <span class='ocrx_word' id='word_1_530' title='bbox 1811 3392 2194 3450; x_wconf 73' lang='lat' dir='ltr'><strong>misericordia:</strong></span> 
     </span>
    </p>
   </div>
   <div class='ocr_carea' id='block_1_66' title="bbox 597 3483 2192 3559">
    <p class='ocr_par' dir='ltr' id='par_1_66' title="bbox 597 3483 2192 3559">
     <span class='ocr_line' id='line_1_66' title="bbox 597 3483 2192 3559; baseline -0.006 -13"><span class='ocrx_word' id='word_1_531' title='bbox 597 3499 754 3547; x_wconf 87' lang='lat' dir='ltr'><strong>antea</strong></span> <span class='ocrx_word' id='word_1_532' title='bbox 785 3491 1079 3559; x_wconf 83' lang='lat' dir='ltr'><strong>expositos.</strong></span> <span class='ocrx_word' id='word_1_533' title='bbox 1105 3499 1290 3558; x_wconf 89' lang='lat' dir='ltr'><strong>postea</strong></span> <span class='ocrx_word' id='word_1_534' title='bbox 1323 3500 1428 3542; x_wconf 90' lang='lat' dir='ltr'><strong>non</strong></span> <span class='ocrx_word' id='word_1_535' title='bbox 1458 3487 1842 3557; x_wconf 79' lang='lat' dir='ltr'><strong>agnoscebant,</strong></span> <span class='ocrx_word' id='word_1_536' title='bbox 1863 3500 1961 3539; x_wconf 89' lang='lat' dir='ltr'><strong>nec</strong></span> <span class='ocrx_word' id='word_1_537' title='bbox 1988 3483 2058 3538; x_wconf 89' lang='lat' dir='ltr'><strong>ab</strong></span> <span class='ocrx_word' id='word_1_538' title='bbox 2085 3484 2192 3538; x_wconf 89' lang='lat' dir='ltr'><strong>illis</strong></span> 
     </span>
    </p>
   </div>
   <div class='ocr_carea' id='block_1_67' title="bbox 599 3576 2195 3654">
    <p class='ocr_par' dir='ltr' id='par_1_67' title="bbox 599 3576 2195 3654">
     <span class='ocr_line' id='line_1_67' title="bbox 599 3576 2195 3654; baseline -0.005 -16"><span class='ocrx_word' id='word_1_539' title='bbox 599 3583 1047 3654; x_wconf 87' lang='lat' dir='ltr'><strong>agnoscebautur.</strong></span> <span class='ocrx_word' id='word_1_540' title='bbox 1077 3581 1400 3650; x_wconf 82' lang='lat' dir='ltr'><strong>Plerumque</strong></span> <span class='ocrx_word' id='word_1_541' title='bbox 1433 3581 1590 3650; x_wconf 79' lang='lat' dir='ltr'><strong>igitur</strong></span> <span class='ocrx_word' id='word_1_542' title='bbox 1618 3578 1982 3648; x_wconf 89' lang='lat' dir='ltr'><strong>contingebat,</strong></span> <span class='ocrx_word' id='word_1_543' title='bbox 2013 3586 2070 3632; x_wconf 91' lang='lat' dir='ltr'><strong>ut</strong></span> <span class='ocrx_word' id='word_1_544' title='bbox 2095 3576 2195 3631; x_wconf 91' lang='lat' dir='ltr'><strong>hac</strong></span> 
     </span>
    </p>
   </div>
   <div class='ocr_carea' id='block_1_68' title="bbox 601 3671 2193 3744">
    <p class='ocr_par' dir='ltr' id='par_1_68' title="bbox 601 3671 2193 3744">
     <span class='ocr_line' id='line_1_68' title="bbox 601 3671 2193 3744; baseline -0.003 -16"><span class='ocrx_word' id='word_1_545' title='bbox 601 3673 937 3744; x_wconf 78' lang='lat' dir='ltr'><strong>ignoratione</strong></span> <span class='ocrx_word' id='word_1_546' title='bbox 984 3672 1253 3726; x_wconf 88' lang='lat' dir='ltr'><strong>libidinosi</strong></span> <span class='ocrx_word' id='word_1_547' title='bbox 1307 3671 1378 3724; x_wconf 90' lang='lat' dir='ltr'><strong>illi</strong></span> <span class='ocrx_word' id='word_1_548' title='bbox 1430 3681 1678 3739; x_wconf 89' lang='lat' dir='ltr'><strong>parentes</strong></span> <span class='ocrx_word' id='word_1_549' title='bbox 1723 3680 1966 3739; x_wconf 86' lang='lat' dir='ltr'><strong>stuprum</strong></span> <span class='ocrx_word' id='word_1_550' title='bbox 2017 3671 2193 3724; x_wconf 86' lang='lat' dir='ltr'><strong>inces-</strong></span> 
     </span>
    </p>
   </div>
   <div class='ocr_carea' id='block_1_69' title="bbox 601 3763 2192 3835">
    <p class='ocr_par' dir='ltr' id='par_1_69' title="bbox 601 3763 2192 3835">
     <span class='ocr_line' id='line_1_69' title="bbox 601 3763 2192 3835; baseline -0.003 -14"><span class='ocrx_word' id='word_1_551' title='bbox 601 3773 822 3835; x_wconf 90' lang='lat' dir='ltr'><strong>tumque</strong></span> <span class='ocrx_word' id='word_1_552' title='bbox 861 3765 984 3818; x_wconf 85' lang='lat' dir='ltr'><strong>[iliis</strong></span> <span class='ocrx_word' id='word_1_553' title='bbox 1027 3765 1140 3816; x_wconf 90' lang='lat' dir='ltr'><strong>suis</strong></span> <span class='ocrx_word' id='word_1_554' title='bbox 1184 3763 1441 3817; x_wconf 86' lang='lat' dir='ltr'><strong>inferrent</strong></span> <span class='ocrx_word' id='word_1_555' title='bbox 1471 3764 1488 3832; x_wconf 94' lang='lat'><strong>(</strong></span> <span class='ocrx_word' id='word_1_556' title='bbox 1521 3763 1817 3817; x_wconf 83' lang='lat' dir='ltr'><strong>Tertullian.</strong></span> <span class='ocrx_word' id='word_1_557' title='bbox 1840 3803 1856 3826; x_wconf 94' lang='lat'><strong>,</strong></span> <span class='ocrx_word' id='word_1_558' title='bbox 1883 3763 2151 3834; x_wconf 80' lang='lat' dir='ltr'><strong>Apologet.</strong></span> <span class='ocrx_word' id='word_1_559' title='bbox 2175 3805 2192 3832; x_wconf 92' lang='lat'><strong>,</strong></span> 
     </span>
    </p>
   </div>
   <div class='ocr_carea' id='block_1_70' title="bbox 601 3854 2192 3930">
    <p class='ocr_par' dir='ltr' id='par_1_70' title="bbox 601 3854 2192 3930">
     <span class='ocr_line' id='line_1_70' title="bbox 601 3854 2192 3930; baseline -0.001 -18"><span class='ocrx_word' id='word_1_560' title='bbox 601 3873 717 3930; x_wconf 87' lang='lat' dir='ltr'><strong>cap.</strong></span> <span class='ocrx_word' id='word_1_561' title='bbox 749 3858 804 3920; x_wconf 86' lang='lat'><strong>9,</strong></span> <span class='ocrx_word' id='word_1_562' title='bbox 833 3874 953 3928; x_wconf 88' lang='lat' dir='ltr'><strong>pag.</strong></span> <span class='ocrx_word' id='word_1_563' title='bbox 981 3855 1108 3916; x_wconf 77' lang='lat'><strong>5‘26.</strong></span> <span class='ocrx_word' id='word_1_564' title='bbox 1159 3864 1206 3908; x_wconf 88' lang='lat' dir='ltr'><strong>et</strong></span> <span class='ocrx_word' id='word_1_565' title='bbox 1233 3854 1320 3908; x_wconf 88' lang='lat' dir='ltr'><strong>lib.</strong></span> <span class='ocrx_word' id='word_1_566' title='bbox 1353 3854 1375 3908; x_wconf 87' lang='grc' dir='ltr'>Ι</span> <span class='ocrx_word' id='word_1_567' title='bbox 1411 3855 1478 3908; x_wconf 91' lang='lat' dir='ltr'><strong>ad</strong></span> <span class='ocrx_word' id='word_1_568' title='bbox 1506 3854 1745 3921; x_wconf 89' lang='lat' dir='ltr'><strong>Nation.,</strong></span> <span class='ocrx_word' id='word_1_569' title='bbox 1773 3872 1888 3924; x_wconf 90' lang='lat' dir='ltr'><strong>cap.</strong></span> <span class='ocrx_word' id='word_1_570' title='bbox 1922 3856 2010 3922; x_wconf 84' lang='grc'><strong>16,</strong></span> <span class='ocrx_word' id='word_1_571' title='bbox 2067 3875 2192 3928; x_wconf 86' lang='lat' dir='ltr'><strong>pag.</strong></span> 
     </span>
    </p>
   </div>
   <div class='ocr_carea' id='block_1_71' title="bbox 603 3947 2196 4022">
    <p class='ocr_par' dir='ltr' id='par_1_71' title="bbox 603 3947 2196 4022">
     <span class='ocr_line' id='line_1_71' title="bbox 603 3947 2196 4022; baseline -0.003 -13"><span class='ocrx_word' id='word_1_572' title='bbox 603 3951 711 4010; x_wconf 74' lang='grc'><strong>582</strong></span> <span class='ocrx_word' id='word_1_573' title='bbox 743 3952 784 4022; x_wconf 93' lang='grc'><strong>).</strong></span> <span class='ocrx_word' id='word_1_574' title='bbox 829 3948 1218 4006; x_wconf 86' lang='lat' dir='ltr'><strong>lufanstissimo</strong></span> <span class='ocrx_word' id='word_1_575' title='bbox 1269 3958 1446 4003; x_wconf 90' lang='lat' dir='ltr'><strong>autem</strong></span> <span class='ocrx_word' id='word_1_576' title='bbox 1485 3947 1539 4003; x_wconf 91' lang='lat' dir='ltr'><strong>id</strong></span> <span class='ocrx_word' id='word_1_577' title='bbox 1591 3948 1950 4004; x_wconf 87' lang='lat' dir='ltr'><strong>Tertullianus</strong></span> <span class='ocrx_word' id='word_1_578' title='bbox 2005 3950 2196 4019; x_wconf 90' lang='lat' dir='ltr'><strong>probat</strong></span> 
     </span>
    </p>
   </div>
   <div class='ocr_carea' id='block_1_72' title="bbox 601 4041 2195 4116">
    <p class='ocr_par' dir='ltr' id='par_1_72' title="bbox 601 4041 2195 4116">
     <span class='ocr_line' id='line_1_72' title="bbox 601 4041 2195 4116; baseline -0.003 -14"><span class='ocrx_word' id='word_1_579' title='bbox 601 4045 851 4116; x_wconf 83' lang='lat' dir='ltr'><strong>excluplo</strong></span> <span class='ocrx_word' id='word_1_580' title='bbox 876 4085 892 4111; x_wconf 94' lang='lat'><strong>,</strong></span> <span class='ocrx_word' id='word_1_581' title='bbox 929 4042 1068 4114; x_wconf 93' lang='lat' dir='ltr'><strong>quod</strong></span> <span class='ocrx_word' id='word_1_582' title='bbox 1116 4042 1273 4112; x_wconf 87' lang='lat' dir='ltr'><strong>paulo</strong></span> <span class='ocrx_word' id='word_1_583' title='bbox 1313 4050 1594 4112; x_wconf 87' lang='lat' dir='ltr'><strong>antequam</strong></span> <span class='ocrx_word' id='word_1_584' title='bbox 1637 4042 1806 4097; x_wconf 90' lang='lat' dir='ltr'><strong>libros</strong></span> <span class='ocrx_word' id='word_1_585' title='bbox 1843 4042 1912 4096; x_wconf 86' lang='lat' dir='ltr'><strong>ad</strong></span> <span class='ocrx_word' id='word_1_586' title='bbox 1945 4041 2195 4098; x_wconf 87' lang='lat' dir='ltr'><strong>Nationes</strong></span> 
     </span>
    </p>
   </div>
   <div class='ocr_carea' id='block_1_73' title="bbox 601 4133 2193 4206">
    <p class='ocr_par' dir='ltr' id='par_1_73' title="bbox 601 4133 2193 4206">
     <span class='ocr_line' id='line_1_73' title="bbox 601 4133 2193 4206; baseline -0.003 -11"><span class='ocrx_word' id='word_1_587' title='bbox 601 4140 1006 4204; x_wconf 58' lang='lat' dir='ltr'><strong>conscriberet,</strong></span> <span class='ocrx_word' id='word_1_588' title='bbox 1055 4134 1340 4206; x_wconf 90' lang='lat' dir='ltr'><strong>atque,uti</strong></span> <span class='ocrx_word' id='word_1_589' title='bbox 1388 4135 1636 4199; x_wconf 87' lang='lat' dir='ltr'><strong>videtur,</strong></span> <span class='ocrx_word' id='word_1_590' title='bbox 1689 4133 1986 4204; x_wconf 89' lang='lat' dir='ltr'><strong>imperante</strong></span> <span class='ocrx_word' id='word_1_591' title='bbox 2027 4133 2193 4190; x_wconf 88' lang='lat' dir='ltr'><strong>Com-</strong></span> 
     </span>
    </p>
   </div>
   <div class='ocr_carea' id='block_1_74' title="bbox 604 4226 2198 4294">
    <p class='ocr_par' dir='ltr' id='par_1_74' title="bbox 604 4226 2198 4294">
     <span class='ocr_line' id='line_1_74' title="bbox 604 4226 2198 4294; baseline -0.003 -8"><span class='ocrx_word' id='word_1_592' title='bbox 604 4231 785 4294; x_wconf 90' lang='lat' dir='ltr'><strong>modo,</strong></span> <span class='ocrx_word' id='word_1_593' title='bbox 822 4230 1006 4284; x_wconf 61' lang='lat' dir='ltr'><strong>Romae</strong></span> <span class='ocrx_word' id='word_1_594' title='bbox 1035 4227 1326 4284; x_wconf 89' lang='lat' dir='ltr'><strong>acciderat.</strong></span> <span class='ocrx_word' id='word_1_595' title='bbox 1359 4226 1494 4282; x_wconf 85' lang='lat' dir='ltr'><strong>Tum</strong></span> <span class='ocrx_word' id='word_1_596' title='bbox 1523 4227 1665 4281; x_wconf 86' lang='lat' dir='ltr'><strong>enim</strong></span> <span class='ocrx_word' id='word_1_597' title='bbox 1697 4227 1992 4282; x_wconf 88' lang='lat' dir='ltr'><strong>Fuscianus</strong></span> <span class='ocrx_word' id='word_1_598' title='bbox 2013 4268 2028 4292; x_wconf 92' lang='lat'><strong>,</strong></span> <span class='ocrx_word' id='word_1_599' title='bbox 2059 4227 2198 4282; x_wconf 90' lang='lat' dir='ltr'><strong>sicut</strong></span> 
     </span>
    </p>
   </div>
   <div class='ocr_carea' id='block_1_75' title="bbox 605 4320 2197 4392">
    <p class='ocr_par' dir='ltr' id='par_1_75' title="bbox 605 4320 2197 4392">
     <span class='ocr_line' id='line_1_75' title="bbox 605 4320 2197 4392; baseline -0.003 -14"><span class='ocrx_word' id='word_1_600' title='bbox 605 4323 694 4378; x_wconf 92' lang='lat' dir='ltr'><strong>ille</strong></span> <span class='ocrx_word' id='word_1_601' title='bbox 741 4323 854 4386; x_wconf 90' lang='lat' dir='ltr'><strong>ait,</strong></span> <span class='ocrx_word' id='word_1_602' title='bbox 890 4321 1018 4378; x_wconf 88' lang='lat' dir='ltr'><strong>Urbi</strong></span> <span class='ocrx_word' id='word_1_603' title='bbox 1064 4320 1346 4392; x_wconf 75' lang='lat' dir='ltr'><strong>prrefectus</strong></span> <span class='ocrx_word' id='word_1_604' title='bbox 1383 4329 1533 4388; x_wconf 90' lang='lat' dir='ltr'><strong>erat,</strong></span> <span class='ocrx_word' id='word_1_605' title='bbox 1576 4335 1696 4376; x_wconf 92' lang='lat' dir='ltr'><strong>cum</strong></span> <span class='ocrx_word' id='word_1_606' title='bbox 1727 4335 1858 4392; x_wconf 92' lang='lat' dir='ltr'><strong>puer</strong></span> <span class='ocrx_word' id='word_1_607' title='bbox 1885 4320 2098 4389; x_wconf 86' lang='lat' dir='ltr'><strong>quidam</strong></span> <span class='ocrx_word' id='word_1_608' title='bbox 2129 4336 2197 4376; x_wconf 83' lang='lat' dir='ltr'><strong>ex</strong></span> 
     </span>
    </p>
   </div>
   <div class='ocr_carea' id='block_1_76' title="bbox 605 4415 2244 4490">
    <p class='ocr_par' dir='ltr' id='par_1_76' title="bbox 605 4415 2244 4490">
     <span class='ocr_line' id='line_1_76' title="bbox 605 4415 2244 4490; baseline -0.002 -18"><span class='ocrx_word' id='word_1_609' title='bbox 605 4429 842 4490; x_wconf 73' lang='lat' dir='ltr'><strong>paterna:</strong></span> <span class='ocrx_word' id='word_1_610' title='bbox 877 4417 1071 4472; x_wconf 91' lang='lat' dir='ltr'><strong>domus</strong></span> <span class='ocrx_word' id='word_1_611' title='bbox 1113 4417 1295 4472; x_wconf 91' lang='lat' dir='ltr'><strong>limine</strong></span> <span class='ocrx_word' id='word_1_612' title='bbox 1345 4431 1617 4487; x_wconf 87' lang='lat' dir='ltr'><strong>egressus,</strong></span> <span class='ocrx_word' id='word_1_613' title='bbox 1666 4417 1870 4485; x_wconf 89' lang='lat' dir='ltr'><strong>rapitur</strong></span> <span class='ocrx_word' id='word_1_614' title='bbox 1897 4430 1926 4468; x_wconf 91' lang='lat' dir='ltr'><strong>a</strong></span> <span class='ocrx_word' id='word_1_615' title='bbox 1962 4415 2198 4485; x_wconf 69' lang='lat' dir='ltr'><strong>grazculo</strong></span> <span class='ocrx_word' id='word_1_616' title='bbox 2241 4474 2244 4475; x_wconf 23' lang='grc' dir='ltr'><em>ν</em></span> 
     </span>
    </p>
   </div>
   <div class='ocr_carea' id='block_1_77' title="bbox 2294 3204 3886 3277">
    <p class='ocr_par' dir='ltr' id='par_1_77' title="bbox 2294 3204 3886 3277">
     <span class='ocr_line' id='line_1_77' title="bbox 2294 3204 3886 3277; baseline -0.002 -14"><span class='ocrx_word' id='word_1_617' title='bbox 2294 3207 2614 3277; x_wconf 85' lang='lat' dir='ltr'><strong>effugerunt.</strong></span> <span class='ocrx_word' id='word_1_618' title='bbox 2646 3207 2776 3275; x_wconf 87' lang='lat' dir='ltr'><strong>Quis</strong></span> <span class='ocrx_word' id='word_1_619' title='bbox 2821 3221 2978 3275; x_wconf 90' lang='lat' dir='ltr'><strong>porro</strong></span> <span class='ocrx_word' id='word_1_620' title='bbox 3019 3204 3334 3261; x_wconf 76' lang='lat' dir='ltr'><strong>diffitehitur</strong></span> <span class='ocrx_word' id='word_1_621' title='bbox 3374 3220 3476 3259; x_wconf 94' lang='lat' dir='ltr'><strong>non</strong></span> <span class='ocrx_word' id='word_1_622' title='bbox 3513 3219 3578 3259; x_wconf 81' lang='lat' dir='ltr'><strong>ex</strong></span> <span class='ocrx_word' id='word_1_623' title='bbox 3621 3205 3720 3258; x_wconf 89' lang='lat' dir='ltr'><strong>hac</strong></span> <span class='ocrx_word' id='word_1_624' title='bbox 3759 3204 3886 3260; x_wconf 83' lang='lat' dir='ltr'><strong>tan-</strong></span> 
     </span>
    </p>
   </div>
   <div class='ocr_carea' id='block_1_78' title="bbox 2297 3295 3891 3368">
    <p class='ocr_par' dir='ltr' id='par_1_78' title="bbox 2297 3295 3891 3368">
     <span class='ocr_line' id='line_1_78' title="bbox 2297 3295 3891 3368; baseline -0.003 -14"><span class='ocrx_word' id='word_1_625' title='bbox 2297 3308 2409 3355; x_wconf 89' lang='lat' dir='ltr'><strong>tum</strong></span> <span class='ocrx_word' id='word_1_626' title='bbox 2441 3299 2660 3354; x_wconf 90' lang='lat' dir='ltr'><strong>historia</strong></span> <span class='ocrx_word' id='word_1_627' title='bbox 2681 3340 2696 3366; x_wconf 93' lang='lat'><strong>,</strong></span> <span class='ocrx_word' id='word_1_628' title='bbox 2722 3297 2813 3353; x_wconf 89' lang='lat' dir='ltr'><strong>sed</strong></span> <span class='ocrx_word' id='word_1_629' title='bbox 2839 3298 3083 3368; x_wconf 89' lang='lat' dir='ltr'><strong>plurimis</strong></span> <span class='ocrx_word' id='word_1_630' title='bbox 3131 3297 3252 3352; x_wconf 89' lang='lat' dir='ltr'><strong>aliis</strong></span> <span class='ocrx_word' id='word_1_631' title='bbox 3282 3295 3540 3365; x_wconf 76' lang='lat' dir='ltr'><strong>exemplis</strong></span> <span class='ocrx_word' id='word_1_632' title='bbox 3557 3335 3574 3362; x_wconf 91' lang='lat'><strong>,</strong></span> <span class='ocrx_word' id='word_1_633' title='bbox 3598 3311 3717 3366; x_wconf 70' lang='lat' dir='ltr'><strong>qua:</strong></span> <span class='ocrx_word' id='word_1_634' title='bbox 3741 3304 3891 3351; x_wconf 84' lang='lat' dir='ltr'><strong>retu-</strong></span> 
     </span>
    </p>
   </div>
   <div class='ocr_carea' id='block_1_79' title="bbox 2297 3385 3887 3461">
    <p class='ocr_par' dir='ltr' id='par_1_79' title="bbox 2297 3385 3887 3461">
     <span class='ocr_line' id='line_1_79' title="bbox 2297 3385 3887 3461; baseline -0.004 -16"><span class='ocrx_word' id='word_1_635' title='bbox 2297 3391 2457 3446; x_wconf 86' lang='lat' dir='ltr'><strong>limus</strong></span> <span class='ocrx_word' id='word_1_636' title='bbox 2484 3389 2776 3461; x_wconf 90' lang='lat' dir='ltr'><strong>(Dissertat.</strong></span> <span class='ocrx_word' id='word_1_637' title='bbox 2831 3390 2882 3442; x_wconf 89' lang='lat' dir='ltr'><strong>in</strong></span> <span class='ocrx_word' id='word_1_638' title='bbox 2931 3388 3122 3442; x_wconf 73' lang='lat' dir='ltr'><strong>Minui.</strong></span> <span class='ocrx_word' id='word_1_639' title='bbox 3167 3387 3371 3454; x_wconf 63' lang='lat' dir='ltr'><strong>Oetam,</strong></span> <span class='ocrx_word' id='word_1_640' title='bbox 3405 3403 3524 3458; x_wconf 90' lang='lat' dir='ltr'><strong>cap.</strong></span> <span class='ocrx_word' id='word_1_641' title='bbox 3551 3386 3640 3449; x_wconf 79' lang='grc'><strong>10.</strong></span> <span class='ocrx_word' id='word_1_642' title='bbox 3669 3397 3768 3440; x_wconf 88' lang='lat' dir='ltr'><strong>art.</strong></span> <span class='ocrx_word' id='word_1_643' title='bbox 3788 3385 3846 3456; x_wconf 77' lang='grc'><strong>2)</strong></span> <span class='ocrx_word' id='word_1_644' title='bbox 3872 3429 3887 3452; x_wconf 86' lang='grc'><em>,</em></span> 
     </span>
    </p>
   </div>
   <div class='ocr_carea' id='block_1_80' title="bbox 2299 3479 3893 3555">
    <p class='ocr_par' dir='ltr' id='par_1_80' title="bbox 2299 3479 3893 3555">
     <span class='ocr_line' id='line_1_80' title="bbox 2299 3479 3893 3555; baseline -0.003 -16"><span class='ocrx_word' id='word_1_645' title='bbox 2299 3484 2528 3555; x_wconf 82' lang='lat' dir='ltr'><strong>gentiles</strong></span> <span class='ocrx_word' id='word_1_646' title='bbox 2571 3483 2906 3553; x_wconf 89' lang='lat' dir='ltr'><strong>apertissime</strong></span> <span class='ocrx_word' id='word_1_647' title='bbox 2943 3480 3185 3536; x_wconf 79' lang='lat' dir='ltr'><strong>convinci</strong></span> <span class='ocrx_word' id='word_1_648' title='bbox 3234 3481 3467 3536; x_wconf 91' lang='lat' dir='ltr'><strong>incestus</strong></span> <span class='ocrx_word' id='word_1_649' title='bbox 3493 3522 3508 3546; x_wconf 96' lang='lat'><strong>,</strong></span> <span class='ocrx_word' id='word_1_650' title='bbox 3541 3479 3695 3548; x_wconf 90' lang='lat' dir='ltr'><strong>cujus</strong></span> <span class='ocrx_word' id='word_1_651' title='bbox 3735 3479 3893 3535; x_wconf 86' lang='lat' dir='ltr'><strong>Chri-</strong></span> 
     </span>
    </p>
   </div>
   <div class='ocr_carea' id='block_1_81' title="bbox 2298 3569 3890 3644">
    <p class='ocr_par' dir='ltr' id='par_1_81' title="bbox 2298 3569 3890 3644">
     <span class='ocr_line' id='line_1_81' title="bbox 2298 3569 3890 3644; baseline -0.003 -14"><span class='ocrx_word' id='word_1_652' title='bbox 2298 3578 2500 3630; x_wconf 90' lang='lat' dir='ltr'><strong>stianos</strong></span> <span class='ocrx_word' id='word_1_653' title='bbox 2547 3573 3016 3644; x_wconf 88' lang='lat' dir='ltr'><strong>impudentissimo</strong></span> <span class='ocrx_word' id='word_1_654' title='bbox 3063 3572 3342 3628; x_wconf 87' lang='lat' dir='ltr'><strong>mendacio</strong></span> <span class='ocrx_word' id='word_1_655' title='bbox 3389 3572 3729 3626; x_wconf 88' lang='lat' dir='ltr'><strong>accusabant.</strong></span> <span class='ocrx_word' id='word_1_656' title='bbox 3773 3569 3890 3626; x_wconf 84' lang='lat' dir='ltr'><strong>Jam</strong></span> 
     </span>
    </p>
   </div>
   <div class='ocr_carea' id='block_1_82' title="bbox 2299 3664 3894 3738">
    <p class='ocr_par' dir='ltr' id='par_1_82' title="bbox 2299 3664 3894 3738">
     <span class='ocr_line' id='line_1_82' title="bbox 2299 3664 3894 3738; baseline -0.004 -14"><span class='ocrx_word' id='word_1_657' title='bbox 2299 3668 2479 3738; x_wconf 88' lang='lat' dir='ltr'><strong>itaque</strong></span> <span class='ocrx_word' id='word_1_658' title='bbox 2504 3666 2569 3722; x_wconf 90' lang='lat' dir='ltr'><strong>ad</strong></span> <span class='ocrx_word' id='word_1_659' title='bbox 2599 3667 2732 3721; x_wconf 86' lang='lat' dir='ltr'><strong>alias</strong></span> <span class='ocrx_word' id='word_1_660' title='bbox 2759 3681 2864 3721; x_wconf 89' lang='lat' dir='ltr'><strong>non</strong></span> <span class='ocrx_word' id='word_1_661' title='bbox 2891 3665 3066 3721; x_wconf 87' lang='lat' dir='ltr'><strong>minus</strong></span> <span class='ocrx_word' id='word_1_662' title='bbox 3093 3665 3253 3720; x_wconf 89' lang='lat' dir='ltr'><strong>falsas</strong></span> <span class='ocrx_word' id='word_1_663' title='bbox 3277 3680 3462 3720; x_wconf 90' lang='lat' dir='ltr'><strong>eorum</strong></span> <span class='ocrx_word' id='word_1_664' title='bbox 3495 3664 3894 3720; x_wconf 84' lang='lat' dir='ltr'><strong>criminationes</strong></span> 
     </span>
    </p>
   </div>
   <div class='ocr_carea' id='block_1_83' title="bbox 2302 3777 2596 3818">
    <p class='ocr_par' dir='ltr' id='par_1_83' title="bbox 2302 3777 2596 3818">
     <span class='ocr_line' id='line_1_83' title="bbox 2302 3777 2596 3818; baseline -0.01 0"><span class='ocrx_word' id='word_1_665' title='bbox 2302 3777 2596 3818; x_wconf 80' lang='lat' dir='ltr'><strong>veniamus.</strong></span> 
     </span>
    </p>
   </div>
   <div class='ocr_carea' id='block_1_84' title="bbox 2373 3887 3311 3953">
    <p class='ocr_par' dir='ltr' id='par_1_84' title="bbox 2373 3887 3311 3953">
     <span class='ocr_line' id='line_1_84' title="bbox 2373 3887 3311 3953; baseline -0.005 1"><span class='ocrx_word' id='word_1_666' title='bbox 2373 3887 2388 3914; x_wconf 79' lang='lat'><strong>‘</strong></span> <span class='ocrx_word' id='word_1_667' title='bbox 2882 3911 3172 3953; x_wconf 59' lang='lat' dir='ltr'><strong>nuncusos</strong></span> <span class='ocrx_word' id='word_1_668' title='bbox 3221 3896 3311 3952; x_wconf 76' lang='lat' dir='ltr'><strong>vti.</strong></span> 
     </span>
    </p>
   </div>
   <div class='ocr_carea' id='block_1_85' title="bbox 2304 4006 3900 4080">
    <p class='ocr_par' dir='ltr' id='par_1_85' title="bbox 2304 4006 3900 4080">
     <span class='ocr_line' id='line_1_85' title="bbox 2304 4006 3900 4080; baseline -0.003 -14"><span class='ocrx_word' id='word_1_669' title='bbox 2304 4010 2470 4078; x_wconf 81' lang='lat' dir='ltr'><strong>Quam</strong></span> <span class='ocrx_word' id='word_1_670' title='bbox 2494 4009 2710 4066; x_wconf 83' lang='lat' dir='ltr'><strong>absurde</strong></span> <span class='ocrx_word' id='word_1_671' title='bbox 2752 4010 2940 4065; x_wconf 85' lang='lat' dir='ltr'><strong>ethnici</strong></span> <span class='ocrx_word' id='word_1_672' title='bbox 2983 4009 3254 4080; x_wconf 82' lang='lat' dir='ltr'><strong>obiecerint</strong></span> <span class='ocrx_word' id='word_1_673' title='bbox 3292 4026 3323 4063; x_wconf 88' lang='lat' dir='ltr'><strong>a</strong></span> <span class='ocrx_word' id='word_1_674' title='bbox 3349 4006 3649 4064; x_wconf 88' lang='lat' dir='ltr'><strong>Christianis</strong></span> <span class='ocrx_word' id='word_1_675' title='bbox 3686 4007 3900 4063; x_wconf 85' lang='lat' dir='ltr'><strong>adorari</strong></span> 
     </span>
    </p>
   </div>
   <div class='ocr_carea' id='block_1_86' title="bbox 2373 4101 3901 4173">
    <p class='ocr_par' dir='ltr' id='par_1_86' title="bbox 2373 4101 3901 4173">
     <span class='ocr_line' id='line_1_86' title="bbox 2373 4101 3901 4173; baseline -0.001 -17"><span class='ocrx_word' id='word_1_676' title='bbox 2373 4113 2525 4171; x_wconf 88' lang='lat' dir='ltr'><strong>caput</strong></span> <span class='ocrx_word' id='word_1_677' title='bbox 2553 4103 2726 4157; x_wconf 86' lang='lat' dir='ltr'><strong>asini:</strong></span> <span class='ocrx_word' id='word_1_678' title='bbox 2763 4102 2874 4171; x_wconf 80' lang='lat' dir='ltr'><strong>quis</strong></span> <span class='ocrx_word' id='word_1_679' title='bbox 2915 4103 3031 4155; x_wconf 86' lang='lat' dir='ltr'><strong>huic</strong></span> <span class='ocrx_word' id='word_1_680' title='bbox 3073 4102 3260 4173; x_wconf 71' lang='lat' dir='ltr'><strong>fabula:</strong></span> <span class='ocrx_word' id='word_1_681' title='bbox 3299 4102 3613 4155; x_wconf 85' lang='lat' dir='ltr'><strong>occasionem</strong></span> <span class='ocrx_word' id='word_1_682' title='bbox 3653 4101 3846 4154; x_wconf 81' lang='lat' dir='ltr'><strong>dederit</strong></span> <span class='ocrx_word' id='word_1_683' title='bbox 3879 4116 3901 4154; x_wconf 92' lang='lat'><strong><em>:</em></strong></span> 
     </span>
    </p>
   </div>
   <div class='ocr_carea' id='block_1_87' title="bbox 2323 4191 3905 4264">
    <p class='ocr_par' dir='ltr' id='par_1_87' title="bbox 2323 4191 3905 4264">
     <span class='ocr_line' id='line_1_87' title="bbox 2323 4191 3905 4264; baseline -0.003 -17"><span class='ocrx_word' id='word_1_684' title='bbox 2323 4203 2328 4207; x_wconf 85' lang='lat'><strong><em>&#39;</em></strong></span> <span class='ocrx_word' id='word_1_685' title='bbox 2371 4204 2565 4264; x_wconf 86' lang='lat' dir='ltr'><strong>quanta</strong></span> <span class='ocrx_word' id='word_1_686' title='bbox 2583 4193 2896 4260; x_wconf 84' lang='lat' dir='ltr'><strong>impudentia</strong></span> <span class='ocrx_word' id='word_1_687' title='bbox 2914 4193 3094 4246; x_wconf 87' lang='lat' dir='ltr'><strong>nebulo</strong></span> <span class='ocrx_word' id='word_1_688' title='bbox 3121 4194 3328 4263; x_wconf 87' lang='lat' dir='ltr'><strong>quidam</strong></span> <span class='ocrx_word' id='word_1_689' title='bbox 3375 4192 3576 4259; x_wconf 64' lang='lat' dir='ltr'><strong>indutus</strong></span> <span class='ocrx_word' id='word_1_690' title='bbox 3604 4191 3745 4245; x_wconf 88' lang='lat' dir='ltr'><strong>illius</strong></span> <span class='ocrx_word' id='word_1_691' title='bbox 3761 4191 3905 4244; x_wconf 85' lang='lat' dir='ltr'><strong>asini</strong></span> 
     </span>
    </p>
   </div>
   <div class='ocr_carea' id='block_1_88' title="bbox 2374 4285 3902 4357">
    <p class='ocr_par' dir='ltr' id='par_1_88' title="bbox 2374 4285 3902 4357">
     <span class='ocr_line' id='line_1_88' title="bbox 2374 4285 3902 4357; baseline -0.001 -17"><span class='ocrx_word' id='word_1_692' title='bbox 2374 4303 2490 4340; x_wconf 87' lang='lat' dir='ltr'><strong>cum</strong></span> <span class='ocrx_word' id='word_1_693' title='bbox 2513 4286 2729 4340; x_wconf 88' lang='lat' dir='ltr'><strong>ridicula</strong></span> <span class='ocrx_word' id='word_1_694' title='bbox 2757 4302 2962 4356; x_wconf 86' lang='lat' dir='ltr'><strong>prorsus</strong></span> <span class='ocrx_word' id='word_1_695' title='bbox 2986 4287 3312 4356; x_wconf 84' lang='lat' dir='ltr'><strong>inscriptione</strong></span> <span class='ocrx_word' id='word_1_696' title='bbox 3341 4285 3596 4357; x_wconf 84' lang='lat' dir='ltr'><strong>picturam</strong></span> <span class='ocrx_word' id='word_1_697' title='bbox 3622 4286 3902 4338; x_wconf 72' lang='lat' dir='ltr'><strong>circumtu~</strong></span> 
     </span>
    </p>
   </div>
   <div class='ocr_carea' id='block_1_89' title="bbox 2376 4377 3900 4449">
    <p class='ocr_par' dir='ltr' id='par_1_89' title="bbox 2376 4377 3900 4449">
     <span class='ocr_line' id='line_1_89' title="bbox 2376 4377 3900 4449; baseline -0.001 -17"><span class='ocrx_word' id='word_1_698' title='bbox 2376 4378 2528 4443; x_wconf 82' lang='lat' dir='ltr'><strong>(erit;</strong></span> <span class='ocrx_word' id='word_1_699' title='bbox 2557 4395 2617 4432; x_wconf 86' lang='lat' dir='ltr'><strong>ac</strong></span> <span class='ocrx_word' id='word_1_700' title='bbox 2642 4394 2794 4449; x_wconf 89' lang='lat' dir='ltr'><strong>quam</strong></span> <span class='ocrx_word' id='word_1_701' title='bbox 2823 4393 2936 4432; x_wconf 83' lang='lat' dir='ltr'><strong>rere</strong></span> <span class='ocrx_word' id='word_1_702' title='bbox 2960 4378 3112 4432; x_wconf 73' lang='lat' dir='ltr'><strong>iidem</strong></span> <span class='ocrx_word' id='word_1_703' title='bbox 3137 4379 3325 4431; x_wconf 86' lang='lat' dir='ltr'><strong>ethnici</strong></span> <span class='ocrx_word' id='word_1_704' title='bbox 3353 4377 3525 4432; x_wconf 85' lang='lat' dir='ltr'><strong>asinos</strong></span> <span class='ocrx_word' id='word_1_705' title='bbox 3553 4387 3710 4442; x_wconf 90' lang='lat' dir='ltr'><strong>totos,</strong></span> <span class='ocrx_word' id='word_1_706' title='bbox 3731 4377 3900 4430; x_wconf 85' lang='lat' dir='ltr'><strong>alias-</strong></span> 
     </span>
    </p>
   </div>
   <div class='ocr_carea' id='block_1_90' title="bbox 604 4470 3761 4583">
    <p class='ocr_par' dir='ltr' id='par_1_90' title="bbox 604 4470 3761 4583">
     <span class='ocr_line' id='line_1_90' title="bbox 604 4470 3761 4583; baseline -0.003 -17"><span class='ocrx_word' id='word_1_707' title='bbox 604 4470 838 4583; x_wconf 54' lang='lat' dir='ltr'><strong>an...</strong></span> <span class='ocrx_word' id='word_1_708' title='bbox 863 4470 965 4576; x_wconf 58' lang='grc' dir='ltr'><strong>ξέί</strong></span> <span class='ocrx_word' id='word_1_709' title='bbox 1008 4470 1062 4565; x_wconf 61' lang='lat' dir='ltr'><strong>is</strong></span> <span class='ocrx_word' id='word_1_710' title='bbox 1093 4470 1286 4565; x_wconf 81' lang='lat' dir='ltr'><strong>Asiam</strong></span> <span class='ocrx_word' id='word_1_711' title='bbox 1307 4470 1541 4565; x_wconf 57' lang='lat' dir='ltr'><strong>aut...</strong></span> <span class='ocrx_word' id='word_1_712' title='bbox 1571 4470 1710 4564; x_wconf 59' lang='lat' dir='ltr'><strong>is...</strong></span> <span class='ocrx_word' id='word_1_713' title='bbox 1732 4470 1916 4564; x_wconf 67' lang='lat' dir='ltr'><strong>autem</strong></span> <span class='ocrx_word' id='word_1_714' title='bbox 1944 4470 2198 4580; x_wconf 73' lang='lat' dir='ltr'><strong>gi-andior</strong></span> <span class='ocrx_word' id='word_1_715' title='bbox 2225 4501 2291 4572; x_wconf 68' lang='grc' dir='ltr'>υ</span> <span class='ocrx_word' id='word_1_716' title='bbox 2375 4489 2471 4541; x_wconf 68' lang='grc' dir='ltr'><strong>συθ</strong></span> <span class='ocrx_word' id='word_1_717' title='bbox 2493 4471 2720 4539; x_wconf 68' lang='grc' dir='ltr'><strong>δειιιιαεο</strong></span> <span class='ocrx_word' id='word_1_718' title='bbox 2747 4481 2834 4525; x_wconf 68' lang='grc' dir='ltr'><strong>ατη</strong></span> <span class='ocrx_word' id='word_1_719' title='bbox 2859 4471 2995 4525; x_wconf 70' lang='grc' dir='ltr'><strong>υίυαε</strong></span> <span class='ocrx_word' id='word_1_720' title='bbox 3017 4510 3032 4538; x_wconf 73' lang='grc' dir='ltr'><strong>ν</strong></span> <span class='ocrx_word' id='word_1_721' title='bbox 3057 4480 3143 4583; x_wconf 58' lang='grc' dir='ltr'><strong><em>τιν’</em></strong></span> <span class='ocrx_word' id='word_1_722' title='bbox 3163 4471 3388 4541; x_wconf 64' lang='grc' dir='ltr'><strong>δανίσητε</strong></span> <span class='ocrx_word' id='word_1_723' title='bbox 3417 4470 3761 4524; x_wconf 63' lang='lat' dir='ltr'><strong>“‘me-</strong></span> 
     </span>
    </p>
   </div>
   <div class='ocr_carea' id='block_1_91' title="bbox 605 4601 2196 4672">
    <p class='ocr_par' dir='ltr' id='par_1_91' title="bbox 605 4601 2196 4672">
     <span class='ocr_line' id='line_1_91' title="bbox 605 4601 2196 4672; baseline -0.004 -10"><span class='ocrx_word' id='word_1_724' title='bbox 605 4608 810 4671; x_wconf 85' lang='lat' dir='ltr'><strong>factus,</strong></span> <span class='ocrx_word' id='word_1_725' title='bbox 844 4605 1069 4660; x_wconf 81' lang='lat' dir='ltr'><strong>Romam</strong></span> <span class='ocrx_word' id='word_1_726' title='bbox 1108 4603 1410 4668; x_wconf 91' lang='lat' dir='ltr'><strong>reducitur,</strong></span> <span class='ocrx_word' id='word_1_727' title='bbox 1454 4603 1543 4657; x_wconf 90' lang='lat' dir='ltr'><strong>ubi</strong></span> <span class='ocrx_word' id='word_1_728' title='bbox 1591 4619 1619 4656; x_wconf 89' lang='lat' dir='ltr'><strong>a</strong></span> <span class='ocrx_word' id='word_1_729' title='bbox 1667 4613 1818 4672; x_wconf 87' lang='lat' dir='ltr'><strong>patre</strong></span> <span class='ocrx_word' id='word_1_730' title='bbox 1861 4617 1999 4667; x_wconf 89' lang='lat' dir='ltr'><strong>suo,</strong></span> <span class='ocrx_word' id='word_1_731' title='bbox 2044 4601 2196 4656; x_wconf 91' lang='lat' dir='ltr'><strong>illum</strong></span> 
     </span>
    </p>
   </div>
   <div class='ocr_carea' id='block_1_92' title="bbox 519 4692 2196 4770">
    <p class='ocr_par' dir='ltr' id='par_1_92' title="bbox 519 4692 2196 4770">
     <span class='ocr_line' id='line_1_92' title="bbox 519 4692 2196 4770; baseline -0.002 -21"><span class='ocrx_word' id='word_1_732' title='bbox 519 4725 540 4749; x_wconf 71' lang='grc' dir='ltr'><em>ι</em></span> <span class='ocrx_word' id='word_1_733' title='bbox 606 4699 835 4770; x_wconf 88' lang='lat' dir='ltr'><strong>amplius</strong></span> <span class='ocrx_word' id='word_1_734' title='bbox 877 4712 985 4752; x_wconf 84' lang='lat' dir='ltr'><strong>non</strong></span> <span class='ocrx_word' id='word_1_735' title='bbox 1031 4705 1382 4767; x_wconf 83' lang='lat' dir='ltr'><strong>agnoscente,</strong></span> <span class='ocrx_word' id='word_1_736' title='bbox 1429 4701 1808 4763; x_wconf 89' lang='lat' dir='ltr'><strong>constupratns</strong></span> <span class='ocrx_word' id='word_1_737' title='bbox 1855 4702 1956 4746; x_wconf 87' lang='lat' dir='ltr'><strong>est.</strong></span> <span class='ocrx_word' id='word_1_738' title='bbox 2003 4692 2196 4746; x_wconf 86' lang='lat' dir='ltr'><strong>Postea</strong></span> 
     </span>
    </p>
   </div>
   <div class='ocr_carea' id='block_1_93' title="bbox 608 4785 2198 4860">
    <p class='ocr_par' dir='ltr' id='par_1_93' title="bbox 608 4785 2198 4860">
     <span class='ocr_line' id='line_1_93' title="bbox 608 4785 2198 4860; baseline -0.003 -16"><span class='ocrx_word' id='word_1_739' title='bbox 608 4791 758 4845; x_wconf 91' lang='lat' dir='ltr'><strong>illum</strong></span> <span class='ocrx_word' id='word_1_740' title='bbox 791 4796 1040 4860; x_wconf 87' lang='lat' dir='ltr'><strong>parentes</strong></span> <span class='ocrx_word' id='word_1_741' title='bbox 1070 4786 1390 4858; x_wconf 88' lang='lat' dir='ltr'><strong>quibusdam</strong></span> <span class='ocrx_word' id='word_1_742' title='bbox 1419 4785 1661 4855; x_wconf 90' lang='lat' dir='ltr'><strong>corporis</strong></span> <span class='ocrx_word' id='word_1_743' title='bbox 1690 4785 1914 4839; x_wconf 88' lang='lat' dir='ltr'><strong>maculis</strong></span> <span class='ocrx_word' id='word_1_744' title='bbox 1941 4799 2198 4854; x_wconf 84' lang='lat' dir='ltr'><strong>recogno-</strong></span> 
     </span>
    </p>
   </div>
   <div class='ocr_carea' id='block_1_94' title="bbox 607 4875 2195 4952">
    <p class='ocr_par' dir='ltr' id='par_1_94' title="bbox 607 4875 2195 4952">
     <span class='ocr_line' id='line_1_94' title="bbox 607 4875 2195 4952; baseline -0.004 -16"><span class='ocrx_word' id='word_1_745' title='bbox 607 4895 824 4949; x_wconf 89' lang='lat' dir='ltr'><strong>verunt,</strong></span> <span class='ocrx_word' id='word_1_746' title='bbox 851 4899 909 4937; x_wconf 85' lang='lat' dir='ltr'><strong>ac</strong></span> <span class='ocrx_word' id='word_1_747' title='bbox 933 4882 1137 4952; x_wconf 86' lang='lat' dir='ltr'><strong>laqueo,</strong></span> <span class='ocrx_word' id='word_1_748' title='bbox 1170 4877 1720 4949; x_wconf 79' lang='lat' dir='ltr'><strong>inquit&#39;l‘ertullianus</strong></span> <span class='ocrx_word' id='word_1_749' title='bbox 1743 4917 1758 4943; x_wconf 95' lang='lat'><strong>,</strong></span> <span class='ocrx_word' id='word_1_750' title='bbox 1791 4877 1886 4930; x_wconf 84' lang='lat' dir='ltr'><strong>sibi</strong></span> <span class='ocrx_word' id='word_1_751' title='bbox 1914 4875 2195 4931; x_wconf 86' lang='lat' dir='ltr'><strong>medentur.</strong></span> 
     </span>
    </p>
   </div>
   <div class='ocr_carea' id='block_1_95' title="bbox 606 4969 2199 5041">
    <p class='ocr_par' dir='ltr' id='par_1_95' title="bbox 606 4969 2199 5041">
     <span class='ocr_line' id='line_1_95' title="bbox 606 4969 2199 5041; baseline -0.008 -7"><span class='ocrx_word' id='word_1_752' title='bbox 606 4977 901 5034; x_wconf 81' lang='lat' dir='ltr'><strong>Fuscianus</strong></span> <span class='ocrx_word' id='word_1_753' title='bbox 929 4992 1055 5031; x_wconf 69' lang='lat' dir='ltr'><strong>vero</strong></span> <span class='ocrx_word' id='word_1_754' title='bbox 1083 4974 1271 5029; x_wconf 91' lang='lat' dir='ltr'><strong>horum</strong></span> <span class='ocrx_word' id='word_1_755' title='bbox 1304 4973 1438 5028; x_wconf 88' lang='lat' dir='ltr'><strong>bona</strong></span> <span class='ocrx_word' id='word_1_756' title='bbox 1472 4986 1639 5041; x_wconf 89' lang='lat' dir='ltr'><strong>puero</strong></span> <span class='ocrx_word' id='word_1_757' title='bbox 1665 4969 1970 5039; x_wconf 89' lang='lat' dir='ltr'><strong>adscripsit,</strong></span> <span class='ocrx_word' id='word_1_758' title='bbox 2002 4985 2100 5022; x_wconf 90' lang='lat' dir='ltr'><strong>non</strong></span> <span class='ocrx_word' id='word_1_759' title='bbox 2132 4969 2199 5022; x_wconf 89' lang='lat' dir='ltr'><strong>ad</strong></span> 
     </span>
    </p>
   </div>
   <div class='ocr_carea' id='block_1_96' title="bbox 606 5061 2206 5134">
    <p class='ocr_par' dir='ltr' id='par_1_96' title="bbox 606 5061 2206 5134">
     <span class='ocr_line' id='line_1_96' title="bbox 606 5061 2206 5134; baseline -0.005 -12"><span class='ocrx_word' id='word_1_760' title='bbox 606 5071 985 5132; x_wconf 69' lang='lat' dir='ltr'><strong>hoereditatem,</strong></span> <span class='ocrx_word' id='word_1_761' title='bbox 1017 5069 1092 5122; x_wconf 91' lang='lat' dir='ltr'><strong>uti</strong></span> <span class='ocrx_word' id='word_1_762' title='bbox 1125 5067 1198 5121; x_wconf 86' lang='lat' dir='ltr'><strong>ait</strong></span> <span class='ocrx_word' id='word_1_763' title='bbox 1226 5067 1313 5122; x_wconf 87' lang='lat' dir='ltr'><strong>ille</strong></span> <span class='ocrx_word' id='word_1_764' title='bbox 1336 5108 1350 5132; x_wconf 92' lang='lat'><strong>,</strong></span> <span class='ocrx_word' id='word_1_765' title='bbox 1399 5066 1487 5120; x_wconf 87' lang='lat' dir='ltr'><strong>sed</strong></span> <span class='ocrx_word' id='word_1_766' title='bbox 1519 5065 1585 5118; x_wconf 88' lang='lat' dir='ltr'><strong>ad</strong></span> <span class='ocrx_word' id='word_1_767' title='bbox 1613 5061 1920 5134; x_wconf 83' lang='lat' dir='ltr'><strong>stipendium</strong></span> <span class='ocrx_word' id='word_1_768' title='bbox 1952 5065 2112 5134; x_wconf 87' lang='lat' dir='ltr'><strong>stupri</strong></span> <span class='ocrx_word' id='word_1_769' title='bbox 2157 5072 2206 5117; x_wconf 90' lang='lat' dir='ltr'><strong>et</strong></span> 
     </span>
    </p>
   </div>
   <div class='ocr_carea' id='block_1_97' title="bbox 600 5157 2094 5235">
    <p class='ocr_par' dir='ltr' id='par_1_97' title="bbox 600 5157 2094 5235">
     <span class='ocr_line' id='line_1_97' title="bbox 600 5157 2094 5235; baseline -0.007 -16"><span class='ocrx_word' id='word_1_770' title='bbox 600 5167 778 5222; x_wconf 64' lang='lat' dir='ltr'><strong>iurasti</strong></span> <span class='ocrx_word' id='word_1_771' title='bbox 809 5165 997 5235; x_wconf 78' lang='lat' dir='ltr'><strong>(Idem.</strong></span> <span class='ocrx_word' id='word_1_772' title='bbox 1032 5162 1120 5217; x_wconf 85' lang='lat' dir='ltr'><strong>lib.</strong></span> <span class='ocrx_word' id='word_1_773' title='bbox 1151 5163 1172 5217; x_wconf 87' lang='lat'><strong>1</strong></span> <span class='ocrx_word' id='word_1_774' title='bbox 1203 5161 1269 5216; x_wconf 90' lang='lat' dir='ltr'><strong>ad</strong></span> <span class='ocrx_word' id='word_1_775' title='bbox 1294 5159 1469 5225; x_wconf 84' lang='lat' dir='ltr'><strong>Nati.,</strong></span> <span class='ocrx_word' id='word_1_776' title='bbox 1522 5176 1638 5226; x_wconf 86' lang='lat' dir='ltr'><strong>cap.</strong></span> <span class='ocrx_word' id='word_1_777' title='bbox 1668 5157 1756 5222; x_wconf 76' lang='lat' dir='ltr'><strong>i6,</strong></span> <span class='ocrx_word' id='word_1_778' title='bbox 1790 5175 1910 5228; x_wconf 83' lang='lat' dir='ltr'><strong>pag.</strong></span> <span class='ocrx_word' id='word_1_779' title='bbox 1943 5157 2094 5228; x_wconf 75' lang='grc'><strong>582).</strong></span> 
     </span>
    </p>
   </div>
   <div class='ocr_carea' id='block_1_98' title="bbox 681 5249 2199 5324">
    <p class='ocr_par' dir='ltr' id='par_1_98' title="bbox 681 5249 2199 5324">
     <span class='ocr_line' id='line_1_98' title="bbox 681 5249 2199 5324; baseline -0.005 -13"><span class='ocrx_word' id='word_1_780' title='bbox 681 5255 970 5312; x_wconf 89' lang='lat' dir='ltr'><strong>Dubitandi</strong></span> <span class='ocrx_word' id='word_1_781' title='bbox 1002 5269 1162 5324; x_wconf 90' lang='lat' dir='ltr'><strong>porro</strong></span> <span class='ocrx_word' id='word_1_782' title='bbox 1199 5253 1348 5308; x_wconf 84' lang='lat' dir='ltr'><strong>locus</strong></span> <span class='ocrx_word' id='word_1_783' title='bbox 1393 5250 1507 5305; x_wconf 89' lang='lat' dir='ltr'><strong>dari</strong></span> <span class='ocrx_word' id='word_1_784' title='bbox 1547 5249 1754 5304; x_wconf 85' lang='lat' dir='ltr'><strong>videtur</strong></span> <span class='ocrx_word' id='word_1_785' title='bbox 1791 5258 1969 5302; x_wconf 90' lang='lat' dir='ltr'><strong>utrum</strong></span> <span class='ocrx_word' id='word_1_786' title='bbox 1997 5249 2199 5320; x_wconf 83' lang='lat' dir='ltr'><strong>impro-</strong></span> 
     </span>
    </p>
   </div>
   <div class='ocr_carea' id='block_1_99' title="bbox 605 5341 2196 5419">
    <p class='ocr_par' dir='ltr' id='par_1_99' title="bbox 605 5341 2196 5419">
     <span class='ocr_line' id='line_1_99' title="bbox 605 5341 2196 5419; baseline -0.006 -14"><span class='ocrx_word' id='word_1_787' title='bbox 605 5349 707 5405; x_wconf 84' lang='lat' dir='ltr'><strong>bus</strong></span> <span class='ocrx_word' id='word_1_788' title='bbox 739 5351 825 5404; x_wconf 86' lang='lat' dir='ltr'><strong>ille</strong></span> <span class='ocrx_word' id='word_1_789' title='bbox 854 5361 1004 5419; x_wconf 88' lang='lat' dir='ltr'><strong>pater</strong></span> <span class='ocrx_word' id='word_1_790' title='bbox 1038 5362 1144 5402; x_wconf 90' lang='lat' dir='ltr'><strong>non</strong></span> <span class='ocrx_word' id='word_1_791' title='bbox 1171 5345 1344 5400; x_wconf 89' lang='lat' dir='ltr'><strong>solum</strong></span> <span class='ocrx_word' id='word_1_792' title='bbox 1375 5359 1405 5397; x_wconf 92' lang='lat' dir='ltr'><strong>a</strong></span> <span class='ocrx_word' id='word_1_793' title='bbox 1433 5341 1698 5397; x_wconf 86' lang='lat' dir='ltr'><strong>Fusciano</strong></span> <span class='ocrx_word' id='word_1_794' title='bbox 1723 5381 1736 5404; x_wconf 91' lang='lat'><strong>,</strong></span> <span class='ocrx_word' id='word_1_795' title='bbox 1775 5341 1868 5396; x_wconf 89' lang='lat' dir='ltr'><strong>sed</strong></span> <span class='ocrx_word' id='word_1_796' title='bbox 1908 5343 2068 5395; x_wconf 86' lang='lat' dir='ltr'><strong>etiam</strong></span> <span class='ocrx_word' id='word_1_797' title='bbox 2107 5355 2196 5395; x_wconf 83' lang='lat' dir='ltr'><strong>se-</strong></span> 
     </span>
    </p>
   </div>
   <div class='ocr_carea' id='block_1_100' title="bbox 606 5435 2198 5506">
    <p class='ocr_par' dir='ltr' id='par_1_100' title="bbox 606 5435 2198 5506">
     <span class='ocr_line' id='line_1_100' title="bbox 606 5435 2198 5506; baseline -0.008 -6"><span class='ocrx_word' id='word_1_798' title='bbox 606 5455 734 5500; x_wconf 88' lang='lat' dir='ltr'><strong>natu</strong></span> <span class='ocrx_word' id='word_1_799' title='bbox 762 5443 1043 5498; x_wconf 81' lang='lat' dir='ltr'><strong>damnatus</strong></span> <span class='ocrx_word' id='word_1_800' title='bbox 1075 5439 1253 5495; x_wconf 85' lang='lat' dir='ltr'><strong>fuerit.</strong></span> <span class='ocrx_word' id='word_1_801' title='bbox 1285 5437 1419 5493; x_wconf 84' lang='lat' dir='ltr'><strong>Nam</strong></span> <span class='ocrx_word' id='word_1_802' title='bbox 1453 5435 1687 5491; x_wconf 67' lang='lat' dir='ltr'><strong>historiae</strong></span> <span class='ocrx_word' id='word_1_803' title='bbox 1720 5435 1882 5506; x_wconf 87' lang='lat' dir='ltr'><strong>hujus</strong></span> <span class='ocrx_word' id='word_1_804' title='bbox 1910 5435 2116 5490; x_wconf 85' lang='lat' dir='ltr'><strong>initium</strong></span> <span class='ocrx_word' id='word_1_805' title='bbox 2146 5437 2198 5489; x_wconf 92' lang='lat' dir='ltr'><strong>in</strong></span> 
     </span>
    </p>
   </div>
   <div class='ocr_carea' id='block_1_101' title="bbox 606 5527 2196 5609">
    <p class='ocr_par' dir='ltr' id='par_1_101' title="bbox 606 5527 2196 5609">
     <span class='ocr_line' id='line_1_101' title="bbox 606 5527 2196 5609; baseline -0.009 -15"><span class='ocrx_word' id='word_1_806' title='bbox 606 5537 874 5609; x_wconf 80' lang='lat' dir='ltr'><strong>Agohardi</strong></span> <span class='ocrx_word' id='word_1_807' title='bbox 913 5535 1100 5592; x_wconf 86' lang='lat' dir='ltr'><strong>codice</strong></span> <span class='ocrx_word' id='word_1_808' title='bbox 1131 5537 1210 5589; x_wconf 83' lang='lat' dir='ltr'><strong>sic</strong></span> <span class='ocrx_word' id='word_1_809' title='bbox 1249 5531 1440 5602; x_wconf 87' lang='lat' dir='ltr'><strong>legitur</strong></span> <span class='ocrx_word' id='word_1_810' title='bbox 1471 5548 1484 5584; x_wconf 89' lang='lat'><strong>:</strong></span> <span class='ocrx_word' id='word_1_811' title='bbox 1515 5527 1657 5584; x_wconf 84' lang='lat' dir='ltr'><strong>Talis</strong></span> <span class='ocrx_word' id='word_1_812' title='bbox 1695 5527 1944 5600; x_wconf 72' lang='lat' dir='ltr'><strong>trugmdia</strong></span> <span class='ocrx_word' id='word_1_813' title='bbox 1987 5527 2196 5597; x_wconf 88' lang='lat' dir='ltr'><strong>erupit,</strong></span> 
     </span>
    </p>
   </div>
   <div class='ocr_carea' id='block_1_102' title="bbox 605 5621 2192 5700">
    <p class='ocr_par' dir='ltr' id='par_1_102' title="bbox 605 5621 2192 5700">
     <span class='ocr_line' id='line_1_102' title="bbox 605 5621 2192 5700; baseline -0.006 -16"><span class='ocrx_word' id='word_1_814' title='bbox 605 5627 866 5686; x_wconf 83' lang='lat' dir='ltr'><strong>Fusciano</strong></span> <span class='ocrx_word' id='word_1_815' title='bbox 906 5631 1142 5700; x_wconf 68' lang='lat' dir='ltr'><strong>prefecto</strong></span> <span class='ocrx_word' id='word_1_816' title='bbox 1190 5623 1354 5690; x_wconf 88' lang='lat' dir='ltr'><strong>Urbi,</strong></span> <span class='ocrx_word' id='word_1_817' title='bbox 1387 5623 1624 5694; x_wconf 81' lang='lat' dir='ltr'><strong>judicata</strong></span> <span class='ocrx_word' id='word_1_818' title='bbox 1664 5621 1927 5692; x_wconf 83' lang='lat' dir='ltr'><strong>punitione</strong></span> <span class='ocrx_word' id='word_1_819' title='bbox 1970 5629 2192 5675; x_wconf 85' lang='lat' dir='ltr'><strong>senatus.</strong></span> 
     </span>
    </p>
   </div>
   <div class='ocr_carea' id='block_1_103' title="bbox 607 5713 2204 5790">
    <p class='ocr_par' dir='ltr' id='par_1_103' title="bbox 607 5713 2204 5790">
     <span class='ocr_line' id='line_1_103' title="bbox 607 5713 2204 5790; baseline -0.006 -14"><span class='ocrx_word' id='word_1_820' title='bbox 607 5718 848 5776; x_wconf 81' lang='lat' dir='ltr'><strong>Fortuita</strong></span> <span class='ocrx_word' id='word_1_821' title='bbox 876 5719 1181 5790; x_wconf 84' lang='lat' dir='ltr'><strong>negligentia</strong></span> <span class='ocrx_word' id='word_1_822' title='bbox 1207 5716 1445 5772; x_wconf 85' lang='lat' dir='ltr'><strong>comitum</strong></span> <span class='ocrx_word' id='word_1_823' title='bbox 1485 5713 1621 5769; x_wconf 87' lang='lat' dir='ltr'><strong>ultra</strong></span> <span class='ocrx_word' id='word_1_824' title='bbox 1651 5714 1871 5784; x_wconf 86' lang='lat' dir='ltr'><strong>januam</strong></span> <span class='ocrx_word' id='word_1_825' title='bbox 1901 5727 2204 5784; x_wconf 83' lang='lat' dir='ltr'><strong>progressus</strong></span> 
     </span>
    </p>
   </div>
   <div class='ocr_carea' id='block_1_104' title="bbox 2378 4599 3898 4671">
    <p class='ocr_par' dir='ltr' id='par_1_104' title="bbox 2378 4599 3898 4671">
     <span class='ocr_line' id='line_1_104' title="bbox 2378 4599 3898 4671; baseline -0.004 -10"><span class='ocrx_word' id='word_1_826' title='bbox 2378 4607 2493 4661; x_wconf 82' lang='lat' dir='ltr'><strong>Alia</strong></span> <span class='ocrx_word' id='word_1_827' title='bbox 2521 4605 2753 4671; x_wconf 85' lang='lat' dir='ltr'><strong>ethnici,</strong></span> <span class='ocrx_word' id='word_1_828' title='bbox 2781 4620 2880 4660; x_wconf 91' lang='lat' dir='ltr'><strong>nec</strong></span> <span class='ocrx_word' id='word_1_829' title='bbox 2905 4604 3114 4659; x_wconf 64' lang='lat' dir='ltr'><strong>caeteris</strong></span> <span class='ocrx_word' id='word_1_830' title='bbox 3148 4605 3357 4660; x_wconf 88' lang='lat' dir='ltr'><strong>minore</strong></span> <span class='ocrx_word' id='word_1_831' title='bbox 3377 4645 3392 4670; x_wconf 93' lang='lat'><strong>,</strong></span> <span class='ocrx_word' id='word_1_832' title='bbox 3433 4603 3697 4658; x_wconf 87' lang='lat' dir='ltr'><strong>calumnia</strong></span> <span class='ocrx_word' id='word_1_833' title='bbox 3733 4599 3898 4657; x_wconf 82' lang='lat' dir='ltr'><strong>Chri-</strong></span> 
     </span>
    </p>
   </div>
   <div class='ocr_carea' id='block_1_105' title="bbox 2305 4695 3905 4766">
    <p class='ocr_par' dir='ltr' id='par_1_105' title="bbox 2305 4695 3905 4766">
     <span class='ocr_line' id='line_1_105' title="bbox 2305 4695 3905 4766; baseline -0.004 -14"><span class='ocrx_word' id='word_1_834' title='bbox 2305 4698 2511 4753; x_wconf 86' lang='lat' dir='ltr'><strong>stianos</strong></span> <span class='ocrx_word' id='word_1_835' title='bbox 2532 4697 2652 4752; x_wconf 91' lang='lat' dir='ltr'><strong>ideo</strong></span> <span class='ocrx_word' id='word_1_836' title='bbox 2676 4695 2934 4750; x_wconf 85' lang='lat' dir='ltr'><strong>infamare</strong></span> <span class='ocrx_word' id='word_1_837' title='bbox 2960 4695 3157 4750; x_wconf 87' lang='lat' dir='ltr'><strong>frustra</strong></span> <span class='ocrx_word' id='word_1_838' title='bbox 3183 4696 3350 4750; x_wconf 91' lang='lat' dir='ltr'><strong>moliti</strong></span> <span class='ocrx_word' id='word_1_839' title='bbox 3377 4704 3523 4762; x_wconf 91' lang='lat' dir='ltr'><strong>sunt,</strong></span> <span class='ocrx_word' id='word_1_840' title='bbox 3550 4696 3702 4766; x_wconf 91' lang='lat' dir='ltr'><strong>quasi</strong></span> <span class='ocrx_word' id='word_1_841' title='bbox 3724 4703 3905 4763; x_wconf 85' lang='lat' dir='ltr'><strong>caput,</strong></span> 
     </span>
    </p>
   </div>
   <div class='ocr_carea' id='block_1_106' title="bbox 2306 4784 3907 4862">
    <p class='ocr_par' dir='ltr' id='par_1_106' title="bbox 2306 4784 3907 4862">
     <span class='ocr_line' id='line_1_106' title="bbox 2306 4784 3907 4862; baseline -0.004 -16"><span class='ocrx_word' id='word_1_842' title='bbox 2306 4793 2381 4846; x_wconf 90' lang='lat' dir='ltr'><strong>uti</strong></span> <span class='ocrx_word' id='word_1_843' title='bbox 2409 4790 2482 4844; x_wconf 86' lang='lat' dir='ltr'><strong>ait</strong></span> <span class='ocrx_word' id='word_1_844' title='bbox 2504 4788 3188 4862; x_wconf 46' lang='lat' dir='ltr'><strong>Tertullianus“asininum</strong></span> <span class='ocrx_word' id='word_1_845' title='bbox 3214 4830 3229 4854; x_wconf 90' lang='lat'><strong>,</strong></span> <span class='ocrx_word' id='word_1_846' title='bbox 3274 4798 3522 4858; x_wconf 85' lang='lat' dir='ltr'><strong>tanquam</strong></span> <span class='ocrx_word' id='word_1_847' title='bbox 3567 4786 3724 4840; x_wconf 91' lang='lat' dir='ltr'><strong>deum</strong></span> <span class='ocrx_word' id='word_1_848' title='bbox 3767 4784 3907 4840; x_wconf 83' lang='lat' dir='ltr'><strong>ado-</strong></span> 
     </span>
    </p>
   </div>
   <div class='ocr_carea' id='block_1_107' title="bbox 2310 4874 3912 4947">
    <p class='ocr_par' dir='ltr' id='par_1_107' title="bbox 2310 4874 3912 4947">
     <span class='ocr_line' id='line_1_107' title="bbox 2310 4874 3912 4947; baseline -0.005 -10"><span class='ocrx_word' id='word_1_849' title='bbox 2310 4889 2510 4937; x_wconf 84' lang='lat' dir='ltr'><strong>rarent.</strong></span> <span class='ocrx_word' id='word_1_850' title='bbox 2558 4879 2663 4934; x_wconf 79' lang='lat' dir='ltr'><strong>Sed</strong></span> <span class='ocrx_word' id='word_1_851' title='bbox 2695 4878 2862 4944; x_wconf 90' lang='lat' dir='ltr'><strong>illud,</strong></span> <span class='ocrx_word' id='word_1_852' title='bbox 2905 4878 3114 4947; x_wconf 85' lang='lat' dir='ltr'><strong>inquit,</strong></span> <span class='ocrx_word' id='word_1_853' title='bbox 3160 4894 3367 4934; x_wconf 91' lang='lat' dir='ltr'><strong>merum</strong></span> <span class='ocrx_word' id='word_1_854' title='bbox 3419 4884 3538 4933; x_wconf 89' lang='lat' dir='ltr'><strong>erat</strong></span> <span class='ocrx_word' id='word_1_855' title='bbox 3576 4874 3912 4947; x_wconf 84' lang='lat' dir='ltr'><strong>vigilantium</strong></span> 
     </span>
    </p>
   </div>
   <div class='ocr_carea' id='block_1_108' title="bbox 2307 4967 3913 5049">
    <p class='ocr_par' dir='ltr' id='par_1_108' title="bbox 2307 4967 3913 5049">
     <span class='ocr_line' id='line_1_108' title="bbox 2307 4967 3913 5049; baseline -0.004 -23"><span class='ocrx_word' id='word_1_856' title='bbox 2307 4983 2361 5049; x_wconf 67' lang='lat' dir='ltr'><strong>et</strong></span> <span class='ocrx_word' id='word_1_857' title='bbox 2413 4970 2711 5025; x_wconf 90' lang='lat' dir='ltr'><strong>invidorum</strong></span> <span class='ocrx_word' id='word_1_858' title='bbox 2759 4969 3036 5023; x_wconf 88' lang='lat' dir='ltr'><strong>hominum</strong></span> <span class='ocrx_word' id='word_1_859' title='bbox 3091 4971 3395 5032; x_wconf 89' lang='lat' dir='ltr'><strong>somnium,</strong></span> <span class='ocrx_word' id='word_1_860' title='bbox 3437 4970 3524 5038; x_wconf 88' lang='lat' dir='ltr'><strong>qui</strong></span> <span class='ocrx_word' id='word_1_861' title='bbox 3569 4967 3913 5021; x_wconf 84' lang='lat' dir='ltr'><strong>conabantur</strong></span> 
     </span>
    </p>
   </div>
   <div class='ocr_carea' id='block_1_109' title="bbox 2310 5057 3916 5134">
    <p class='ocr_par' dir='ltr' id='par_1_109' title="bbox 2310 5057 3916 5134">
     <span class='ocr_line' id='line_1_109' title="bbox 2310 5057 3916 5134; baseline -0.002 -18"><span class='ocrx_word' id='word_1_862' title='bbox 2310 5077 2523 5134; x_wconf 90' lang='lat' dir='ltr'><strong>quoquo</strong></span> <span class='ocrx_word' id='word_1_863' title='bbox 2564 5061 2723 5116; x_wconf 89' lang='lat' dir='ltr'><strong>modo</strong></span> <span class='ocrx_word' id='word_1_864' title='bbox 2763 5059 3096 5115; x_wconf 86' lang='lat' dir='ltr'><strong>Christianos</strong></span> <span class='ocrx_word' id='word_1_865' title='bbox 3127 5059 3462 5116; x_wconf 88' lang='lat' dir='ltr'><strong>calumniari.</strong></span> <span class='ocrx_word' id='word_1_866' title='bbox 3489 5057 3606 5114; x_wconf 86' lang='lat' dir='ltr'><strong>Non</strong></span> <span class='ocrx_word' id='word_1_867' title='bbox 3649 5058 3916 5112; x_wconf 81' lang='lat' dir='ltr'><strong>difiitetur</strong></span> 
     </span>
    </p>
   </div>
   <div class='ocr_carea' id='block_1_110' title="bbox 2313 5149 3914 5210">
    <p class='ocr_par' dir='ltr' id='par_1_110' title="bbox 2313 5149 3914 5210">
     <span class='ocr_line' id='line_1_110' title="bbox 2313 5149 3914 5210; baseline -0.004 0"><span class='ocrx_word' id='word_1_868' title='bbox 2313 5165 2491 5210; x_wconf 88' lang='lat' dir='ltr'><strong>tamen</strong></span> <span class='ocrx_word' id='word_1_869' title='bbox 2521 5154 2666 5207; x_wconf 78' lang='lat' dir='ltr'><strong>falsa:</strong></span> <span class='ocrx_word' id='word_1_870' title='bbox 2697 5153 2820 5206; x_wconf 90' lang='lat' dir='ltr'><strong>huic</strong></span> <span class='ocrx_word' id='word_1_871' title='bbox 2845 5155 3207 5208; x_wconf 88' lang='lat' dir='ltr'><strong>criminationi</strong></span> <span class='ocrx_word' id='word_1_872' title='bbox 3245 5154 3424 5209; x_wconf 87' lang='lat' dir='ltr'><strong>datam</strong></span> <span class='ocrx_word' id='word_1_873' title='bbox 3450 5167 3480 5207; x_wconf 88' lang='lat' dir='ltr'><strong>a</strong></span> <span class='ocrx_word' id='word_1_874' title='bbox 3505 5151 3758 5208; x_wconf 89' lang='lat' dir='ltr'><strong>Cornelio</strong></span> <span class='ocrx_word' id='word_1_875' title='bbox 3794 5149 3914 5204; x_wconf 81' lang='lat' dir='ltr'><strong>Ta-</strong></span> 
     </span>
    </p>
   </div>
   <div class='ocr_carea' id='block_1_111' title="bbox 2307 5242 3916 5314">
    <p class='ocr_par' dir='ltr' id='par_1_111' title="bbox 2307 5242 3916 5314">
     <span class='ocr_line' id='line_1_111' title="bbox 2307 5242 3916 5314; baseline -0.002 -12"><span class='ocrx_word' id='word_1_876' title='bbox 2307 5249 2417 5303; x_wconf 87' lang='lat' dir='ltr'><strong>cito</strong></span> <span class='ocrx_word' id='word_1_877' title='bbox 2444 5246 2800 5301; x_wconf 88' lang='lat' dir='ltr'><strong>occasionem.</strong></span> <span class='ocrx_word' id='word_1_878' title='bbox 2825 5242 2957 5299; x_wconf 84' lang='lat' dir='ltr'><strong>Tam</strong></span> <span class='ocrx_word' id='word_1_879' title='bbox 2997 5253 3198 5301; x_wconf 89' lang='lat' dir='ltr'><strong>temere</strong></span> <span class='ocrx_word' id='word_1_880' title='bbox 3235 5247 3537 5309; x_wconf 84' lang='lat' dir='ltr'><strong>enimvero,</strong></span> <span class='ocrx_word' id='word_1_881' title='bbox 3578 5257 3738 5314; x_wconf 89' lang='lat' dir='ltr'><strong>quam</strong></span> <span class='ocrx_word' id='word_1_882' title='bbox 3769 5242 3916 5298; x_wconf 75' lang='lat' dir='ltr'><strong>falso</strong></span> 
     </span>
    </p>
   </div>
   <div class='ocr_carea' id='block_1_112' title="bbox 2299 5334 3914 5408">
    <p class='ocr_par' dir='ltr' id='par_1_112' title="bbox 2299 5334 3914 5408">
     <span class='ocr_line' id='line_1_112' title="bbox 2299 5334 3914 5408; baseline -0.002 -16"><span class='ocrx_word' id='word_1_883' title='bbox 2299 5338 2415 5393; x_wconf 87' lang='lat' dir='ltr'><strong>suis</strong></span> <span class='ocrx_word' id='word_1_884' title='bbox 2443 5338 2497 5392; x_wconf 90' lang='lat' dir='ltr'><strong>in</strong></span> <span class='ocrx_word' id='word_1_885' title='bbox 2527 5335 2762 5390; x_wconf 86' lang='lat' dir='ltr'><strong>historiis</strong></span> <span class='ocrx_word' id='word_1_886' title='bbox 2797 5337 3084 5405; x_wconf 87' lang='lat' dir='ltr'><strong>scripserat</strong></span> <span class='ocrx_word' id='word_1_887' title='bbox 3121 5336 3352 5403; x_wconf 57' lang='lat' dir='ltr'><strong>iudicis,</strong></span> <span class='ocrx_word' id='word_1_888' title='bbox 3383 5337 3473 5408; x_wconf 92' lang='lat' dir='ltr'><strong>qui</strong></span> <span class='ocrx_word' id='word_1_889' title='bbox 3503 5337 3556 5391; x_wconf 86' lang='lat' dir='ltr'><strong>in</strong></span> <span class='ocrx_word' id='word_1_890' title='bbox 3581 5334 3914 5389; x_wconf 83' lang='lat' dir='ltr'><strong>vastissimis</strong></span> 
     </span>
    </p>
   </div>
   <div class='ocr_carea' id='block_1_113' title="bbox 2302 5425 3918 5495">
    <p class='ocr_par' dir='ltr' id='par_1_113' title="bbox 2302 5425 3918 5495">
     <span class='ocr_line' id='line_1_113' title="bbox 2302 5425 3918 5495; baseline -0.003 -12"><span class='ocrx_word' id='word_1_891' title='bbox 2302 5429 2522 5484; x_wconf 71' lang='lat' dir='ltr'><strong>Arabia:</strong></span> <span class='ocrx_word' id='word_1_892' title='bbox 2553 5425 2783 5481; x_wconf 88' lang='lat' dir='ltr'><strong>desertis</strong></span> <span class='ocrx_word' id='word_1_893' title='bbox 2813 5436 3091 5495; x_wconf 88' lang='lat' dir='ltr'><strong>errantes,</strong></span> <span class='ocrx_word' id='word_1_894' title='bbox 3123 5427 3212 5482; x_wconf 86' lang='lat' dir='ltr'><strong>siti</strong></span> <span class='ocrx_word' id='word_1_895' title='bbox 3253 5427 3604 5494; x_wconf 89' lang='lat' dir='ltr'><strong>laborabant,</strong></span> <span class='ocrx_word' id='word_1_896' title='bbox 3645 5425 3918 5480; x_wconf 87' lang='lat' dir='ltr'><strong>indicatos</strong></span> 
     </span>
    </p>
   </div>
   <div class='ocr_carea' id='block_1_114' title="bbox 2303 5514 3919 5590">
    <p class='ocr_par' dir='ltr' id='par_1_114' title="bbox 2303 5514 3919 5590">
     <span class='ocr_line' id='line_1_114' title="bbox 2303 5514 3919 5590; baseline -0.004 -13"><span class='ocrx_word' id='word_1_897' title='bbox 2303 5523 2476 5578; x_wconf 88' lang='lat' dir='ltr'><strong>fuisse</strong></span> <span class='ocrx_word' id='word_1_898' title='bbox 2518 5533 2549 5572; x_wconf 93' lang='lat' dir='ltr'><strong>a</strong></span> <span class='ocrx_word' id='word_1_899' title='bbox 2587 5514 2904 5588; x_wconf 86' lang='lat' dir='ltr'><strong>quibusdam</strong></span> <span class='ocrx_word' id='word_1_900' title='bbox 2939 5519 3154 5589; x_wconf 78' lang='lat' dir='ltr'><strong>onagris</strong></span> <span class='ocrx_word' id='word_1_901' title='bbox 3192 5534 3452 5590; x_wconf 89' lang='lat' dir='ltr'><strong>aquarum</strong></span> <span class='ocrx_word' id='word_1_902' title='bbox 3490 5516 3688 5584; x_wconf 86' lang='lat' dir='ltr'><strong>fontes,</strong></span> <span class='ocrx_word' id='word_1_903' title='bbox 3715 5516 3919 5586; x_wconf 86' lang='lat' dir='ltr'><strong>quibus</strong></span> 
     </span>
    </p>
   </div>
   <div class='ocr_carea' id='block_1_115' title="bbox 2306 5591 3920 5684">
    <p class='ocr_par' dir='ltr' id='par_1_115' title="bbox 2306 5591 3920 5684">
     <span class='ocr_line' id='line_1_115' title="bbox 2306 5591 3920 5684; baseline -0.004 -13"><span class='ocrx_word' id='word_1_904' title='bbox 2306 5632 2425 5673; x_wconf 89' lang='lat' dir='ltr'><strong>eam</strong></span> <span class='ocrx_word' id='word_1_905' title='bbox 2462 5612 2828 5672; x_wconf 87' lang='lat' dir='ltr'><strong>sedaverunt;</strong></span> <span class='ocrx_word' id='word_1_906' title='bbox 2870 5591 3198 5683; x_wconf 67' lang='lat' dir='ltr'><strong>Quapropter</strong></span> <span class='ocrx_word' id='word_1_907' title='bbox 3225 5613 3278 5666; x_wconf 91' lang='lat' dir='ltr'><strong>in</strong></span> <span class='ocrx_word' id='word_1_908' title='bbox 3306 5611 3441 5684; x_wconf 86' lang='lat' dir='ltr'><strong>grati</strong></span> <span class='ocrx_word' id='word_1_909' title='bbox 3467 5609 3631 5664; x_wconf 84' lang='lat' dir='ltr'><strong>animi</strong></span> <span class='ocrx_word' id='word_1_910' title='bbox 3659 5605 3920 5664; x_wconf 77' lang='lat' dir='ltr'><strong>testiﬁca-</strong></span> 
     </span>
    </p>
   </div>
   <div class='ocr_carea' id='block_1_116' title="bbox 2307 5698 3922 5776">
    <p class='ocr_par' dir='ltr' id='par_1_116' title="bbox 2307 5698 3922 5776">
     <span class='ocr_line' id='line_1_116' title="bbox 2307 5698 3922 5776; baseline -0.008 -10"><span class='ocrx_word' id='word_1_911' title='bbox 2307 5711 2530 5776; x_wconf 89' lang='lat' dir='ltr'><strong>tionem,</strong></span> <span class='ocrx_word' id='word_1_912' title='bbox 2562 5700 2729 5760; x_wconf 89' lang='lat' dir='ltr'><strong>sicuti</strong></span> <span class='ocrx_word' id='word_1_913' title='bbox 2756 5700 3052 5774; x_wconf 86' lang='lat' dir='ltr'><strong>inquiebat,</strong></span> <span class='ocrx_word' id='word_1_914' title='bbox 3081 5704 3218 5760; x_wconf 89' lang='lat' dir='ltr'><strong>asini</strong></span> <span class='ocrx_word' id='word_1_915' title='bbox 3243 5711 3696 5760; x_wconf 86' lang='lat' dir='ltr'><strong>consecraverunt</strong></span> <span class='ocrx_word' id='word_1_916' title='bbox 3723 5698 3922 5772; x_wconf 82' lang='lat' dir='ltr'><strong>imagi-</strong></span> 
     </span>
    </p>
   </div>
  </div>
