4212 6262
336 351 480 409 ωδε

1477 336 1929 400 DISSERTATIO
1967 335 2029 393 D.
2069 335 2159 393 LE
2195 335 2501 396 NOURRY.

3497 337 3639 396 1031i

333 486 483 528 nem.
542 466 678 539 Quia
712 473 905 539 .autem
972 462 1163 534 religio
1210 461 1500 519 christiana
1548 461 1776 533 judaicze
1821 466 1937 515 erat
1960 457 2016 520 Α
2038 457 2158 513 aliis
2191 459 2473 526 Onocltitis,
2503 460 2554 516 in
2576 459 2695 516 aliis
2719 457 3087 526 Onochorsitis,
3114 455 3196 514 vel
3221 457 3618 525 Onochortissis,

328 563 600 637 proxima.
633 561 756 615 hinc
781 558 1051 614 ﬁnxerunt
1077 556 1307 628 gentiles
1331 571 1358 610 a
1384 554 1698 611 Christianis
1721 566 1935 625 quoque
2039 560 2129 606 aut
2172 549 2554 619 Onocltotasis;
2593 552 2646 609 in
2689 551 2921 623 antiquis
2950 549 3277 607 editionibus
3306 548 3628 621 Onycln'tes,

335 656 476 711 asini
513 660 673 724 caput
698 648 960 727 adorari\(
984 648 1316 713 Tertullian.,
1346 645 1641 719 Apologet.,
1672 661 1789 715 cap.
1819 643 1890 700 16
1914 684 1931 712 ,

337 766 461 823 pag.
491 745 598 802 365
643 755 690 800 et
716 758 881 815 segq.,
929 751 977 797 et
1019 739 1108 797 lib.
1182 740 1202 796 l
1246 740 1315 796 ad
1363 738 1604 801 Nation.,
1652 754 1770 806 cap.
1821 737 1929 803 11,

334 859 456 915 pag.
497 838 673 912 577)..
708 836 909 892 Verum
957 849 1056 890 nos
1120 832 1247 889 alibi
1318 833 1456 887 hanc
1522 829 1931 887 insulsissimam

347 931 776 990 criminationem
803 978 816 998 ,
876 944 982 985 non
1013 929 1187 983 solum
1238 936 1502 999 quatenus
1549 924 1799 991 Judaeos,
1834 922 1932 979 sed

348 1027 510 1082 etiam
534 1023 872 1081 Christianos
916 1030 1161 1092 spectat,
1207 1018 1448 1075 funditus
1476 1017 1765 1074 evertimus
1786 1013 1932 1087 (Dis-

334 1127 511 1174 sertat.
532 1116 585 1171 in
620 1115 809 1171 Minui.
845 1111 1048 1181 Oetam,
1076 1128 1191 1184 cap.
1218 1111 1307 1179 11,
1338 1120 1436 1165 art.
1468 1109 1545 1181 1).

398 1208 683 1279 Reliquum
724 1206 906 1276 itaque
943 1212 1068 1272 est,
1099 1213 1156 1258 ut
1181 1201 1451 1274 singulare
1480 1200 1695 1272 aliquod
1726 1200 1927 1255 factum

323 1300 689 1373 expendamus
714 1339 731 1366 ,
778 1296 920 1368 quod
965 1312 998 1352 a
1037 1295 1370 1352 Tertulliano
1408 1302 1596 1350 nostro
1634 1294 1842 1350 duobus
1874 1293 1927 1349 in

324 1393 479 1452 libris
526 1394 606 1450 sic
646 1390 1010 1447 describitur:
1042 1388 1195 1445 Nova
1234 1393 1350 1462 jam
1392 1388 1489 1445 Dei
1533 1390 1693 1445 nostri
1730 1391 1785 1443 in
1828 1388 1929 1443 ista

324 1490 557 1563 proxime
600 1486 803 1541 ciuitate
845 1484 998 1540 editio
1038 1484 1296 1555 publicata
1338 1493 1448 1551 est,
1490 1498 1554 1538 ea:
1580 1498 1681 1552 quo
1718 1482 1929 1554 quidam

325 1578 641 1653 frustrandis
687 1577 856 1633 bestiis
897 1576 1240 1631 mercenarius
1277 1574 1461 1630 noxius
1480 1616 1495 1637 ,
1524 1574 1777 1646 picturam
1807 1590 1928 1645 pro-

324 1674 689 1745 posuitbcum
730 1670 985 1738 ejusmodi
1008 1670 1307 1740 incriptione
1341 1686 1355 1722 :
1385 1668 1530 1724 Deus
1566 1665 1926 1723 Caats'runo-

329 1780 438 1822 non
466 1766 834 1821 Onocnwrss.
860 1761 920 1817 Is
966 1771 1073 1817 erat
1096 1761 1303 1816 auribus
1331 1760 1546 1815 asininis
1564 1801 1580 1829 ,
1613 1761 1773 1815 altero
1800 1759 1928 1831 pede

2038 644 2092 700 in
2123 645 2437 714 quibusdam
2470 647 2684 703 tandem
2713 640 2972 718 direxit)”.
2994 644 3050 702 In
3078 644 3196 699 libri
3227 651 3404 697 autem
3429 642 3496 697 ad
3513 641 3632 697 Na-

2037 738 2199 793 tiones
2239 739 2441 794 inedito
2484 739 2776 810 exemplari
2813 748 2867 793 et
2914 737 3032 792 aliis
3074 735 3232 791 editis
3288 733 3389 788 hoc
3430 747 3629 813 nomen

2034 831 2289 887 scribitur
2314 832 2505 902 triplici
2538 831 2719 899 modo,
2744 847 2807 886 ac
2838 830 3008 902 primo
3038 827 3253 899 quidem
3287 824 3626 891 Onocholtes;

2035 925 2294 993 secundo,
2324 924 2654 991 Unoehoites;
2705 926 2891 990 tertio,
2924 922 3198 978 Onocltaete
3243 919 3449 992 (Idem.
3480 918 3570 974 lib.
3601 917 3627 974 Ι

2033 1017 2103 1073 ad
2132 1017 2304 1087 Nati.,
2334 1034 2451 1090 cap.
2488 1017 2575 1082 11,
2607 1034 2727 1090 pag.
2758 1017 2866 1074 579
2885 1021 2922 1089 ).
2949 1017 3021 1074 At
3050 1032 3209 1087 quam
3233 1014 3394 1068 varia:
3423 1012 3628 1068 discre-

2033 1117 2327 1182 pantesque
2365 1119 2490 1165 sunt
2529 1108 2689 1180 hujus
2719 1111 2879 1166 unius
2917 1109 3148 1164 nominis
3177 1106 3474 1173 lectiones,
3513 1112 3622 1159 tam

2031 1204 2176 1259 clare
2214 1210 2363 1273 patet
2393 1201 2522 1259 illud
2550 1218 2672 1260 esse
2708 1212 3043 1273 corruptum.
3091 1199 3455 1270 QUamobrem
3495 1211 3625 1252 eru-

2030 1293 2130 1350 diti
2157 1295 2337 1366 plures
2359 1295 2539 1372 viri‘in
2567 1310 2634 1351 eo
2662 1292 2902 1350 sanando
2946 1309 3053 1350 non
3097 1307 3284 1363 parum
3326 1289 3622 1347 desudave-

2031 1395 2175 1443 runt.
2216 1388 2446 1457 Quidam
2494 1388 2638 1444 enim
2692 1397 2879 1458 putant
2946 1384 3230 1457 legendum
3283 1384 3620 1449 Onochtctes,

2035 1481 2109 1537 ita
2132 1482 2311 1537 uthac
2334 1497 2466 1538 voce
2485 1481 2815 1553 signiﬁcetur
2839 1481 3024 1536 asinus
3044 1494 3318 1535 sacrorum
3340 1478 3621 1547 magister,

2028 1584 2079 1630 et
2110 1574 2403 1642 sacerdos,
2440 1590 2468 1628 a
2512 1589 2620 1646 quo
2661 1574 2751 1628 alii
2792 1572 3035 1629 initiandi
3077 1581 3250 1627 erant.
3280 1571 3482 1626 Malunt
3529 1568 3620 1623 alii

2029 1666 2287 1737 scriptum
2318 1665 2698 1731 Onocltorsites,
2725 1666 2792 1721 ab
2816 1665 3029 1721 asinino
3076 1666 3268 1735 capite,
3316 1665 3405 1719 alii
3462 1662 3607 1719 Ono-

2028 1759 2222 1826 coites,
2269 1758 2321 1814 id
2367 1768 2484 1825 est,
2543 1757 2764 1814 asininre
2799 1759 3023 1828 originis
3064 1767 3121 1813 et
3176 1758 3456 1828 prosapiae.
3515 1756 3624 1813 Alii

330 1855 632 1930 ungulatus,
663 1855 845 1910 librum
870 1863 1092 1927 gestans,
1117 1863 1163 1908 et
1190 1862 1392 1926 togatus
1408 1852 1759 1928 (Tertullian.,
1785 1853 1915 1925 Apo-

2032 1847 2192 1905 ctiam
2217 1848 2604 1915 Onotacoustes,
2639 1863 2814 1922 grtece
2845 1843 3229 1912 ὁνωταοὺστης.
3254 1846 3362 1904 Sed
3391 1847 3518 1919 quid
3560 1848 3614 1903 in

326 1945 414 2019 log
442 1988 459 2012 ,
489 1962 608 2018 cap.
640 1944 746 2013 16,
779 1963 835 2017 p.
883 1943 1051 2018 372).
1077 1945 1196 2001 Alio
1222 1954 1400 2002 autem
1429 1946 1481 2001 in
1509 1946 1648 2002 libro
1679 1945 1729 2002 id
1759 1948 1922 2020 paulo

318 2038 490 2096 fusius
521 2040 755 2111 explicat
787 2057 802 2095 :
829 2039 952 2094 Iam
990 2040 1055 2094 de
1094 2043 1269 2096 nostro
1304 2039 1415 2095 Deo
1464 2045 1607 2114 fama
1645 2042 1918 2114 suggessit.

324 2133 467 2201 Adeo
490 2147 655 2203 nuper
679 2130 889 2203 quidam
916 2131 1291 2202 perditissimus
1316 2132 1371 2187 in
1398 2132 1499 2188 ista
1522 2134 1741 2198 civitate,
1765 2134 1921 2190 etiam

334 2241 439 2283 sua:
467 2225 726 2297 religionis
752 2225 978 2280 desertor
1001 2267 1018 2293 ,
1060 2227 1171 2281 solo
1199 2226 1498 2283 detrimento
1526 2229 1654 2283 cutis
1669 2229 1878 2298 judteus
1900 2272 1917 2300 ,

286 2310 491 2390 ~utique
525 2318 709 2389 magis,
741 2318 878 2392 quod
906 2317 1180 2374 bestiarum
1221 2335 1420 2375 morsus
1440 2362 1457 2385 ,
1498 2321 1566 2375 ad
1593 2337 1720 2392 quas
1754 2337 1808 2375 se
1844 2321 1921 2376 lo-

318 2412 484 2466 cando
512 2409 733 2483 quotidie
772 2420 876 2467 toto
906 2413 1023 2484 jam
1062 2428 1275 2483 corpore
1300 2413 1527 2480 decutit,
1555 2429 1670 2467 cum
1697 2413 1916 2482 incedit,

323 2506 577 2576 picturam
606 2506 660 2560 in
689 2521 781 2561 nos
811 2508 1074 2578 proposuit
1102 2508 1196 2562 sub
1218 2508 1317 2562 ista
1345 2509 1718 2580 proscriptione
1741 2526 1754 2562 :
1777 2509 1920 2566 0N0-

319 2610 568 2653 ωαξης.
600 2596 657 2652 Is
704 2607 810 2653 erat
847 2598 1055 2653 auribus
1093 2599 1434 2654 canteriorum
1454 2640 1470 2667 ,
1500 2609 1550 2654 et
1578 2601 1631 2655 in
1658 2612 1778 2672 toga
1803 2618 1919 2657 cum

318 2687 483 2755 libro,
512 2688 673 2745 altera
713 2693 840 2762 pede
877 2691 1124 2764 ungulato
1161 2689 1378 2762 (Idem,
1421 2693 1514 2749 lib.
1547 2694 1565 2748 ι
1612 2694 1681 2749 ad
1736 2693 1915 2763 Nati.,

320 2796 437 2852 cap.
470 2781 560 2847 14,
592 2801 715 2855 pag.
747 2783 897 2856 579).

243 2866 247 2873 ’
393 2872 628 2929 Primum
671 2889 802 2947 ergo
841 2873 977 2932 dixit
1012 2874 1118 2932 hoc
1154 2862 1354 2932 factum
1394 2892 1515 2933 esse
1550 2895 1748 2949 nuper,
1804 2880 1919 2937 sive

316 2966 476 3038 paulo
502 2977 655 3025 antea
681 2983 841 3041 quam
865 2978 1153 3042 utrumque
1182 2954 1379 3026 librum
1405 2973 1727 3043 composuit,
1756 2981 1918 3046 atque

314 3059 545 3129 proxime
583 3060 637 3116 in
681 3060 782 3116 ista
815 3060 1066 3129 civitate,
1109 3062 1163 3118 itt
1206 3079 1312 3134 qua
1352 3065 1807 3121 cnmmnrabatur.
1842 3069 1918 3126 De

313 3148 475 3222 hujus
530 3152 691 3223 igitur
743 3152 864 3210 lacti
901 3153 1127 3217 veritate
1187 3156 1366 3211 nullus
1410 3157 1689 3213 dubitandi
1768 3158 1917 3216 locus

2025 1954 2133 1995 uno
2193 1939 2351 2011 hujus
2422 1940 2783 2012 inscriptionis
2846 1940 3064 1996 nomine
3106 1938 3426 1995 inveniendo
3476 1937 3628 1995 labo-

2023 2031 2269 2097 randum,
2301 2034 2388 2089 cui
2441 2033 2555 2088 haec
2621 2031 2727 2087 duo
2779 2031 2977 2097 latina,
3034 2030 3174 2088 Deus
3210 2029 3618 2088 Christianorum

2026 2123 2318 2194 praeposita
2341 2124 2393 2177 in
2414 2122 2762 2196 Apologetico
2785 2124 2921 2179 libro
2947 2123 3286 2179 indicantur?
3304 2123 3443 2193 Quid
3467 2124 3614 2181 enim

1978 2266 1983 2269 _
2023 2213 2069 2270 si
2095 2214 2372 2285 posterius
2402 2214 2529 2269 illud
2560 2230 2753 2271 nomen
2780 2231 2809 2271 a
2838 2216 3101 2272 scelerato
3131 2224 3389 2287 nngatore
3415 2217 3616 2273 conﬁc-

2023 2314 2157 2374 tum,
2204 2316 2260 2363 et
2295 2323 2325 2361 a
2362 2306 2598 2362 librariis
2637 2307 2833 2365 deinde
2876 2320 3188 2378 corruptum
3230 2308 3425 2405 fuerit?
3465 2309 3607 2379 Quid

2023 2402 2208 2467 etiam,
2238 2400 2282 2455 si
2310 2400 2528 2470 vulgare
2552 2401 2817 2471 quoddam
2845 2401 3095 2473 punicum
3122 2400 3319 2458 nomen
3351 2402 3439 2471 sit,
3462 2402 3611 2473 jam-

2021 2508 2128 2565 que
2154 2493 2368 2564 peuitus
2391 2491 2735 2549 obsoletum?
2761 2491 2949 2549 Nonne
2980 2494 3134 2549 nobis
3163 2492 3410 2550 sufﬁcere
3437 2493 3605 2551 debet

2020 2584 2144 2641 data
2172 2585 2241 2640 ab
2271 2587 2500 2643 Auctore
2527 2595 2712 2641 nostro
2743 2585 2899 2656 hujus
2928 2585 3158 2641 nominis
3192 2596 3247 2641 et
3272 2587 3492 2657 picturae
3514 2603 3615 2643 ex.

2021 2678 2238 2751 plicatio
2263 2696 2278 2733 :
2304 2677 2392 2745 Is,
2424 2679 2629 2751 inquit,
2658 2688 2766 2734 erat
2792 2678 2999 2735 auribus
3027 2681 3263 2747 asininis,
3297 2682 3457 2736 altero
3493 2680 3622 2752 pede

2020 2771 2327 2843 ungulatus,
2372 2771 2557 2825 librum
2596 2781 2833 2843 gestans,
2879 2780 2925 2826 et
2958 2780 3178 2842 togatus.
3212 2771 3364 2841 Qttod
3403 2771 3618 2842 quidem

2020 2864 2137 2921 aliis
2155 2865 2336 2921 verbis
2363 2866 2414 2919 in
2443 2864 2579 2919 libro
2599 2865 2668 2918 ad
2689 2862 2943 2920 Nationes
2962 2906 2976 2932 ,
3004 2864 3099 2920 sed
3127 2864 3265 2920 idem
3289 2865 3512 2921 omnino
3540 2866 3616 2922 si-

2018 2957 2393 3030 gniﬁcantibus
2420 2958 2609 3013 edixit.

2095 3052 2272 3107 l’icuts
2314 3059 2493 3107 autem
2542 3049 2726 3106 asinus
2765 3050 2855 3106 ille
2902 3061 3020 3107 erat
3062 3063 3295 3125 togatus.
3328 3052 3442 3109 sive
3490 3062 3615 3127 toga

2019 3151 2330 3206 contectus,
2364 3151 2420 3197 et
2474 3141 2660 3196 librum
2716 3153 2920 3212 gestans
2973 3142 3025 3197 in
3074 3143 3310 3199 derisum
3373 3143 3621 3202 videlicet

325 3254 429 3301 est.
464 3246 668 3304 Deinde
689 3247 832 3303 illius
861 3261 1134 3306 auctorem
1164 3249 1329 3306 fuisse
1349 3251 1586 3322 judzeutn
1606 3254 1913 3324 quemdam,
1944 3248 1988 3313 C
2021 3234 2463 3298 Cl‘ris‘i‘mommo
2508 3233 2598 3304 ιιιιὶ
2647 3250 2797 3289 53¢”
2847 3233 3137 3305 Evangelia
3186 3252 3398 3292 summ"
3457 3239 3619 3295 liabe-

310 3351 457 3404 sute,
488 3336 542 3392 id
580 3348 693 3404 est,
744 3338 971 3409 jodaicze
1010 3341 1287 3412 religionis
1319 3342 1683 3414 desertorem,
1717 3347 1915 3423 quique

317 3440 445 3487 tunc
481 3432 591 3488 solo
629 3434 928 3490 detrimento
957 3436 1119 3504 cutis,
1162 3437 1266 3491 hoc
1302 3445 1423 3505 est,
1468 3438 1583 3494 sola
1626 3440 1910 3497 circumci-

319 3527 474 3581 sione
490 3524 721 3596 juda-us,
766 3528 957 3599 impios
976 3527 1313 3585 ethnicorum
1335 3531 1511 3587 cultus
1528 3532 1910 3603 proﬁtebatur:

312 3617 408 3672 sed
441 3616 581 3673 hunc
611 3617 774 3675 fuisse
802 3619 1070 3675 hominem
1102 3621 1521 3691 perditissimam
1544 3665 1558 3687 .
1587 3640 1650 3680 ac
1679 3627 1912 3696 plurium

312 3710 599 3766 criminum
629 3711 842 3781 publico
864 3712 1068 3782 judicio
1095 3716 1429 3779 convictum,
1457 3726 1511 3771 et
1537 3729 1815 3788 propterea
1844 3719 1909 3775 ad

314 3801 515 3859 bestias
557 3804 866 3860 damnatum
889 3847 905 3871 ,
942 3816 998 3861 ttt
1025 3821 1146 3861 cum
1179 3807 1259 3862 eis
1300 3808 1551 3864 nimirum
1595 3826 1693 3865 suo
1721 3809 1911 3867 ordine

314 3891 827 3965 pugnareﬂVerum
857 3897 980 3968 quia
1013 3896 1093 3952 fas
1115 3896 1187 3953 illi
1215 3908 1330 3954 erat
1357 3900 1425 3956 ab
1452 3901 1551 3956 hac
1592 3912 1787 3973 pugna‘
1811 3903 1909 3958 ali-

312 3986 526 4056 quando
552 4002 773 4054 vacare,
805 3998 864 4044 ut
898 3989 1104 4045 lucrum
1156 3990 1329 4062 majus
1358 3991 1599 4061 faceret,
1629 4009 1749 4051 sese
1775 4011 1911 4068 quo-

312 4077 436 4130 tidie
461 4080 769 4149 frustrandis
797 4080 967 4136 bestiis
991 4123 1006 4148 ,
1040 4083 1143 4139 hoc
1181 4091 1265 4139 est
1284 4126 1301 4151 ,
1328 4084 1396 4139 ad
1424 4085 1633 4140 illarum
1676 4084 1909 4156 impetus

312 4182 603 4226 acmursns
622 4173 930 4230 dimicando
953 4175 1303 4233 declinandos
1332 4178 1475 4233 ultro
1511 4179 1742 4235 locabat.
1773 4179 1906 4236 Nam

319 4268 376 4314 ut
402 4260 641 4329 adprime
667 4263 1021 4321 Cassiodorus
1050 4266 1299 4322 observat
1334 4286 1347 4322 :
1380 4268 1536 4323 Actus
1565 4272 1904 4339 detestabilis,

311 4362 563 4408 certamen
588 4356 788 4427 infelix,
817 4373 934 4412 cum
963 4358 1087 4429 [eris
1135 4360 1264 4415 velle
1292 4362 1610 4429 contendere,
1635 4380 1765 4430 quas
1796 4364 1909 4434 for-

314 4442 465 4499 tiores
492 4462 546 4501 se
565 4463 666 4502 non
693 4449 887 4505 dubitat
928 4451 1174 4508 invenire.
1204 4453 1329 4509 Sola
1348 4464 1422 4508 est
1448 4471 1568 4526 ergo
1593 4456 1648 4511 in
1675 4456 1909 4528 fallendo

313 4539 676 4609 prwsumptt'o,
727 4544 934 4598 unicum
976 4546 1031 4600 in
1073 4544 1364 4615 deceptione
1408 4548 1668 4602 solatium.
1719 4547 1820 4615 Qui
1862 4549 1912 4603 si

2016 3328 2145 3385 bant
2166 3328 2219 3383 in
2249 3328 2485 3390 honore.
2511 3342 2681 3397 eaque
2718 3341 2899 3381 secum
2936 3326 3110 3394 ferre,
3140 3342 3205 3384 ac
3244 3328 3355 3384 suis
3402 3330 3455 3384 in
3485 3343 3612 3402 syn-

2015 3421 2205 3476 axibus
2228 3420 2402 3493 palam
2433 3419 2614 3491 legere
2640 3430 3053 3475 consueverant.
3632 3469 3663 3485 ,,

2101 3537 2169 3589 At
2238 3532 2529 3589 Christiani
2594 3542 2649 3590 et
2700 3534 3067 3591 Tertttllianus
3119 3535 3250 3591 illttd
3313 3536 3603 3595 divinitatis

2015 3634 2314 3681 monstrum
2341 3667 2356 3691 ,
2388 3641 2456 3680 ex
2503 3624 2650 3696 impii
2701 3626 2983 3682 nebulonis
3027 3627 3251 3682 cerebro
3291 3639 3467 3684 ortum
3492 3645 3604 3696 ,Aac

2015 3735 2209 3776 nomen
2263 3720 2380 3790 ejus
2428 3727 2484 3775 et
2528 3718 2755 3775 formam
2810 3721 3065 3775 riserunt.
3120 3720 3315 3789 Quidni
3359 3722 3610 3779 risissent

2010 3813 2145 3870 illud
2186 3814 2489 3869 auctoritate
2534 3814 2773 3885 temporis
2798 3855 2813 3880 ,
2841 3823 2897 3869 ut
2935 3813 3027 3869 ille
3064 3800 3176 3879 ait,
3204 3815 3498 3870 destitutum
3518 3856 3534 3882 ,
3562 3827 3613 3870 et

2012 3908 2257 3978 qualitate
2276 3905 2498 3961 auctoris
2516 3906 2776 3976 inﬁrmant
2798 3904 2988 3977 (Idem,
3013 3906 3312 3978 Apologet.,
3353 3925 3463 3978 cap.
3515 3909 3607 3977 16,

2014 4017 2068 4071 p.
2101 4000 2225 4065 575,
2253 4010 2299 4054 et
2329 3998 2418 4055 lib.
2449 3998 2572 4055 1'ad
2600 3997 2810 4053 Nation.
2833 4041 2848 4066 ,
2881 4015 2998 4070 cap.
3026 3999 3116 4064 14,
3138 4018 3191 4071 p.
3218 3999 3346 4066 579)
3374 4000 3399 4054 Ἰ

2088 4092 2199 4148 Nec
2223 4102 2306 4149 est
2332 4107 2464 4149 sane
2488 4091 2629 4161 quod
2652 4091 2807 4147 nobis
2852 4090 3043 4161 aliquis
3087 4089 3303 4159 objiciat
3342 4105 3450 4147 non
3493 4099 3601 4148 tam

2012 4185 2169 4255 longe
2194 4183 2481 4242 Gnostieos
2510 4184 2636 4240 hinc
2662 4182 2950 4239 recessisse
2969 4224 2984 4248 ,
3011 4182 3101 4251 qui
3134 4181 3301 4236 multo
3326 4192 3502 4245 antea.
3529 4186 3610 4240 sio

2012 4287 2101 4331 cut
2132 4288 2249 4348 post
2271 4273 2632 4345 Epiphaniutn
2675 4273 2893 4346 (Epiph.
2924 4271 3048 4325 ItlBl’.
3077 4271 3179 4338 26,
3206 4290 3256 4343 p.
3288 4273 3379 4346 9|)
3421 4276 3611 4332 obser-

2011 4369 2253 4423 vavitntts
2282 4365 2459 4437 (Tant.
2491 4366 2508 4421 l
2539 4367 2812 4434 Apparat.,
2843 4381 2895 4433 p.
2922 4362 3083 4428 244.;
3117 4363 3378 4420 Dissertat.
3417 4367 3610 4434 inJIi.

2012 4466 2125 4512 nut.
2149 4498 2164 4519 ,
2191 4472 2306 4528 cap.
2338 4457 2401 4511 11
2422 4496 2437 4521 ,
2469 4464 2570 4510 art.
2601 4455 2690 4525 1),
2738 4454 3003 4511 ﬁnxerant
3042 4453 3275 4511 Sabaoth
3315 4458 3604 4525 septimum

2012 4547 2246 4604 ᾹΞοιιιιιιι
2269 4589 2284 4615 ,
2316 4549 2438 4604 οωιί
2468 4557 2519 4603 et
2551 4555 2707 4603 terrte
2748 4563 2868 4604 esse
2914 4548 3283 4613 conditorem,
3312 4563 3472 4619 quem
3511 4551 3604 4605 alii

311 4626 477 4697 {erant
500 4646 603 4685 non
630 4645 882 4689 merentur
906 4635 1159 4709 c/fugere,
1190 4637 1445 4692 interdum
1474 4655 1567 4693 nec
1593 4640 1905 4711 sepulturam
1930 4640 1984 4706 D
2010 4640 2145 4696 asini
2167 4682 2181 4704 ,
2205 4640 2294 4695 alii
2320 4641 2465 4712 porci
2487 4639 2709 4712 ﬁguram
2737 4656 2845 4712 prte
2864 4655 2924 4696 se
2952 4640 3092 4697 ferre
3112 4640 3442 4696 ell'utiebant.
3465 4640 3602 4698 Nam

318 4720 500 4787 poterit
563 4720 784 4781 inuenire
831 4726 852 4800 (
874 4727 1130 4793 Cassiod..
1161 4728 1248 4785 lib.
1286 4728 1331 4786 ν
1391 4729 1590 4786 Variar.
1631 4733 1779 4803 epist.
1809 4733 1904 4803 42,

312 4825 431 4883 pag.
460 4811 580 4885 94).
612 4815 757 4893 Talis
795 4829 912 4875 erat
935 4819 1144 4891 judteus
1173 4822 1263 4876 ille
1289 4824 1566 4890 recutitus,
1599 4824 1683 4879 cui
1714 4836 1907 4895 praeter

310 4904 775 4967 circumcisionetn
796 4953 812 4979 ,
830 4915 1092 4984 quotidie".
1121 4916 1194 4970 ait
1224 4913 1588 4972 Tertullianus
1613 4960 1629 4982 ,
1665 4926 1775 4973 toto
1792 4919 1903 4989 jam

308 5012 521 5069 corpore
547 5001 772 5071 decutit,
804 5005 854 5060 id
881 5014 992 5074 est,
1026 5007 1206 5077 plures
1234 5007 1461 5079 singulis
1496 5008 1684 5064 diebus
1724 5011 1905 5080 plagas

315 5090 585 5147 morsibus
612 5092 905 5151 bestiarum
932 5098 1247 5168 accipiebat.
1270 5098 1413 5154 At‘id
1438 5115 1608 5172 genus
1627 5099 1904 5157 hominum

310 5176 547 5237 bestiarii
577 5185 1114 5258 cognominabantur,
1143 5189 1212 5247 de
1230 5190 1429 5262 quibus
1455 5193 1614 5263 paulo
1640 5201 1765 5248 ante
1786 5191 1901 5250 dis-

310 5275 580 5333 seruimus
607 5276 796 5350 (Supr.
823 5282 964 5353 cap.)

389 5364 444 5420 lu
476 5368 614 5425 ludis
643 5371 821 5443 itaque
850 5373 1079 5445 publicis
1106 5375 1305 5432 nebulo
1330 5376 1419 5434 ille
1462 5376 1912 5449 pseudo-judaeus

311 5466 370 5514 ut
410 5459 761 5521 christianum
800 5465 1116 5539 religionem
1158 5468 1522 5525 ludiﬁcaretur
1549 5511 1564 5537 ,
1612 5469 1761 5526 illaut
1804 5471 1908 5526 cir-

310 5555 558 5612 cumtulit
599 5556 925 5631 descriptam
985 5578 1016 5619 a
1050 5561 1382 5620 Tertulliano
1424 5564 1701 5620 ridiculam
1749 5566 1907 5636 plane

315 5642 626 5716 imaginem,
649 5651 802 5720 cujus
827 5654 944 5710 hmo
970 5665 1088 5711 erat
1112 5656 1386 5728 inscriptio
1411 5674 1425 5712 :
1454 5658 1599 5714 Deus
1618 5659 1909 5714 CDRISTIA-

311 5750 495 5794 Nomm
523 5738 863 5801 ancnm'rss
893 5746 913 5818 (
942 5745 1244 5805 Tertullian.
1264 5790 1278 5814 ,
1311 5751 1583 5822 Apologet.
1606 5793 1618 5816 ,
1651 5769 1767 5822 cap.
1802 5749 1870 5806 16
1893 5793 1909 5820 ,

308 5846 367 5904 p.
398 5830 558 5907 572),
612 5835 726 5891 sive
758 5845 815 5891 ut
843 5838 895 5893 in
924 5841 1194 5900 codicibus
1220 5843 1420 5901 nostris
1444 5843 1825 5916 manuscriptis
1852 5852 1910 5901 et

595 5928 1039 5995 Terrenum
1107 5936 1158 5998 Ι.

2012 4732 2127 4789 hate
2155 4733 2375 4789 ridicula
2405 4731 2638 4788 Sabaoth
2680 4733 2856 4804 imago
2893 4732 3113 4788 omnino
3150 4733 3356 4788 diversa
3396 4742 3511 4789 erat
3537 4735 3607 4790 ab

2012 4824 2227 4881 horrida
2257 4826 2350 4880 Dei
2381 4825 2804 4882 Christianorum
2837 4827 3025 4895 ﬁgura,
3051 4839 3209 4895 quam
3233 4825 3595 4896 nequissimus

2010 4926 2066 4975 et
2096 4918 2540 4990 ﬂagitiosissimos
2571 4917 2801 4990 judaica:
2837 4917 3108 4989 religionis
3146 4917 3387 4989 proditor
3416 4919 3599 4976 insul-

2008 5011 2224 5068 sissime
2251 5011 2665 5082 excogitaverat.
3456 5008 3457 5011 η
3490 5008 3493 5011 ι
3585 4999 3602 5014 ι

2081 5101 2163 5158 Ad
2192 5117 2309 5158 eam
2353 5101 2578 5158 fortasse
2606 5103 2825 5174 prOpius
2862 5103 3152 5160 accedebat
3194 5104 3377 5161 asinus
3405 5106 3558 5163 albus
3584 5150 3600 5173 ,

2010 5214 2171 5271 quem
2216 5199 2291 5253 uti
2339 5196 2533 5253 Suidas
2588 5208 2771 5253 narrat
2815 5196 3021 5268 (Suid.
3073 5198 3143 5253 ad
3197 5217 3245 5255 υ.
3302 5201 3516 5272 Ζγξνων),
3548 5215 3606 5258 et

2009 5307 2110 5348 nos
2128 5291 2255 5347 alibi
2283 5291 2653 5346 annotavimus
2682 5290 2976 5361 (Dissertat.
3014 5290 3067 5345 in
3093 5289 3279 5346 Minut.
3309 5293 3409 5348 loc.
3447 5288 3582 5367 cit.).

2011 5384 2158 5440 Zeno
2200 5382 2415 5456 quidam
2461 5381 2854 5439 Alexandrinus
2878 5426 2893 5451 ,
2919 5383 3147 5453 judaicze
3189 5384 3464 5457 religionis
3501 5370 3608 5443 de;

2009 5484 2216 5541 sertor,
2249 5491 2345 5546 per
2385 5473 2683 5545 judtnorum
2732 5489 3055 5546 synagogam
3107 5475 3196 5532 die
3247 5478 3451 5532 sabbati
3494 5485 3606 5534 tra-

2010 5566 2228 5622 duxisse
2272 5566 2600 5636 perhibetur.
2649 5565 2847 5622 Verum
2898 5567 3109 5622 tametsi
3148 5568 3199 5623 id
3240 5578 3364 5623 ante
3394 5569 3607 5625 Tertul-

2010 5660 2137 5715 liuni
2164 5670 2373 5728 tempus
2396 5667 2574 5713 actum
2608 5657 2769 5713 fuisse
2796 5658 3131 5728 probaretur,
3160 5659 3387 5713 multum
3418 5669 3600 5715 tamen

2011 5751 2079 5809 ab
2106 5751 2192 5807 illa
2237 5751 2439 5823 pictura
2469 5750 2808 5821 discrepabat
2832 5791 2848 5818 ,
2872 5766 3031 5821 quam
3080 5751 3519 5821 pseudo-judeus
3550 5753 3604 5810 in

2011 5845 2432 5905 Christianorum
2459 5845 2552 5902 Dei
2573 5843 2896 5903 derisionem
2922 5886 2937 5907 .
2965 5858 3069 5899 non
3100 5844 3151 5899 in
3183 5860 3471 5919 synagoga,
3498 5844 3598 5904 sed

2846 5942 3341 6028 (Trente-trois.)
