4212 6262
563 379 703 440 1053

1636 368 1702 425 ΙΝ
1730 360 2203 435 TERTULLIANI
2239 356 2781 421 APOLOGETICUM

3726 352 3873 410 1036

576 497 631 551 in
662 491 888 565 publicis
917 485 1193 562 gentilium
1234 478 1553 556 spectaculis
1590 480 1937 538 circumtulit.
1969 478 2040 535 At
2059 492 2164 535 non
2192 482 2246 542 Α
2272 478 2524 533 intortum
2553 474 2623 531 ab
2648 471 3070 565 ethnicistelum
3099 471 3155 527 in
3182 469 3446 541 ipsosmet
3472 470 3867 541 retorquendo.

564 586 787 643 omnino
815 578 1045 637 absurde
1085 576 1190 634 dici
1220 584 1402 648 posset
1441 586 1604 631 unum
1630 586 1699 629 ex
1736 570 1819 628 his
1850 570 2162 644 pseudo-ju-

558 677 692 733 dacis
737 672 1094 730 nebulonibus
1133 669 1288 725 alteri
1333 666 1455 723 hac
1489 665 1721 722 faciendi
1757 664 1973 720 dedisse
2007 677 2165 719 oecao

559 768 787 825 sionem.

632 855 887 927 Quamvis
930 862 1110 910 autem
1154 838 1476 908 detestabile
1515 862 1739 921 prorsus
1765 844 1928 903 fuerlt
1952 853 2162 900 utrum-

561 968 666 1026 que
696 948 825 1008 illud
865 949 1159 1006 divinitatis
1187 954 1492 1018 portentum
1522 961 1536 1009 ;
1565 943 1792 1014 gentiles
1820 951 1998 995 tamen
2030 952 2166 992 neu-

561 1058 702 1103 trum
759 1046 914 1116 plane
975 1044 1294 1113 penitusque
1361 1038 1655 1109 reprobare
1712 1042 2005 1106 poterant,
2036 1029 2168 1102 quin

561 1139 881 1207 semctipsos
914 1133 1167 1204 nequitia:
1189 1141 1242 1188 et
1271 1129 1520 1185 amentia:
1549 1126 1797 1198 protinus
1836 1124 2167 1181 condemna-

560 1241 704 1286 rent.
767 1225 1132 1283 Tertullianus
1182 1223 1332 1279 enim
1383 1221 1436 1276 id
1480 1220 1764 1291 perspicue
1810 1215 2004 1288 prohat
2048 1215 2167 1282 his,

565 1322 759 1394 quibus
806 1334 899 1375 eos
945 1318 1272 1389 compellat,
1303 1316 1520 1370 verbis:
1564 1312 1662 1367 Vos
1689 1328 1795 1367 non
1838 1309 2086 1381 negabitis
2121 1316 2172 1362 et

551 1416 790 1484 jnmenta
817 1413 988 1465 omnia
1015 1452 1027 1473 ,
1055 1418 1102 1463 et
1129 1419 1258 1463 totos
1283 1407 1568 1461 cantherios
1593 1420 1710 1459 eum
1740 1416 1838 1457 sua
1864 1401 2047 1472 Epona
2072 1400 2173 1454 coli

563 1525 596 1563 α
640 1506 776 1562 vobis
822 1504 1150 1578 (Tertullian.
1181 1501 1450 1572 Apologet.
1479 1515 1595 1570 cap.
1631 1498 1700 1554 10
1723 1540 1737 1566 ,
1768 1513 1818 1563 p.
1850 1495 2003 1568 305).
2035 1493 2174 1550 Bur-

564 1616 655 1658 sns
681 1608 859 1656 autem
892 1598 942 1653 in
967 1598 1140 1669 primo
1169 1595 1237 1649 ad
1270 1594 1519 1648 Nationes
1549 1592 1688 1647 libro
1716 1609 1729 1644 :
1764 1590 1908 1645 Sane
1933 1605 2022 1644 vos
2043 1597 2175 1642 totos

563 1696 734 1749 asinos
763 1691 928 1746 colitis
955 1732 969 1757 ,
1002 1700 1046 1743 et
1075 1705 1188 1742 cum
1234 1703 1325 1741 sua
1358 1685 1541 1756 Epona
1565 1726 1579 1750 ,
1610 1693 1659 1739 et
1687 1684 1862 1737 omnia
1895 1684 2136 1754 jumentu
2155 1721 2170 1749 ,

563 1792 610 1840 et
637 1800 850 1854 pecora,
884 1781 1164 1851 bestiasque
1187 1776 1396 1847 perinde
1430 1792 1546 1831 cum
1585 1775 1689 1829 suis
1719 1773 2174 1845 prmepibas'con-

2265 568 2429 626 Tacet
2457 570 2599 626 enim
2632 578 2809 624 utrum
2837 563 3126 620 Christiani
3156 577 3375 619 crucem
3403 562 3550 616 illam
3573 575 3761 617 revera
3784 577 3883 617 co-

2266 662 2477 728 lerent,
2507 675 2572 716 ac
2621 660 2787 716 variis
2845 655 3219 713 tantummodo
3265 654 3535 711 rationum
3583 654 3880 710 momentis

2267 755 2503 812 ostendit
2530 754 2651 810 illos
2679 751 2903 809 omnino
2934 749 3305 823 imprudenter
3334 748 3560 819 hujusce
3586 747 3764 807 cultus
3793 761 3882 803 re.

2268 849 2455 921 dargui
2484 849 2553 903 ab
2581 847 2812 904 ethnicis
2837 886 2853 914 ,
2885 846 2975 918 qui
3018 858 3210 900 cruces
3249 841 3522 914 quaslibet
3549 840 3750 912 passim
3781 854 3883 896 ve-

2268 944 2617 999 nerabantur.

2340 1033 2478 1103 Quid
2507 1048 2666 1103 ergo,
2699 1033 2911 1106 inquies
2935 1072 2950 1100 ,
2983 1030 3245 1102 numquid
3291 1028 3470 1085 fallaci
3498 1028 3675 1100 aliquo
3698 1028 3877 1085 silen-

2273 1128 2347 1184 tio
2377 1128 2591 1199 negavit
2615 1167 2629 1194 ,
2659 1135 2752 1182 aut
2779 1124 3136 1182 dissimulavit
3161 1138 3377 1180 crucem
3400 1120 3593 1178 Christi
3613 1121 3682 1177 ab
3700 1123 3877 1192 ipsius

2272 1219 2550 1292 discipulis
2596 1219 2899 1275 honorari?
2929 1217 3145 1293 Minime
3190 1217 3454 1289 gentium.
3501 1216 3663 1284 Quam
3693 1216 3873 1271 enim-

2273 1329 2402 1370 vero
2419 1314 2490 1369 ob
2509 1328 2754 1369 caussam
2787 1312 2838 1368 id
2868 1325 3067 1383 negare
3093 1317 3187 1365 aut
3214 1308 3551 1365 dissimulare
3576 1309 3876 1379 potuisset,

2274 1408 2363 1479 qui
2393 1407 2586 1461 fatetur
2614 1406 2737 1461 illos
2765 1404 2831 1459 ad
2862 1418 3054 1461 omnes
3080 1402 3196 1479 lere
3227 1401 3351 1456 vita:
3378 1415 3493 1457 suae
3532 1410 3681 1456 actus
3722 1400 3879 1455 iron-

2278 1508 2383 1555 tem
2415 1513 2566 1554 suam
2613 1498 2792 1554 crucis
2841 1478 3495 1565 mimivisse'signaeulo?
3522 1493 3632 1550 Cur
3658 1504 3840 1549 autem
3866 1532 3884 1561 ,

2276 1593 2532 1660 obsecro,
2564 1604 2780 1647 sacrum
2828 1590 2960 1647 illud
3027 1591 3241 1662 signum
3294 1587 3563 1645 frontibus
3612 1590 3728 1649 suis
3776 1600 3886 1644 tam

2277 1682 2421 1754 saepe
2449 1684 2796 1754 lmponebant
2812 1722 2828 1752 ,
2855 1682 2956 1737 nisi
2982 1695 3297 1753 persuasum
3320 1682 3544 1737 omnino
3565 1680 3884 1736 habuissent

2278 1776 2479 1848 aliquid
2510 1779 2560 1831 in
2593 1776 2685 1833 illo
2712 1775 2815 1832 sibi
2844 1775 3081 1847 praesidii
3111 1789 3231 1831 esse
3254 1815 3269 1843 ,
3301 1788 3364 1830 ac
3393 1774 3743 1831 veneratione
3786 1787 3885 1829 sua

569 1851 798 1933 socratis.
846 1872 1206 1942 Quanmbrem
1246 1870 1368 1925 illos
1410 1869 1489 1924 sic
1517 1877 1706 1938 urget:
1741 1866 1848 1922 Sed
1877 1866 1955 1920 illi
1974 1864 2172 1920 etlmicl
2203 1878 2253 1942 Β
2281 1872 2428 1944 digni
2467 1872 2708 1946 (Tertull.
2747 1851 2842 1927 lib.
2889 1873 2954 1927 de
2994 1871 3183 1929 Coron.
3237 1885 3354 1943 cap.
3385 1872 3449 1939 ὃ,
3486 1879 3535 1926 et
3587 1869 3678 1925 lib.
3719 1864 3765 1923 11
3817 1867 3886 1923 ad

567 1970 811 2025 debebant
858 1967 1077 2022 adorare
1115 1967 1285 2021 statim
1316 1966 1528 2036 biforme
1570 1978 1752 2017 nomen
1784 1961 1909 2016 illud
1938 1975 1968 2015 a
1996 1959 2176 2030 ,ἱυάωο

564 2063 851 2119 conﬁctam
902 2059 1055 2132 (Lib.
1111 2058 1130 2112 l
1163 2059 1229 2112 ad
1262 2057 1503 2122 Notium,
1534 2072 1651 2127 cap.
1702 2055 1765 2109 Η
1792 2096 1806 2121 ,
1856 2070 1977 2125 pag.
2002 2052 2171 2122 577):

574 2156 708 2223 Quia
735 2154 917 2210 canino
941 2163 986 2208 et
1011 2152 1211 2208 leonino
1252 2152 1418 2223 capite
1457 2149 1781 2213 commistos,
1815 2155 1860 2201 et
1899 2146 1963 2200 de
1986 2160 2172 2214 capro,

571 2256 620 2302 et
650 2248 713 2302 de
741 2249 898 2300 ariete
923 2254 1160 2299 cornutos
1187 2286 1202 2311 ,
1225 2254 1272 2298 et
1309 2259 1341 2296 a
1371 2241 1555 2296 lumbis
1592 2241 1790 2303 hircos,
1813 2247 1860 2293 et
1886 2254 1918 2292 α
1946 2238 2177 2292 cruribus

566 2349 840 2412 serpentes,
863 2337 1089 2411 etplanta
1113 2336 1192 2391 vel
1214 2347 1353 2407 tergo
1373 2335 1517 2390 alites
1538 2334 1659 2389 deos
1673 2340 1965 2404 receperunt
1983 2330 2030 2404 (l
2040 2331 2173 2394 dem,

570 2432 837 2504 Agologcl.
877 2428 1051 2501 ibid)
1093 2428 1357 2485 Similiter
1387 2427 1439 2481 in
1469 2442 1567 2482 suo
1594 2426 1732 2480 libro
1778 2424 1847 2478 ad
1878 2422 2128 2478 Nationes
2157 2434 2177 2477 .‘

569 2525 705 2581 Sunt
732 2540 879 2595 penes
901 2538 986 2577 vos
1007 2530 1052 2577 et
1082 2521 1264 2575 canino
1291 2520 1457 2591 capite
1479 2562 1493 2586 ,
1528 2528 1574 2573 et
1598 2518 1800 2597 leonum
1824 2558 1839 2584 ,
1862 2526 1910 2571 et
1939 2516 2003 2570 de
2031 2516 2173 2581 bove,

573 2625 623 2671 et
663 2616 727 2670 de
770 2617 926 2670 ariete
950 2657 964 2683 ,
994 2625 1042 2669 et
1092 2616 1155 2668 de
1198 2613 1343 2667 hirco
1389 2611 1591 2666 cornuti
1620 2610 1692 2663 dii
1711 2651 1727 2675 ,
1755 2609 2072 2680 caprigcnte,
2098 2606 2178 2662 vel

572 2708 785 2779 angnini
811 2750 825 2773 ,
856 2717 905 2761 et
946 2707 1127 2769 alites,
1160 2706 1371 2775 planta,
1423 2708 1624 2775 fronte,
1683 2712 1732 2757 et
1776 2710 1915 2774 tergo
1967 2702 1986 2772 (
2026 2699 2116 2756 lib.
2158 2699 2177 2755 ι

574 2801 643 2854 ad
674 2797 917 2865 Nation.,
948 2814 1061 2870 cap.
1100 2798 1188 2860 14,
1219 2814 1270 2867 p.
1304 2796 1452 2867 579).
1496 2796 1604 2851 Nos
1650 2808 1778 2851 vero
1821 2792 1937 2850 haec
1995 2794 2174 2848 omnia

570 2894 626 2948 in
666 2893 784 2947 aliis
819 2890 1295 2948 dissertationibus
1341 2888 1739 2945 enucleavimus
1765 2930 1779 2955 ,
1808 2897 1863 2943 et
1890 2887 2171 2942 Minatium

574 2984 876 3039 audivimus
920 2984 1179 3039 adversus
1222 2982 1470 3037 ethnicos
1505 2980 1666 3035 simili
1709 2981 1871 3035 modo
1897 2979 2178 3050 disputan-

577 3084 685 3131 tem
715 3074 1009 3144 (Dissertat.
1053 3075 1107 3128 in
1148 3073 1339 3128 Minut.
1376 3072 1554 3127 Oetae.
1600 3084 1716 3145 cap.
1761 3072 1829 3129 Η
1852 3113 1867 3141 ,
1897 3082 2001 3127 art.
2029 3073 2066 3127 2
2089 3116 2104 3141 ,
2130 3082 2176 3126 et
2230 3090 2235 3095 ’

573 3165 848 3223 Dissertat.
877 3173 931 3222 in
958 3167 1147 3221 Arnob.
1166 3210 1178 3232 ,
1213 3181 1330 3237 cap.
1362 3165 1462 3232 20,
1492 3173 1591 3220 art.
1623 3164 1699 3239 Ι).

2284 1964 2449 2022 Uxor.
2495 1981 2611 2036 cap.
2667 1965 2769 2037 ὅ).
2839 1966 2911 2020 At
2963 1963 3031 2021 de
3084 1962 3189 2021 hoc
3238 1961 3617 2034 antiquissirno
3667 1961 3883 2018 colendi

2280 2072 2496 2116 crucem
2554 2057 2754 2114 Christi
2805 2071 2958 2113 more
3017 2057 3169 2128 plura
3215 2057 3267 2111 in
3328 2056 3449 2112 aliis
3497 2054 3893 2111 dissertationio

2280 2150 2379 2207 bus
2410 2150 2608 2205 nostris
2636 2160 2822 2205 contra
2888 2148 3172 2205 haereticos
3217 2147 3613 2219 disputavimus
3662 2145 3890 2217 (Disser-

2281 2254 2372 2300 tat.
2396 2246 2452 2299 in
2473 2241 2661 2298 Minus.
2681 2284 2695 2310 ,
2726 2258 2842 2313 cap.
2896 2242 2985 2307 Η,
3014 2250 3115 2295 art.
3144 2241 3200 2307 5,
3232 2250 3279 2294 et
3306 2243 3361 2294 in
3381 2238 3620 2294 Lactant.
3644 2254 3763 2309 cap.
3786 2238 3885 2305 l9,

2280 2347 2380 2392 art.
2413 2338 2440 2393 Ι
2467 2380 2482 2404 ,
2510 2346 2557 2391 et
2591 2339 2645 2390 in
2674 2335 2842 2390 Lucil.
2872 2334 3045 2390 Caecil.
3078 2349 3196 2404 cap.
3223 2332 3278 2399 5,
3305 2340 3404 2385 ars.
3426 2332 3507 2404 Ξ).
3538 2330 3657 2387 Non
3685 2337 3893 2401 poterat

2280 2444 2412 2501 ergo
2456 2427 2822 2484 Tertullianus
2867 2425 2973 2481 hoc
3031 2441 3261 2496 negare,
3301 2424 3445 2495 quod
3495 2438 3599 2479 suo
3642 2432 3888 2495 tempore

2281 2519 2529 2576 omnibus
2551 2518 2872 2575 Christianis
2897 2516 3136 2590 quotidie
3161 2517 3417 2571 usitatum
3440 2555 3456 2580 ,
3480 2531 3545 2571 ac
3573 2517 3700 2587 ipsis
3722 2516 3887 2571 etiam

2280 2612 2572 2685 gentilibus
2594 2612 2725 2667 satis
2742 2621 3077 2682 compertum
3098 2617 3216 2666 erat
3233 2606 3567 2681 (Ta-tullium
3589 2607 3886 2679 Apdoget.,

2282 2724 2395 2778 cap.
2429 2706 2497 2762 16
2519 2749 2533 2774 ,
2566 2722 2618 2778 p.
2651 2704 2798 2775 566).

2352 2800 2714 2868 Quamobrem
2745 2798 2828 2854 his
2852 2840 2867 2866 ,
2899 2797 3074 2853 crucis
3112 2795 3314 2852 Christi
3344 2794 3550 2851 cultum
3576 2792 3886 2864 objicleuti-

2283 2895 2413 2959 bus,
2449 2909 2555 2948 non
2603 2892 2785 2958 aliud,
2815 2905 2976 2962 quam
3023 2892 3127 2946 hoc
3172 2888 3550 2945 brevissimum
3603 2886 3751 2943 dedit
3795 2900 3883 2941 re-

2282 2999 2538 3058 sponsum
2568 3002 2581 3038 :
2618 2983 2720 3049 Qui
2758 2984 2923 3037 erucis
2963 2998 3057 3036 nos
3095 2982 3361 3054 religiosos
3406 2988 3585 3051 putat,
3612 2993 3888 3033 consecra-

2282 3094 2406 3133 neus
2435 3078 2527 3131 erit
2550 3087 2760 3139 noster;
2784 3074 2869 3131 vel
2908 3075 3048 3130 sicut
3075 3075 3127 3129 in
3156 3074 3268 3129 alio
3296 3073 3431 3128 libro
3457 3087 3471 3127 :
3505 3070 3608 3138 Qui
3635 3087 3731 3124 nos
3751 3086 3882 3124 cra-

2282 3172 2356 3227 cis
2395 3170 2644 3225 antistites
2667 3170 2887 3239 afﬁrmat
2906 3207 2922 3234 ,
2950 3182 3316 3223 cottsecranetts
3364 3165 3458 3219 erit
3484 3171 3650 3218 noster
3677 3160 3729 3232 (1
3737 3161 3881 3229 dem,

647 3263 716 3315 At
742 3259 1106 3315 Tertullianus
1156 3258 1279 3314 illos
1321 3258 1672 3328 ipsorummet
1708 3257 1886 3329 gladio
1914 3260 1992 3314 sic
2020 3258 2172 3329 jugu-
2202 3274 2250 3340 α
2282 3263 2372 3319 lib.
2402 3264 2419 3318 Ι
2449 3262 2517 3316 ad
2542 3260 2785 3329 Nattam,
2812 3277 2927 3332 cap.
2962 3260 3049 3326 η,
3070 3277 3125 3328 ρ.
3154 3258 3303 3328 578).
3328 3256 3532 3313 Nomen
3546 3267 3677 3311 vero
3703 3269 3888 3308 conte.

575 3356 668 3411 lat.
699 3354 755 3409 Si
776 3356 905 3408 vitio
928 3395 943 3420 ,
972 3353 1146 3424 inquit
1171 3393 1183 3417 ,
1215 3352 1372 3407 nobis
1409 3351 1619 3406 vertitis
1645 3392 1660 3418 ,
1687 3350 1831 3421 quod
1856 3350 1993 3406 asini
2018 3361 2180 3424 caput

576 3455 829 3516 tanquam
872 3445 1040 3499 Deum
1081 3444 1324 3498 colamus
1346 3486 1359 3508 ,
1389 3444 1558 3498 multo
1601 3451 1748 3498 certe
1772 3455 1869 3498 vos
1892 3445 2180 3514 nequiores

578 3553 699 3595 esse
741 3538 1078 3592 convincitis.
1127 3536 1241 3591 Non
1268 3537 1431 3591 enim
1459 3537 1594 3591 asini
1634 3544 1841 3591 tantum
1871 3545 2066 3607 caput,
2093 3537 2180 3591 vel

578 3628 835 3699 quasdam
881 3629 1174 3683 bestiarum
1221 3636 1428 3696 partes,
1464 3627 1557 3680 sed
1596 3636 1737 3682 totos
1772 3629 1988 3694 asinos,
2020 3629 2179 3684 alias-

581 3735 685 3789 que
710 3720 1057 3787 quamplures
1079 3725 1217 3770 totas
1244 3717 1448 3771 bestias
1464 3717 1644 3771 dicitis
1668 3733 1788 3773 esse
1813 3719 1946 3773 deos
1964 3761 1979 3784 ,
2011 3730 2067 3775 et
2095 3735 2180 3777 re-

580 3824 717 3877 vera.
747 3808 1004 3862 adoratis.
1028 3807 1161 3873 Qum
1206 3818 1386 3861 autem
1414 3848 1429 3872 ,
1463 3808 1655 3861 amabo
1695 3817 1746 3862 te
1769 3849 1785 3873 ,
1815 3810 1986 3876 major
2015 3810 2181 3866 insul.

581 3900 734 3962 sitas,
758 3913 918 3968 quam
943 3899 1100 3952 unius
1119 3897 1362 3953 criminis
1383 3898 1614 3967 aliquem
1639 3899 1937 3953 insimulari
1962 3900 2031 3955 ab
2051 3900 2179 3968 alio,

583 3993 675 4063 qui
695 3990 935 4062 ejusdem
951 4001 1006 4047 et
1034 3989 1263 4061 plurium
1289 3991 1594 4060 graviorum
1622 3992 1856 4060 seipsum
1882 4008 2030 4048 reum
2057 4008 2184 4051 esse

586 4085 825 4139 fatetur?
858 4083 1050 4140 Verum
1078 4081 1195 4137 haec
1215 4122 1230 4148 ,
1258 4082 1333 4137 ait
1361 4081 1743 4150 Tertullianus,
1775 4099 1838 4137 ea:
1866 4083 2172 4141 abundanti.

591 4175 762 4242 Quam
797 4188 1003 4232 certum
1055 4177 1250 4247 quippe
1292 4184 1409 4231 crat
1442 4177 1640 4232 bestias
1666 4176 1735 4232 ab
1785 4178 2041 4246 ethnicis,
2074 4188 2186 4236 tam

584 4265 779 4320 falsum
808 4276 925 4322 erat
951 4284 979 4322 a
1010 4267 1328 4322 Christianis
1355 4276 1516 4339 caput
1538 4270 1673 4324 asini
1698 4311 1713 4337 ,
1740 4270 1825 4326 vel
1854 4272 2034 4329 asinos
2058 4272 2189 4329 ado-

593 4365 726 4421 rari.
758 4363 936 4421 Unum
997 4364 1264 4437 siquidem
1294 4365 1348 4420 lii
1377 4366 1669 4421 adorabunt
1696 4381 1964 4423 summum
1996 4368 2186 4438 Deum,

590 4456 680 4528 qui
706 4455 886 4511 omnia
916 4455 1152 4524 ereavit,
1188 4471 1286 4512 nec
1316 4456 1385 4512 ab
1418 4457 1526 4512 ullo
1556 4468 1736 4528 potest
1759 4469 1851 4514 aut
1878 4459 2070 4524 videri.
2095 4468 2187 4516 aut

589 4546 993 4619 comprehendi.

1157 4678 1452 4723 ARTICULUS
1492 4680 1582 4722 Ylll
1591 4707 1603 4722 .

598 4804 763 4873 Quam
799 4804 1170 4860 inconsiderate
1215 4804 1402 4859 ethnici
1438 4804 1558 4858 vitio
1600 4802 1904 4860 Christianis
1953 4805 2190 4862 verterint

665 4899 859 4951 cultum
898 4898 1063 4951 crucis
1088 4896 1308 4963 Christi,
1338 4913 1456 4950 cum
1482 4896 1561 4949 illi
1588 4897 1688 4967 ipsi
1726 4897 1975 4967 quaslibet
1996 4898 2048 4953 in
2070 4898 2189 4954 deo-

663 5006 779 5043 rum
806 5006 1012 5043 suorum
1048 4987 1332 5042 simulacris
1352 5031 1365 5056 ,
1397 4988 1600 5059 tropa’is
1622 5030 1638 5055 ,
1670 4989 1867 5044 vexillis
1888 5030 1901 5054 ,
1932 4999 1979 5044 et
2001 4992 2190 5046 utilita-

664 5086 800 5137 rium
851 5084 1113 5153 signarunt
1172 5093 1391 5148 ornatu,
1428 5099 1602 5138 cruces
1662 5085 1973 5140 adorarent:
2011 5085 2188 5155 quibus

668 5178 897 5245 partibus
936 5193 1132 5231 crucem
1159 5175 1344 5233 Christi
1371 5179 1703 5250 compositam
1730 5178 2078 5236 Tertullianus
2096 5199 2190 5252 pu-

666 5269 843 5323 taverit
865 5284 885 5333 ,'
915 5286 1007 5322 cur
1031 5269 1241 5340 siphara
1264 5270 1594 5341 appellaverit
1627 5270 1787 5326 stolas
1812 5273 1975 5326 crucis
1996 5312 2011 5342 ,
2043 5274 2189 5346 cujus

665 5361 816 5416 homo
842 5362 1080 5434 expansis
1120 5362 1351 5417 manibus
1388 5364 1609 5434 ligarant
1643 5364 1860 5420 exhibet.

663 5476 1129 5549 Urgebantadhuc
1151 5478 1352 5534 ethnici
1374 5478 1557 5534 laesam
1581 5479 1941 5551 violatamque
1969 5495 1998 5535 a
2026 5478 2186 5536 Chri-

587 5571 777 5626 stianis
806 5585 1111 5639 supremam
1145 5570 1237 5625 Dei
1267 5571 1599 5641 majestatem
1630 5573 1882 5643 religioso
1902 5574 2043 5629 cultu
2065 5589 2189 5629 cru—

585 5664 694 5730 cis,
723 5664 810 5719 cui
841 5661 1087 5718 Christus
1114 5663 1307 5719 affixus
1335 5662 1530 5721 fuerat.
1561 5665 1665 5722 Sed
1711 5681 1815 5737 qua
1839 5707 1854 5729 ,
1880 5678 2034 5737 putas
2060 5708 2074 5732 ,
2108 5682 2189 5723 ra-

583 5757 732 5812 tione
760 5758 900 5811 hunc
927 5771 1071 5826 saepe
1098 5760 1294 5828 saepius
1323 5762 1391 5814 ab
1414 5761 1518 5816 illis
1538 5764 1821 5832 repetitam
1848 5763 2184 5819 criminatio-

579 5855 709 5898 nem
758 5844 1124 5900 Tertullianus
1169 5847 1365 5904 diluit?
1391 5849 1508 5907 Non
1554 5851 1659 5908 alia
1716 5852 1989 5925 profecto,
2021 5868 2182 5926 quam

2285 3372 2503 3412 craneus
2522 3398 2541 3423 ,
2564 3354 3015 3427 quemadmodum
3050 3354 3105 3408 in
3131 3352 3403 3409 vucribus
3436 3350 3635 3422 glossis
3656 3357 3887 3403 annota-

2287 3459 2394 3517 tur,
2439 3448 2579 3504 idem
2626 3456 2817 3514 sonat,
2851 3462 2914 3502 ac
2960 3459 3237 3502 sacrorum
3280 3446 3481 3500 socius.
3531 3442 3719 3499 Palati
3755 3456 3883 3513 ergo

2287 3544 2382 3599 ille
2409 3550 2684 3598 asseverat
2729 3556 2953 3611 prorsus
2993 3540 3424 3597 inoomideratos
3463 3553 3588 3595 esse
3624 3537 3852 3610 gentiles
3874 3577 3892 3603 ,

2287 3635 2376 3705 qui
2417 3648 2538 3688 cum
2569 3634 2831 3704 plurimas
2862 3646 3052 3688 cruces
3082 3632 3371 3687 aderat-ent
3399 3670 3414 3700 ,
3442 3630 3780 3686 Christianos
3810 3637 3893 3683 la-

2288 3742 2414 3782 men
2444 3726 2567 3781 ideo
2610 3725 2770 3796 hujus
2810 3726 3166 3793 superstitiosi
3203 3733 3258 3779 et
3286 3724 3433 3793 impii
3460 3722 3633 3777 cultus
3658 3733 3883 3792 urguere

2288 3822 2558 3879 audebant
2579 3860 2594 3887 ,
2623 3821 2750 3891 quia
2787 3834 3006 3875 crucem
3036 3818 3234 3874 Christi
3263 3818 3672 3874 venerabantur.

2360 3918 2661 3986 Antequam
2704 3929 2837 3969 vero
2881 3921 3231 3985 argumenta,
3263 3912 3459 3982 quibus
3489 3908 3616 3965 illud
3655 3905 3893 3979 probare

2289 4006 2599 4074 contendit,
2620 4006 2994 4063 examinemus
3017 4046 3032 4071 ,
3060 4002 3595 4060 animadvertendum
3621 4010 3701 4055 est
3728 4014 3893 4070 quam

2291 4100 2382 4155 ille
2401 4099 2595 4155 dixerit
2619 4113 2743 4155 esse
2761 4100 2943 4156 crucis
2967 4096 3170 4154 Christi
3198 4097 3444 4169 figuram.
3473 4093 3637 4149 Nobis
3658 4135 3674 4159 ,
3700 4091 3893 4162 inquit,

2292 4201 2399 4246 tota
2422 4206 2552 4245 crus;
2582 4190 2885 4263 imputatur,
2917 4206 3033 4245 cum
3058 4196 3281 4245 antenna
3317 4188 3509 4243 scilicet
3548 4202 3644 4242 sua
3663 4225 3677 4251 ,
3707 4195 3754 4240 et
3781 4196 3900 4237 cum

2292 4281 2384 4337 illo
2403 4281 2577 4351 sedilis
2603 4298 2809 4338 excessu
2839 4281 2997 4356 (Ibid.
3031 4283 3071 4335 li
3093 4282 3113 4337 l
3134 4283 3202 4335 ad
3233 4279 3475 4347 Notium,
3494 4278 3597 4335 loc.
3619 4277 3758 4349 ait).
3786 4275 3899 4332 Nos

2294 4375 2472 4446 itaque
2499 4374 2658 4431 docet
2682 4390 2895 4431 crucem
2926 4374 3123 4431 Christi
3153 4374 3415 4442 integram
3445 4368 3611 4426 fuisse
3634 4384 3698 4425 ae
3720 4365 3899 4439 perfe—

2294 4473 2477 4534 ctam;
2530 4476 2717 4539 utpote
2777 4483 2900 4539 qua:
2942 4466 3110 4522 tribus
3155 4466 3395 4536 partibus
3419 4464 3713 4534 composita
3740 4468 3896 4530 erat,

2293 4562 2440 4633 ligno
2465 4562 2715 4618 videlicet
2738 4572 2922 4628 recto,
2951 4571 3007 4617 et
3030 4567 3263 4616 antenna
3293 4598 3309 4627 ,
3342 4559 3456 4614 sive
3485 4567 3792 4612 transverso
3816 4553 3901 4606 al-

2219 4671 2275 4733 Β
2301 4665 2418 4710 tero
2464 4654 2637 4725 ligno,
2668 4664 2829 4725 atque
2873 4653 3063 4720 sedili,
3090 4654 3206 4709 sive
3245 4651 3574 4717 scabellnlo,
3606 4648 3753 4705 cruci
3790 4646 3899 4701 im-

2297 4746 2474 4817 posito
2497 4787 2511 4813 ,
2543 4760 2597 4802 et
2626 4761 2744 4802 eam
2785 4745 3101 4802 excedente.
3145 4744 3256 4800 Nos
3289 4759 3418 4799 vero
3463 4741 3590 4797 alibi
3638 4741 3903 4797 observa-

2295 4842 2472 4897 vimus
2499 4839 2676 4911 (Tom.
2704 4840 3023 4911 [Appia-an,
3053 4857 3109 4911 p.
3139 4838 3267 4911 597)
3293 4846 3467 4894 ortam
3497 4837 3636 4892 inter
3656 4834 3907 4892 eruditos

2292 4932 2715 4988 controversiam
2778 4941 2958 4986 utrum
3021 4930 3151 4986 illud
3200 4930 3522 4998 scabellum,
3554 4942 3648 4984 seu
3694 4928 3903 4998 lignum

2294 5022 2592 5088 excedens,
2617 5024 2711 5079 toti
2742 5023 2977 5078 hominis
2998 5021 3237 5079 crucifixi
3264 5022 3506 5093 corpori,
3534 5022 3617 5076 vel
3641 5019 3761 5090 ejus
3781 5027 3909 5073 tan-

2236 5162 2239 5166 .
2295 5125 2416 5172 tum.
2437 5116 2660 5188 pedibus
2691 5127 3105 5188 supponeretur.
3139 5116 3249 5173 Sed
3279 5131 3400 5171 cum
3429 5114 3589 5169 sedile
3622 5128 3651 5167 ιι
3678 5109 3905 5168 Τθηυιο

2293 5211 2438 5267 liano
2481 5220 2671 5267 nostro
2710 5211 3048 5282 appellatur,
3081 5210 3184 5267 hoc
3230 5210 3415 5283 procul
3467 5208 3633 5265 dubio
3678 5207 3908 5262 nomine

2294 5307 2428 5362 satis
2457 5316 2644 5376 aperte
2674 5305 2845 5360 innuit
2875 5305 3005 5360 illud
3034 5305 3087 5360 in
3115 5305 3292 5360 crucis
3324 5302 3503 5360 medio
3530 5302 3764 5373 positum
3783 5342 3800 5366 ,
3832 5311 3906 5354 ac

2297 5398 2353 5454 in
2380 5412 2448 5454 eo
2473 5398 2799 5470 requieﬁsse
2844 5396 3082 5453 cruciﬁxi
3135 5396 3370 5453 hominis
3410 5408 3641 5466 corpus,
3680 5407 3748 5448 ne
3776 5406 3908 5463 gra-

2295 5491 2431 5547 viori
2459 5504 2553 5545 sua
2582 5491 2724 5546 mole
2754 5489 3100 5556 dilaberetur,
3127 5499 3215 5546 aut
3249 5488 3432 5545 fractis
3459 5486 3709 5543 manibus
3731 5483 3906 5540 cade-

2293 5584 2415 5640 ret.’
2442 5582 2697 5638 Nonnulli
2739 5581 2918 5639 autem
2962 5590 3153 5654 potant
3196 5583 3299 5639 hoc
3324 5580 3495 5638 sedile
3514 5576 3784 5650 designari
3812 5575 3908 5632 his

2297 5676 2545 5746 ejusdem
2589 5675 2905 5732 Tertulliani
2937 5677 3106 5732 nostri
3138 5677 3243 5732 alio
3272 5678 3325 5732 in
3355 5676 3492 5731 libro
3523 5674 3737 5730 verbis:
3768 5669 3904 5728 Cor—

2295 5784 2402 5823 nua
2437 5769 2603 5823 crucis
2639 5771 2867 5836 extima;
2896 5786 3014 5825 nam
3042 5778 3088 5825 et
3110 5770 3163 5824 in
3189 5778 3413 5825 antenna
3441 5767 3584 5823 nabis
3603 5809 3620 5836 ,
3651 5778 3769 5839 quat
3786 5774 3907 5820 crc-

2293 5862 2369 5917 cis
2413 5877 2543 5934 pars
2571 5869 2673 5932 est,
2696 5878 2889 5921 cornua
2940 5863 3287 5923 estreittitates
3331 5871 3597 5931 vocantur,
3647 5856 3899 5917 unicam!
