4212 6262
339 370 479 431 1057
1484 353 1937 417 DISSERTATIO

2072 352 2159 410 LE
2198 354 2513 433 Nounnv.
3506 351 3645 409 «οδε

337 502 510 547 autem
560 486 727 542 media
763 482 951 556 stipitis
990 482 1143 554 palus
1193 479 1436 556 (Tertull.
1488 479 1579 534 lib.
1633 478 1700 532 ad
1727 475 1941 530 Judwos
1968 472 2020 534 Α
2045 488 2195 528 crure
2239 474 2453 544 argilla,
2486 472 2549 527 ab
2594 471 2782 544 argilla
2828 472 2952 527 deus
2997 471 3217 538 quodam
3252 474 3403 527 modo
3431 474 3641 541 transit,

338 600 459 652 cap.
512 581 548 637 2
577 583 616 648 ).
694 556 971 633 Fatentur'
1022 583 1199 629 tamen
1288 588 1395 627 non
1473 572 1636 643 plane
1694 570 1936 623 incorru-
2037 569 2247 623 crus-iu
2282 568 2433 622 deum
2464 584 2555 637 per
2593 567 2851 638 argillam.
2894 565 3103 622 Crucem
3129 566 3284 639 igitur
3302 571 3639 637 consecratis,

337 648 489 749 ptum
537 689 656 751 esse
704 673 844 727 hunc
890 671 1097 736 locum,
1129 684 1227 723 nec
1270 666 1499 737 proinde
1522 674 1675 720 certo
1723 661 1936 718 deliniri
2038 675 2073 713 a
2098 676 2200 730 qua
2234 660 2478 731 incipitur
2518 660 2803 716 camerari
2833 658 2853 731 (
2882 659 2973 715 lib.
3002 658 3025 715 Ι
3052 658 3121 714 ad
3158 656 3214 712 Ν
3220 660 3381 714 ation.
3406 676 3521 733 cap.
3550 648 3641 732 i2,

337 782 498 840 posse
526 752 701 821 utrum
742 764 825 819 his
863 761 1253 833 posterioribus
1298 759 1473 816 verbis
1515 767 1721 814 rectum
1762 755 1938 811 crucis
2041 768 2095 822 p.
2123 752 2274 823 578).

337 859 538 930 lignum
570 874 676 911 non
706 856 1016 911 denotetur.
1057 854 1124 907 At
1155 862 1307 907 extra
1336 851 1557 907 dubium
1584 864 1706 905 esse
1730 848 1939 903 videtur
2124 844 2203 900 De
2230 845 2312 900 his
2341 855 2523 902 autem
2545 846 2658 916 jam
2684 847 2894 918 egimus
2924 846 2975 901 in
3000 854 3180 902 nostra
3205 844 3273 902 de
3301 846 3505 907 Minntii
3532 847 3635 905 Fe-

335 952 596 1021 intcgram
639 966 704 1007 ac
746 948 1036 1020 perfectam
1079 946 1267 1002 abillo
1290 943 1548 1016 appellari
1588 940 1789 998 Christi
1812 956 1936 996 cru—
2047 937 2169 994 licis
2207 939 2349 994 libro
2389 939 3085 1013 dissertatione(Disserlal.
3128 941 3183 995 in
3210 938 3401 998 Minut.
3436 941 3639 1012 0ctav.,

336 1058 451 1100 cem
472 1086 487 1109 ,
513 1054 740 1114 utroque
760 1044 904 1115 ligno
924 1049 1073 1097 recto
1090 1049 1145 1096 et
1167 1047 1478 1094 transverso
1496 1078 1510 1105 ,
1534 1051 1601 1092 ac
1615 1034 1770 1092 sedili
1795 1047 1941 1089 com-
2023 1046 2159 1101 .cap.
2187 1032 2242 1095 4,
2272 1040 2375 1086 art.
2403 1032 2493 1102 12)
2512 1073 2527 1097 ,
2558 1046 2661 1088 nec
2708 1047 2816 1087 non
2867 1033 3028 1088 etiam
3072 1032 3142 1088 de
3180 1032 3396 1104 tropaais
3420 1076 3437 1102 ,
3467 1044 3649 1090 canta-

336 1139 584 1213 positam.
1240 1150 1243 1153 δ
2046 1124 2157 1180 bris
2178 1167 2193 1190 ,
2231 1134 2283 1181 et
2311 1125 2547 1182 vexillis.
2575 1125 2778 1182 Eadem
2810 1141 2937 1181 vero
2966 1126 3173 1182 ratione
3200 1124 3282 1181 his
3311 1126 3558 1182 omnibus
3583 1126 3650 1183 ab

416 1230 766 1286 Ethnicorum
813 1235 1017 1294 autem,
1050 1222 1372 1281 Christianis
1418 1221 1579 1293 hujus
1604 1218 1782 1276 crucis
1830 1216 1937 1274 cul-
2053 1217 2289 1273 Auetore
2313 1227 2498 1273 nostro
2525 1218 2848 1288 adjiciuntur
2875 1217 3134 1286 :Siplusra
3160 1218 3255 1273 illa
3278 1218 3578 1274 vexillorum
3603 1228 3650 1275 et

337 1332 452 1379 tum
514 1317 956 1392 erprobrantinm
983 1292 1009 1384 ,ν
1031 1327 1090 1373 ut
1150 1292 1509 1372 temeritatem
1577 1312 1940 1382 comprimat,
2053 1312 2413 1370 cantabrorum
2452 1311 2780 1383 (Tertullian.
2827 1310 3120 1382 Apologet.,
3146 1327 3265 1381 cap.
3295 1309 3385 1379 16,
3418 1329 3470 1382 p.
3500 1311 3649 1384 569).
3734 1292 3743 1303 ’

338 1414 678 1487 conglobatis
725 1410 1060 1481 argumentis
1102 1407 1340 1464 Ostendit
1390 1406 1572 1476 plures
1599 1404 1732 1459 alias
1756 1416 1946 1458 cruces
2049 1411 2121 1465 At
2157 1408 2432 1475 sipharum
2453 1448 2471 1474 ,
2498 1407 2613 1462 sive
2660 1404 3004 1478 sypbarium,
3033 1420 3298 1477 supparus
3320 1447 3337 1474 ,
3370 1417 3423 1463 et
3460 1422 3656 1478 suppa.

338 1524 446 1567 neu
493 1508 665 1565 solum
702 1506 970 1575 integras,
1002 1501 1098 1557 sed
1127 1517 1312 1558 earum
1353 1501 1516 1556 etiam
1545 1506 1723 1570 partes
1750 1496 1821 1551 ab
1842 1495 1947 1551 illis

2066 1514 2170 1554 rum
2196 1497 2489 1554 vocabatur
2515 1499 2722 1554 varium
2754 1500 3070 1555 vestimenti
3082 1508 3137 1554 et
3164 1497 3269 1554 veli
3297 1512 3498 1569 genus,
3530 1506 3654 1570 puta

341 1601 574 1659 adorari.
618 1599 736 1655 Non
766 1598 910 1653 enim
930 1638 946 1664 ,
981 1596 1055 1651 uti
1096 1594 1171 1649 ait
1193 1636 1207 1660 ,
1237 1593 1568 1664 distinguitur
1594 1608 1627 1645 a
1664 1591 1827 1648 crucis
1856 1590 1949 1645 sti-
2053 1591 2269 1667 navium
2298 1599 2355 1645 et
2386 1589 2583 1646 theatri
2615 1609 2628 1646 :
2657 1591 2752 1646 sed
2777 1592 2849 1647 ibi
2877 1608 2906 1647 a
2933 1591 3265 1648 Tertulliano
3287 1631 3303 1659 ,
3336 1593 3409 1647 uti
3438 1592 3567 1648 satis
3588 1589 3654 1648 li-

346 1696 465 1767 pite.
493 1692 676 1748 Pallas
713 1690 911 1756 Attica,
937 1698 983 1744 et
1009 1686 1158 1743 Ceres
1195 1685 1395 1741 Pharia
1415 1726 1429 1751 ,
1474 1700 1588 1754 qua:
1612 1685 1722 1740 sine
1748 1683 1908 1753 efﬁgie
1929 1723 1944 1747 ,
2054 1692 2181 1754 quet
2203 1725 2218 1748 ,
2251 1681 2480 1737 sumitur
2509 1696 2611 1752 pro
2653 1683 2957 1739 velamento
2999 1684 3275 1754 signorum
3305 1684 3610 1741 militarium
3634 1727 3650 1753 ,

345 1787 461 1843 rudi
491 1787 611 1857 palo
630 1827 645 1854 ,
675 1793 720 1838 et
745 1782 956 1855 informi
985 1780 1124 1852 ligno
1159 1788 1354 1851 prostat
1392 1776 1719 1848 (Tertullian.
1753 1775 1950 1846 Apolo-
2054 1775 2224 1841 cruci,
2248 1774 2334 1829 vel
2361 1775 2574 1845 ligneae,
2603 1774 2685 1830 vel
2714 1775 2932 1831 alterius
2953 1776 3190 1831 materia:
3218 1776 3485 1846 imposito.
3509 1777 3654 1833 Con-

351 1888 478 1951 get.,
526 1893 640 1947 cap.
674 1875 744 1930 16
769 1917 782 1941 ,
815 1890 867 1944 p.
904 1872 1059 1941 566).
1088 1873 1263 1941 Atque
1300 1870 1417 1926 hanc
1456 1869 1644 1931 iisdem
1668 1883 1804 1939 pene
1827 1882 1949 1923 ver—
1979 1870 2028 1931 Β
2058 1866 2291 1923 tinenter
2305 1865 2448 1921 enim
2469 1904 2486 1931 ,
2510 1865 2625 1921 haec
2646 1866 2855 1937 siphara
2874 1905 2890 1932 ,
2924 1866 3130 1936 inquit,
3152 1866 3298 1923 ston
3321 1883 3518 1924 crucem
3538 1878 3655 1926 sunt

342 1966 426 2026 bis
472 1968 525 2023 in
574 1967 710 2022 libro
753 1965 823 2019 ad
870 1962 1125 2018 Nationes
1171 1963 1366 2032 repetit
1395 1959 1509 2034 (lib.
1564 1960 1586 2015 ι
1631 1959 1700 2013 ad
1731 1958 1945 2013 Nation.

344 2077 461 2131 cap.
488 2060 546 2115 11
572 2101 587 2127 ,
617 2075 671 2130 p.
705 2057 859 2128 577).
890 2055 997 2111 Sed
1047 2056 1099 2109 in
1127 2054 1327 2110 nostris
1356 2051 1736 2123 manuscriptis
1763 2066 1948 2107 exem—

355 2150 596 2224 plaribus
647 2149 914 2219 scriptum
964 2156 1047 2202 est
1087 2143 1238 2203 Ceres
1266 2143 1591 2212 Furiam,in
1640 2142 1952 2215 antiquiori-

349 2243 453 2302 bus
474 2243 666 2305 editis,
692 2240 842 2295 Ceres
872 2239 1069 2295 Farrea
1084 2258 1105 2308 ;
1133 2254 1256 2311 quae
1276 2238 1437 2294 lectio
1464 2237 1707 2308 pluribus
1736 2236 1947 2306 placet,

353 2338 475 2411 quia
497 2334 679 2392 Cereri
702 2334 806 2389 hoc
827 2348 1021 2389 nomen
1049 2331 1171 2388 ideo
1189 2331 1495 2402 impositum
1520 2336 1777 2393 censent,
1808 2325 1953 2398 quod

351 2429 445 2488 illa
477 2429 556 2484 far
585 2426 867 2499 frugesque
890 2424 1158 2480 invenisse
1186 2422 1557 2494 perhibeatur.
1587 2421 1689 2475 Alii
1720 2435 1847 2476 vero
1868 2419 1953 2475 le-

357 2520 588 2593 gendum
618 2519 823 2574 malunt
849 2516 1080 2583 Pharia,
1112 2530 1209 2571 seu
1239 2514 1436 2580 Furia,
1459 2513 1616 2569 sicuti
1646 2513 1699 2568 iu
1731 2512 1866 2568 libro
1886 2511 1956 2566 ad

352 2612 624 2671 Nationes.
658 2614 733 2668 lio
773 2611 919 2667 enim
967 2608 1290 2681 cognomine
1331 2606 1585 2663 Cererem
1631 2604 1954 2676 appellatam

352 2713 655 2773 autumant,
696 2704 822 2775 quia
862 2705 914 2757 in
946 2701 1120 2758 Pharo
1166 2699 1388 2772 Egypti
1436 2698 1612 2754 insula
1656 2696 1953 2754 colebatur.

355 2799 434 2857 De
459 2813 521 2855 ea
550 2812 711 2869 porro
745 2795 945 2866 aliquid
973 2797 1025 2849 in
1057 2803 1238 2849 nostra
1271 2793 1340 2848 de
1367 2790 1573 2847 Minutii
1596 2790 1790 2846 Felicis
1805 2789 1958 2846 Octa-

360 2895 453 2951 vio
480 2891 860 2949 dissertatione
889 2893 1231 2945 observatum
1260 2902 1293 2941 a
1321 2886 1479 2943 nobis
1521 2885 1623 2941 fuit
1662 2882 1955 2957 (Dissertat.

364 2986 421 3041 in
451 2983 641 3039 Minut.
676 2999 792 3053 cap.
827 2982 918 3046 14,
948 2989 1048 3035 art.
1080 2979 1161 3051 4).

421 3075 540 3132 Non
562 3074 732 3131 semel
758 3082 938 3129 autem
970 3072 1024 3127 in
1067 3072 1189 3127 aliis
1243 3069 1710 3126 dissertationibus
1757 3064 1958 3139 (Tomi

366 3170 619 3243 Apparat.
647 3186 702 3241 p.
729 3168 834 3224 754
857 3176 904 3222 et
928 3182 1089 3237 seqq.,
1118 3181 1181 3219 ac
1206 3164 1477 3219 Dissertat.
1496 3165 1550 3218 in
1587 3161 1807 3229 Arnob.,
1834 3177 1949 3230 cap.

2053 1959 2240 2031 (Μία.)
2263 2001 2279 2027 ,
2311 1956 2365 2013 id
2402 1967 2515 2025 est,
2542 1959 2770 2015 amictus
2818 1968 2975 2027 sunt,
3003 1968 3058 2015 et
3100 1959 3397 2016 velamenta
3417 2002 3434 2028 ,
3462 1962 3656 2032 quibus

2051 2066 2186 2106 crux
2214 2050 2513 2116 velabatur,
2540 2050 2626 2106 vel
2659 2051 2955 2123 tegebatur.
2998 2051 3209 2123 Siphari
3240 2052 3402 2122 igitur
3438 2056 3655 2111 nomine

2052 2144 2299 2216 designat
2339 2144 2517 2200 velum
2563 2143 2695 2200 illud
2724 2160 2790 2200 ex
2821 2153 3121 2202 transversa
3167 2148 3346 2202 crucis
3386 2157 3534 2218 parte
3557 2163 3657 2221 ap-

2054 2251 2281 2308 pensum
2296 2276 2312 2301 ,
2332 2250 2440 2306 quo
2460 2236 2658 2291 vexilla
2679 2236 3002 2292 etcantabra
3022 2236 3433 2296 decorabantur.
3459 2239 3658 2310 Quam-

2055 2331 2242 2388 obrem
2280 2330 2526 2387 ethnicos
2567 2328 2718 2385 hisce
2761 2330 2938 2387 verbis
2979 2330 3201 2387 irridet:
3235 2331 3418 2387 Laudo
3443 2333 3660 2404 diligen-

2056 2424 2201 2479 tiam.
2256 2421 2510 2477 Noluistis
2556 2422 2725 2477 nudas
2770 2433 2820 2479 et
2873 2423 3094 2478 incultas
3142 2440 3316 2480 cruces
3366 2442 3660 2489 consecrare

2059 2511 2249 2587 (Ibid.)
2276 2514 2335 2570 In
2365 2515 2539 2570 altero
2567 2515 2729 2571 etiam
2768 2514 2910 2570 libro
2937 2533 2950 2570 :
2982 2513 3214 2587 Sipbara
3233 2516 3325 2572 illa
3349 2527 3507 2574 vestes
3533 2534 3654 2573 cru—

2056 2624 2171 2664 cum
2195 2617 2333 2663 sunt.
2366 2606 2677 2663 Erubescitis
2697 2650 2712 2675 ,
2738 2609 2941 2679 opinor,
2972 2609 3191 2666 incultas
3218 2620 3265 2666 et
3289 2612 3453 2666 nudas
3477 2628 3651 2669 cruces

2063 2701 2231 2758 colere
2262 2700 2457 2770 (Idem,
2500 2702 2591 2759 lib.
2621 2700 2738 2757 lad
2770 2702 3014 2769 Nation.,
3045 2719 3162 2774 cap.
3186 2704 3278 2770 19,
3305 2723 3361 2776 p.
3389 2704 3541 2777 579).

2131 2793 2301 2851 Instat
2343 2793 2521 2850 adhuc
2566 2794 2655 2850 ille
2685 2812 2698 2849 :
2740 2792 2989 2848 Victorias
3031 2795 3291 2863 ademtis,
3317 2813 3432 2852 cum
3460 2798 3514 2854 in
3542 2806 3648 2855 tro-

2060 2887 2187 2957 pteis
2212 2901 2385 2941 cruces
2411 2886 2651 2940 intestina
2678 2896 2795 2941 sunt
2815 2894 3122 2956 tropamrum
3150 2886 3201 2959 (1
3209 2889 3323 2946 dem
3343 2932 3358 2958 ,
3382 2889 3650 2962 Apologet.

2062 2979 2160 3034 loc.
2190 2976 2308 3048 cit.)
2328 3018 2345 3044 ,
2378 2975 2432 3032 id
2459 2988 2576 3042 est,
2606 2979 2821 3048 tropaeis
2867 2979 3122 3049 subjectae
3156 2992 3304 3041 sunt.
3334 2983 3499 3041 Paulo
3527 2999 3655 3040 vero

2062 3069 2220 3125 aliter
2262 3069 2318 3124 in
2365 3068 2473 3123 alio
2511 3068 2688 3125 libro:
2733 3068 2982 3127 Victorias
3021 3082 3076 3127 ut
3104 3075 3315 3131 numina
3336 3116 3352 3141 ,
3384 3076 3659 3146 etquidem

2064 3160 2358 3233 augustiora
2379 3202 2394 3229 ,
2418 3170 2607 3229 quanto
2635 3161 2831 3217 [tutiora
2856 3167 3170 3219 veneramini
3199 3183 3384 3223 con....
3418 3185 3514 3226 one
3536 3169 3660 3239 quid

363 3261 464 3332 20,
509 3272 607 3319 art.
638 3263 664 3318 1
696 3261 716 3335 )
752 3261 1122 3317 adnotavimus
1165 3270 1449 3331 antequam
1476 3256 1707 3328 gentiles
1733 3254 1956 3311 deorum
1983 3261 2029 3325 (ζ
2066 3254 2244 3309 melius
2269 3254 2517 3311 extollant
2541 3296 2559 3323 ,
2587 3271 2762 3311 cruces
2789 3268 2937 3312 erunt
2971 3258 3212 3315 intestina
3247 3260 3466 3331 quodam
3508 3262 3658 3317 modo

352 3368 574 3413 suorum
618 3353 903 3409 simulacra
946 3352 1013 3408 ad
1056 3352 1289 3408 hominis
1318 3350 1549 3421 effigiem
1576 3349 1893 3414 tinxissent,
1921 3361 1955 3402 a

352 3444 672 3518 quibusdam
704 3443 979 3501 acinacem
1004 3485 1020 3513 ,
1054 3458 1121 3498 an
1153 3443 1271 3498 aliis
1299 3441 1534 3513 gladium
1558 3482 1573 3506 ,
1606 3454 1792 3496 ensem
1813 3481 1831 3508 ,
1861 3438 1956 3493 ha-

353 3548 494 3594 stam
519 3580 535 3606 ,
564 3552 595 3592 a
622 3538 895 3593 nonnullis
925 3537 1157 3608 lapidem
1179 3575 1194 3604 ,
1224 3536 1292 3592 ab
1331 3535 1453 3591 aliis
1476 3534 1610 3590 rude
1635 3533 1870 3605 lignum,
1902 3539 1957 3589 et

352 3629 591 3700 Stipitem
638 3643 745 3685 non
796 3629 1135 3685 elaboratum
1183 3642 1283 3699 pro
1322 3627 1428 3683 diis
1473 3625 1866 3683 babita‘fuisse
1902 3634 1957 3680 et

353 3722 595 3780 adorata.
625 3724 725 3794 Qui
764 3723 982 3795 quidem
1024 3738 1140 3778 mos
1167 3722 1306 3793 apud
1345 3721 1604 3793 quasdam
1632 3729 1820 3793 gentes
1848 3719 1958 3791 diu-

352 3816 464 3873 tius
486 3816 872 3887 perseveravit.
898 3814 1263 3870 Tertullianus
1285 3826 1463 3869 autem
1489 3813 1793 3884 significare
1818 3811 1961 3868 vide-

357 3916 444 3967 tur
464 3924 565 3965 suo
588 3910 765 3966 adhuc
807 3918 1051 3979 tempore
1088 3908 1363 3965 exstitisse
1399 3908 1616 3979 aliquod
1647 3906 1880 3964 Palladis
1905 3906 1960 3961 in

356 4002 533 4059 Attica
583 4006 841 4074 regione,
873 4011 928 4057 et
967 4000 1181 4057 Cereris
1214 4003 1264 4056 in
1300 4000 1477 4057 Pharo
1517 4000 1692 4056 insula
1734 3998 1959 4055 simula-

357 4108 510 4151 crum
532 4138 547 4165 ,
577 4095 721 4167 quod
766 4095 916 4151 rudis
953 4094 1236 4150 dumtaxat
1275 4094 1429 4166 palus
1451 4134 1468 4159 ,
1497 4103 1552 4150 et
1599 4092 1829 4149 informe
1852 4133 1868 4157 ,
1899 4105 1963 4149 ac

357 4189 478 4245 sine
522 4189 626 4244 ulla
674 4188 852 4260 effigie
891 4189 1094 4260 lignum
1133 4197 1269 4244 erat.
1302 4189 1372 4244 At
1399 4187 1451 4242 id
1482 4185 1722 4258 profecto
1741 4201 1808 4244 ex
1836 4184 1921 4241 bis
1943 4227 1959 4254 ,

360 4294 481 4353 quae
504 4282 557 4336 in
581 4282 761 4338 citatis
785 4283 983 4338 nostris
1006 4281 1482 4338 dissertationibus
1506 4281 1786 4336 retulimus
1803 4322 1820 4346 ,
1842 4294 1967 4335 con-

361 4371 566 4429 ﬁrmari
597 4375 780 4445 utique
809 4383 1005 4445 potest.
1035 4375 1252 4430 Ethnici
1282 4389 1413 4445 ergo
1448 4374 1628 4444 palum
1659 4372 1967 4444 hujusmodi

363 4474 526 4523 terra:
576 4466 810 4522 defixum
880 4477 1134 4538 tanquam
1186 4481 1341 4521 sacra
1386 4466 1601 4521 numina
1641 4465 1963 4533 adorantes,

363 4565 576 4628 partem
605 4558 777 4613 crucis
804 4559 1047 4629 proiecto
1074 4557 1390 4614 adorabant.

2069 3356 2378 3419 tropa'orum
2411 3347 2630 3419 (idean,
2662 3349 2752 3404 lib.
2784 3351 2853 3404 ad
2893 3350 3107 3407 Nation.
3132 3353 3231 3407 loc.
3276 3353 3411 3424 εει),
3437 3352 3662 3411 Constat

2058 3455 2189 3496 sane
2220 3439 2516 3495 Victoriam
2544 3440 2611 3496 ab
2640 3439 2748 3497 illis
2776 3442 2828 3497 in
2857 3441 3078 3498 dearum
3111 3443 3338 3515 positam
3371 3445 3537 3503 fuisse
3564 3464 3661 3503 nu-

2060 3547 2249 3589 mero:
2278 3532 2421 3604 quod
2469 3532 2708 3603 quidem,
2754 3534 2842 3589 vix
2888 3535 2980 3590 ulli
3030 3536 3655 3609 incognitum,probasse

2061 3623 2292 3681 sufﬁciat
2322 3625 2406 3680 his
2433 3624 2595 3681 Tullii
2635 3626 2851 3682 verbis:
2886 3627 3024 3694 Quid
3064 3629 3351 3684 concordia:
3381 3630 3657 3701 templum,

2063 3718 2339 3784 libertatis,
2364 3728 2413 3774 et
2441 3718 2667 3773 victoriae
2689 3760 2703 3784 ,
2727 3735 2943 3789 quarum
2966 3721 3195 3775 omnium
3217 3737 3385 3776 rerum
3402 3763 3418 3790 ,
3447 3724 3570 3792 quia
3590 3723 3664 3777 uis

2064 3821 2172 3867 erat
2198 3821 2373 3879 tanta,
2407 3821 2462 3864 ut
2500 3813 2610 3866 sine
2652 3813 2747 3867 deo
2786 3814 2896 3885 regi
2922 3831 3023 3868 non
3052 3825 3253 3886 posset,
3286 3817 3402 3887 ipsa
3428 3833 3509 3872 res
3531 3817 3656 3872 deo-

2062 3920 2179 3959 rum
2201 3920 2383 3959 nomen
2413 3904 2627 3959 obtinuit
2657 3904 2811 3977 (Cic.,
2842 3905 2929 3961 lib.
2959 3905 3002 3961 ll
3030 3907 3093 3961 de
3120 3905 3312 3962 Natur.
3341 3908 3507 3976 deor.,
3537 3925 3663 3980 pag.

2063 3997 2193 4063 225,
2220 3998 2308 4054 lin.
2342 3997 2447 4070 5.).
2485 3998 2559 4053 De
2588 3998 2676 4053 illa
2703 4014 2832 4055 vero
2861 3999 3086 4071 ejusque
3128 3999 3305 4071 elligie
3332 3998 3655 4057 Claudianus

2065 4092 2167 4149 hos
2193 4092 2320 4149 fecit
2342 4106 2528 4147 versus
2557 4111 2571 4148 :

2257 4206 2369 4271 Ipsa
2388 4207 2502 4259 duci
2523 4221 2689 4258 sacras
2710 4208 2924 4259 Victoria
2948 4208 3187 4271 panderet
3211 4209 3362 4261 ardes.

2255 4268 2297 4338 ρ
2313 4271 2471 4338 palma
2492 4271 2895 4338 viridigaudens,
2923 4268 2976 4320 et
2996 4274 3172 4338 amicta
3195 4277 3412 4338 tropaeis,

2256 4330 2429 4396 Custos
2454 4330 2834 4396 lmperiiivirgo,
2858 4346 2968 4396 quae
2989 4332 3090 4381 sola
3115 4330 3332 4387 mederis

2255 4392 2577 4456 Vulneribus,
2604 4392 2890 4456 nullumque
2912 4394 3063 4445 doces
3084 4400 3273 4448 sentire
3298 4398 3536 4449 laborem.

2187 4450 2467 4515 (Claudian.
2492 4450 2574 4504 lib.
2596 4462 2666 4515 Ill,
2690 4455 2754 4505 de
2781 4450 2985 4507 L'audib.
3012 4456 3254 4522 Stilicon.,
3278 4473 3323 4510 υ.
3342 4460 3434 4511 ﬁt
3454 4467 3502 4512 et
3513 4463 3666 4528 seqq.)

2148 4554 2368 4628 Efﬁgies
2394 4560 2551 4629 igitur
2580 4560 2718 4617 illius
2749 4560 2982 4633 fulgebat
3017 4563 3069 4619 in
3113 4566 3344 4635 tropaeis,
3395 4566 3515 4622 sive
3534 4584 3663 4640 cap-

437 4646 681 4719 lutegras
737 4660 914 4706 autem
964 4664 1152 4706 cruces
1205 4649 1600 4704 venerabantur
1644 4651 1696 4706 in
1744 4646 2047 4717 deorum!)
2075 4652 2144 4708 tis
2174 4651 2408 4707 liOstium
2455 4653 2660 4723 spoliis,
2708 4671 2827 4725 qua:
2870 4671 3084 4712 summo
3112 4659 3299 4729 stipiti,
3330 4661 3465 4717 etin
3496 4664 3672 4719 crucis

364 4754 590 4798 suorum
620 4743 923 4799 simulacris
946 4787 961 4811 ,
991 4742 1279 4799 humanam
1307 4741 1542 4815 effigiem
1573 4755 1967 4815 repraesentan-

365 4833 528 4889 tibus.
561 4832 833 4889 FabriCari
882 4836 1148 4907 siquidem
1178 4851 1206 4888 a
1237 4834 1425 4905 plastis
1453 4845 1507 4892 et
1536 4837 1832 4894 artiﬁcibus
1861 4855 1969 4895 non

366 4934 653 4997 poterant,
686 4927 788 4981 nisi
822 4928 971 4997 prius
999 4926 1184 4997 argilla
1214 4936 1307 4983 aut
1347 4928 1446 4982 alia
1473 4930 1715 5000 qumdam
1749 4932 1969 4987 materia

367 5018 750 5076 Bttsteutaculis
766 5060 781 5085 ,
807 5019 861 5074 in
883 5021 1060 5076 crucis
1084 5020 1304 5090 integras
1332 5022 1549 5079 modum
1567 5024 1825 5097 appositis
1849 5067 1865 5092 ,
1890 5040 1975 5082 te.

375 5128 504 5169 vera
534 5125 1012 5184 superponeretur.
1040 5114 1377 5187 Quapropter
1402 5130 1550 5177 recte
1579 5120 1971 5175 Tertulliauus:

377 5205 652 5273 Diximus,
704 5208 906 5277 inquit,
939 5209 1187 5281 originem
1233 5211 1444 5266 deorum
1488 5206 1763 5268 uestrorum
1800 5231 1831 5267 α
1855 5214 1975 5285 pla-

383 5300 479 5355 stis
520 5301 583 5353 de
605 5317 752 5363 cruce
776 5302 950 5357 induci
979 5302 1308 5377 (Tertullian.
1332 5306 1622 5379 Apologet.,
1656 5325 1771 5378 cap.
1797 5308 1886 5372 16,
1920 5328 1974 5379 p.

376 5390 529 5460 566).
556 5394 725 5448 Antea
750 5409 876 5451 vero
897 5394 1106 5452 dixerat
1126 5418 1138 5453 :
1156 5396 1499 5452 Simulacrum
1514 5398 1655 5469 prius
1674 5399 1860 5470 argilla
1891 5401 1982 5455 de-

374 5484 565 5552 format
593 5482 781 5554 (lbid.,
805 5502 923 5558 cap.
949 5488 1040 5554 12,
1065 5506 1119 5559 p.
1151 5489 1302 5560 340),
1330 5489 1380 5546 id
1409 5498 1492 5546 est
1518 5490 1750 5547 formare
1770 5492 1978 5563 incipit,

372 5571 523 5629 cruci
552 5584 606 5629 et
632 5578 797 5647 stipiti
841 5590 1203 5651 superstructa.
1238 5582 1443 5638 Rursus
1479 5592 1658 5637 autem
1687 5584 1795 5639 alio
1822 5585 1874 5640 in
1904 5585 1973 5640 li-

368 5662 471 5725 bro
497 5686 511 5722 :
554 5669 689 5724 Huic
709 5671 925 5728 exordio
959 5683 1004 5727 et
1042 5673 1175 5728 velut
1219 5674 1478 5728 statumini
1507 5674 1694 5745 argilla
1717 5716 1733 5742 ,
1756 5678 1974 5748 desuper

367 5754 564 5815 intesta
588 5802 605 5831 ,
628 5764 875 5835 paulatim
914 5766 1136 5822 membra
1166 5765 1414 5839 complet,
1438 5776 1485 5821 et
1511 5782 1693 5837 corpus
1716 5769 1898 5836 struit,
1928 5778 1980 5828 et

366 5842 597 5909 habitum
618 5893 634 5926 ,
661 5872 809 5929 quem
836 5856 1060 5932 placuit,
1082 5858 1282 5932 argilla:
1301 5858 1436 5915 intus
1455 5859 1593 5916 cruci
1614 5859 1916 5932 ἐκμάθω.
1946 5876 1982 5919 a

2075 4744 2311 4816 ﬁguram“
2331 4754 2531 4810 erecto,
2560 4747 2915 4816 superposita,
2949 4749 3192 4805 solebant
3221 4752 3444 4809 solemni
3476 4770 3671 4828 pompa

2077 4837 2295 4895 deferri.
2328 4837 2535 4893 Ethnici
2577 4839 2754 4909 itaque
2783 4839 3071 4897 Victoriam
3105 4858 3208 4899 non
3253 4844 3426 4902 solum
3476 4847 3528 4903 in
3573 4864 3674 4906 suo

2080 4931 2300 5000 templo,
2332 4930 2425 4987 sed
2465 4930 2517 4985 in
2548 4930 2631 4985 his
2655 4931 2814 4987 etiam
2849 4933 3084 5004 tropaeis,
3116 4936 3423 5007 adorantes,
3454 4955 3673 4998 crucem

2079 5038 2294 5095 quoque
2319 5022 2630 5080 adorabant.
2661 5023 2796 5080 Nam
2825 5037 3017 5097 tropica
3042 5029 3284 5096 victricia,
3318 5031 3675 5102 inquitMinu-

2083 5117 2191 5171 tius
2206 5114 2348 5172 Felix
2373 5116 2586 5189 (Minut.
2608 5137 2660 5188 p.
2690 5119 2842 5188 287),
2866 5136 2967 5175 non
2984 5131 3179 5178 tantum
3196 5125 3454 5195 simplicis
3473 5129 3671 5195 crucis,

2084 5225 2272 5267 verum
2304 5213 2464 5267 etiam
2495 5212 2639 5267 affixi
2677 5213 2731 5269 in
2756 5230 2819 5271 ea
2851 5214 3080 5272 hominis
3120 5218 3340 5289 ligurum
3368 5220 3661 5279 imitantur.

2157 5301 2265 5360 Sed
2317 5302 2493 5360 acrius
2534 5304 2707 5360 adhuc
2736 5318 3015 5377 urgentem
3051 5308 3436 5367 Tertullianum
3488 5316 3677 5372 subse-

2087 5410 2349 5467 quantur:
2402 5394 2599 5467 Religio
2641 5397 3008 5465 Romanorum,
3043 5400 3231 5471 inquit,
3272 5413 3377 5457 tota
3396 5408 3664 5462 castrensis

2088 5490 2235 5561 signa
2273 5499 2555 5553 ueneratur,
2584 5490 2728 5561 signa
2748 5490 2914 5563 jurat,
2960 5492 3107 5563 signa
3141 5495 3370 5551 omnibus
3404 5498 3504 5554 diis
3544 5514 3677 5570 prcc-

2092 5583 2255 5654 pouit.
2291 5580 2477 5636 Omnes
2500 5581 2579 5636 illi
2614 5582 2892 5654 imaginum
2917 5593 3178 5656 suggestus
3218 5587 3438 5659 insignes
3462 5590 3673 5645 monilia

2089 5689 2299 5730 crucum
2338 5684 2476 5728 sunt.
2513 5672 2839 5744 (Tertullian.
2871 5676 3136 5746 Apologet.
3164 5694 3278 5748 cap.
3314 5680 3397 5745 I6,
3423 5699 3476 5751 p.
3509 5681 3660 5756 567).

2090 5766 2168 5824 Ita
2189 5766 2402 5838 quidem
2428 5768 2480 5822 in
2506 5770 2702 5823 noStris
2727 5768 3003 5824 codicibus
3029 5786 3188 5826 manu
3218 5774 3465 5839 exaratis,
3489 5778 3545 5829 et
3565 5774 3681 5830 edi-

2093 5860 2163 5921 tis
2188 5860 2591 5933 antiquioribus.
2626 5858 2822 5919 Verum
2861 5860 3125 5935 Rigaltius
3156 5860 3228 5922 ibi
3260 5876 3453 5923 nomen
3482 5863 3683 5923 Roma-
