4212 6262
564 394 706 457 1039

559 525 764 574 norum,
807 501 949 559 nulla
993 491 1198 553 reddita
1229 483 1472 547 ratione,
1519 473 1755 532 sustulit.
1803 461 2156 534 Suspicamur
2184 453 2236 513 Α

1440 572 1448 574 .
1621 561 1714 574 .-.
1758 560 1787 574 _.
1875 572 1909 574 η
1949 551 2128 574 “,m

561 551 764 574 ..υ......,
808 551 948 559 ..-πη
995 551 1040 553 _

557 617 743 662 tamen
773 611 890 653 eam
935 589 1129 654 fuisse,
1155 580 1279 653 quia
1319 578 1372 632 in
1399 572 1537 628 libro
1565 566 1636 629 ad,
1657 560 1914 626 Nationes
1943 551 2158 614 eadem,

556 697 661 754 sed
681 690 879 749 omisso
907 683 999 740 illo
1027 678 1376 733 Romanorum
1403 663 1640 725 nomine,
1673 656 1756 712 his
1786 650 1965 708 verbis
1993 658 2162 715 repe-

560 792 660 846 tit:
688 784 754 839 In
781 776 1002 835 victoriis
1029 780 1074 826 et
1100 781 1271 825 cruces
1295 761 1416 817 colit
1461 752 1728 813 castrensis
1775 743 1974 815 religio,
2013 739 2163 808 signa

562 828 767 945 adorat,
805 828 953 945 signa
979 866 1191 938 dejerat,
1223 860 1369 930 signa
1395 851 1495 922 ipsi
1517 847 1634 902 Jovi
1662 841 1897 915 praefert:
1943 833 2032 888 sed
2075 828 2164 885 ille

562 922 767 945 “⁶“”ν¹“¹”9
805 922 948 945 "3'"—
1035 922 1052 938 ι
1177 922 1188 929 ν
1270 922 1290 930 -

559 972 845 1044 imaginum
907 968 1190 1034 suggestus,
1247 962 1292 1007 et
1349 955 1484 1002 totus
1539 939 1653 994 auri
1713 934 1882 988 cultus
1945 922 2160 982 monilia

1349 1040 1367 1044 -
1463 1038 1474 1044 λ
1524 1033 1568 1044 ὀ
1615 1034 1642 1044 -·
1899 1020 1962 1044 an
2033 1034 2132 1044 μ--

559 1020 918 1126 gingiua:
948 1020 1294 1129 (“Ident,lib.
1340 1040 1368 1094 Ι
1407 1038 1474 1092 ad
1515 1033 1688 1096 Nati.,
1731 1044 1846 1097 cap.
1896 1020 1986 1087 12,
2033 1034 2154 1088 pag.

565 1158 719 1228 579).
753 1155 822 1209 At
866 1111 1125 1219 Rigaltius
1154 1111 1614 1194 animadvertisse
1659 1121 1790 1178 satis
1849 1132 1954 1172 non
2004 1111 2158 1167 vidc-

1566 1218 1577 1228 .
1701 1215 1712 1226 .
1781 1206 2042 1228 .“mm
2091 1199 2154 1228 Μ,

565 1199 719 1228 νην
753 1199 822 1209 .--
868 1199 1036 1219 ---σγα

562 1263 653 1308 tur
678 1244 809 1303 illud
840 1241 1190 1297 Romanorum
1211 1240 1406 1285 nomen
1433 1218 1675 1294 potuisse
1701 1215 1754 1268 in
1781 1211 1884 1266 hoc
1910 1206 2066 1270 libro,
2091 1199 2159 1255 ad

564 1328 758 1402 omnes
786 1331 1080 1408 generatim
1112 1325 1355 1381 nationes
1381 1317 1608 1378 directo,
1638 1301 1991 1380 praetermitti,
2041 1311 2148 1351 non

564 1446 746 1494 autem
765 1389 818 1485 iii
847 1421 1214 1498 Apologetico,
1242 1411 1331 1484 qui
1360 1408 1428 1464 ad
1456 1418 1644 1462 omnes
1669 1396 1935 1454 antistites
1963 1405 2027 1446 ac
2054 1389 2157 1443 im-

564 1478 746 1494 πη...
847 1478 910 1498 --,
939 1478 951 1480 -
1019 1478 1047 1493 υ
1200 1478 1209 1483 -
1261 1478 1274 1484 -

563 1526 761 1604 primis
807 1531 1058 1578 romanos
1086 1511 1282 1567 missus
1305 1503 1424 1559 fuit.
1457 1498 1570 1553 Mos
1595 1500 1775 1548 autem
1803 1481 2058 1542 militaria
2082 1478 2158 1534 si—

1292 1600 1300 1604 -
1392 1595 1402 1604 .
1516 1591 1528 1604 ι
1641 1595 1685 1604 Α.
1749 1590 1803 1604 --ι
1855 1577 2158 1604 Δ-οιιὶιηηηε

565 1577 672 1696 Eua
696 1612 950 1674 adorandi
974 1605 1110 1680 apud
1137 1605 1267 1658 istos
1292 1600 1364 1652 ita
1391 1591 1710 1651 iuvalnerat,
1749 1590 1807 1638 ut
1849 1577 2118 1634 Artabano
2137 1585 2162 1625 s

1168 1693 1184 1696 _
1250 1695 1257 1696 ,
1338 1690 1350 1696 ,
1459 1687 1471 1696 ,
1589 1674 1946 1696 “nudum
2019 1668 2160 1696 Lm,

567 1668 892 1774 DPartborum
921 1668 1024 1768 rex.
1044 1698 1109 1755 ad
1151 1690 1426 1763 Caligulte,
1459 1682 1629 1754 inquit
1664 1674 1969 1735 Suetonius,
2019 1668 2163 1737 lega-

569 1822 686 1865 tum
723 1803 982 1860 veniens:
1028 1790 1235 1862 Aquilus
1286 1793 1330 1840 et
1375 1781 1520 1851 signa
1547 1787 1761 1829 romana
1801 1765 2163 1829 Ca'sarumque

1636 357 1701 415 ΙΝ
1742 335 2205 410 TERTULLIANI
2242 325 2766 394 APOLOGETICUM

2334 446 2493 517 Atqui
2515 460 2683 500 omnes
2698 441 2776 496 illi
2802 435 3104 508 imaginum,
3131 422 3323 500 inquit,
3346 422 3614 493 suggestus
3636 411 3868 482 insignes

2263 543 2472 600 monilia
2498 554 2709 594 crucum
2736 542 2873 589 sunt.
2905 507 3013 586 Nos
3041 535 3218 581 autem
3249 519 3320 575 ibi
3373 513 3595 587 quidam
3625 507 3862 562 monitos

2267 650 2388 693 esse
2410 632 2699 688 voluerunt
2720 627 2774 683 in
2796 620 3066 681 nonnullis
3087 609 3468 678 manuscriptis
3496 603 3600 674 legi
3624 602 3675 653 in
3702 595 3863 667 signis

2266 689 2382 787 non
2403 729 2647 798 insignes,
2677 735 2778 777 nec
2804 728 3030 790 prorsus
3074 707 3289 781 quidem
3323 697 3582 757 absurde.
3613 694 3690 749 De
3719 689 3858 745 mili-

2267 785 2382 880 tum
2406 785 2601 892 quippe
2622 785 2788 887 signis
2808 785 3012 867 ibidem
3038 803 3231 875 agitur.
3254 795 3452 851 Verum
3474 790 3597 860 quia
3627 787 3680 841 in
3703 785 3861 853 longe

2270 876 2514 990 pluribus
2537 876 2887 978 meliorisque
2914 909 3053 958 nota:
3086 887 3490 962 exemplaribus
3537 881 3763 936 habetur
3792 876 3870 929 in-

3165 988 3175 990 _
3533 976 3546 990 _
3683 985 3703 990 _
3756 967 3818 990 η,

2272 967 2379 990 l'“"
2396 967 2508 971 "'f‘
2550 967 2553 968 '
2803 967 2817 978 ι

2267 1014 2457 1083 signes.
2490 1008 2629 1063 banc
2659 1002 2940 1060 lectionem
2985 988 3277 1063 explodere
3307 976 3726 1037 non-audemus.
3756 967 3854 1024 Ni-

2271 1107 2343 1162 bil
2374 1118 2503 1159 vero
2523 1099 2590 1155 ad
2621 1097 2777 1167 hujus
2802 1091 2998 1164 potius,
3029 1098 3191 1157 quam
3214 1076 3441 1134 alterius
3464 1068 3708 1127 lectionis
3734 1078 3866 1119 cou-

2270 1195 2625 1252 lirmationem
2653 1187 2767 1244 erui
2797 1189 2972 1255 potest
2987 1156 3056 1234 es
3081 1176 3218 1230 libro
3245 1169 3313 1224 ad
3344 1166 3608 1225 Nationes,
3637 1158 3723 1214 ubi
3754 1156 3859 1210 boc

2267 1304 2462 1345 nomen
2501 1284 2860 1342 Tertullianus
2887 1267 3254 1347 praetermisit,
3286 1263 3508 1331 luecque
3534 1254 3694 1312 verba
3725 1248 3864 1304 sub-

2263 1388 2483 1463 junxit:
2516 1381 2616 1436 Ille
2642 1344 2922 1444 imaginum
2976 1370 3236 1436 suggestus
3265 1366 3308 1412 et
3340 1353 3491 1408 totius
3531 1348 3643 1402 auri
3688 1344 3860 1399 cultus

2506 1489 2713 1532 crucum
2739 1439 2856 1524 sunt
2885 1449 3354 1537 (Ibid.).Nonnulli
3383 1444 3600 1518 quidem
3629 1439 3852 1510 opinan-

2269 1588 2354 1633 tur
2380 1583 2574 1629 nomen
2631 1567 2896 1634 suggestus
2943 1551 3017 1608 ibi
3059 1547 3229 1614 accipi
3259 1555 3355 1614 pro
3378 1536 3571 1594 vestitu
3604 1540 3660 1587 et
3699 1542 3864 1585 orna-

2275 1676 2494 1730 mento;
2517 1659 2611 1718 sed
2645 1623 2956 1726 idvprobare
2979 1641 3313 1701 debuissent.
3341 1630 3481 1700 Quid
3531 1627 3676 1684 enim
3705 1623 3750 1679 si
3777 1635 3868 1676 su-

2277 1703 2460 1727 Iucluv
2480 1708 2494 1730 ,
2517 1703 2611 1718 υνυ-
2647 1703 2696 1712 η.
2731 1703 2892 1726 ⁸,--Ἣν
2943 1703 2946 1704 ,

2269 1772 2443 1822 matur
2483 1771 2580 1830 pro
2608 1755 2724 1823 ipso
2753 1756 2874 1803 actu
2903 1733 3244 1812 suggercndi,
3278 1743 3372 1785 seu
3405 1723 3593 1780 subtus
3631 1713 3856 1790 gerendi
3916 1703 3925 1709 ’

569 1822 686 1865 ιιιιιι
723 1810 982 1860 veniens:
1028 1810 1235 1862 aquilas
1286 1810 1330 1840 ει
1375 1810 1520 1851 διυιιιι
1550 1810 1761 1829 mum...
1804 1810 2130 1829 v..,-".“_--,,,,

569 1898 816 1969 imagines
843 1889 1129 1946 adoraverit
1153 1879 1394 1951 (Sueten.
1423 1872 1459 1926 l.
1490 1867 1578 1931 ιν,
1597 1866 1651 1918 in
1673 1861 1778 1914 Vit.
1796 1853 2030 1927 Calig.,§
2055 1849 2171 1921 M).

2279 1810 2433 1822 """"'
2486 1810 2511 1830 l'
2527 1810 2533 1811 ί
2631 1810 2643 1823 ι
2977 1810 2989 1812 -

2281 1860 2440 1916 hasce
2461 1850 2741 1921 imagines,
2773 1856 2890 1912 quae
2918 1831 3219 1907 pendebant
3248 1840 3314 1880 ex
3339 1818 3514 1876 altiori
3545 1815 3734 1878 hastas,
3755 1810 3869 1865 sive

2279 1955 2305 1969 --
2385 1953 2396 1964 -
2433 1942 2636 1969 -----—-=
2670 1947 2820 1969 nam.
2872 1941 2923 1969 nl
2953 1940 3172 1969 nmmum
3204 1917 3426 1969 monilia
3455 1924 3511 1969 ct
3549 1915 3864 1965 ornamenta

645 1949 806 1969 -υηην
1165 1949 1171 1951 ι

645 1991 753 2046 Cur
778 1996 953 2042 autem
982 1976 1169 2046 religio
1195 1964 1486 2027 castrensis
1517 1967 1754 2015 vocetur,
1787 1965 1850 2005 ac
1878 1949 2041 2019 signa
2071 1957 2165 1998 sua

571 2087 798 2159 iuraret,
829 2076 915 2132 his
949 2069 1247 2139 intelligere
1291 2069 1375 2118 est
1416 2055 1637 2112 Senecm
1675 2045 1894 2103 verbis:
1932 2038 2166 2094 Primum

1237 2155 1263 2159 “
1306 2153 1316 2159 ·
1436 2157 1442 2159 Α
1501 2147 1512 2157 θ
1765 2150 1903 2159 μω-..
1955 2139 1993 2159 ι..
2027 2127 2166 2159 Αηυ,

571 2127 798 2159 δυ’-ὀυν
831 2127 911 2132 ----
953 2127 959 2128 ί
1120 2127 1148 2139 υ

571 2173 772 2232 militia
790 2165 1044 2223 uinculum
1075 2168 1144 2214 est
1172 2153 1370 2225 religio,
1398 2157 1444 2202 et
1470 2147 1730 2216 signorum
1758 2150 1923 2199 amor,
1951 2139 1993 2184 et
2026 2127 2170 2180 dese—

572 2264 720 2323 rendi
744 2263 925 2332 nefas;
954 2265 1072 2308 tunc
1098 2247 1278 2304 deinde
1307 2240 1459 2311 facile
1483 2245 1665 2291 cratera
1701 2228 1990 2298 exiguntur,
2016 2235 2170 2274 man-

1429 2330 1435 2332 Α
1528 2328 1538 2332 ⁸
1617 2323 1628 2332 ¹
1663 2322 1694 2332 ¹¹
1947 2316 2004 2332 οκι
2068 2309 2138 2332 ην

572 2309 951 2421 danturqtiead
972 2309 1340 2418 jusjurandum
1369 2328 1565 2386 adactis
1608 2323 1629 2395 (
1657 2322 1838 2378 Senec.
1877 2316 2025 2385 epist.
2068 2309 2163 2374 95,

577 2466 704 2523 pag.
733 2402 886 2515 365).
917 2402 1154 2495 Primum
1187 2431 1368 2497 itaque
1399 2419 1528 2477 illud
1575 2423 1692 2471 erat
1731 2410 1959 2466 militum
2001 2402 2172 2474 jusju-

1421 2517 1490 2523 ’⁵⁵
1563 2513 1573 2523 ³
1670 2517 1680 2523 Α
1767 2505 1819 2523 J-
1873 2515 1970 2523 --υι
2013 2496 2166 2523 «ρι’-’κη

570 2496 985 2606 ;atidum,lquo
1026 2545 1083 2585 se
1127 2496 1330 2582 militiae
1370 2513 1708 2572 addicebant,
1758 2505 1826 2560 de
1867 2515 1974 2572 quo
2013 2496 2169 2568 plura

575 2587 828 2693 .Scb‘eli'u's,
850 2587 1042 2683 suis
1068 2607 1133 2675 ad
1162 2613 1442 2686 Polybium
1485 2605 1626 2660 notis
1673 2595 1960 2670 (Schelius,
1992 2605 2107 2660 cap.
2140 2587 2165 2640 1

573 2681 640 2784 ἔα
663 2681 946 2782 sacrit—men.
969 2715 1011 2788 ),
1041 2681 1382 2769 Brissonnius
1433 2698 1689 2772 (Brisson.
1719 2690 1831 2746 init.
1863 2687 1954 2742 lib.
1975 2683 2065 2739 Ν.
2107 2681 2170 2734 de

577 2782 864 2884 Formul.),
892 2782 1074 2866 Justus
1099 2802 1307 2872 Lipsius
1335 2795 1502 2866 (Lips.
1549 2790 1586 2844 ι.
1617 2786 1644 2841 I
1675 2785 1736 2840 de
1765 2782 1920 2838 Milit.
1945 2791 2172 2840 roman.,

574 2912 770 3000 dialog.
801 2879 878 2969 6.,
907 2919 1030 2973 pag.
1058 2896 1172 2965 26),
1203 2902 1258 2949 et
1285 2891 1393 2945 alii.
1419 2889 1488 2941 At
1512 2889 1707 2954 prmter
1730 2879 1832 2932 hoc
1853 2882 2173 2932 sacramen-

1005 2995 1016 3000 -
1404 2983 1517 3000 ’μη
1553 2974 1792 3000 mutu...
1845 2969 1975 3000 ωαη.
2001 2966 2171 3000 [ηρα-

576 2982 695 3063 tum
724 3001 922 3058 milites
948 2995 1108 3051 etiam
1133 3003 1227 3044 sua
1255 3001 1351 3058 per
1375 2983 1523 3052 signa
1553 2974 1818 3048 iurabant.
1844 2969 1976 3025 Nam
2000 2966 2171 3020 Luca-

578 3110 687 3154 nus
712 3089 1080 3151 centurionem
1111 3079 1308 3140 Caesari
1347 3090 1443 3147 per
1472 3087 1533 3127 ea
1578 3069 1850 3138 iurantem
1897 3059 1978 3114 sic
2022 3054 2178 3112 indu-

588 3191 669 3246 xit
699 3206 714 3243 :

740 3339 755 3352 .
827 3336 836 3347 .
906 3332 920 3346 .
985 3291 1087 3342 Per
1107 3287 1250 3352 signa
1272 3283 1448 3332 decem
1465 3275 1630 3352 felicia
1647 3269 1838 3352 castris,

737 3332 941 3425 ᾕρει-(ιιιέ
1273 3321 1602 3425 “(iiaéiiﬁiiié
1628 3321 1855 3425 eaﬁliﬂste
1890 3321 2182 3425 ggu‘tpbos.

1479 3411 1602 3425 ιη’-κ
1660 3411 1673 3425 ο
1821 3404 1849 3425 ss

1419 3383 1621 3468 (iam.
1640 3383 1722 3448 lib.
1745 3400 1797 3454 ιι,
1821 3404 1868 3440 υ.
1893 3383 2031 3449 278.)

588 3541 699 3598 Nec
712 3539 908 3594 mirum
929 3545 1079 3596 sane;
1096 3519 1523 3598 quandoquidem
1541 3514 1765 3585 (Lucan.
1785 3509 1873 3565 lib.
1897 3504 1962 3571 ll,
1983 3519 2032 3556 υ.
2055 3497 2188 3564 370)

587 3633 740 3702 signa
769 3642 865 3683 sua
900 3633 956 3679 et
983 3591 1187 3690 aquilas
1217 3613 1500 3690 putabant,
1523 3615 1580 3660 ut
1607 3620 1672 3659 ex
1699 3599 1951 3658 Cornelio
1997 3591 2185 3648 Tacito

589 3682 868 3780 digscimus,
897 3682 1378 3784 praprialegionnm
1406 3684 1525 3755 esse
1546 3697 1757 3752 numina
1797 3689 1986 3764 ('I‘acit.
2011 3687 2101 3741 lib.
2128 3682 2174 3738 ll

590 3813 780 3873 Annal.
812 3777 921 3880 post
948 3777 1057 3858 iniit.
1093 3777 1214 3872 pag.
1244 3797 1358 3861 20).
1381 3793 1516 3850 Alibi
1538 3804 1664 3845 vero
1686 3788 1751 3842 de
1781 3783 2012 3841 Antonio
2043 3777 2184 3835 sedi-

590 3908 794 3964 tionem
816 3901 1217 3966 compescentc:
1241 3887 1366 3940 Mox
1384 3896 1673 3945 conversus,
1705 3875 1903 3945 inquit,
1947 3871 2016 3926 ad
2046 3870 2193 3940 signa

593 4008 642 4056 ct
672 3996 916 4052 bellamus
944 3989 1083 4050 deos,
1118 3981 1348 4036 hostium
1381 3977 1546 4044 potius
1573 3967 1876 4025 exercitibus
1904 3962 2057 4018 illum
2092 3964 2185 4032 {u-

595 4104 785 4151 rorem,
833 4083 976 4138 illaut
1002 4073 1306 4132 discordiam
1341 4068 1626 4139 injicerent,
1651 4060 1847 4127 orabat,
1910 4059 2066 4111 donec
2114 4057 2197 4127 fa-

601 4146 798 4237 tisceret
823 4175 1002 4232 seditio
1023 4169 1216 4239 (Idem,
1239 4166 1327 4220 lib.
1359 4161 1427 4217 lli
1472 4157 1668 4212 Histor.
1699 4163 1807 4224 post
1825 4151 1939 4205 init.
1965 4146 2191 4220 p.180).

601 4278 676 4331 At
713 4271 908 4327 clarius
959 4276 1104 4320 certe
1155 4258 1439 4330 Dionysius
1491 4250 1967 4307 Halicarnasseus:
2013 4244 2196 4309 Σημεῖα.

921 4348 930 4363 .

600 4374 882 4438 emerim-ma
900 4369 1144 4427 Ῥωμαίοις
1173 4361 1330 4410 ταῦτα.
1361 4351 1438 4406 ἐπὶ
1475 4351 1726 4417 στρατείαις
1769 4343 1850 4394 καὶ
1883 4345 2029 4408 ὥσπερ
2077 4338 2203 4404 ἱδρύ-

604 4483 744 4531 me.
789 4465 900 4510 θεῶν
954 4455 1056 4523 ἱερὰ.
1090 4450 1398 4516 νομίζονται.’
1436 4438 1584 4493 Nihil
1639 4437 1693 4489 in
1743 4447 1957 4488 romana
2015 4426 2200 4482 militia

608 4553 768 4624 signis
781 4548 990 4603 habetur
1016 4537 1371 4601 venerabilius,
1397 4548 1485 4586 nec
1515 4531 1681 4584 minus
1709 4541 1855 4581 sacra
1875 4522 2201 4594 judicantur,

609 4608 764 4718 quam
816 4640 1028 4695 deorum
1090 4630 1388 4687 simulacra.
1438 4616 1928 4697 (Dionys._IIalic.
1983 4612 2072 4667 lib.
2135 4608 2308 4686 νιν

611 4717 863 4804 Αηιὶίιιιίι.
892 4743 1116 4791 roman.,
1140 4740 1261 4795 pag.
1287 4717 1437 4789 575).

684 4798 1021 4898 QuaprOpter
1050 4817 1244 4888 adjecit
1265 4810 1646 4874 Tertullianus,
1666 4805 1810 4878 signa
1831 4802 2063 4859 omnibus
2107 4798 2207 4852 diis

617 4893 868 4996 praeponit
908 4893 1226 4987 ‘(Tertullian
1281 4905 1546 4975 Apologet.
1600 4917 1717 4971 cap.
1769 4896 1858 4964 16,
1897 4913 2018 4969 pag.
2049 4893 2201 4964 368),

618 5011 870 5068 videlicet
899 5000 1190 5060 castrensis
1210 4997 1300 5053 illa
1329 4996 1549 5065 religio;
1583 4991 1706 5062 quia
1728 4989 1924 5044 milites
1952 5001 2035 5053 ea,
2067 5000 2205 5057 que-

616 5099 960 5161 madmodum
989 5092 1204 5158 vexilla,
1235 5087 1426 5159 majori
1474 5085 1620 5141 cultu
1648 5096 1808 5153 quam
1837 5081 1973 5135 alios
2014 5093 2204 5133 omnes

629 5197 760 5252 deos
789 5207 915 5248 suos
942 5185 1352 5243 venerabantur.
1383 5176 1500 5234 Non
1530 5174 1703 5231 deerit
1731 5171 1957 5227 fortasse
1985 5170 2075 5241 qui
2103 5183 2208 5224 ex-

631 5290 834 5346 istimet
881 5285 967 5342 his
1016 5280 1194 5338 verbis
1239 5272 1625 5332 Tertulliauum
1670 5265 2001 5338 signiﬁcasse
2053 5263 2203 5333 signa

619 5379 870 5439 militaria
915 5377 968 5431 in
1009 5371 1248 5430 exercitu
1277 5374 1331 5422 et
1357 5363 1471 5419 acie
1497 5370 1620 5417 ante
1649 5358 1871 5414 deorum
1917 5353 2203 5411 simulacra

621 5483 680 5529 ct
706 5469 964 5541 imagines
1009 5464 1077 5519 ab
1128 5455 1489 5526 antesignanis
1535 5451 1697 5506 fuisse
1724 5448 2060 5518 adsportata;
2093 5445 2188 5501 sed

617 5565 766 5637 prior
795 5572 986 5615 sensus
1032 5552 1190 5609 dictis
1218 5548 1360 5606 illius
1386 5561 1450 5601 ac
1479 5541 1644 5599 menti
1687 5540 1856 5612 magis
1903 5551 2203 5608 congruere

612 5630 845 5712 videtur.
886 5648 945 5705 lu
974 5646 1080 5703 alio
1107 5643 1249 5701 enim
1281 5639 1418 5694 libro
1446 5636 1616 5693 dixit:
1658 5633 1822 5705 Signa
1849 5632 1950 5702 ipsi
1977 5630 2117 5698 Jovi,
2147 5636 2205 5685 et

613 5750 660 5802 si
689 5747 916 5802 deorum
946 5753 1164 5796 suorum
1193 5733 1448 5799 maximo,
1479 5727 1683 5801 prafert
1713 5725 1904 5801 (Idem,
1935 5723 2086 5798 lib..l
2137 5719 2206 5777 ad

614 5835 770 5902 Nan,
804 5849 919 5901 cap.
952 5789 1381 5898 i‘év,_f;ttg.579).
1435 5789 1491 5801 ’⁷
1587 5789 1599 5798 ⁷
1717 5789 1733 5801 “
1892 5789 1900 5790 “
2033 5789 2047 5798 ’

2274 1953 2398 2025 ligni
2425 1942 2640 2015 oblongi
2670 1947 2842 2011 parte,
2872 1941 2928 1989 et
2953 1940 3172 1986 crucum
3204 1917 3426 1975 monilia
3455 1924 3511 1969 ct
3549 1915 3864 1965 ornamenta

3407 2007 3442 2025 ς·
3483 2005 3748 2025 L—_.---_-.
3775 1997 3841 2025 Α..

2272 1997 2460 2106 erant;
2494 1997 2618 2109 qui;
2644 1997 2712 2088 ab
2739 2029 2843 2085 illis
2872 2037 3032 2094 supra
3063 2032 3122 2074 se
3149 2012 3336 2087 positis
3365 2005 3678 2063 velabautur
3692 2011 3750 2054 et
3773 1997 3869 2053 de-

2273 2089 2460 2106 ν.....-,
2499 2089 2583 2109 .,,_
2941 2089 2954 2094 _

2273 2137 2622 2196 corabantur.
2654 2125 2921 2182 Czeterum
2945 2115 3012 2170 de
3042 2110 3125 2166 bis
3153 2104 3402 2162 omnibus
3427 2099 3541 2170 jam
3566 2089 3865 2164 disputavi-

2276 2495 2507 2564 manibus
2534 2496 2790 2571 expansis,
2821 2505 2930 2562 pra:
2961 2501 3021 2541 se
3045 2481 3185 2538 ferre
3205 2473 3382 2532 crucis
3403 2467 3690 2539 imaginem
3715 2457 3867 2531 (Ter-

2279 2563 2393 2657 ina.
2421 2596 2508 2651 lib.
2541 2592 2566 2646 ι
2599 2563 2668 2645 ὶιά
2701 2584 2852 2648 Nat.,
2882 2595 2997 2649 cap.
3031 2574 3120 2640 η,
3149 2587 3268 2642 pag.
3292 2563 3447 2631 578).

2351 2689 2458 2747 Sed
2487 2643 2718 2755 aliquem
2770 2643 2958 2733 audire
3003 2667 3156 2725 nobis
3197 2659 3467 2722 videmur,
3511 2650 3598 2722 qui
3649 2643 3865 2715 objiciet

2278 2785 2547 2842 infirmam
2578 2776 2800 2832 omnino
2837 2780 2959 2824 esse
3004 2762 3144 2817 hanc
3169 2748 3485 2812 Tertulliani
3531 2745 3870 2814 argumenta-

2281 2879 2503 2934 tionem.
2534 2866 2775 2926 Gentiles
2804 2859 2967 2922 euim,
3003 2852 3228 2923 inquiet,
3259 2845 3484 2900 deorum
3534 2847 3756 2891 suorum
3797 2828 3874 2882 si-

2280 2969 2543 3029 mulacra,
2576 2962 2748 3030 signa,
2790 2965 3010 3022 tropaea,
3053 2940 3323 3002 victorias,
3353 2950 3415 2989 ac
3445 2928 3695 3002 quaslibet
3727 2923 3872 2992 ejus-

2281 3059 2428 3118 modi
2455 3037 2556 3110 alia
2585 3013 2894 3109 adorantes,
2927 3013 3061 3096 nibil
3089 3035 3243 3106 plane
3271 3025 3566 3098 cogitabant
3589 3018 3659 3072 dc
3685 3013 3873 3070 cruci-

2281 3156 2402 3218 bus,
2429 3164 2553 3221 quae
2581 3145 2684 3201 illis
2713 3147 2874 3197 erant
2900 3104 3216 3204 suppositae,
3248 3129 3335 3176 aut
3359 3131 3448 3174 eas
3469 3111 3734 3168 volabant.
3769 3104 3875 3160 Ve-

3183 3218 3195 3221 -
3308 3211 3393 3221 ....
3461 3217 3468 3221 .
3729 3198 3833 3221 ,πη

2208 3233 2254 3296 C
2286 3260 2408 3303 rum
2433 3198 2862 3295 animadvertere
2907 3227 2951 3281 is
2970 3198 3144 3279 “debet
3183 3213 3324 3272 haud
3353 3202 3683 3266 Tertulliani,
3729 3198 3870 3253 alio-

2287 3347 2514 3404 rumque
2539 3321 2814 3398 religionis
2837 3314 3147 3374 cbristianas
3173 3305 3518 3363 defensorum
3541 3297 3878 3365 argumenta-

3254 3398 3265 3404 ⁵
3313 3396 3324 3404 ⁸
3563 3401 3599 3404 κ-
3666 3383 3878 3404 κιρ-...ηια-

2295 3383 2511 3404 ’“’·“··“ι”ν
2543 3383 2588 3384 "
2640 3383 2670 3398 υ

2295 3429 2494 3484 tionem
2518 3461 2534 3487 _.
2579 3417 2667 3473 illa
2696 3412 2792 3470 niti
2819 3408 3154 3465 ethnicorum
3183 3396 3457 3469 opinione,
3504 3401 3610 3458 qua
3659 3383 3883 3438 deorum

2291 3529 2510 3576 suorum
2553 3507 2838 3565 simulacra
2865 3509 2919 3556 et
2948 3498 3096 3568 signa
3126 3505 3284 3548 veros
3306 3485 3439 3541 deos
3469 3493 3590 3537 esse
3641 3474 3871 3530 arbitra-

2292 3613 2505 3670 bantur.
2529 3605 2606 3660 Ea
2633 3602 2788 3674 igitur
2821 3604 2950 3659 tota,
2978 3599 3034 3647 et
3057 3599 3245 3645 omnes
3270 3582 3482 3636 illorum
3512 3581 3712 3645 partes,
3740 3579 3872 3637 qua-

2294 3722 2413 3766 rum
2442 3699 2723 3775 prtccipua:
2747 3705 2936 3748 cruces
2975 3691 3147 3746 erant,
3191 3679 3364 3746 reipsa
3395 3668 3711 3726 adorabunt.
3755 3658 3873 3714 Non

3103 3773 3115 3775 “
3217 3770 3226 3775 ‘
3349 3774 3352 3775 ν
3479 3760 3500 3775 ⁸
3593 3772 3636 3775 γλ
3692 3750 3873 3775 Ι--Ι.ἷι.ι

2295 3750 2413 3766 ......
2443 3750 2692 3775 νηητπ

2295 3799 2440 3858 enim
2471 3786 2847 3850 existimabant
2869 3795 2938 3836 ex
2962 3770 3230 3832 simulacri
3249 3774 3452 3823 tantum
3479 3760 3666 3819 forma,
3690 3750 3878 3808 babitu

2297 3911 2352 3958 ct
2395 3896 2670 3969 qualitate,
2704 3887 2798 3943 sed
2827 3901 2894 3940 cx
2921 3881 3036 3951 ejus
3065 3876 3225 3932 etiam
3255 3865 3480 3925 materia
3525 3862 3711 3916 factum
3753 3865 3880 3909 esse

2298 3944 2352 3958 ν*
2399 3944 2670 3969 -ν--νν--πι
2951 3944 2968 3951 -

2298 3991 2479 4056 deum,
2525 3998 2682 4056 quem
2713 3978 2958 4034 solebant
2985 3981 3177 4034 totum,
3203 3961 3559 4028 omnibusque
3579 3953 3688 4008 suis
3713 3944 3884 4019 parti-

2299 4083 2398 4139 bus
2417 4075 2770 4148 compositum
2793 4063 3055 4124 venerari.
3085 4055 3380 4115 Dicendum
3409 4063 3537 4120 ergo
3564 4057 3670 4103 tam
3695 4053 3885 4098 cruces

2301 4175 2433 4232 velis
2463 4182 2519 4228 et
2562 4165 2847 4224 monilibus
2877 4161 3152 4231 signorum
3181 4146 3510 4208 .militariuzu
3554 4133 3882 4207 suppositas,

2301 4283 2459 4342 quam
2488 4263 2621 4318 alias
2649 4255 2958 4317 earumdem
3006 4251 3278 4320 signorum
3326 4246 3526 4311 partes,
3579 4232 3645 4287 de
3696 4225 3891 4299 quibus

3263 4336 3275 4342 ‘
3337 4333 3350 4342 “
3446 4338 3455 4342 Α
3572 4325 3585 4342 ¹
3650 4324 3712 4342 Ξε-
3761 4316 3857 4342 -ΑΙΞ

2301 4316 2528 4419 fortasse
2559 4366 2670 4412 tum
2717 4351 2848 4408 nihil
2876 4316 3132 4416 expresse
3161 4333 3482 4408 cogitabant,
3536 4325 3606 4382 ab
3649 4324 3714 4378 iis
3761 4316 3892 4374 reli-

2302 4458 2455 4530 gioso
2484 4452 2629 4510 cultu
2656 4449 2965 4504 honoratas.

2894 4573 3122 4635 CAPUT
3161 4569 3307 4628 XXI.

2310 4707 2391 4764 De
2427 4707 2561 4763 lazsw
2598 4697 2877 4772 maiestatis
2912 4694 3150 4747 humanae
3173 4681 3490 4745 criminibus,
3526 4688 3741 4750 quorum
3769 4685 3887 4727 reos

2417 4812 2565 4868 agere
2594 4767 2909 4848 Christianos
2939 4781 3122 4838 ethnici
3162 4789 3429 4849 perperam
3453 4767 3792 4825 conabuntur.
3894 4790 3908 4832 ε

2838 4908 3126 4956 Ακτιευιῠε
3153 4904 3366 4947 Ριιιιωε.

2315 5030 2479 5098 Quam
2509 5023 2769 5082 evidentur
2794 5013 3144 5073 Tertullianus
3162 5003 3394 5063 ostendat
3425 4999 3742 5056 Christianos
3770 4994 3912 5049 ιωω

2387 5118 2663 5193 majestatis
2691 5116 2926 5169 humana:
2950 5104 3201 5162 immerito
3230 5096 3483 5163 accusari,
3518 5094 3606 5164 qui
3633 5101 3736 5146 toto
3757 5104 3908 5142 men-

2388 5217 2451 5271 tis
2498 5211 2686 5280 alfectu
2724 5223 2826 5263 non
2859 5203 3016 5275 falsos
3046 5200 3187 5263 deos,
3233 5193 3323 5249 sed
3359 5204 3531 5246 verum
3581 5194 3629 5240 et
3669 5182 3914 5270 omnipo:

2388 5251 2451 5271 ι..
2498 5251 2686 5280 an“...
2724 5251 2826 5263 ..-η
2859 5251 3013 5275 ﬁ---
3174 5251 3187 5263 ,

2387 5318 2570 5366 tentem
2611 5305 2772 5359 Deum
2798 5298 3012 5355 orabant
3037 5308 3130 5364 pro
3156 5289 3320 5344 salute
3345 5268 3702 5354 imperatoris,
3732 5251 3920 5330 illius:

2386 5418 2482 5474 que
2509 5395 2861 5469 prosperitate,
2880 5397 2926 5444 et
2961 5382 3290 5441 diuturnitate
3313 5373 3513 5431 romani
3532 5367 3750 5442 imperii,
3773 5365 3918 5438 quod

2391 5461 2732 5550 I'ert'ullia'nus
2758 5495 2805 5541 et
2832 5481 2924 5537 alii
2953 5479 3124 5551 plures
3151 5489 3270 5529 cum
3295 5478 3402 5526 toto
3429 5463 3620 5521 mundo
3645 5461 3800 5532 ﬁnem
3818 5473 3924 5511 ac-

2387 5577 3037 5659 cepturumppinabantur.

2384 5723 2575 5783 Omnia
2617 5720 2876 5776 hactenus
2903 5709 3279 5784 exposuimus,
3306 5713 3466 5776 atque
3493 5693 3916 5772 explanavimus

2313 5822 2650 5891 argumenta,
2695 5809 2890 5882 quibus
2925 5783 3289 5862 Tertullianus
3332 5790 3754 5854 luculentissima
3805 5783 3910 5860 de-
