4212 6262
421 273 560 335 to“
1498 252 1948 331 msssn'rarto
2009 272 2075 328 υ.
2143 272 2231 328 LE
2287 273 2596 331 uounnv.
3347 273 3350 275 ·
3590 278 3732 335 1042

421 401 690 448 monstrat
709 391 1042 448 Christianos
1069 391 1201 447 false
1232 391 1453 446 omnino
1479 398 1534 444 et
1562 389 2025 459 impudentissime
2050 388 2106 449 Α
2200 387 2310 444 Nec
2331 391 2659 461 respondere
2678 391 2924 462 p'uterant
2953 391 3151 448 ethnici
3169 392 3300 448 falsa
3336 408 3460 452 esse
3486 410 3548 452 ac
3568 411 3722 452 men-

423 485 494 540 ab
536 485 766 541 ethnicis
812 485 950 539 ιωεω
981 484 1212 540 incusari
1243 483 1440 538 divincc
1492 483 1815 556 majestqtis,
1868 483 2020 554 cujus
2128 481 2278 537 dacia
2303 483 2416 537 haec
2433 482 2862 538 Christianorum
2893 497 2991 552 pro
3015 484 3183 540 salute
3211 486 3551 554 imperatoris
3569 497 3716 556 vota,

422 575 501 632 illi
530 577 743 647 ipsimet
769 587 1111 632 accusatores
1140 577 1324 631 multis
1351 576 1656 632 nominibus
1686 577 1759 632 rei
1794 592 2016 647 prorsus
2122 584 2214 628 aut
2241 573 2456 630 fallaces
2485 575 2702 630 illorum
2735 590 2944 646 preces,
2989 576 3078 646 qui
3115 591 3184 632 ne
3212 576 3422 634 debitos
3450 581 3718 636 cruciatus

416 677 592 722 erant.
623 669 740 724 lam
788 668 969 737 itaque
996 670 1411 723 examinandum
1461 678 1545 724 est.
1573 669 1766 739 quibus
1804 670 1893 725 ille
1930 686 2014 724 ra-
2119 667 2512 736 experirentur,
2546 683 2638 724 eas
2667 683 2763 724 ore
2791 679 2944 724 tenus
2967 667 3282 724 fundebant.
3318 670 3453 725 Nam
3485 672 3586 727 hac
3618 672 3706 728 fu-

413 761 618 818 tionuin
651 763 962 832 momentis,
995 765 1263 832 similique
1294 765 1454 820 modo
1490 767 1738 821 ostendat
1766 767 1938 822 ethnic

2120 759 2197 814 tili
2231 761 2580 830 responsione
2625 761 2846 829 ethnici,
2875 761 2952 816 uti
2984 762 3056 816 ait
3081 761 3465 830 Tertullianus,
3514 779 3708 822 conce-

395 852 550 908 latsa:
574 853 822 910 bumanre
850 857 1142 925 majestatis
1163 872 1282 912 esse
1311 873 1497 914 revera
1520 861 1788 926 conscios,
1816 869 1938 916 tamt

2112 850 2312 907 dehant
2335 851 2674 908 Christianos
2727 854 2840 909 Deo
2869 868 2968 909 suo
2998 869 3095 924 pro
3123 855 3296 911 salute
3322 857 3706 928 imperatorum

403 943 446 996 si
476 958 683 1000 summa
712 945 893 1002 adhuc
937 947 1238 1004 temeritate
1267 948 1606 1005 Christianos
1636 950 1794 1022 hujus
1823 954 1935 1008 crin

2113 956 2302 1013 preces
2330 960 2516 1000 revera
2547 944 2751 1000 fudisse
2782 943 2974 1017 (Idem,
3003 946 3295 1018 Apologet.,
3317 964 3436 1018 cap.
3462 949 3552 1015 5i,
3579 966 3703 1019 pag.

400 1036 484 1091 nis
532 1036 844 1094 insimulare
887 1055 990 1094 non
1020 1051 1350 1096 vererentur.
1398 1041 1530 1096 Nam
1577 1053 1635 1098 ut
1673 1044 1793 1114 ejus
1823 1047 1934 1100 verl

2106 1033 2260 1104 446).
2282 1034 2412 1101 Quis
2440 1044 2616 1090 autem
2650 1051 2882 1106 unquam
2912 1037 3218 1106 probaverit
3247 1037 3368 1094 illas
3394 1053 3501 1093 non
3528 1054 3593 1095 ex
3621 1040 3704 1094 in-

397 1136 646 1186 utantttr:
682 1129 892 1184 Ventum
923 1140 995 1185 est
1025 1132 1093 1185 ad
1120 1132 1398 1186 secundum
1419 1135 1617 1188 titulum
1647 1135 1785 1190 ltvsce
1809 1153 1938 1206 augu

2107 1125 2237 1180 timo
2289 1127 2468 1182 cordis
2511 1143 2697 1193 sensu,
2745 1129 2840 1185 sed
2897 1145 2993 1185 ore
3040 1139 3244 1186 tantum
3285 1131 3590 1202 profectas?
3631 1137 3702 1190 At

395 1220 536 1274 tiaris
566 1223 846 1291 majestatis
863 1221 1194 1290 (Tertullian.
1215 1225 1478 1295 Apologer,
1498 1242 1613 1297 cap.
1634 1226 1727 1294 28,
1769 1246 1822 1298 ρ,
1842 1228 1990 1299 456),
2099 1221 2340 1276 sinceras
2361 1223 2583 1277 omnino
2604 1222 2766 1278 fuisse
2794 1222 2918 1278 hinc
2939 1223 3028 1278 ille
3054 1224 3212 1294 plane
3231 1225 3522 1294 convincit,
3549 1227 3694 1298 quod

391 1312 637 1369 videlicet
681 1315 1090 1387 imperaturum.
1122 1319 1413 1391 Augttstiur
1441 1330 1619 1374 autem
1651 1336 1844 1384 eorum,
1871 1338 1938 1375 in:

2097 1313 2153 1368 in
2174 1315 2361 1381 sacris,
2390 1330 2523 1386 quas
2553 1315 2786 1370 ethnicis
2816 1316 2948 1384 ipsis
2974 1331 3080 1370 non
3121 1331 3242 1372 esse
3281 1317 3576 1388 incognitas
3605 1334 3696 1374 os-

382 1403 555 1473 jestas
587 1406 788 1463 idcirco
821 1420 1078 1476 vocatur,
1111 1411 1232 1480 quia
1274 1412 1501 1481 gentiles
1533 1413 1872 1482 imperatoris
1913 1413 1991 1468 vi-
2097 1406 2384 1470 tendimus,
2418 1408 2620 1463 nostris
2651 1407 2946 1477 Scripturis
2978 1409 3321 1479 praecipiatur
3365 1411 3588 1481 singulis
3632 1421 3688 1466 et

386 1497 560 1553 Ventis
591 1498 748 1570 longe
781 1502 969 1571 magis,
999 1517 1157 1572 quam
1185 1502 1354 1568 Jovis,
1381 1505 1721 1574 aliorumque
1750 1517 1987 1561 mortuo—
2091 1499 2344 1554 omnibus
2371 1498 2694 1555 Christianis
2725 1518 2735 1552 :
2766 1500 2848 1554 Αιι
2879 1501 3293 1568 redundantiam,
3326 1503 3516 1572 inquit,
3535 1503 3686 1559 bene-

390 1601 507 1640 rum
536 1588 757 1645 deorum
787 1593 1147 1658 maiestatem,
1179 1603 1234 1648 ut
1266 1595 1420 1664 paulo
1449 1604 1566 1672 νοξι
1591 1595 1851 1664 dicemus,
1886 1597 1982 1652 ιω-
2090 1591 2319 1662 gnitatis,
2348 1592 2500 1645 etiam
2525 1609 2617 1662 pro
2646 1591 2864 1646 inimicis
2902 1589 3065 1646 Deum
3103 1609 3271 1658 orare,
3311 1603 3356 1647 et
3395 1605 3682 1663 persecuto-

397 1677 525 1736 derc
565 1681 1004 1739 reformidabant.
1038 1689 1106 1739 At
1134 1685 1424 1742 Christiani
1455 1689 1837 1758 imperatorem
1878 1692 1938 1748 de

2086 1685 2228 1738 ribus
2251 1685 2356 1738 suis
2384 1684 2516 1739 bona
2547 1684 2743 1754 precari
2771 1683 2979 1756 (Ibid).
3002 1683 3133 1752 Quis
3179 1695 3358 1740 autem
3403 1703 3510 1741 non
3540 1685 3684 1743 videt

386 1769 493 1824 bita
523 1778 819 1829 reverentia
849 1777 1109 1843 colentes,
1141 1794 1238 1847 pro
1274 1779 1418 1835 illius
1453 1781 1642 1845 salute,
1687 1799 1790 1838 non
1828 1800 1938 1840 mor

2046 1784 2055 1837 ι
2088 1773 2169 1829 his
2197 1776 2378 1832 verbis
2406 1777 2476 1830 ab
2503 1776 2594 1832 illo
2621 1777 2888 1847 designari
2920 1776 3049 1830 illud
3081 1775 3277 1830 Christi
3306 1787 3672 1848 praeceptum:

387 1869 508 1916 tuus
536 1865 854 1936 tictitiosque
875 1867 1005 1923 deos
1029 1871 1354 1938 precnbautu
1367 1889 1414 1940 r,
1437 1874 1530 1929 sed
1557 1891 1742 1931 verum
1766 1876 1974 1934 vivum-

369 1967 474 2022 que
498 1955 691 2024 Deum,
717 1973 748 2012 a
779 1975 885 2030 quo
912 1961 1068 2017 iidem
1099 1960 1452 2034 imperatores
1475 1983 1781 2040 supremam
1806 1984 1858 2029 et
1878 1989 1968 2030 se-

372 2044 600 2100 cundam
626 2048 696 2103 ab
723 2049 818 2104 illo
843 2062 1184 2122 potestatem,
1215 2057 1348 2113 lucis
1377 2076 1614 2129 usuram,
1638 2074 1691 2119 et
1711 2065 1967 2137 quidquid

367 2135 467 2204 ipsi
489 2147 665 2231 erant,
693 2142 870 2212 reipsa
896 2159 1217 2216 acceperant
1245 2149 1431 2221 (lbid.,
1460 2169 1575 2224 cap.
1611 2156 1699 2222 30,
1728 2135 1778 2226 p.
1812 2135 1959 2231 tit).

440 2229 520 2282 Ab
547 2229 650 2286 hoc
673 2233 816 2288 enim
845 2237 964 2292 solo
991 2242 1471 2313 omnipotenteque
1500 2247 1608 2302 Deo
1634 2229 1960 2318 quotidianis

365 2316 653 2399 Christiani
682 2329 928 2396 precibus
953 2331 1313 2403 efﬂagitabant
1338 2339 1490 2390 vitam
1517 2316 1829 2398 eoruntdcm
1860 2345 1960 2400 im-

363 2424 625 2481 ratorum,
661 2420 732 2474 uti
760 2423 834 2475 ait
859 2422 1242 2492 Tertullianus,
1273 2432 1550 2498 prolixam,
1583 2434 1852 2503 imperium
1879 2454 1956 2492 se-

358 2509 769 2573 curum,domum
797 2523 976 2580 tutam,
1001 2519 1248 2571 exercitus
1268 2523 1444 2589 fortes,
1468 2533 1698 2578 senatum
1729 2527 1949 2593 ﬁdelem,

359 2599 604 2665 populant
645 2603 878 2670 probum,
923 2607 1166 2675 quietum,
1192 2620 1238 2662 et
1267 2626 1596 2684 quaecumque
1643 2617 1864 2674 hominis
1907 2632 1954 2676 et

359 2687 574 2744 (Σίπτη-ξε
601 2702 717 2746 vota
754 2705 870 2748 sunt
898 2695 1117 2770 (Ibid.);
1148 2697 1252 2754 hoc
1277 2711 1379 2769 est,
1401 2719 1753 2780 quaecumque
1779 2711 1948 2782 impe-

357 2791 564 2838 ratores
590 2799 688 2854 pro
710 2787 914 2854 privata
943 2805 1038 2844 sua
1061 2791 1186 2857 vita,
1219 2803 1272 2848 et
1294 2795 1554 2864 imperiali
1575 2801 1832 2870 dignitate
1857 2819 1949 2874 po-

357 2881 530 2930 terant
575 2879 867 2934 secundum
899 2883 1166 2952 aequitatis
1195 2896 1248 2940 et
1273 2887 1496 2956 justitiae
1541 2891 1686 2962 leges
1725 2906 1932 2966 optare.

355 2965 465 3021 Nec
493 2970 670 3026 minus
699 2986 1073 3033 asseveranter
1102 2979 1205 3034 hoc
1245 2985 1601 3050 praedicarunt
1631 2989 1724 3044 alii
1753 2965 1934 3048 eximii

350 3059 656 3118 christiaute
696 3066 970 3138 religionis
1009 3071 1363 3135 defensores:
1403 3085 1518 3134 Θεὸν
1548 3091 1634 3148 μὲν
1656 3088 1813 3151 μόνον,
1862 3085 1943 3140 iu-

2081 1866 2310 1921 Audistis
2334 1867 2452 1938 quia
2472 1869 2660 1922 dictant
2681 1878 2749 1922 est
2772 1866 2998 1938 :Diliges
3019 1869 3307 1937 proximum
3325 1877 3466 1922 tuum
3493 1881 3539 1924 et
3556 1871 3673 1925 odio

2078 1957 2280 2012 habebis
2291 1959 2550 2012 inimicum
2563 1969 2728 2026 tuum;
2751 1975 2841 2030 ego
2865 1968 3032 2012 autent
3049 1959 3163 2012 dico
3180 1957 3555 2030 vobis:Diligite
3567 1961 3667 2015 ini-

2074 2049 2230 2104 micos
2242 2059 2449 2116 vestros,
2471 2051 2745 2120 benefacite
2771 2051 2848 2106 his
2871 2050 2958 2118 qui
2986 2051 3199 2125 oderunt
3226 2060 3385 2118 vos,et
3407 2061 3549 2106 orate
3575 2070 3668 2122 pro

2071 2142 2485 2212 persequentibus
2503 2151 2550 2195 et
2568 2142 2994 2196 calumniantibus
3015 2158 3100 2196 vos
3130 2139 3343 2212 (Matth.
3381 2140 3500 2208 c.V,
3524 2157 3574 2196 υ.
3603 2143 3674 2199 45

2067 2243 2114 2286 et
2132 2234 2292 2302 seqq).
2317 2232 2564 2287 Christus
2591 2233 2734 2288 enim
2764 2232 2848 2288 his
2877 2233 3057 2288 verbis
3092 2233 3245 2302 jubet
3285 2243 3342 2287 ut
3378 2233 3664 2289 Christiani

2066 2324 2312 2379 inimicos
2332 2339 2459 2379 suos
2482 2340 2586 2378 non
2608 2324 2858 2394 amplius,
2892 2323 3238 2390 sicutludwi,
3261 2322 3385 2380 odio
3407 2311 3659 2389 habeant,

2061 2416 2156 2472 sed
2183 2418 2250 2469 ad
2289 2416 2681 2471 redundantiam
2710 2415 3033 2486 benignitatis
3059 2413 3364 2470 christiana:
3399 2414 3518 2470 illos
3530 2414 3654 2470 dili-

2058 2519 2206 2580 gant,
2237 2509 2344 2564 illis
2366 2509 2700 2565 benefaciant
2723 2550 2739 2576 ,
2779 2524 2875 2579 pro
2907 2508 3348 2578 persequentibus
3372 2516 3427 2562 et
3454 2507 3655 2563 calum-

2059 2605 2330 2661 niantibus
2349 2604 2539 2662 intitno
2557 2605 2876 2675 sinceroque
2893 2603 3072 2659 cordis
3089 2603 3282 2658 affectu
3330 2602 3496 2658 Deum
3528 2617 3655 2672 pre-

2055 2709 2264 2754 centur.
3711 2769 3715 2774 ,

2127 2793 2194 2843 At
2211 2791 2300 2859 qui
2321 2794 2503 2862 niagis,
2525 2807 2605 2861 pet
2619 2793 2694 2862 git
2716 2791 3027 2856 ille,iuimici
3043 2799 3097 2846 et
3108 2798 3482 2862 persecutores
3495 2787 3650 2844 Chri-

2051 2881 2524 2952 stianorum,quam
2547 2880 2982 2953 itnpcratores,de
2992 2899 3206 2953 quorum
3225 2882 3350 2936 laesa
3365 2883 3648 2952 majestate

2023 3017 2026 3020 .
2052 2976 2402 3030 convenimur
2436 2979 2488 3032 in
2517 2977 2728 3040 crimen,
2753 2975 2804 3030 id
2826 2988 2908 3032 est
2928 2990 3243 3031 accusantur
3264 2971 3639 3047 (Tertull.,loc.

2050 3066 2192 3138 cit.)?
2209 3069 2350 3123 Alibi
2363 3085 2489 3124 vero
2507 3085 2606 3125 nec
2629 3071 2792 3123 semei
2818 3069 2918 3123 huc
2947 3069 3109 3124 verbo
3135 3065 3640 3156 utitur(lbid.,c.'55,

349 3155 568 3223 quiehat
609 3157 850 3217 Justinus
893 3175 1127 3238 martyr,
1171 3179 1546 3241 προσκυνοῦμεν,
1591 3182 1700 3245 ὑμῖν
1744 3184 1794 3233 δὲ
1829 3193 1938 3252 πρὸς

2051 3174 2534 3244 ⁴ρ.4νῦέι).5υι)εξι·ἱιιε
2560 3175 2757 3247 quippe
2785 3175 3012 3240 dixerat,
3041 3177 3292 3245 sacrilegii
3304 3185 3347 3228 et
3364 3155 3641 3242 majestatis

347 3253 414 3300 τὰ
441 3254 560 3303 ἄλλα.
586 3263 821 3324 χαίροντες
852 3262 1187 3328 ὑπηρετοῦμιν,
1214 3269 1433 3332 βασιλεῖς
1467 3271 1549 3320 καὶ
1589 3276 1819 3341 ἄρχοντας
1857 3279 1944 3328 ἀν-

348 3345 538 3408 θρώπων
589 3349 933 3418 ὁμολογοῦντες,
981 3354 1064 3403 ιιιὶ
1105 3356 1347 3422 εὖχομίνοι
1384 3363 1512 3423 μετὰ.
1549 3377 1635 3422 τίς
1681 3376 1943 3434 βασιλικῆς

347 3435 600 3524 δυνέμεως,
629 3447 712 3491 uti
739 3448 948 3511 σὼῖρρονι
971 3453 1054 3497 τὸν
1078 3454 1298 3516 λογισμὸν
1322 3457 1514 3518 ἔχοντας
1545 3458 1804 3524 suited-aut.
1835 3463 1937 3518 So-

349 3523 457 3576 lum
499 3525 658 3580 Deum
695 3530 992 3598 adoramus,
1039 3546 1085 3590 et
1121 3538 1257 3594 vobis
1297 3541 1348 3594 in
1391 3545 1540 3599 rebus
1578 3547 1694 3603 aliis
1726 3551 1936 3607 inservi-

350 3633 482 3684 mus,
511 3620 838 3690 imperatores
866 3643 926 3680 ac
978 3630 1231 3699 principes
1262 3632 1523 3690 hominum
1553 3656 1659 3693 esse
1688 3645 1938 3711 profiten-

352 3719 446 3776 tes,
480 3723 526 3767 et
555 3716 707 3770 simul
733 3730 1012 3788 precantes,
1058 3734 1112 3776 ut
1141 3741 1256 3778 cum
1296 3729 1550 3799 imperiali
1577 3746 1821 3804 potestate
1847 3757 1934 3794 sa-

343 3821 459 3858 nam
487 3817 699 3862 mentem
725 3812 948 3868 obtinere
972 3819 1353 3887 comperiann'ni
1383 3823 1601 3894 (Justin.
1628 3828 1843 3902 Apolog.
1869 3834 1937 3887 ad

342 3899 532 3997 Anton.
565 3920 684 3974 pug.
716 3904 829 3975 (id).
875 3907 1244 3982 Athenagoras
1277 3931 1406 3971 vero
1451 3919 1501 3974 iu
1536 3921 1642 3977 line
1675 3899 1808 3980 suae
1837 3943 1934 3997 pro

340 3992 654 4052 Christianis
675 3999 955 4070 legationis
978 4005 1146 4074 palam
1171 4007 1406 4064 declarat
1429 4015 1648 4071 eosdem
1670 3992 1931 4076 Christia-

341 4099 439 4185 nos
471 4089 634 4146 Deum
663 4102 912 4162 precatos
935 4111 1055 4151 esse
1083 4114 1178 4168 pro
1204 4101 1427 4170 Augusti
1470 4107 1712 4178 imperio,
1762 4124 1926 4185 utque

340 4177 469 4233 illud
517 4184 684 4254 magis
714 4201 776 4240 ac
808 4187 976 4257 magis
1007 4199 1282 4260 augeatur,
1333 4197 1515 4252 omnia
1547 4177 1636 4254 illi
1681 4177 1932 4263 eveniant

344 4285 410 4325 ex
449 4274 610 4331 animi
656 4281 942 4348 sententia,
971 4297 1032 4336 ac
1059 4283 1200 4339 illius
1228 4285 1344 4356 ejus
1394 4299 1448 4343 et
1495 4289 1669 4348 haeres
1717 4296 1786 4367 in:
1812 4297 1930 4367 ejus

337 4365 589 4422 succedat
604 4368 776 4426 locum
799 4373 1094 4446 (Athenag.,
1113 4375 1290 4447 Legat.
1313 4396 1404 4448 pro
1420 4380 1692 4438 Christian.
1705 4429 1718 4454 ,
1735 4365 1788 4456 ρ.
1808 4365 1925 4460 till).

337 4454 443 4510 Sed
473 4457 595 4514 haec
619 4476 738 4531 quat
766 4465 1019 4522 omnibus
1046 4467 1176 4523 satis
1205 4480 1328 4524 nota
1358 4484 1503 4539 sunt,
1536 4474 1702 4532 fusius
1733 4454 1924 4549 prose-

2049 3269 2122 3320 rei
2148 3269 2489 3321 convenimur.
2522 3267 2665 3322 Infra
2691 3279 2868 3322 autem
2896 3286 2909 3320 :
2942 3267 3017 3321 De
3042 3267 3296 3330 secunda,
3323 3277 3440 3335 post
3471 3264 3635 3320 Deum

2047 3358 2270 3424 scilicet,
2291 3359 2588 3428 majestate,
2608 3361 2659 3413 in
2675 3360 2950 3414 secundum
2960 3359 3636 3431 sacrilegiamjconuenimur.

2045 3452 2200 3521 Quod
2226 3452 2729 3522 jurisconsultorum
2757 3464 2838 3508 est
2866 3454 3110 3517 verbum,
3133 3470 3239 3522 quo
3263 3451 3400 3505 idem
3425 3449 3626 3518 signiti-

2043 3552 2216 3611 catur,
2247 3551 2406 3612 atque
2435 3545 2487 3598 in
2509 3544 2598 3614 jus
2627 3545 2826 3600 vocari.
2859 3545 2984 3599 Lata
3027 3545 3187 3615 igitur
3215 3561 3245 3599 a
3276 3544 3493 3600 Christo
3517 3543 3636 3614 lege

2043 3637 2331 3694 Christiani
2363 3638 2680 3693 tenebantur
2704 3654 2802 3708 pro
2832 3639 3269 3708 imperatoribus,
3294 3634 3624 3706 quantumli-

2041 3731 2131 3785 bet
2154 3731 2403 3798 inimicis,
2448 3747 2512 3787 ac
2544 3732 2974 3802 persecutoribus
3002 3733 3134 3796 suis,
3169 3731 3489 3800 illorumquc
3528 3743 3626 3784 sa-

2042 3823 2150 3878 lute
2182 3825 2290 3878 Deo
2310 3825 2628 3894 supplicare.

2110 3913 2248 3981 Quid
2272 3931 2417 3979 vero,
2439 3914 2582 3986 quod
2604 3915 2887 3970 Christiani
2913 3916 3021 3970 alia
3052 3916 3225 3972 adhuc
3241 3916 3362 3969 data
3385 3915 3454 3968 ab
3485 3917 3631 3984 Apo-

2039 4007 2182 4062 stolo
2212 4007 2348 4076 lege,
2382 4007 2549 4063 Deum
2581 4025 2773 4080 rogare
2797 4008 3065 4062 debebant
3092 4007 3391 4060 nominatim
3421 4021 3513 4074 pro
3540 4022 3626 4059 re-

2036 4101 2181 4172 gibus
2207 4110 2252 4154 et
2280 4118 2372 4169 pro
2401 4101 2736 4171 principibus.
2759 4111 2804 4154 et
2828 4100 3177 4171 potestatibus,
3205 4106 3258 4150 ut
3287 4097 3458 4150 omnia
3488 4106 3632 4150 tran-

2034 4194 2195 4263 quilla
2220 4195 2321 4247 sint
2353 4191 2515 4262 (Ibid.
2544 4208 2660 4261 cap.
2687 4193 2779 4256 51,
2808 4208 2928 4260 pag.
2958 4187 3108 4256 446).
3138 4187 3327 4242 Paucis
3348 4196 3526 4244 autem
3550 4187 3622 4243 ibi

2035 4286 2234 4350 verbis,
2263 4300 2324 4339 ac
2350 4287 2511 4339 tacito
2537 4283 2777 4353 ejusdem
2808 4280 2956 4334 Pauli
2987 4280 3222 4344 nomine,
3259 4295 3322 4334 ea
3347 4279 3622 4349 complec‘

2035 4378 2184 4441 titur,
2211 4393 2330 4447 qua:
2357 4377 2424 4430 ab
2456 4377 2544 4431 illo
2570 4375 2634 4428 ad
2666 4373 3003 4428 Timotheum
3033 4374 3110 4429 sic
3135 4373 3353 4443 scripta,
3385 4385 3437 4429 et
3461 4389 3490 4426 a
3520 4389 3622 4429 no-

2036 4471 2116 4526 bis
2155 4471 2264 4540 jam
2293 4472 2451 4525 citata
2481 4478 2606 4524 sunt
2634 4469 2843 4540 (Supr.,
2868 4486 2985 4540 cap.
3034 4467 3123 4537 19.,
3155 4477 3256 4522 art.
3287 4469 3364 4540 1).
3408 4468 3628 4524 Obsecro

336 4546 428 4616 qui
473 4548 603 4604 nihil
650 4568 873 4612 necesse
899 4566 1002 4613 est.
1047 4558 1381 4616 Manifestum
1425 4580 1638 4637 quoque
1667 4546 1917 4632 omnibus
1950 4556 2007 4618 Ι)
2033 4565 2254 4636 primum
2274 4563 2499 4616 atnnium
2531 4562 2640 4630 fieri
2669 4561 3051 4626 obsecrationes,
3079 4560 3360 4632 gratiarum
3389 4565 3619 4622 actiones

337 4637 784 4716 feeinms(Supr.,
824 4666 873 4704 c.
927 4651 1014 4717 14,
1042 4662 1142 4706 art.
1161 4653 1219 4725 5)
1240 4669 1397 4725 quam
1416 4659 1626 4716 sincero
1643 4666 1929 4723 mentisaf-

334 4729 494 4799 f-ctu,
525 4750 682 4804 quam
712 4738 995 4798 innocente
1022 4745 1218 4813 anima,
1245 4762 1404 4817 quam
1433 4748 1688 4808 humiliet
1715 4756 1928 4825 ahjeCto

333 4826 576 4918 corporis
604 4839 750 4884 motu
781 4831 893 4888 haec
921 4833 1054 4889 fusis
1078 4847 1128 4891 et
1147 4840 1386 4908 privatis,
1406 4850 1459 4896 et
1492 4843 1719 4911 publicis
1751 4849 1926 4918 preci-

333 4910 432 4966 bus
479 4916 546 4968 ab
578 4921 945 4990 omnipotente
991 4924 1102 4978 Deo
1134 4943 1232 4981 suo
1280 4910 1566 5000 impetrare
1607 4910 1922 4997 niterentur.

330 5003 692 5102 Quamobrem
722 5014 851 5069 nihil
881 5017 1108 5086 amplius
1134 5020 1466 5092 adjiciemns,
1500 5028 1599 5083 nisi
1649 5034 1792 5102 quod
1837 5035 1928 5092 ille

331 5099 395 5162 ad
425 5100 708 5172 SCaPnIani
728 5105 998 5163 ethnicum
1030 5112 1310 5178 praesident
1336 5117 1589 5187 scripsit:
1621 5099 1846 5180 Colimus
1883 5137 1933 5181 et

333 5191 687 5262 imperatorem
713 5198 805 5261 sic,
832 5203 1084 5269 quomodo
1106 5214 1151 5257 et
1174 5205 1314 5259 nobis
1334 5207 1470 5274 licet,
1501 5221 1548 5264 et
1573 5213 1673 5281 ipsi
1702 5218 1922 5285 expedit,

335 5292 390 5337 ut
420 5285 672 5340 hominem
717 5306 746 5340 a
776 5288 905 5356 Deo,
950 5297 1317 5352 secundum...
1363 5297 1547 5370 Itaque
1579 5308 1927 5374 sacriﬁcamus

329 5391 423 5442 pro
470 5378 636 5432 salute
666 5380 1006 5451 imperatoris,
1039 5387 1128 5440 sed
1157 5388 1264 5442 Deo
1305 5400 1479 5444 nostro
1521 5404 1569 5447 et
1616 5397 1796 5466 ipsius,
1837 5402 1927 5455 sed

326 5471 577 5562 quomodo
617 5474 857 5544 prtecepit
887 5473 1048 5543 Deus,
1090 5496 1220 5544 pura
1267 5497 1433 5550 prece.
1484 5482 1605 5539 Non
1646 5490 1775 5542 enim
1818 5501 1928 5562 eget

329 5555 488 5626 Deus,
518 5563 749 5616 conditor
775 5567 1134 5634 universitatis,
1163 5571 1335 5627 odoris
1365 5584 1452 5628 aut
1477 5579 1739 5646 sanguinis
1767 5555 1927 5637 alicu-

321 5651 430 5744 jus.
469 5653 589 5710 Hac
616 5660 748 5712 enim
772 5651 1141 5721 daemoniorum
1172 5669 1361 5738 pabula
1391 5681 1508 5726 sunt
1533 5672 1800 5744 (Tertull.,
1833 5677 1922 5732 lib.

327 5739 397 5796 ad
424 5744 633 5818 Srapul.
669 5767 785 5819 cap.
810 5752 889 5823 2).

2035 4672 2128 4726 pro
2158 4655 2389 4708 omnibus
2417 4653 2723 4718 hominibus,
2752 4670 2844 4724 pro
2866 4653 3084 4724 regibus,
3116 4662 3163 4707 et
3203 4655 3434 4709 omnibus
3447 4657 3532 4726 qui
3569 4657 3626 4712 in

2031 4746 2339 4802 sublimitate
2366 4756 2518 4810 sunt;
2548 4757 2601 4800 ut
2632 4747 2850 4816 quietam
2873 4755 2920 4800 et
2959 4746 3290 4815 tranquillant
3316 4747 3469 4800 vitam
3495 4765 3630 4818 aga-

2032 4858 2144 4897 mus
2188 4843 2240 4895 in
2278 4842 2414 4895 omni
2458 4841 2640 4912 pietate
2689 4849 2735 4895 et
2775 4840 3002 4894 castitate
3059 4839 3237 4911 (Paul.
3296 4839 3466 4912 Epist.
3514 4839 3631 4894 lad

2032 4937 2282 5001 Timoth.,
2316 4954 2431 5009 cap.
2457 4935 2520 5004 ll,
2556 4952 2603 4991 v.
2641 4939 2656 4990 l
2695 4945 2740 4990 et
2755 4935 2884 5007 seq.)

2107 5029 2224 5084 Non
2267 5029 2378 5084 sola
2421 5039 2599 5084 autem
2645 5028 2938 5098 Scriptura;
2982 5043 3150 5084 sacrae
3197 5029 3535 5093 auctoritate,
3575 5034 3632 5082 et

2036 5123 2143 5177 lata
2173 5124 2492 5178 Christianis
2519 5124 2658 5191 lege,
2689 5122 2741 5177 id
2788 5125 2980 5191 probat
3008 5122 3390 5188 Tertullianus;
3413 5120 3506 5176 sed
3532 5121 3631 5176 hac

2035 5216 2195 5271 etiam
2242 5215 2470 5278 ratione,
2519 5223 2704 5269 contra
2753 5230 2910 5284 quam
2961 5231 3120 5270 nemo
3148 5230 3277 5270 sane
3319 5231 3385 5270 ne
3436 5214 3630 5270 mutire

2034 5307 2250 5378 quidem
2286 5316 2535 5376 poterat:
2570 5306 2700 5359 Cum
2746 5308 3051 5371 concutitur,
3103 5308 3293 5377 inquit,
3337 5307 3630 5377 imperium,

2034 5400 2290 5454 concussis
2336 5402 2484 5452 etiam
2526 5399 2719 5453 cwteris
2759 5401 2994 5454 membris
3032 5403 3164 5467 eius,
3214 5408 3382 5468 utique
3430 5413 3476 5455 et
3516 5418 3628 5467 nos,

2033 5490 2147 5544 licet
2174 5490 2399 5544 extranei
2427 5508 2457 5542 a
2488 5491 2648 5542 turbis
2673 5492 2998 5556 a'stimemur,
3028 5491 3080 5544 in
3123 5492 3196 5544 ali
3211 5512 3309 5561 quo
3337 5498 3445 5550 loco
3486 5509 3635 5548 casus

2039 5581 2666 5653 invenimur(Tertullum.
2698 5583 3092 5655 ApologetJoc.
3129 5586 3264 5654 cit.).
3298 5586 3366 5642 At
3393 5588 3464 5642 ibi
3501 5601 3633 5643 con-

2041 5684 2119 5728 tra
2147 5674 2390 5730 codicum
2423 5687 2725 5732 nostrorum
2756 5685 2809 5732 et
2836 5678 3098 5734 editorum
3129 5678 3286 5734 fidem
3319 5680 3385 5749 in_
3417 5680 3632 5752 Rigaltii

2039 5767 2274 5830 editione
2305 5770 2570 5829 sublatum
2602 5779 2687 5826 est
2716 5771 2932 5829 verbum
2963 5773 3287 5831 a’stt'ntetttttr.
3311 5774 3424 5842 Qua
3453 5781 3633 5832 autem
