4212 6262
550 287 692 345 ‘lOii’;

1616 281 1685 338 IN
1722 272 2184 336 TERTULLIANI
2220 269 2756 331 APOLOGETICUM

3712 276 3859 337 1014

554 421 622 459 an
642 402 922 459 oscitantia
944 398 1419 473 typographornm,
1446 394 1531 452 vel
1550 394 1762 467 Rigaltii
1783 391 2001 466 propria
2015 405 2142 447 auc-
2168 387 2222 451 Α
2246 385 2372 442 dum
2399 385 2597 442 ethnici
2624 386 2836 458 propria
2857 387 3180 445 conscientia
3194 396 3534 460 compertum
3556 387 3858 456 habebant,

561 499 798 565 toritate,
830 495 985 555 sicuti
1015 492 1303 559 nescimus,
1334 490 1407 544 ita
1452 498 1603 545 certe
1647 487 1781 543 nulli
1806 485 2143 552 dubitamus,

554 590 681 648 illud
712 599 858 645 recte
885 586 951 641 ab
967 586 1200 641 Auctore
1228 590 1416 637 nostro
1443 580 1705 636 additum.
1735 579 1892 635 Prius
1913 592 2144 649 namque

553 684 631 738 uti
658 679 910 742 vidimus,
942 676 1171 732 asseruit
1188 673 1526 730 Christianos
1548 688 1670 729 cum
1694 671 1926 728 ethnicis
1949 669 2149 740 ubique

551 773 611 828 in
639 770 803 827 rebus
825 766 1054 838 publicis
1080 765 1333 822 omnibus
1354 765 1518 821 fuisse
1543 760 2149 835 pennixtos.Verun1ta-

552 879 678 921 men
707 861 1109 919 aestimabantur
1127 861 1356 916 extranei
1378 874 1409 914 a
1431 858 1599 914 turbis
1616 858 1919 929 gentilium,
1938 857 2061 928 quia
2079 856 2149 912 ab

551 971 741 1013 eorum
761 953 1052 1026 mysteriis,
1081 961 1137 1009 et
1182 951 1561 1023 superstitioso
1581 949 1728 1005 cultu
1750 951 1970 1005 omnino
1992 958 2149 1005 erant

556 1045 739 1102 alieni.
782 1043 985 1101 Caetera
1015 1057 1137 1099 cum
1165 1042 1393 1098 ethnicis
1421 1041 1694 1108 vivebant,
1744 1050 1906 1112 atque
1944 1039 2147 1097 idcirco

549 1151 819 1195 concusso
848 1135 1075 1205 imperio
1104 1143 1160 1190 et
1188 1135 1333 1203 ipsos
1362 1134 1579 1190 concuti
1620 1146 1845 1188 necesse
1870 1140 2009 1187 erat.
2039 1132 2147 1187 Pro

551 1229 760 1301 imperii
793 1228 955 1300 igitur
982 1226 1391 1298 tranquillitate,
1422 1237 1477 1282 et
1505 1225 1874 1281 incolumitate
1911 1224 2145 1295 impera-

550 1335 749 1391 torum,
771 1322 942 1379 Deum
971 1334 1125 1392 mque
1155 1328 1373 1391 totoque
1400 1319 1581 1375 animo
1609 1333 1716 1373 non
1764 1317 1937 1373 solum
1968 1316 2150 1388 priva-

2248 487 2302 533 et
2344 492 2443 533 nos
2487 476 2625 533 infra
2667 478 3033 536 ostendemus.
3060 479 3354 536 Christiani
3397 481 3560 552 igitur
3587 496 3618 536 a
3648 481 3863 539 neutris

2249 554 2475 625 salutem
2551 570 2935 641 imperatorum
2999 588 3100 630 nec
3150 580 3402 647 poterant
3441 587 3667 646 sperare
3700 616 3715 641 ,
3756 589 3860 633 nec

2249 673 2434 735 petere
2476 663 2765 722 debebant.

2320 755 2438 824 Quo
2467 756 2610 811 enim
2642 757 2805 813 modo
2851 756 2968 813 falsi
3013 758 3091 814 illi
3140 759 3215 816 dii
3272 775 3390 816 eam
3420 759 3551 816 dare
3581 768 3857 834 poterant,

2252 848 2342 919 qui
2372 864 2642 919 nunquam
2671 859 2959 920 potuerunt
2986 860 3078 908 aut
3101 866 3163 908 se
3186 853 3354 924 ipsos,
3384 861 3475 908 aut
3505 869 3602 909 sua
3653 856 3856 927 templa

2264 953 2319 999 et
2347 943 2637 1000 simulacra
2661 960 2691 998 a
2721 944 2949 1014 furibus,
2982 955 3075 1002 aut
3105 955 3409 1018 temporum
3438 947 3648 1019 injuriis
3674 952 3861 1007 tutari?

2253 1031 2591 1104 Quapropter
2620 1034 2686 1089 ad
2715 1050 2778 1091 ea
2825 1037 3087 1092 servanda
3116 1036 3426 1108 indigebant
3475 1038 3725 1107 militum,
3751 1042 3854 1098 .uti

2250 1125 2325 1180 ait
2366 1124 2567 1181 Auctor
2595 1136 2801 1194 noster,
2831 1129 3093 1195 excubiis,
3124 1129 3177 1185 id
3207 1139 3310 1195 est,
3341 1130 3532 1187 diurna
3556 1142 3850 1189 noctuma-

2252 1231 2357 1287 que
2378 1215 2599 1303 illorum
2623 1216 2885 1275 custodia.
2912 1220 3246 1277 Tertulliano
3267 1231 3451 1279 autem
3472 1224 3623 1295 plane
3647 1224 3847 1281 δυσω-

2251 1318 2409 1380 gatur
2446 1318 2634 1366 auctor
2681 1310 2924 1382 epistolae
2973 1312 3040 1370 ad
3074 1314 3415 1386 Diognetum,
3468 1315 3583 1372 haec
3613 1318 3850 1376 ethnicis

564 1417 685 1484 tim,
716 1414 812 1472 sed
841 1416 893 1470 in
940 1414 1050 1468 suis
1077 1413 1259 1478 etiam,
1291 1409 1744 1483 quemadmodum
1765 1409 2011 1480 superius
2038 1408 2152 1465 ob-
2248 1399 2373 1471 jure
2403 1415 2466 1455 ac
2494 1400 2688 1457 merito
2717 1401 2796 1457 sic
2819 1404 3257 1474 exprobrantem,
3286 1413 3412 1468 Τοὺς
3437 1418 3523 1477 μὲν
3550 1413 3851 1471 transsuat

551 1510 909 1577 servavimus,
950 1506 1243 1580 synaxibus
1290 1505 1505 1576 publice
1548 1503 1909 1576 precabantur
1933 1501 2148 1574 (Supr.,

553 1617 668 1673 cap.
703 1601 793 1668 15,
824 1608 924 1655 art.
956 1598 1032 1672 1).

624 1693 766 1762 Quid
806 1707 958 1758 vero,
1004 1690 1146 1763 quod
1184 1689 1356 1760 major
1380 1688 1699 1756 necessitas,
1733 1687 1779 1743 si
1820 1685 2151 1743 Tertulliano

2258 1497 2560 1565 ὀστριικίνους
2610 1501 2816 1554 σεϐοννης
2852 1497 3148 1566 ἀφυλάκτους
3174 1539 3189 1566 ,
3233 1507 3342 1560 τοὺς
3385 1503 3435 1553 δὲ
3478 1502 3729 1572 ἀργυρίους
3769 1506 3858 1557 ui

2256 1595 2456 1659 χρυσοὺς
2507 1596 2782 1659 ἑγκλιίοντες
2821 1594 2932 1652 ταῖς
2969 1594 3092 1658 νυξὶ,
3134 1594 3219 1646 καὶ
3270 1598 3380 1653 ταῖς
3420 1602 3625 1666 ἡμέραις
3652 1599 3862 1667 fiala“

2256 1684 2663 1751 παρικιιθίσαντις
2700 1683 2776 1735 ἵνα,
2800 1693 2875 1751 μή
2896 1692 3169 1738 κλωπ-ῶσηέ
3199 1680 3334 1738 Deos
3362 1685 3590 1756 lapideos
3634 1687 3858 1756 quidem,

554 1785 845 1851 credimus,
870 1784 1141 1855 ﬂagitabat
1160 1790 1219 1837 ut
1243 1780 1533 1838 Christiani
1556 1780 1654 1837 has
1679 1793 1868 1850 preces
1889 1794 1954 1835 ex
1976 1779 2155 1834 animo
2185 1788 2233 1851 Β
2262 1780 2307 1826 et
2337 1781 2580 1826 testaceos
2602 1775 2933 1842 veneramini,
2956 1774 3245 1830 custodibus
3273 1787 3532 1843 carentes;
3584 1788 3851 1851 argenteos

549 1877 831 1937 funderent
858 1874 1186 1948 (Tertullian.
1238 1874 1530 1945 Apologet.,
1559 1889 1677 1943 cap.
1709 1872 1800 1940 52,
1832 1888 1954 1943 pag.
1991 1870 2141 1942 M7).

550 1975 656 2030 Per
684 1988 873 2030 eorum
905 1973 1101 2043 quippe
1124 1971 1335 2026 animos
1357 1971 1539 2041 Opinio
1562 1979 1875 2041 pervaserat
1900 1968 2148 2040 proxime

550 2066 790 2124 futurum
830 2065 1012 2121 mundi
1045 2064 1206 2121 ﬁnem
1257 2064 1420 2120 variis
1451 2064 1712 2134 portentis
1744 2072 1853 2118 tum
1886 2076 2146 2133 praenun-

549 2160 699 2214 tiari:
730 2158 825 2214 sed
841 2173 963 2213 eum
993 2166 1195 2226 tamen,
1216 2157 1354 2213 sicut
1373 2156 1483 2227 jam
1506 2156 1911 2212 observavimus
1930 2155 2144 2227 (Supra,

546 2272 666 2327 cap.
699 2252 789 2322 15,
822 2264 922 2308 art.
952 2252 1028 2324 l),
1066 2267 1172 2307 non
1215 2261 1372 2306 antea
1403 2249 1807 2319 destruendum,
1837 2265 1998 2321 quam
2037 2248 2145 2306 Ro-

547 2363 770 2406 manum
804 2346 1087 2418 imperium
1139 2353 1503 2401 everteretur.
1534 2343 1818 2415 Rogabaut
1849 2343 2011 2415 igitur
2050 2356 2149 2413 pro

551 2440 711 2512 hujus
754 2438 1124 2504 diuturnitate,
1156 2444 1211 2490 et
1257 2444 1317 2490 ut
1362 2436 1728 2491 retardaretur
1775 2434 1960 2490 mundi
2000 2433 2145 2502 ﬁnis,

548 2549 712 2606 quem
743 2532 975 2606 experiri
1005 2531 1281 2587 nolebant.
1313 2530 1384 2585 At
1432 2529 1672 2601 quamvis
1700 2528 1789 2583 illa
1815 2527 2143 2583 Christiano-

550 2644 670 2684 rum
697 2627 899 2698 opiuio,
944 2634 1001 2681 ut
1028 2640 1189 2696 supra
1218 2623 1449 2680 vidimus
1484 2622 1782 2694 (Dissertat.
1812 2622 1866 2676 in
1883 2620 2145 2686 lactant"

550 2738 668 2792 cap.
711 2720 802 2787 29,
837 2729 935 2776 art.
973 2720 999 2774 1
1031 2728 1076 2775 et
1103 2718 1263 2791 seqq),
1298 2733 1425 2773 vera
1453 2733 1560 2772 non
1597 2716 1699 2784 sit,
1760 2730 1866 2771 non
1907 2714 2033 2770 inde
2060 2722 2145 2770 ta-

551 2828 677 2869 men
709 2814 885 2869 minus
924 2823 1079 2869 certo
1104 2810 1388 2868 coniicitur
1419 2810 1541 2865 illos
1565 2808 1792 2865 sinceris
1838 2809 2085 2879 precibus
2114 2823 2146 2864 a

553 2904 668 2959 Deo
695 2904 1076 2975 expoposcisse
1105 2913 1160 2960 et
1200 2905 1434 2960 salutem
1462 2905 1872 2973 imperatorum,
1902 2912 1959 2959 et
1992 2911 2145 2958 tran-

559 2994 778 3066 quillam
804 2995 1013 3068 imperii
1043 3007 1230 3051 eorum
1257 2995 1680 3051 diuturnitatem.

1189 3130 1480 3172 AR’HCULUS
1508 3130 1568 3171 ll.

555 3233 874 3292 Christianos
901 3235 1152 3293 immerito
1171 3235 1307 3291 (teste
1319 3234 1597 3303 majestatis
1614 3234 1852 3292 humaute
1873 3234 2135 3302 accusari,

638 3330 761 3399 quia
785 3329 1020 3385 nolebant
1054 3346 1149 3401 pro
1176 3330 1499 3402 imperatoris
1526 3328 1692 3384 salute
1732 3329 2023 3399 sacriﬁcare
2043 3327 2141 3383 diis

537 3443 545 3491 ί
628 3423 915 3494 gentilium,
961 3432 1049 3478 aut
1085 3439 1169 3478 eos
1197 3423 1418 3494 precari,
1446 3423 1533 3493 qui
1557 3438 1647 3477 nec
1689 3438 1785 3476 sua
1811 3421 2021 3494 templa,
2052 3437 2142 3475 nec

621 3531 676 3571 se
702 3516 843 3585 ipsos
872 3516 1030 3570 tutari
1071 3524 1303 3587 poterant
1326 3558 1343 3584 ,
1385 3531 1476 3571 nec
1521 3515 1843 3586 imperatoris
1889 3515 2011 3569 dare
2055 3522 2143 3567 aut

625 3623 923 3664 conservare
962 3610 1210 3677 salutem,
1241 3611 1332 3665 sed
1369 3611 1508 3666 solus
1556 3609 1694 3667 Deus
1723 3611 2060 3680 omnipotens,
2106 3624 2142 3665 α

539 3704 545 3762 ξ
615 3702 715 3767 quo
740 3696 1021 3755 Christiani
1049 3710 1282 3772 poterant
1308 3718 1421 3757 eam
1458 3702 1566 3758 suis
1585 3704 1857 3774 impetrare
1884 3701 2136 3774 precibus.

541 3841 556 3857 ³
622 3860 727 3918 Tot
766 3863 1034 3919 rationum
1078 3868 1365 3921 momentis
1405 3868 1535 3922 satis
1581 3866 2007 3924 demonstratum
2052 3877 2137 3925 est

549 3954 779 4013 Christia
792 3971 910 4027 nos,
942 3958 1032 4030 qui
1057 3966 1169 4014 toto
1196 3960 1378 4016 animo
1410 3961 1576 4017 Deum
1610 3977 1707 4034 pro
1749 3961 2136 4032 imperatorum

550 4050 726 4106 salute
749 4050 989 4122 quotidie
1032 4050 1278 4117 orabant,
1307 4052 1449 4108 lmsae
1478 4068 1667 4109 eorum
1698 4055 1992 4126 majestatis
2028 4071 2137 4112 nou

542 4156 665 4199 esse
684 4158 828 4200 reos.
853 4144 1008 4213 Quod
1038 4160 1166 4216 ergo
1188 4154 1373 4201 contra
1415 4161 1689 4217 opponere
1716 4156 1965 4218 poterant
2002 4164 2135 4219 geu-

543 4236 688 4302 tiles,
711 4236 813 4291 nisi
837 4237 1123 4294 imbecillia
1147 4253 1373 4310 prorsus
1397 4248 1732 4313 argumenta,
1764 4241 2135 4316 absurdasque

543 4326 932 4396 cavillationes,
958 4345 1079 4399 qua:
1110 4341 1275 4387 ruunt
1325 4346 1385 4389 se
1416 4333 1547 4404 ipsis
1574 4342 1630 4390 et
1676 4332 1914 4392 funditus
1945 4337 2132 4391 conci-

539 4418 714 4477 dunt?
741 4419 819 4477 Ne
847 4420 975 4493 quid
1004 4432 1203 4492 tamen,
1235 4424 1393 4479 sicuti
1424 4425 1787 4499 Tertullianus
1816 4437 2021 4499 noster,
2055 4429 2135 4485 in-

542 4520 745 4569 tactum
775 4514 1164 4588 relinquamus,
1217 4532 1281 4572 ea
1308 4517 1664 4575 examinanda
1692 4530 1837 4588 sunt,
1872 4529 1930 4577 ut
1954 4520 2129 4577 manl-

542 4604 738 4664 festius
765 4608 983 4665 cuilibet
1010 4608 1105 4664 ﬁat
1132 4618 1328 4680 quanta
1356 4611 1635 4681 iniquitate
1662 4613 1825 4671 iidem
1842 4614 2135 4673 Christiani

544 4713 698 4755 suam
730 4710 949 4775 propter
973 4700 1286 4772 religionem
1318 4713 1659 4774 vexarentur,
1681 4716 1843 4778 atque
1863 4706 2135 4781 opprime-

530 4798 744 4848 rentur.

2250 1873 2415 1920 autem
2440 1874 2487 1921 et
2521 1884 2703 1923 aureos
2748 1867 3007 1923 includitis
3063 1877 3236 1938 noctu,
3264 1886 3325 1923 ac
3366 1870 3592 1924 interdiu
3623 1872 3860 1928 custodes

2249 1959 2526 2030 apponitis,
2577 1976 2640 2014 ne
2682 1963 2819 2032 furto
2863 1965 3164 2034 auferantur
3198 1960 3386 2034 (Epist.
3435 1961 3504 2016 ad
3551 1960 3707 2034 Diog.
3746 1973 3862 2034 post

2251 2054 2367 2109 init.
2401 2070 2524 2126 pag.
2552 2052 2703 2126 495).
2732 2053 2900 2110 Recte
2946 2070 3077 2126 ergo
3106 2054 3466 2110 Tertullianus
3493 2054 3849 2119 hasce'excu-

2249 2145 2366 2201 bias
2409 2146 2704 2202 christiano
2758 2147 2917 2203 militi
2972 2147 3167 2203 vetitas
3213 2162 3334 2203 esse
3381 2150 3459 2203 sic
3501 2149 3850 2220 pronuntiat:

2251 2239 2534 2295 Excubabit
2581 2258 2675 2311 pro
2718 2242 2918 2322 templis
2964 2241 3144 2314 quibus
3169 2244 3496 2311 renuntiavit,
3548 2252 3596 2297 et
3639 2246 3860 2302 cornelii!

2250 2331 2359 2388 illic
2413 2333 2499 2388 ubi
2526 2335 2757 2404 apostolo
2787 2351 2889 2390 non
2916 2335 3101 2407 placet,
3132 2345 3177 2390 et
3202 2353 3328 2405 quos
3354 2337 3578 2392 interdiu
3629 2342 3856 2397 exorcis-

2250 2424 2346 2478 mis
2376 2426 2591 2495 fugavit,
2638 2426 2893 2481 nimirum
2935 2426 3212 2482 daemones
3273 2439 3328 2483 et
3372 2428 3656 2499 gentilium
3701 2430 3852 2501 deos,

2257 2516 2487 2572 noctibus
2510 2518 2795 2589 defensabit
2837 2519 3132 2574 incumbens
3159 2529 3207 2573 et
3234 2520 3554 2591 requiescens
3578 2538 3730 2594 super
3764 2525 3853 2594 pi-

2253 2609 2358 2664 lum
2402 2610 2421 2680 (
2454 2610 2759 2666 Tertullian.
2814 2612 2877 2666 de
2927 2611 3114 2669 Coron.
3156 2629 3273 2684 cap.
3313 2614 3369 2669 ll
3410 2611 3454 2687 ).
3496 2613 3627 2670 Alite
3664 2615 3849 2672 editio-

2250 2715 2348 2757 nes
2394 2719 2548 2775 super
2603 2702 2787 2758 lunclto
2811 2744 2827 2770 ,
2883 2703 2996 2759 sive
3020 2704 3223 2770 lancea,
3250 2721 3353 2774 qua
3376 2708 3660 2776 perfossum
3677 2716 3747 2761 est
3771 2707 3852 2761 la-

2252 2802 2333 2851 tus
2354 2794 2559 2851 Christi.
2587 2795 2775 2851 Cernis
2799 2793 3044 2868 profecto
3064 2811 3168 2867 qua
3191 2795 3389 2852 ethnici
3408 2799 3616 2855 ratione
3636 2814 3731 2869 pro
3748 2799 3854 2855 diis

2249 2886 2363 2941 suis
2379 2888 2708 2942 excubarent
2728 2887 3134 2959 vigilarentque.
3159 2887 3266 2944 Sed
3290 2889 3344 2942 hi
3372 2890 3643 2953 custodes,
3668 2906 3847 2961 quan-

2248 2980 2497 3036 tumlibet
2538 2980 2748 3051 vigiles,
2799 2980 3061 3051 impedire
3092 2996 3200 3036 non
3230 2990 3514 3052 potuerunt
3559 2984 3851 3054 quominus

2248 3072 2465 3128 illorum
2499 3074 2694 3144 templa
2724 3082 2777 3129 et
2805 3072 3089 3129 simulacra
3122 3074 3369 3146 spoliata,
3427 3083 3599 3143 rapta,
3628 3090 3693 3130 ac
3719 3074 3844 3145 plu-

2166 3178 2213 3247 ρ
2244 3166 2400 3222 rimis
2452 3166 2683 3221 ludibrio
2729 3165 3125 3247 despectuique
3176 3166 3388 3222 fuerint.
3452 3165 3836 3223 Verumtamen

2242 3261 2475 3333 gentiles
2499 3275 2817 3331 persuasum
2869 3260 3053 3333 utique
3084 3246 3349 3316 habebant
3379 3261 3493 3316 haec
3538 3260 3831 3318 simulacra

2245 3350 2503 3423 ipsosmet
2529 3350 2661 3407 deos
2687 3366 2813 3407 suos
2834 3361 3075 3420 esse,aut
3099 3367 3285 3408 eorum
3309 3360 3456 3408 certe
3483 3352 3841 3422 domicilium,

2244 3448 2426 3503 sedem
2454 3454 2509 3503 et
2553 3447 2960 3506 habitationem.
2984 3447 3144 3504 Plura
3194 3457 3371 3504 autem
3403 3448 3473 3505 de
3498 3448 3564 3503 iis
3585 3447 3714 3504 alibi
3740 3464 3843 3504 an—

2246 3541 2550 3597 notavimus
2572 3539 2872 3613 (Dissertat.
2902 3540 2956 3595 in
2983 3539 3175 3596 Arnob.
3224 3557 3341 3613 cap.
3368 3538 3462 3608 20,
3500 3550 3603 3595 art.
3630 3540 3685 3606 5,
3728 3550 3774 3595 ct
3793 3542 3847 3595 in

2244 3631 2514 3699 Lactant.,
2543 3650 2659 3705 cap.
2691 3633 2782 3701 '55,
2813 3630 2909 3689 art.
2943 3633 2998 3707 5)
3033 3630 3278 3688 etadhuc
3312 3630 3447 3687 infra
3476 3631 3736 3688 dicemus.

2317 3723 2426 3779 Fac
2472 3734 2673 3794 tamen,
2705 3725 2750 3779 si
2778 3724 2935 3792 velis,
2965 3725 3196 3796 gentiles
3239 3739 3344 3780 non
3387 3724 3685 3781 credidisse
3728 3724 3842 3781 hac

2247 3815 2532 3872 simulacra
2562 3831 2684 3872 esse
2730 3816 2884 3884 deos,
2933 3815 3029 3872 sed
3076 3817 3141 3871 iis
3189 3824 3396 3872 tantum
3442 3816 3839 3886 repraesentari,

2247 3909 2373 3978 quid
2400 3909 2525 3965 inde
2555 3910 2840 3981 prolicies?
2870 3909 3093 3966 Constat
3119 3911 3263 3965 enim
3297 3911 3393 3965 hos
3424 3910 3571 3981 ipsos
3584 3920 3690 3966 met
3714 3926 3843 3983 geu—

2240 4000 2411 4055 tilium
2437 3999 2587 4066 deos,
2608 4000 2932 4073 quicumque
2961 4000 3185 4068 fuerint,
3210 4002 3276 4058 ad
3304 4014 3490 4057 nutum
3521 4002 3833 4058 arbitrium-

2238 4106 2344 4163 que
2371 4090 2693 4163 pependisse
2737 4092 3103 4163 impcratoris.
3134 4093 3200 4148 Et
3231 4093 3281 4148 id
3310 4093 3525 4164 quidem
3555 4092 3728 4157 multi,
3775 4100 3836 4149 ut

2237 4182 2484 4255 superius
2512 4184 2869 4251 ostendimus,
2897 4188 3107 4258 experti
3133 4199 3275 4243 sunt.
3299 4187 3439 4257 Quin
3472 4189 3633 4244 etiam
3658 4189 3841 4259 plures

2238 4277 2332 4345 dii,
2376 4276 2536 4333 sicuti
2590 4277 2768 4334 aiebat
2813 4278 3197 4346 Tertullianus,
3241 4282 3524 4337 [cubuerunt
3577 4281 3841 4338 Cissei-ens

2235 4370 2423 4424 iratum
2462 4368 2794 4442 (Tertullian.
2821 4372 3085 4445 Apologct.
3138 4390 3254 4445 cap,
3284 4372 3379 4441 29,
3410 4391 3530 4446 pag.
3561 4374 3713 4448 459),
3743 4374 3835 4448 qui

2235 4461 2483 4519 videlicet
2510 4478 2616 4518 non
2646 4464 2816 4520 solum
2848 4464 3059 4520 illorum
3078 4465 3196 4522 lana
3217 4476 3271 4523 et
3300 4477 3503 4523 statuas
3534 4468 3785 4523 aediﬁcari
3811 4512 3831 4538 ,

2158 4556 2331 4643 Dsed
2375 4557 2522 4628 ipsos
2549 4572 2648 4630 pro
2690 4555 2793 4613 diis
2820 4556 3009 4614 haberi
3056 4558 3422 4629 prohibuerat.
3473 4558 3617 4617 Nihil
3645 4551 3827 4617 autem

2236 4645 2541 4716 absurdius,
2571 4663 2731 4719 quam
2752 4664 2782 4703 a
2807 4647 2911 4704 diis
2956 4649 3265 4720 imperatori
3314 4651 3570 4722 subjectis
3599 4652 3830 4709 salutem

2235 4737 2379 4793 illius
2408 4748 2614 4809 petere,
2667 4738 2758 4809 qui
2803 4754 2954 4794 suam
3001 4742 3180 4812 potius
3208 4741 3279 4796 ab
3308 4741 3420 4810 illo,
3453 4757 3614 4813 quam
3644 4744 3733 4799 hic
3759 4743 3828 4799 ab

2180 4845 2187 4848 ‘
2231 4827 2341 4883 illis
2387 4837 2599 4899 poterat
2625 4828 2890 4886 obtinere.
2920 4830 3255 4903 Quapropter
3281 4831 3537 4889 Tertullia
3551 4850 3651 4889 nus
3695 4849 3828 4891 eos-

608 4882 946 4954 Objiciebant
985 4887 1165 4957 itaque
1215 4887 1413 4945 ethnici
1462 4889 1583 4947 illos
1632 4891 1778 4949 laesa:
1827 4894 2128 4964 maiestatis

2239 4917 2351 4975 dem
2368 4882 2612 4976 ethnicos
2628 4918 2712 4976 his
2737 4882 3024 4991 compellat
3040 4882 3229 4979 rverbis
3245 4944 3257 4979 :
3275 4923 3382 4979 Sed
3403 4919 3812 4999 vos'irreligiosi,

536 4974 786 5079 humanae
815 4978 1082 5046 convinci,
1105 4978 1229 5051 quia
1253 4995 1351 5051 pro
1372 4980 1755 5054 imperatorum
1778 4984 1953 5042 salute
1976 4986 2125 5045 falsis
2224 5012 2312 5081 qu,-
2333 4974 2444 5065 εάηξ
2480 4974 2705 5066 ,αιάξεηιή
2749 4974 2986 5084 ill—“(325,53

530 5066 747 5125 illorum
775 5069 878 5126 diis
907 5070 1211 5127 sacriﬁcare
1262 5072 1350 5128 vel
1394 5088 1489 5131 eos
1534 5077 1739 5146 precari
1769 5079 2124 5148 pertinaciter

529 5162 871 5219 recusabant.
900 5160 1007 5220 Sed
1034 5164 1378 5236 quibusnam,
1409 5167 1483 5223 ait
1508 5167 1892 5239 Tertullianus,
1931 5173 2008 5228 ita
2038 5188 2124 5229 sa—

521 5253 870 5312 criﬁcandum
883 5256 1310 5330 est(Tertullian.
1328 5261 1595 5334 Apologet.
1614 5280 1732 5335 cap.
1750 5264 1842 5333 29,
1875 5283 1930 5338 p.
1965 5266 2120 5340 458).

525 5343 718 5404 Nonne
745 5347 832 5416 iis,
856 5350 946 5420 qui
971 5360 1194 5420 possunt
1216 5352 1443 5408 salutem
1471 5354 1689 5411 cuilibet
1710 5355 1933 5426 homini,
1959 5368 2120 5430 atque

521 5439 686 5495 etiam
740 5440 1153 5512 imperatoribus
1220 5444 1532 5515 impertiri?
1580 5448 1744 5520 Atqui
1790 5452 2112 5508 eorumdem

522 5533 863 5593 ethnicorum
891 5534 991 5605 dii,
1019 5552 1195 5610 neque
1222 5539 1632 5610 imperatoribus
1673 5558 1848 5618 neque
1876 5545 1974 5601 ulli
2009 5546 2115 5606 ho-

504 5728 816 5810 sttut,atque
836 5732 891 5778 ut
907 5725 1154 5793 superius
1169 5725 1371 5783 dictum
1384 5770 1397 5794 ,
1413 5731 1558 5802 pessi
1572 5733 1641 5787 mi
1664 5735 2105 5810 spiritus,perditi

506 5808 939 5878 acdamnati,vel
968 5818 1144 5886 potius
1189 5820 1387 5877 mortui
1438 5821 1704 5900 homines,
1734 5808 2100 5900 quemadmo-

3021 5013 3105 5067 ubi
3126 5031 3229 5069 non
3257 5023 3368 5080 est;
3393 5016 3561 5087 petitis
3584 5033 3617 5070 a
3638 5018 3822 5088 quibus

2230 5101 2345 5157 dari
2371 5119 2470 5159 non
2500 5111 2660 5174 potest
2687 5100 2851 5173 (Ibid.
2902 5121 2957 5174 p.
3012 5102 3165 5179 M0).
3194 5103 3273 5161 Ita
3303 5107 3518 5178 quidem
3539 5108 3590 5161 in
3620 5108 3824 5165 nostris

2229 5193 2523 5261 codicibus,
2554 5206 2610 5251 ct
2633 5195 2959 5252 editionibus
2984 5196 3240 5268 antiquis.
3259 5198 3327 5252 At
3352 5197 3608 5271 Rigaltius
3631 5208 3822 5256 contra

2226 5288 2438 5345 illorum
2465 5290 2707 5345 omnium
2737 5289 3109 5345 auctoritatem
3138 5288 3301 5345 scribi
3340 5286 3524 5363 jussit,
3567 5290 3815 5364 religiosi,

2227 5380 2368 5438 haud
2414 5380 2575 5437 dubie
2602 5382 2728 5453 quia
2754 5382 2973 5453 putabat
3012 5381 3131 5438 illos
3170 5380 3244 5438 ibi
3289 5382 3571 5457 religiosos
3616 5384 3822 5442 ironice

2222 5471 2620 5546 appellari.Sed
2642 5473 2834 5529 licetne
2863 5472 3001 5530 hanc
3024 5472 3094 5529 ob
3116 5473 3481 5546 ‘conjecturam
3502 5478 3822 5535 auctoritate

578 5561 863 5639 ξιιξιξξιξιύιιι
891 5561 991 5639 ιιιξο
1021 5561 1195 5610 ιιθίιυθ
1222 5561 1632 5639 ιιιιυθξῆυπιξωε
1673 5561 1848 5618 neque
1876 5561 1974 5601 υιιι
2009 5561 2115 5606 ηο·
2222 5565 2437 5638 propria
2459 5574 2663 5621 textum
2683 5561 2918 5622 auctoris
2941 5565 3246 5633 immutare,
3271 5575 3432 5639 atque
3454 5579 3564 5624 tum
3586 5567 3821 5627 maxime

514 5628 648 5681 mini
675 5628 825 5686 illam
847 5630 1093 5689 conferre
1113 5642 1353 5703 possunt.
1377 5634 1508 5691 Nam
1528 5636 1581 5692 hi
1617 5639 1690 5695 dii
1732 5643 1817 5698 vel
1837 5644 2114 5703 daemones
2219 5628 2432 5729 quando
2460 5658 2736 5730 utriusque
2763 5657 3009 5715 lectionis
3037 5657 3181 5714 idem
3209 5628 3289 5715 est
3318 5628 3547 5717 s'ensus?

3680 5649 3825 5665 ~a—d

2289 5747 2495 5804 Rursus
2519 5758 2698 5805 autem
2735 5749 2825 5806 ille
2862 5750 3199 5807 demonstrat
3250 5748 3583 5810 Christianos
3612 5752 3808 5826 magis,

2216 5854 2377 5913 quam
2404 5841 2652 5914 gentiles,
2677 5840 2745 5903 de
2769 5841 3117 5916 imperatoris
3143 5843 3229 5903 sui
3251 5843 3428 5907 salute
3455 5859 3577 5907 esse
3605 5845 3809 5908 sollici-
