4212 6262
336 231 482 290 1045

1479 227 1936 289 DISSERTATIO
1964 230 2040 289 'D.
2080 228 2169 287 LE
2200 228 2513 323 NOURRY.

3516 239 3658 297 ωιδ

331 355 426 411 ,ιοε
452 345 638 417 (lbid.,
666 361 783 417 cap.
812 345 904 411 55.
935 360 1061 430 pag.
1088 341 1248 416 448),
1279 350 1464 413 utpote
1489 345 1580 415 qui
1606 342 1941 414 exploratum
1968 345 2022 407 Α
2046 320 2218 409 ditiis,
2243 343 2407 407 modo
2430 344 2674 411 minis’ac
2691 349 3017 405 cruciatibus
3044 350 3343 421 saepissime
3372 313 3449 406 ab‘
3469 353 3653 409 ethni-

338 439 610 495 babebant
631 439 777 493 illum
797 453 827 492 a
851 452 978 492 vero
993 437 1103 492 Deo
1127 452 1224 491 suo
1244 434 1413 492 fuisse
1440 435 1695 494 electum.
1729 437 1940 493 Etenim

337 529 478 595 inde,
510 530 704 600 inquit,
736 537 959 598 potestas
987 527 1086 595 illi,
1128 527 1264 581 unde
1283 527 1493 597 spiritus
1518 536 1564 581 et
1609 527 1710 580 vita
1754 525 1939 597 (lbid.,

346 639 462 693 cap.
495 622 585 689 50,
608 639 665 692 p.
692 617 933 694 ‘42).“
961 620 1092 679 illud
1123 635 1230 676 non
1250 628 1455 677 tantum
1481 621 1712 676 naturali
1743 620 1944 675 lumine

344 722 653 786 agnoverat,
684 712 778 768 sed
812 727 842 766 a
876 712 1066 767 divino
1098 712 1289 781 spiritu
1326 712 1518 766 amatis
1547 712 1747 766 nostris
1774 712 1945 782 scrip-

347 806 549 861 toribus
571 803 767 875 (ldem,
804 803 895 858 lib.
931 802 953 858 Ι
981 804 1046 857 de
1088 802 1394 870 Prmcript.
1418 819 1466 857 c.
1485 804 1565 874 2).
1586 803 1762 875 [leges
1790 820 1944 858 nam-

348 914 449 970 que
472 897 620 967 ipsos
646 895 934 963 Salomon,
965 894 1021 951 in
1038 896 1353 968 Sapientiae,
1380 895 1518 953 sicut
1547 895 1639 952 ille
1670 896 1766 961 ait,
1806 897 1945 953 libro
1972 963 1984 973 _

346 991 423 1045 sic
447 987 775 1061 alloquitur:
807 988 948 1042 Data
975 998 1049 1043 est
1076 1005 1111 1043 α
1158 988 1376 1045 Domino
1420 998 1642 1060 potestas
1694 989 1851 1056 vobis,
1898 999 1948 1044 et

342 1083 497 1136 virtus
515 1080 576 1136 ab
592 1081 844 1136 altissimo
863 1080 1149 1152 (Sapient.,
1164 1078 1378 1152 cap.Vl,
1396 1078 1472 1151 4).
1504 1080 1700 1135 Paulus
1726 1096 1854 1135 vero
1877 1079 1945 1135 ad

352 1174 628 1232 Romanos
671 1174 925 1246 scripsit:
957 1173 1079 1230 Non
1109 1185 1182 1229 est
1210 1184 1453 1245 potestas,
1483 1174 1582 1227 nisi
1613 1190 1642 1226 a
1669 1172 1800 1233 Deo.
1830 1189 1945 1240 quae

345 1280 516 1324 autent
543 1276 683 1335 sunt,
710 1285 743 1323 α
774 1266 886 1323 Deo
906 1268 1156 1323 ordinata:
1181 1277 1299 1325 sunt
1332 1250 1420 1340 (Hd
1439 1266 1616 1334 Rana,
1638 1283 1754 1337 cap.
1779 1262 1941 1338 XIII).

346 1360 722 1417 Tertullianus
750 1360 912 1430 igitur
947 1360 1068 1431 jure
1099 1375 1230 1414 sane
1260 1360 1455 1417 merito
1489 1359 1614 1415 hinc
1637 1359 1944 1415 concludit:

352 1450 545 1508 Noster
567 1463 639 1507 est
654 1451 818 1522 magis
836 1451 1066 1519 Ctesar,a
1087 1461 1261 1506 nostra
1278 1450 1385 1505 Deo
1407 1449 1946 1520 constitutns(Tertul-

347 1540 474 1597 lian.
504 1540 773 1614 Apologet.
800 1559 914 1614 cap.
950 1542 1040 1609 35,
1072 1561 1125 1615 p.
1160 1540 1323 1613 448),
1356 1557 1515 1612 quam
1546 1541 1636 1595 ulli
1668 1542 1947 1612 gentilium

345 1632 440 1701 dii,
473 1634 563 1705 qui
597 1635 799 1689 nullum
822 1650 1077 1690 Caesarem
1103 1643 1194 1689 aut
1234 1635 1612 1704 imperatorem
1644 1633 1822 1689 facere
1851 1651 1948 1699 un-

2042 442 2130 509 pis
2172 440 2486 511 provocati,
2527 439 2657 496 dare
2702 442 2833 496 illud
2878 459 3151 515 nunquam
3195 445 3498 500 volnerant.
3542 445 3654 522 (ἒμ-

2046 530 2199 600 pisne
2246 530 2299 585 id
2352 531 2446 587 tibi
2496 531 2676 602 aliquo
2718 533 2969 602 exemplo
3012 535 3387 604 comprobari?
3451 536 3656 594 Praesto

2046 621 2200 678 adest
2222 622 2505 692 Eusebius,
2534 625 2625 696 qui
2655 626 2822 681 semel
2854 636 2907 682 et
2936 626 3128 683 iterum
3162 637 3345 683 narrat
3373 632 3654 688 sanctissi-

2048 729 2195 768 mum
2240 724 2533 786 martyrem
2563 716 2919 790 Polycarpum
2950 733 2978 772 a
3004 719 3327 788 proconsule
3349 720 3657 779 lacessitum

2047 805 2234 873 fuisse,
2262 816 2431 877 utper
2449 806 2679 864 Czcsaris
2708 810 3177 881 geniumjuraret:
3207 800 3412 882 ὄμοσον,
3444 813 3656 885 inquie-

2048 896 2160 964 bat,
2182 909 2270 952 τῆν
2290 906 2534 971 Καίσαρος
2552 905 2703 969 τύχην
2722 901 2955 970 (Ειιδρὺη
2981 903 3071 958 lib.
3097 902 3162 958 1V
3196 902 3396 958 Eccles.
3428 904 3653 977 Ilistor.,

2047 1005 2163 1058 cap.
2195 990 2282 1055 15,
2306 1007 2429 1064 pag.
2466 992 2614 1061 152).
2646 996 2714 1048 At
2736 1010 2841 1048 non
2865 995 3034 1062 aliud,
3070 996 3238 1066 porgit
3262 996 3548 1063 Eusebius,
3590 999 3658 1054 ab

2048 1096 2113 1137 eo
2144 1083 2454 1153 proconsul,
2486 1085 2587 1139 nisi
2616 1084 2719 1141 hoc
2757 1089 2964 1159 accepit
2986 1103 3302 1161 responsum
3349 1108 3361 1143 :
3397 1090 3577 1162 Fingis
3605 1102 3659 1148 te

2050 1174 2298 1245 ignorare
2329 1190 2415 1231 me
2457 1190 2577 1232 esse
2601 1177 2974 1247 christianum,
3005 1180 3090 1233 cui
3116 1180 3492 1250 jusjurandum
3527 1183 3659 1238 illud

2052 1266 2211 1336 plane
2242 1268 2562 1337 penitusque
2604 1270 2938 1338 prohibetur.
2970 1270 3078 1326 Nos
3117 1272 3336 1342 quidem
3379 1290 3484 1328 non
3528 1274 3661 1346 fugit

2049 1373 2228 1430 grrcco
2266 1359 2484 1414 nomine
2506 1366 2630 1429 τύχη
2659 1361 2948 1432 signilicari
2979 1360 3247 1417 fortunam
3275 1405 3289 1427 ,
3324 1363 3422 1418 sed
3453 1380 3514 1417 ea
3542 1365 3660 1420 Cae—

2050 1451 2188 1506 saris
2215 1451 2425 1505 fortuna
2470 1452 2540 1508 ibi
2581 1452 2925 1523 designatur,
2954 1470 3112 1524 quam
3159 1454 3360 1509 ethnici
3399 1455 3467 1510 ab
3514 1456 3657 1513 illius

2049 1544 2208 1614 genio
2233 1545 2520 1620 gubernari
2552 1545 2949 1601 existimabant.
2987 1545 3139 1602 Atde
3172 1548 3272 1602 hoc
3291 1547 3656 1618 ethnicorum,

2053 1646 2107 1691 et
2142 1647 2337 1707 negato
2386 1653 2414 1691 a
2456 1635 2778 1693 Christianis
2814 1640 3170 1709 jurejurando
3199 1641 3252 1695 in
3300 1643 3564 1712 superiori
3594 1643 3663 1699 de

356 1740 515 1795 quam
546 1735 856 1795 potuerunt.
884 1725 1011 1780 Plus
1038 1725 1198 1795 igitur
1240 1723 1306 1780 ad
1332 1725 1670 1797 imperatoris
1714 1725 1943 1782 salutem
1973 1738 2023 1799 Β
2052 1728 2259 1785 Minutii
2293 1728 2515 1785 Octavio
2565 1730 2947 1787 dissertatione
2987 1732 3376 1802 disputavimus
3408 1734 3657 1807 (Dissert.

357 1817 565 1875 confert
586 1816 927 1872 Christianus
957 1819 1125 1872 Deum
1153 1832 1330 1882 suum,
1362 1833 1391 1871 a
1420 1833 1526 1889 quo
1554 1815 1645 1871 ille
1674 1815 1947 1872 institutus

352 1918 456 1976 est,
484 1907 742 1979 rogando,
792 1923 954 1979 quam
1012 1907 1259 1975 ethnicus
1302 1909 1506 1964 orando
1548 1907 1950 1963 commentitios

354 2001 484 2058 deos
511 2016 661 2067 suos,
710 2002 801 2072 qui
830 2016 931 2056 nec
960 2000 1291 2069 imperatori,
1322 2015 1420 2057 nec
1446 1999 1541 2055 ulli
1587 1999 1791 2055 homini
1822 2015 1948 2072 pos-

334 2103 472 2152 sunt
499 2092 583 2149 vel
608 2092 889 2150 minimum
919 2092 1134 2165 quidem
1164 2092 1483 2149 beneﬁcium
1513 2091 1769 2148 tribuere.

943 2219 1239 2262 ωτιουιυε
1270 2222 1325 2261 ιιι
1336 2246 1348 2258 .

369 2320 533 2388 Quam
560 2322 753 2394 frustra
780 2317 989 2391 gentiles
1014 2319 1287 2391 objiccrent
1307 2317 1625 2373 Christianos
1666 2318 1805 2373 uasat
1840 2332 1954 2373 uta-

414 2414 617 2484 jestatis
645 2411 884 2466 humana:
902 2426 1013 2466 me
1054 2427 1195 2475 reos,
1224 2409 1347 2480 quia
1373 2425 1466 2481 per
1501 2410 1823 2481 imperatorio
1863 2426 1952 2481 ge-

428 2507 566 2559 nium
584 2506 762 2576 iurare
781 2506 1107 2570 recusabant,
1135 2503 1224 2558 sed
1237 2501 1487 2573 iurabant
1516 2512 1685 2557 tamen
1709 2519 1799 2575 per
1813 2503 1952 2559 illius

425 2598 662 2665 salutem,
694 2598 923 2669 quamvis
950 2598 1057 2651 alia
1077 2612 1289 2669 prorsus
1312 2611 1465 2666 quam
1493 2594 1704 2667 gentiles
1732 2600 1947 2652 ratione.

428 2734 703 2791 Instabant
731 2732 931 2791 ethnici
958 2731 1295 2788 Christianos
1333 2746 1656 2788 caesarcana:
1684 2730 1954 2803 majesta-

360 2831 426 2886 tis
453 2846 575 2886 reos
607 2829 727 2886 ideo
756 2828 1005 2900 redargui
1033 2870 1049 2896 ,
1084 2826 1206 2899 quia
1233 2842 1327 2899 per
1350 2842 1537 2882 eorum
1560 2826 1747 2896 genios
1768 2825 1953 2896 jurare

362 2923 748 2988 detrectabant,
770 2922 851 2977 vel
885 2921 1045 2976 sicuti
1075 2924 1279 2975 Auctor
1306 2927 1490 2975 nOster
1518 2918 1645 2972 alibi
1676 2918 1909 2988 loquitur
1934 2936 1947 2971 :

364 3015 656 3087 lnreligiosi
707 3014 924 3069 dicimur
954 3014 1006 3067 in
1035 3011 1283 3079 Cwsares,
1313 3028 1470 3081 neque
1494 3010 1741 3081 imagines
1770 2984 1942 3064 eor’um

2052 1820 2106 1875 in
2131 1819 2321 1877 Minui.
2354 1818 2555 1888 Octav.,
2578 1819 2799 1894 δίψη,
2835 1832 2935 1877 art.
2967 1819 3044 1895 5).
3150 1892 3151 1895 η

2125 1910 2420 1967 Christiani
2467 1912 2648 1983 itaque
2676 1912 3082 1989 detestabantur
3107 1928 3265 1969 omne
3287 1915 3663 1988 jusjurandum

2054 2017 2151 2075 per
2176 2003 2560 2072 imperatorum
2587 2005 2797 2075 genios,
2828 2005 3261 2078 quandoquidem
3292 2008 3345 2062 bi
3374 2011 3613 2066 autnulli
3638 2051 3656 2077 ,

2053 2105 2145 2149 aut
2182 2093 2457 2149 daemones
2493 2104 2667 2161 erant,
2701 2094 2890 2150 iisdem
2931 2096 3158 2169 subjecti
3188 2095 3531 2169 Christianis,
3565 2103 3660 2172 qui
3692 2154 3698 2161 .

2064 2185 2190 2241 illos
2219 2185 2418 2241 Christi
2451 2188 2669 2245 nomine
2693 2188 2970 2259 adjuratos
3003 2191 3067 2246 de
3094 2192 3437 2249 obsessorum
3466 2210 3665 2266 corpo-

2054 2276 2206 2335 ribus
2235 2276 2521 2347 ejiciebant
2556 2278 2913 2350 (Tertulliun.,
2946 2283 3239 2356 Apologet.,
3272 2302 3387 2358 cap.
3415 2286 3530 2356 32).
3558 2287 3665 2344 Fas

2056 2384 2186 2442 ergo
2227 2370 2333 2425 illis
2363 2386 2469 2425 non
2508 2381 2625 2426 erat
2659 2388 2758 2442 per
2788 2388 2883 2429 eos
2912 2374 3117 2447 jnrare,
3144 2377 3194 2429 in
3227 2392 3361 2448 quos
3396 2394 3665 2436 summam

2056 2462 2327 2518 habebant
2372 2473 2713 2534 potestatem.
2761 2465 3031 2522 Pro-terea
3075 2467 3275 2522 ethnici
3310 2486 3406 2540 per
3446 2471 3666 2541 genium

2055 2557 2283 2614 Caesaris
2322 2556 2569 2628 jurantes
2619 2559 3056 2629 frequentissime
3114 2560 3452 2631 pejerabant.
3526 2562 3660 2618 Per-

2055 2649 2262 2708 duelles
2284 2642 2566 2705 cititnvero
2598 2665 2666 2705 ac
2686 2652 2886 2721 perjuri
2914 2653 3162 2721 frangere
3201 2653 3447 2707 solebant
3474 2653 3660 2710 datum

2057 2743 2161 2798 hoc
2186 2752 2524 2798 sacramento
2563 2743 2762 2801 Casari
2793 2743 2954 2800 ﬁdem
2978 2742 3197 2816 (ldem..
3225 2743 3314 2798 tib.
3341 2741 3364 2795 Ι
3414 2744 3481 2796 ad
3508 2742 3659 2799 Nati.

2055 2852 2171 2909 cap.
2218 2836 2306 2900 l7,
2367 2852 2489 2908 pag.
2559 2835 2665 2892 583
2690 2835 2733 2909 ).
2803 2836 3000 2905 Ecquis
3035 2850 3164 2907 ergo
3217 2835 3362 2889 laesm
3410 2836 3660 2907 majesta-

2055 2928 2125 2984 tis
2148 2926 2422 2983 conscius?
2445 2942 2571 2982 num
2602 2927 2646 2981 is
2672 2927 2762 2998 qui
2794 2926 2960 2998 impio
2978 2926 3332 2997 jurejurando
3360 2938 3451 2981 aut
3471 2927 3658 2984 infami

2055 3018 2293 3093 perjurio
2336 3026 2583 3084 tenetur;
2630 3032 2699 3072 an
2734 3019 2906 3085 alius,
2947 3020 3040 3089 qui
3084 3020 3476 3090 iniquissimum
3527 3021 3661 3078 illud

310 3120 320 3127 '
359 3108 699 3182 prepitiundo,
734 3123 896 3178 neque
916 3107 1087 3178 genios
1117 3103 1394 3177 dejerando
1426 3100 1669 3175 (Tertull.
1701 3101 1813 3185 lib._
1833 3101 1855 3155 l
1879 3100 1946 3154 ad
1966 3127 2015 3191 ρ
2046 3110 2424 3182 jusjurandum
2455 3110 2587 3169 dare
2602 3121 2912 3168 constanter
2940 3122 3157 3167 recusat
3178 3111 3361 3185 (Supr.
3386 3115 3661 3187 cap.art.)?

363 3200 530 3269 Nati.,
559 3218 672 3274 cap.
706 3198 793 3267 l7,
821 3218 877 3274 p.
906 3195 1056 3270 583).
1081 3196 1293 3251 Ethnici
1320 3206 1499 3249 autem
1545 3194 1784 3267 genium,
1811 3202 1946 3249 teste

365 3288 515 3348 Festo
536 3290 701 3363 (Fest.
734 3289 823 3345 lib.
858 3288 980 3355 XX,
1013 3288 1074 3342 de
1094 3287 1337 3360 Signiﬁc.
1367 3285 1501 3340 verb.
1528 3286 1597 3338 ad
1622 3300 1669 3339 v.
1698 3282 1942 3355 Genius),

362 3385 693 3455 appellabant
722 3399 829 3439 non
859 3381 1019 3438 modo
1048 3380 1469 3451 uniuscujusque
1494 3379 1596 3433 loci
1627 3378 1819 3444 Deum,
1851 3377 1947 3434 sed

361 3492 474 3534 eum
500 3478 683 3547 etiam,
713 3476 804 3549 qui
832 3475 940 3531 vim
969 3473 1245 3531 obtinebat
1271 3488 1455 3528 rerum
1486 3471 1726 3526 omnium
1756 3484 1947 3541 geren-

363 3573 579 3642 darum;
610 3574 789 3646 ibique
834 3573 887 3627 in
918 3572 1187 3642 opinionis
1217 3584 1328 3625 suae
1356 3565 1825 3623 eonlirmationem
1855 3580 1944 3620 re-

364 3665 460 3724 fert
490 3668 605 3723 hinc
625 3664 855 3722 Aufustii
889 3664 1049 3719 verba
1077 3680 1091 3719 :
1127 3661 1315 3717 Genius
1340 3672 1411 3716 est
1448 3662 1659 3714 deorum
1698 3659 1859 3728 filius,
1900 3665 1947 3712 et

356 3776 532 3832 parens
560 3760 841 3826 hominum,
872 3773 933 3811 ea:
958 3772 1055 3828 quo
1083 3755 1310 3809 homines
1334 3754 1685 3826 gignuntur,et
1711 3762 1945 3825 propter-

356 3870 407 3909 ea
447 3856 623 3927 genius
654 3869 794 3907 meus
843 3851 1133 3905 nominatur
1169 3890 1184 3916 ,
1241 3848 1359 3919 quia
1388 3864 1467 3901 me
1494 3848 1687 3919 genuit.
1717 3846 1944 3903 Servius

363 3966 484 4007 vero
509 3947 705 4005 alicubi
735 3947 985 4002 observat
1010 3944 1227 4015 genium
1253 3942 1321 3997 ab
1351 3943 1585 4015 antiquis
1611 3942 1793 3997 vocari
1840 3956 1941 3995 na—

364 4043 582 4099 turalem
612 4040 773 4095 deum
807 4037 1223 4107 uniuscujusque
1265 4034 1388 4103 loci,
1419 4035 1500 4089 vel
1530 4034 1629 4102 rei,
1660 4033 1743 4088 vel
1771 4033 1944 4088 homi-

356 4141 471 4205 nis;
501 4146 551 4193 et
577 4135 726 4202 alibi,
757 4150 942 4190 manes
969 4149 998 4187 a
1030 4132 1255 4205 Virgilio
1280 4130 1539 4203 appellari
1567 4128 1777 4201 genios,
1806 4141 1945 4200 quos

350 4250 470 4290 cum
515 4232 621 4287 vita
673 4244 862 4286 omnes
907 4227 1207 4283 sortiuntur
1250 4225 1423 4297 (Serv.
1455 4224 1510 4277 in
1552 4221 1691 4277 lib.l
1750 4219 1938 4291 Georg.

342 4344 467 4401 pag.
488 4326 579 4393 85,
608 4333 656 4379 et
684 4324 737 4379 in
758 4324 846 4378 lib.
904 4319 971 4376 VI
1011 4318 1251 4387 zEneid.,
1278 4334 1398 4390 pag.
1431 4315 1580 4385 ΜΟ).
1612 4314 1780 4369 Varro
1806 4328 1942 4382 quo-

348 4435 477 4491 que,
509 4418 577 4472 ab
604 4416 901 4488 Augustino
931 4413 1127 4469 citatus
1157 4412 1422 4482 (August,
1451 4408 1540 4463 lib.
1570 4406 1661 4463 VII
1688 4407 1751 4463 de
1767 4407 1938 4475 Civit.,

2124 3201 2416 3258 Christiani
2466 3216 2596 3273 ergo
2644 3203 2748 3257 hoc
2788 3212 3147 3274 respuentes,
3190 3218 3256 3257 eo
3285 3206 3462 3259 minus
3512 3205 3657 3261 laesa)

2052 3296 2352 3367 maiestatis
2379 3294 2627 3353 humana:
2656 3298 2733 3353 rei
2760 3307 2915 3354 erant
2936 3337 2954 3365 ,
2983 3313 3090 3370 quo
3116 3296 3374 3352 libentius
3399 3298 3656 3371 jurabant

2050 3406 2148 3462 per
2184 3390 2528 3460 imperatoris
2575 3390 2838 3459 salutem,
2868 3406 2982 3462 qua:
3026 3391 3290 3461 augustior
3318 3400 3393 3444 est
3418 3431 3431 3455 ,
3478 3391 3653 3463 inquit

2049 3485 2254 3539 Auctor
2280 3492 2487 3551 noster,
2519 3483 2767 3539 omnibus
2786 3483 2982 3556 geniis,
3015 3481 3464 3554 quemadmodum
3492 3484 3654 3554 paulo

2054 3586 2183 3633 ante
2217 3577 2566 3648 exposuimus
2598 3575 2809 3648 (Ibid)
2841 3576 3057 3631 Testem
3088 3590 3218 3631 vero
3247 3574 3407 3645 hujus
3428 3574 3653 3645 jurisjn-

2050 3667 2204 3724 randi
2242 3667 2506 3723 habemus
2527 3668 2906 3735 Athanasium,
2934 3668 3025 3738 qui
3052 3667 3119 3721 ad
3142 3665 3519 3723 Constantium
3549 3668 3656 3723 im-

2051 3770 2356 3833 peratorem
2401 3760 2470 3815 de
2524 3758 2755 3832 Syriano
2805 3759 2948 3815 haud
2996 3759 3160 3825 dubie
3201 3758 3495 3816 christiano
3538 3759 3657 3819 haec

2050 3856 2264 3927 scripsit
2290 3871 2305 3910 ε
2337 3842 2709 3925 Μαρέυρομξνης
2735 3864 2827 3908 τοὶ-ν
2851 3863 2939 3908 στὶν
2961 3862 3217 3925 σωτηρίαν,
3247 3863 3385 3907 luam
3406 3863 3658 3909 contesta-

2051 3957 2131 4002 tus
2146 3945 2361 4001 salutem
2383 3945 2660 4017 (Athanas.
2676 3945 2826 4019 Apol.
2846 3945 2915 3999 ad
2935 3944 3111 4001 Const.
3137 3962 3258 4018 pag.
3278 3945 3402 4012 310,
3426 3957 3549 4002 tam.
3584 3946 3653 4018 Ι),

2047 4039 2318 4110 pollicitus
2333 4045 2417 4093 est
2436 4052 2495 4093 se
2510 4036 2647 4093 nihil
2664 4038 3103 4092 conturbaturum
3117 4052 3204 4091 am
3211 4036 3471 4106 plins,sed
3486 4036 3646 4108 longe

2048 4131 2241 4204 majori
2279 4130 2621 4187 solemnitate
2676 4145 2792 4185 rem
2844 4127 2911 4184 ad
2949 4129 3066 4199 ejus
3104 4128 3405 4184 delaturum
3432 4128 3653 4201 religio-

2047 4240 2194 4280 nem.
2228 4222 2287 4278 In
2318 4222 2721 4295 carthaginensi
2749 4229 2929 4276 autem
2968 4219 3272 4276 Collatione
3312 4220 3654 4279 Marcellinus

2046 4331 2229 4372 comes
2245 4314 2437 4371 eodem
2462 4323 2800 4369 sacramento
2837 4326 2958 4367 sese
3005 4311 3091 4367 his
3116 4313 3294 4369 verbis
3320 4315 3646 4371 obstrinxit:

2046 4405 2168 4462 Sive
2186 4423 2299 4460 cum
2320 4406 2446 4472 alio,
2477 4407 2580 4459 sive
2611 4405 2751 4458 solus
2777 4404 2832 4457 in
2860 4402 2956 4458 hoc
2985 4405 3533 4477 negotiojuda’caturus
3568 4409 3654 4461 in-

352 4527 469 4580 cap.
499 4509 595 4576 l5,
626 4525 749 4580 pag.
782 4506 950 4579 17⁸2),
982 4504 1191 4560 dixerat
1228 4501 1442 4575 genium
1472 4514 1593 4555 esse
1631 4498 1788 4555 deum
1810 4542 1825 4567 ,
1854 4500 1942 4571 qui
1962 4522 2021 4584 D
2046 4509 2228 4569 terero,
2264 4498 2395 4553 nihil
2430 4498 2573 4554 aliud
2608 4514 2719 4567 me,
2750 4499 2847 4553 nisi
2888 4500 3025 4571 quod
3057 4500 3387 4573 allegationes
3427 4503 3654 4574 partium.

350 4602 672 4675 prtepositus,
703 4617 763 4654 ac
791 4601 891 4654 vim
921 4599 1065 4653 habet
1088 4612 1258 4650 rerum
1286 4593 1510 4648 omnium
1548 4591 1939 4665 gignendarum.

346 4695 505 4752 Plura
529 4703 709 4749 autem
733 4692 801 4748 de
824 4692 998 4766 geniis
1025 4690 1235 4761 Lipsius
1253 4685 1443 4761 (Lips.,
1473 4685 1563 4741 lib.
1586 4684 1609 4741 Ι
1654 4683 1941 4758 Phisiolog.

349 4804 464 4860 cap.
494 4787 581 4854 19,
607 4804 730 4860 pag.
768 4787 876 4844 554
896 4795 942 4842 et
974 4800 1142 4855 seqq.,
1187 4792 1310 4837 tom.
1344 4779 1481 4854 IV),
1513 4779 1719 4835 Natalis
1750 4776 1943 4835 Comes

346 4881 506 4954 (Nat.
537 4880 679 4939 Com.
711 4880 897 4953 lib._lV
920 4879 1233 4952 Mytholog.,
1265 4894 1380 4950 cap.
1413 4875 1489 4953 5),
1517 4874 1738 4931 Vossius
1764 4872 1948 4947 (Voss.

344 4975 475 5032 lib.l
507 4976 651 5049 Orig.
682 4986 732 5030 et
758 4991 932 5048 progr.
970 4973 1150 5029 idolol.
1171 5016 1190 5045 ,
1223 4991 1339 5046 cup.
1370 4973 1483 5044 l8),
1513 4982 1566 5029 et
1595 4971 1708 5042 alii,
1741 4986 1947 5046 nosque

344 5067 402 5125 in
431 5067 800 5140 superioribus
828 5067 1024 5122 nostris
1045 5064 1531 5122 dissertationibus.

420 5162 553 5231 Quae
581 5148 711 5218 vero
737 5160 810 5217 ibi
831 5159 1019 5216 leviter
1046 5159 1319 5230 attigimus
1337 5198 1353 5224 ,
1383 5157 1513 5213 satis
1559 5170 1824 5229 superque
1850 5154 1948 5212 dc-

346 5262 653 5311 monstrant
676 5253 925 5310 ethnicos
969 5265 1280 5323 persuasum
1306 5249 1558 5306 habuisse
1590 5251 1804 5323 genium
1848 5250 1948 5306 im-

351 5349 619 5421 peratoris
644 5362 767 5408 esse
807 5346 1131 5421 singularem
1160 5345 1303 5402 illius
1337 5346 1500 5403 deum
1522 5387 1540 5415 ,
1584 5361 1615 5401 a
1641 5360 1748 5418 quo
1775 5346 1952 5416 ipsum

347 5441 593 5515 genitum
618 5455 683 5497 ac
724 5441 841 5513 regi
868 5439 1285 5498 arbitrabantur.
1316 5438 1435 5495 Non
1474 5436 1670 5492 mirum
1702 5437 1876 5508 itaque
1905 5437 1951 5493 si

352 5551 450 5607 per
480 5550 616 5596 eum
658 5534 935 5606 jurareut,
985 5548 1048 5591 ac
1076 5533 1413 5591 Christianos
1446 5532 1634 5605 jurare
1661 5540 1951 5593 renuentes

349 5631 496 5688 laesae
519 5639 839 5687 accusarent
865 5630 1181 5703 majestatis.

348 5778 358 5796 ,
431 5722 624 5781 Verum
645 5723 699 5783 hi
719 5722 789 5781 ad
810 5725 1038 5799 impium
1070 5720 1583 5797 hocjusjurandum,
1607 5720 1767 5781 modo
1793 5720 1948 5781 blan-

2049 4592 2352 4648 examinataz
2379 4591 2633 4665 potuerint
2668 4592 3031 4657 demonstrare,
3063 4602 3107 4647 et
3127 4592 3263 4662 quod
3284 4594 3386 4646 veri
3407 4594 3655 4649 invenerit

2050 4687 2198 4757 fides,
2224 4702 2313 4757 per
2345 4684 2647 4739 admirabile
2665 4686 2958 4756 mysterium
2983 4682 3273 4753 Trinitatis,
3294 4702 3385 4757 per
3409 4687 3651 4741 incarna-

2049 4781 2199 4835 tionis
2219 4779 2486 4833 dominica:
2510 4787 2903 4843 sacramentum,
2932 4786 2979 4831 et
3008 4792 3096 4846 per
3129 4777 3345 4831 salutem
3366 4795 3523 4850 supra
3546 4795 3657 4834 me-

2051 4882 2363 4927 moratarum
2385 4870 2701 4944 principum,
2730 4868 2950 4924 Honorii
2975 4878 3030 4923 et
3051 4867 3361 4938 Theodosii,
3385 4872 3654 4941 judicatu-

2052 4981 2376 5021 rumnteesse
2391 4964 2630 5037 promitto
2649 4959 3147 5033 (Collat._.Carthag.
3192 4972 3325 5033 post.
3354 4962 3527 5035 Optat.
3555 4964 3646 5018 lib.

2053 5077 2175 5133 pag.
2198 5058 2346 5130 481).
2383 5056 2549 5113 Vides
2583 5071 2715 5114 sane
2749 5056 2933 5129 quanti
2963 5057 3217 5111 momenti
3235 5057 3306 5111 sit
3330 5055 3434 5113 hoc
3457 5072 3644 5113 sacra-

2055 5161 2295 5210 mentum
2316 5192 2333 5220 ,
2378 5151 2521 5225 quod
2554 5151 2765 5206 duobus
2791 5150 2938 5216 aliis,
2981 5150 3174 5220 quibus
3205 5148 3336 5204 nihil
3384 5151 3646 5208 sacratius

2054 5261 2176 5303 esse
2195 5243 2484 5320 poterat,in
2511 5243 2716 5299 celebri
2733 5243 3106 5315 episcoporum
3129 5251 3268 5297 creto
3289 5242 3652 5315 conjungitur.

2054 5340 2216 5407 Plura
2262 5348 2443 5396 autem
2500 5335 2661 5409 hujus
2710 5334 3059 5408 jurisjnrandi
3114 5334 3226 5390 sive
3288 5337 3341 5389 in
3396 5336 3642 5406 publicis,

2059 5434 2176 5492 sive
2229 5430 2285 5488 in
2343 5429 2568 5504 privatis
2635 5427 2834 5496 rebus,
2888 5436 2943 5482 et
3006 5426 3387 5497 imperatorum
3442 5427 3652 5498 legibus

2054 5527 2399 5593 conﬁrmati,
2460 5522 2706 5595 exempla
2774 5519 3027 5578 omnibus
3078 5520 3210 5576 satis
3243 5519 3395 5577 obvia
3450 5523 3650 5593 stepius

2053 5632 2347 5683 occurrunt
2369 5620 2521 5697 (Cod.
2555 5620 2806 5678 Theodos.
2836 5620 2935 5693 leg.
2976 5618 3089 5675 Vlll
3126 5619 3189 5673 de
3238 5628 3373 5691 pact.
3405 5628 3451 5674 et
3477 5629 3646 5674 trans-

2053 5727 2154 5773 act.
2182 5724 2224 5790 ).
2247 5714 2389 5774 Nihil
2407 5714 2632 5790 itaquea
2657 5714 2812 5774 nobis
2838 5710 3215 5789 adjiciendum,
3243 5712 3344 5771 nisi
3373 5711 3632 5786 antiquis-
