4212 6262
580 284 602 340 I
613 281 717 337 047

1644 264 1710 321 IN
1749 256 2217 320 TEBTULLIANI
2246 245 2780 311 APOLOGETICUM

3739 241 3891 302 1018

578 398 775 455 simum
803 409 923 450 esse
951 389 1112 448 dandi
1140 385 1300 455 hujus
1329 380 1652 441 sacramenti
1674 392 1902 433 morem.
1920 374 1978 429 In
2009 372 2178 427 sacris
2207 372 2262 434 Α
2285 377 2341 425 et
2368 368 2610 424 minister
2634 365 2896 438 publicus.
2933 363 3009 420 De
3035 358 3352 433 triumphali
3378 357 3661 417 enimvero
3683 371 3844 414 curru
3866 398 3883 426 ,

580 487 843 560 siquidem
880 479 1170 551 Scripturis
1191 476 1426 548 (Genes.,
1458 490 1577 544 cap.
1628 468 1792 533 XLII,
1825 467 1914 532 15,
1946 463 2060 537 16),
2083 463 2174 520 Jo-

582 581 717 653 seph
759 573 1067 635 Patriarcha
1112 587 1206 642 per
1247 569 1471 624 salutem
1511 561 1812 622 Pharaonis
1848 560 1932 616 bis
1965 560 2177 629 jurasse

582 649 851 729 narratur.
900 664 1011 721 Nos
1056 671 1235 718 tamen
1281 659 1510 715 Basilius
1567 655 1801 712 monitos
1849 666 1969 707 esse
2009 649 2178 705 voluit

581 765 715 823 illud
761 759 975 818 etiamsi
1021 756 1307 829 quamdam
1364 769 1472 823 prae
1529 766 1589 807 se
1644 748 1784 806 ferat
1824 742 2176 818 jurisjurandi

579 858 814 930 speciem
834 895 852 921 ,
879 869 986 908 non
1020 849 1240 922 pr0prie
1276 847 1476 902 dictum
1509 858 1629 900 esse
1653 837 2048 911 jusjurandum,
2082 832 2177 890 sed

579 926 794 1020 aliquod
824 946 1002 1017 potius
1028 939 1346 1005 remedium,
1370 953 1477 1007 quo
1502 950 1589 990 res
1616 934 1792 1002 aliqua
1824 929 1993 1002 possit
2021 926 2178 1020 audi-

581 1016 789 1099 toribus
812 1016 1020 1093 facilius
1044 1032 1350 1104 persuaderi
1374 1027 1558 1100 (Busil.
1583 1024 1760 1080 homil.
1791 1024 1842 1076 iu
1873 1021 2003 1087 psal.
2033 1016 2175 1085 XIV,

578 1135 662 1207 9.).
689 1136 754 1188 At
775 1122 1138 1186 Tertullianus
1163 1133 1345 1191 aperte
1373 1121 1682 1192 pronuntiat
1709 1112 2180 1169 ideuChristianus
2231 1171 2235 1176 ,

578 1204 793 1298 jurasse
820 1240 915 1294 per
932 1221 1157 1275 salutem
1190 1216 1526 1285 imperatoris
1548 1254 1561 1278 ,
1594 1211 1714 1282 quia
1742 1207 1960 1272 saluum,
1984 1204 2176 1275 inquit,

585 1322 813 1376 volumus
841 1331 965 1376 esse,
996 1312 1131 1381 quod
1161 1310 1296 1363 Deus
1321 1308 1476 1361 voluit
1498 1348 1513 1369 ,
1536 1314 1580 1359 et
1630 1319 1721 1374 pro
1750 1317 1932 1372 magno
1955 1300 2007 1353 id
2030 1300 2180 1369 jura-

584 1422 752 1466 mcnto
777 1407 1016 1462 habemus
1038 1401 1371 1471 (Turtullian.
1401 1397 1694 1467 Apologet.,
1733 1410 1778 1446 ε.
1825 1391 1917 1453 3‘2,
1945 1407 1998 1458 p.
2027 1389 2176 1460 M7).

586 1502 845 1573 lntelligis
883 1502 1044 1571 igitur
1069 1507 1324 1568 quantum
1375 1494 1513 1548 inter
1533 1489 1865 1546 Christianos
1904 1496 1956 1539 et
2008 1482 2181 1537 ethni-

585 1611 701 1656 cos.
723 1594 1076 1663 sicjurautcs,
1094 1597 1211 1644 erat
1231 1587 1541 1640 discrimen.
1561 1578 2061 1649 Christianiquippc
2083 1574 2183 1630 hac

586 1689 801 1762 publica
839 1682 1185 1755 jurtsjurandi
1219 1680 1476 1751 religione
1514 1674 1852 1730 affirmabant
1884 1673 2097 1726 sincero
2119 1684 2178 1724 se

2276 464 2477 534 illoque
2504 460 2768 516 monitore
2797 460 2913 514 haec
2934 457 3168 513 cecinit:

2532 588 2608 628 ιιι
2627 593 2701 633 πῶς
2725 587 2781 624 ἰπὶ
2805 588 2870 625 τοῦ
2900 584 3063 636 ἅρματος
3085 579 3262 632 δημόσιος
3284 582 3446 629 olnt-sne,

2533 639 2694 690 ὅκιοοιν
2714 652 2846 687 τοῦτον
2866 644 3021 686 ἴστε-ιιι
3036 647 3100 684 τὸν
3118 647 3296 695 στίν-σον
3314 644 3462 695 ἐνίκων,

2535 712 2610 752 Καὶ
2627 711 2739 762 λέγων
2761 710 2879 762 τούτῳ
2898 712 2987 762 πρὸς
3001 722 3045 748 τι
3059 700 3135 754 οὖς’
3155 709 3217 746 ui.
3236 708 3282 745 τὸ
3303 708 3457 745 sum"
3479 704 3591 756 sua

2442 807 2505 871 Et
2523 805 2768 871 quomodo
2790 808 2840 854 in
2865 816 3013 855 curru
3037 801 3260 867 publicus
3271 800 3528 871 minister,

2444 864 2587 920 Pon'e
2613 869 2743 918 hunc
2763 873 2880 925 stat,
2908 864 3135 916 coronam
3160 864 3431 925 sustinens.

2436 919 2500 984 lit
2518 931 2696 987 dicens
2707 929 2819 980 huic
2839 919 2890 978 in
2908 940 3097 983 aurem,
3109 931 3157 978 et
3177 922 3295 992 quid
3317 937 3351 974 a
3367 932 3505 992 tergo
3525 926 3613 983 est,
3633 919 3843 989 respice.

2998 1008 3189 1072 (Tecta.
3208 1005 3413 1061 chiliad.
3442 1005 3719 1073 15,3561.)

2284 1123 2488 1179 Plinius
2527 1138 2657 1177 vero
2701 1122 2850 1178 illum
2894 1118 3127 1190 appellat
3169 1115 3384 1171 invidia!
3412 1123 3468 1170 et
3492 1114 3672 1185 gloria:
3699 1113 3879 1170 medi-

2283 1230 2440 1270 cum:
2466 1213 2657 1267 Curras
2679 1256 2694 1275 ,
2721 1211 2892 1297 iuth
2916 1252 2932 1277 ,
2957 1207 3385 1279 triumphantium
3406 1208 3496 1260 sub
3516 1205 3590 1258 his
3610 1204 3843 1272 pendens
3864 1243 3880 1270 ,

2284 1306 2513 1373 defendit
2540 1304 2764 1359 medicus
2789 1296 2996 1357 inuidiae
3020 1318 3034 1367 ;
3054 1300 3297 1372 jubetque
3322 1298 3524 1353 eosdem
3539 1297 3787 1366 respicere
3812 1296 3892 1350 si-

2283 1398 2422 1453 milis
2465 1397 2715 1452 medicina
2762 1396 2980 1465 linguae,
3009 1408 3072 1446 ne
3094 1393 3158 1446 sit
3185 1399 3396 1446 exorata
3424 1405 3459 1442 α
3480 1398 3618 1460 tergo
3643 1389 3885 1458 fortuna,

2284 1493 2459 1564 gloria
2497 1491 2727 1562 carnifex
2753 1487 2904 1561 (Plin
2935 1530 2949 1554 ,
2976 1487 3064 1542 lib.
3108 1482 3320 1541 XXVIII
3355 1492 3527 1538 natur.
3569 1480 3734 1546 Hist,
3755 1497 3805 1535 c.
3830 1479 3883 1536 4.

2287 1605 2339 1657 p.
2371 1586 2479 1643 570
2508 1588 2552 1658 ).
2586 1587 2656 1641 At
2683 1587 2728 1640 si
2759 1599 2920 1640 sanus
2946 1591 3001 1639 et
3031 1584 3238 1653 integer
3276 1581 3346 1636 sit
3374 1580 3462 1635 hic
3505 1576 3660 1634 Plinii
3698 1577 3885 1640 locus,

2288 1680 2359 1734 ibi
2408 1676 2675 1747 significat
2721 1674 3015 1742 invidiam,
3048 1690 3207 1746 quam
3260 1671 3656 1743 triumphantes
3708 1668 3887 1726 facere

583 1783 767 1838 animo
800 1777 1158 1847 imperatoris,
1194 1772 1282 1843 qui
1318 1787 1348 1825 a
1387 1770 1502 1825 Deo
1530 1768 1658 1837 ipsis
1698 1762 2020 1836 praepositus
2044 1771 2175 1829 erat,

2289 1770 2408 1826 aliis
2436 1768 2679 1825 solebant
2699 1810 2714 1832 ,
2742 1777 2833 1822 aut
2862 1780 3012 1822 vanae
3054 1766 3240 1838 gloria:
3267 1765 3486 1830 vitium,
3508 1780 3617 1834 quo
3642 1762 3888 1818 fascinari

582 1884 772 1944 optare
804 1885 869 1925 ac
892 1880 1075 1939 petere
1109 1866 1356 1920 salutem.
1401 1860 1616 1935 Ethnici
1653 1874 1783 1914 vero
1808 1856 1968 1927 impia
1995 1853 2182 1909 adula-

582 1966 732 2021 tione
765 1963 1164 2031 imperatorem,
1186 1970 1350 2028 quem
1377 1961 1648 2009 mortuum
1675 1949 1951 2020 optabant,
1972 1957 2185 2001 contes-

584 2057 837 2112 tabantur
862 2067 984 2108 esse
1014 2051 1181 2127 Deum
1209 2090 1225 2115 ,
1257 2056 1312 2104 et
1335 2062 1477 2102 veru!
1517 2042 1811 2099 divinitatis
1843 2039 2181 2110 participem.

588 2148 723 2206 Tam
750 2146 968 2203 nefaria:
1008 2152 1187 2197 autem
1228 2138 1609 2195 assentationis
1647 2133 1801 2190 testis
1828 2129 2101 2205 profesto,
2129 2136 2186 2184 et

586 2237 836 2295 conscius
875 2235 972 2290 luit
1003 2231 1277 2298 lloratius,
1316 2229 1406 2300 qui
1449 2227 1516 2282 ad
1554 2226 1825 2281 Caesarem
1855 2223 2181 2291 Augustum,

587 2330 663 2385 uti
692 2328 818 2384 alibi
861 2323 1235 2380 annotavimus
1259 2319 1561 2391 (Dissertat.
1604 2317 1658 2370 in
1683 2313 1875 2370 Μίνωι.
1900 2354 1917 2382 ,
1940 2328 2055 2384 cap.
2087 2310 2179 2380 12,

591 2430 691 2477 art.
715 2421 796 2495 3),
814 2419 930 2475 haec
960 2415 1175 2486 scripsit
1194 2412 1432 2469 carmina
1453 2428 1465 2465 :

804 2535 1047 2587 Praesenti
1070 2531 1159 2583 tibi
1184 2535 1401 2580 maturos
1418 2525 1654 2592 largimur
1677 2526 1911 2592 honores,

807 2595 1152 2658 Jurandasque
1167 2599 1312 2658 tuum
1335 2604 1427 2658 per
1449 2588 1630 2658 nomen
1651 2588 1877 2658 ponimus
1896 2598 2023 2658 aras.

1122 2656 1319 2717 (Horat.
1336 2647 1421 2704 lib.
1446 2659 1484 2711 ι,
1503 2650 1640 2715 epist.
1656 2647 1714 2711 ’1,
1737 2661 1784 2699 o.
1813 2650 1872 2701 15
1891 2654 1939 2701 et
1953 2647 2052 2713 16.)

1183 2772 1473 2814 Ακτιςυιυε
1511 2772 1585 2813 ιν.

586 2881 902 2939 Christianos
940 2891 1209 2952 perperam
1236 2872 1300 2927 ab
1325 2870 1537 2927 ethnicis
1577 2869 1714 2925 (teste
1759 2866 2040 2939 majestatis
2081 2866 2179 2921 hu-

655 2988 825 3030 manae
860 2971 1051 3026 idcirco
1091 2965 1413 3031 insimulari,
1452 2962 1590 3034 quod
1629 2962 1960 3031 imperatores
2005 2974 2185 3013 vocare

655 3072 776 3137 deos
798 3066 988 3121 nollent
1015 3079 1032 3118 :
1059 3064 1227 3132 ipsum
1246 3060 1599 3126 imperatorem
1622 3068 1732 3109 sua:
1757 3051 2070 3119 inﬁrmitatis
2088 3048 2184 3104 ad-

2290 1871 2572 1934 poterant,
2594 1861 2772 1917 sanari
2801 1859 3049 1915 medicina
3078 1860 3268 1932 lingua:
3304 1857 3567 1914 adstantis
3597 1856 3765 1924 servi,
3798 1857 3886 1929 qui

2289 1956 2705 2027 triumphantem
2741 1955 2989 2009 humana:
3018 1969 3130 2008 sum
3170 1951 3496 2009 conditionis
3540 1951 3883 2007 admonebat.

2287 2050 2419 2105 Nam
2449 2048 2589 2105 idem
2636 2045 2841 2103 Plinius
2884 2046 3009 2101 alibi
3043 2053 3228 2115 aperte
3255 2043 3391 2099 dixit
3418 2058 3677 2098 coronam
3699 2042 3885 2097 trium-

2287 2141 2503 2215 phantis
2529 2156 2559 2196 a
2590 2150 2748 2197 Servo
2773 2126 3027 2195 sustineri
3056 2136 3247 2212 (lbid.,
3278 2135 3366 2192 lib.
3397 2134 3643 2202 XXXIII,
3670 2152 3785 2205 cap.
3806 2136 3880 2209 1).

2357 2234 2556 2290 Verum
2585 2231 2708 2304 quia
2741 2232 2905 2301 priori
2934 2231 3053 2285 loco
3083 2233 3291 2304 fortuna
3319 2240 3544 2285 vocatur
3570 2229 3752 2300 gloria
3773 2244 3882 2284 car-

2287 2326 2458 2397 nifex.
2491 2324 2615 2380 hinc
2656 2323 2886 2379 fortasse
2917 2321 3153 2379 Isidorus
3183 2322 3236 2376 iu
3264 2320 3505 2377 animum
3534 2319 3743 2375 induxit
3766 2334 3879 2378 mo-

2286 2420 2517 2474 nitorem
2562 2418 2714 2472 illum
2760 2432 2865 2471 non
2912 2431 3127 2471 servum
3171 2414 3338 2471 fuisse
3363 2457 3380 2483 ,
3410 2413 3508 2471 sed
3534 2414 3877 2470 carniﬁcem:

2288 2511 2708 2582 Triumphantes
2735 2525 2763 2563 a
2792 2510 3031 2580 carniﬁce
3053 2550 3068 2574 ,
3098 2509 3308 2580 inquit,
3351 2508 3799 2583 contingebantur,
3832 2515 3879 2562 st

2182 2660 2193 2668 ,
2285 2605 2355 2659 ad
2407 2614 2607 2658 tantum
2658 2603 2921 2675 fastigium
2970 2603 3125 2657 evecti
3155 2643 3171 2668 ,
3220 2601 3585 2656 mediocritatis
3636 2599 3869 2653 humani:

2284 2702 2718 2750 commonerentur
2759 2692 2972 2764 (Isidor.
2997 2735 3013 2761 ,
3046 2694 3136 2749 lib.
3165 2690 3327 2749 XVIII
3374 2688 3575 2762 Origin.
3596 2732 3614 2759 ,
3650 2706 3764 2762 cap.
3790 2689 3833 2745 Ξ
3852 2728 3869 2754 .

2285 2810 2340 2862 p.
2371 2789 2518 2863 I56).
2542 2787 2644 2845 Sed
2674 2786 2867 2843 melius
2897 2786 3081 2857 procul
3103 2785 3267 2842 dubio
3295 2784 3364 2839 ab
3388 2783 3712 2856 Hieronymo
3737 2781 3867 2839 sim-

2284 2882 2496 2953 pliciter
2533 2888 2870 2950 nuncupatur
2895 2894 3062 2933 comes
3081 2877 3214 2957 ,‘qui
3245 2875 3448 2932 medias
3475 2876 3619 2930 inter
3645 2872 3868 2945 pupulu-

2287 2990 2406 3030 rum
2450 2972 2870 3029 acclamationes
2898 2970 2953 3025 in
2996 2985 3182 3026 aurem
3216 2967 3558 3040 triumphanti
3585 2976 3875 3023 memorata

2285 3082 2316 3122 a
2344 3065 2678 3122 Tertulliano
2721 3063 2883 3119 verba
2931 3062 3269 3133 suggerebat.
3314 3060 3391 3116 Ad
3432 3059 3650 3116 Paulam
3676 3060 3870 3130 quippe

655 3161 903 3216 monitum
930 3157 1087 3229 fuisse
1115 3155 1169 3207 in
1198 3151 1422 3206 maxima
1466 3146 1711 3216 triumphi
1751 3144 1953 3216 gloria:
1977 3158 2175 3198 recusa-

2288 3158 2508 3230 scripsit
2536 3176 2550 3212 :
2583 3154 3037 3227 Triumphantibus
3062 3154 3117 3208 in
3141 3170 3293 3208 curru
3310 3162 3439 3207 retro
3457 3167 3621 3206 comes
3644 3150 3865 3205 admen-

655 3263 763 3308 tum
786 3252 850 3306 ab
872 3249 1101 3321 Augusto
1130 3244 1330 3301 Cwsare
1349 3241 1431 3296 dei
1451 3256 1511 3295 ac
1537 3237 1731 3293 domini
1750 3252 2028 3309 cognomen
2050 3251 2070 3290 :
2094 3235 2185 3290 im-

653 3354 912 3417 peratores
941 3358 972 3394 a
998 3336 1299 3394 Christianis
1347 3332 1575 3388 dominos
1618 3345 1737 3385 voce
1779 3327 2041 3384 communi
2084 3343 2181 3398 ap-

656 3437 911 3507 pellatos:
937 3433 1083 3503 nefas
1135 3427 1404 3502 gentilibus
1455 3426 1614 3497 fuisse
1655 3424 2015 3493 imperatorem
2065 3430 2183 3475 ante

654 3540 867 3583 mortem
903 3536 950 3580 et
976 3523 1290 3598 apotheosim
1321 3522 1469 3575 deum
1495 3519 1679 3574 dicere.

652 3639 810 3694 Nulla
851 3648 1003 3694 certe
1049 3636 1220 3706 major
1263 3643 1381 3690 erat
1422 3632 1786 3704 perversitas,
1816 3644 1974 3700 quam
2000 3628 2180 3700 genti-

582 3730 717 3786 lium
743 3770 760 3797 ,
785 3728 876 3799 qui
915 3726 1233 3781 Christianis
1279 3725 1453 3778 dicam
1481 3722 1626 3778 lat-sa:
1656 3713 1953 3792 majestatis
1979 3720 2181 3776 idcirco

580 3820 924 3883 scribebant,
955 3816 1098 3887 quod
1143 3817 1500 3885 imperatores
1538 3812 1670 3869 deos
1696 3828 1891 3867 Vocare
1915 3815 1939 3880 ,'
1960 3820 2055 3866 aut
2091 3812 2179 3866 di-

577 3912 721 3968 vinis
758 3909 980 3966 afficere
1026 3906 1320 3963 honoribus
1366 3906 1526 3976 plane
1570 3914 1901 3960 recusarent.
1953 3902 2086 3959 Nam
2120 3912 2180 3958 ut

578 4003 715 4062 scite
744 4000 1109 4058 Tertullianus
1137 3997 1350 4067 arguit:
1382 3994 1554 4067 Negat
1591 3995 1741 4050 illuni
1769 3993 2176 4064 imperatorem,

579 4097 667 4170 qui
694 4098 845 4151 deum
874 4093 1014 4147 dicit.
1045 4090 1167 4146 Nisi
1191 4090 1343 4145 homo
1360 4129 1376 4156 ,
1404 4105 1507 4142 non
1535 4097 1607 4142 est
1647 4087 1927 4155 imperator
1952 4084 2178 4159 (Tertul-

577 4188 703 4244 lian.
755 4186 1049 4258 Apologet.,
1094 4201 1210 4253 cap.
1240 4183 1332 4248 ‘55,
1363 4198 1416 4253 p.
1453 4178 1601 4249 M9).
1628 4177 1855 4234 Inficiari
1886 4180 2028 4232 enim
2055 4178 2177 4248 quis

575 4288 792 4352 potest,
819 4293 887 4333 ex
931 4282 1084 4347 patre
1116 4291 1179 4332 ac
1207 4285 1380 4330 matre
1417 4272 1638 4328 homine
1675 4272 1911 4342 genitum
1939 4270 2174 4339 impera-

577 4383 788 4439 torem,
818 4384 940 4426 esse
978 4384 1084 4424 non
1131 4383 1290 4439 posse
1340 4368 1505 4422 Deum
1528 4406 1543 4431 ,
1572 4364 1663 4437 qui
1702 4372 1934 4419 aeternus
1960 4361 2031 4416 sit
2058 4375 2176 4417 om-

577 4464 709 4522 nino
738 4462 994 4536 oportet?
1020 4459 1309 4516 Christiani
1338 4473 1467 4529 ergo
1486 4498 1501 4524 ,
1524 4456 1616 4527 qui
1664 4455 2012 4512 fmdissintam
2051 4453 2173 4509 eth-

2290 3251 2374 3305 bat
2395 3291 2408 3314 ,
2442 3266 2532 3321 per
2560 3248 2787 3320 singulas
2813 3246 3203 3301 acclamationes
3243 3246 3427 3301 civium
3455 3244 3623 3299 dicens
3646 3259 3665 3299 :
3694 3240 3870 3298 Hanci-

2284 3361 2401 3399 nem
2424 3353 2472 3398 te
2494 3351 2739 3398 memento
2778 3338 3106 3415 (Hierongm.
3132 3380 3149 3406 ,
3190 3339 3340 3408 epist.
3388 3337 3461 3393 22
3484 3380 3499 3403 ,
3547 3341 3619 3391 ad
3668 3333 3871 3404 PauL).

2284 3435 2443 3507 Atqui
2491 3435 2536 3490 si
2604 3435 2896 3504 imperator
2949 3432 3001 3487 iu
3055 3441 3203 3486 tanta
3261 3430 3515 3502 triumphi
3555 3444 3749 3502 pompa
3779 3428 3864 3485 de-

2282 3530 2441 3586 bebat
2486 3528 2834 3585 humanitatis
2881 3541 2993 3583 suae
3042 3526 3358 3590 reminisci,
3433 3535 3637 3597 quanto
3702 3521 3864 3594 magis

2284 3638 2380 3693 per
2405 3631 2572 3677 totum
2601 3621 2700 3676 via:
2729 3635 2839 3675 sua:
2862 3634 3117 3675 cursum-
3135 3617 3250 3672 Non
3282 3625 3529 3688 poterant
3554 3631 3687 3688 ergo
3715 3617 3862 3670 Chn—

2282 3715 2444 3771 stiani
2505 3714 2671 3768 ullum
2724 3712 3103 3782 imperatorem
3161 3724 3359 3766 vocare
3408 3710 3624 3775 Deum;
3666 3704 3870 3780 quando

2281 3807 2527 3878 quidem,
2561 3816 2618 3861 ut
2649 3814 2796 3860 recte
2839 3805 2915 3858 ait
2958 3801 3320 3858 Tertullianus
3341 3843 3357 3869 ,
3391 3800 3699 3877 nesciebant
3723 3814 3872 3854 men-

2284 3900 2410 3966 tiri,
2441 3909 2536 3954 aut
2578 3899 2725 3954 illum
2771 3895 3021 3952 deridere
3051 3910 3156 3950 non
3196 3893 3472 3951 audebant
3512 3892 3533 3964 (
3566 3891 3851 3947 Tertullian

2281 3994 2549 4064 Apologet.
2576 4031 2592 4055 ,
2622 4008 2737 4062 cap.
2763 3990 2865 4056 55,
2895 4007 2945 4061 p.
2977 3987 3133 4058 M9).

2353 4084 2518 4140 Instat
2554 4083 2731 4138 adhuc
2760 4101 2773 4137 :
2807 4082 3062 4154 Augustus
3082 4123 3098 4149 ,
3127 4079 3344 4137 tametsi
3389 4079 3598 4135 romani
3641 4076 3872 4150 imperii,

2274 4179 2389 4251 jam
2425 4195 2455 4234 a
2485 4177 2628 4234 Iulio
2663 4176 2879 4233 Caesare
2927 4175 3168 4243 fundati,
3195 4179 3464 4248 formator,
3511 4188 3574 4226 ne
3609 4172 3877 4226 dominum

2277 4274 2514 4346 quidem,
2541 4271 2711 4327 multo
2733 4271 2909 4325 minus
2959 4269 3151 4335 deum,
3198 4268 3302 4323 dici
3346 4283 3401 4322 se
3437 4266 3631 4321 volebat
3676 4264 3868 4338 (lbid.,

2276 4382 2325 4422 c.
2385 4366 2479 4435 34,
2536 4383 2590 4434 p.
2635 4363 2785 4436 450).
2829 4363 3043 4418 Testem
3072 4376 3200 4417 vero
3238 4359 3460 4431 hujusce
3486 4355 3878 4414 moderationis

2278 4459 2323 4514 si
2364 4457 2675 4533 desideres,
2705 4455 3020 4513 Suetonium
3062 4453 3445 4508 advocabimus
3470 4493 3486 4519 ,
3513 4450 3607 4522 qui
3646 4448 3758 4505 haec
3803 4447 3882 4505 de

576 4558 823 4614 nieorum
845 4597 862 4625 ,
891 4556 1244 4626 imperatores
1283 4564 1411 4606 suos
1438 4550 1570 4605 deos
1595 4549 1976 4620 appellantium
1995 4588 2010 4613 ,
2037 4545 2172 4600 adu-
2198 4545 2252 4606 D
2279 4553 2471 4609 eodem
2521 4554 2758 4621 Augusto
2788 4546 3061 4603 memoria:
3091 4544 3325 4616 prodidit
3352 4561 3367 4600 :
3398 4541 3615 4597 Domini
3642 4539 3883 4613 αρρειια.

578 4652 835 4708 lationem
880 4648 1075 4704 merito
1122 4644 1551 4706 detestabantur,
1598 4660 1704 4699 non
1752 4651 2001 4713 p0teraut
2029 4642 2172 4696 lmsae

574 4742 875 4815 majestatis
914 4739 1160 4795 humana:
1211 4737 1350 4793 hanc
1391 4738 1461 4792 ob
1481 4751 1727 4793 caussam
1760 4736 1827 4791 ab
1852 4734 1965 4790 ullo
1992 4741 2174 4805 postu-

569 4840 692 4896 lari.

647 4935 786 5002 Quin
814 4934 973 4990 etiam
1000 4930 1363 4986 Tertulliauus
1395 4927 1751 4984 celeberrimo
1793 4921 2172 4995 triumphantis

572 5028 918 5098 imperatoris
937 5025 1182 5094 eitemplo
1202 5022 1450 5079 ethnicos
1468 5062 1483 5087 ,
1501 5021 1590 5091 qui
1617 5019 1765 5074 illum
1791 5031 1984 5072 vocare
2009 5014 2168 5072 deum

576 5127 969 5178 consueverant
991 5159 1007 5185 ,
1038 5116 1330 5187 turpissimi
1363 5113 1626 5170 mendacii
1674 5112 2010 5183 apertissime
2039 5125 2169 5165 cou-

574 5216 760 5272 vincit.
797 5214 1009 5269 Etenim
1039 5213 1091 5266 in
1125 5211 1227 5265 hoc
1252 5224 1463 5264 summu
1491 5207 1738 5261 humana:
1769 5205 1955 5274 gloria:
1980 5204 2160 5275 apice,

565 5290 681 5364 sive
699 5317 756 5362 ut
773 5307 862 5362 ille
883 5306 1139 5376 IOquitur;
1166 5304 1218 5357 in
1242 5299 1491 5370 triumphi
1508 5299 1586 5354 sui
1602 5298 1959 5352 sublimissimo
1985 5312 2161 5363 curru,

565 5398 891 5456 infirmitatis
904 5414 1037 5463 suae,
1059 5396 1377 5449 admonetur.
1401 5391 1706 5463 Suggeritur
1721 5390 1851 5443 enim
1868 5389 1913 5443 ci
1927 5407 1958 5444 a
1980 5399 2118 5460 tergo
2137 5403 2158 5443 :

564 5490 781 5562 Respice
819 5499 929 5561 post
959 5500 1040 5557 te,
1064 5489 1316 5543 hominem
1364 5494 1411 5540 te
1448 5492 1694 5540 memento
1743 5481 1953 5555 (Ibid.).
1992 5481 2160 5538 Tacet

560 5595 743 5641 autem
796 5582 917 5653 quis
965 5581 1123 5638 fuerit
1170 5580 1301 5647 ille,
1328 5578 1423 5651 qui
1467 5578 1583 5635 lure
1625 5575 1986 5649 suggerebat;
2017 5574 2156 5631 haud

558 5674 723 5732 dubie
747 5675 871 5736 auia
898 5685 1024 5730 tunc
1054 5683 1160 5730 tam
1190 5673 1399 5729 cunctis
1424 5680 1582 5727 notus
1610 5680 1765 5737 erat,
1787 5684 1945 5740 quam
1972 5669 2159 5741 paucis

548 5766 714 5822 hodie.
739 5767 1003 5838 cognitus.
1034 5767 1104 5823 At
1123 5768 1167 5823 is
1186 5765 1385 5824 Tzetze
1408 5773 1631 5823 vocatur
1656 5762 1888 5822 famulus
1905 5804 1920 5830 ,
1944 5777 2156 5833 servus,

2280 4644 2490 4708 tionem,
2514 4648 2575 4695 ut
2594 4639 2920 4696 maledictum
2940 4648 2985 4692 et
3009 4636 3338 4709 approbrium
3356 4650 3572 4705 semper,
3588 4633 3877 4704 exhorruit.

2278 4736 2426 4802 Cum,
2453 4745 2714 4806 spectante
2740 4750 2797 4788 eo
2823 4732 2989 4793 ludos,
3033 4730 3414 4803 pronuntiatum
3441 4738 3569 4783 esset
3590 4728 3647 4781 in
3672 4727 3827 4780 mimo
3853 4740 3877 4779 :

2286 4830 2331 4887 0
2360 4829 2634 4885 Dominum
2678 4842 2882 4897 (equum
2928 4835 2975 4878 et
3013 4824 3197 4877 bonum
3222 4821 3244 4875 !
3270 4829 3317 4875 et
3353 4819 3572 4874 universi
3595 4861 3613 4887 ,
3643 4816 3791 4888 quasi
3811 4816 3883 4873 de

2279 4926 2392 4995 ipso
2419 4922 2612 4976 dictum
2632 4917 2941 4974 exsultantes
2965 4913 3407 4985 comprobassent,
3440 4919 3487 4964 et
3512 4910 3689 4965 statim
3714 4924 3879 4963 omnis

2276 5016 2515 5086 uultuque
2545 5013 2810 5066 indecoras
2851 5010 3149 5064 saltationes
3184 5006 3459 5079 repressit,
3490 5013 3538 5058 et
3563 5004 3620 5058 in
3645 5002 3881 5073 sequenti

2273 5112 2355 5166 die
2384 5089 2683 5181 gravissimo
2698 5105 2942 5174 corripuit
2965 5103 3128 5156 edicto
3148 5140 3164 5168 ,
3184 5101 3545 5170 dominumque
3560 5114 3614 5152 se
3629 5106 3740 5167 post
3757 5095 3881 5149 hcc

2271 5202 2562 5276 appellari,
2596 5217 2658 5253 ne
2686 5217 2716 5252 a
2745 5197 2915 5253 liberis
2960 5195 3162 5268 quidem
3182 5236 3197 5261 ,
3230 5180 3320 5247 aut
3350 5190 3611 5263 nepotibus
3639 5187 3744 5242 suis
3789 5186 3877 5240 vel

2272 5297 2404 5354 serio
2452 5296 2529 5350 vel
2562 5296 2683 5364 joco
2726 5306 2907 5360 passus
2934 5298 3039 5352 est,
3067 5300 3221 5358 atque
3258 5283 3552 5357 hujusmodi
3592 5279 3876 5337 blanditias

2257 5394 2409 5447 etiam
2427 5389 2555 5442 inter
2570 5387 2705 5458 ipsos
2723 5380 3217 5456 prohibuit(Sueton.
3237 5379 3290 5432 in
3314 5376 3420 5432 Vit.
3439 5376 3684 5447 August,
3704 5368 3871 5447 §55).

2332 5483 2437 5541 Sed
2463 5491 2648 5539 centra
2677 5482 2918 5548 insurget
2943 5475 3137 5548 aliquis
3157 5516 3171 5539 ,
3198 5471 3461 5543 nobisque
3485 5472 3652 5526 alium
3681 5469 3875 5525 citabit

2262 5585 2453 5632 testem
2482 5572 2795 5631 Cornelium
2822 5569 3064 5626 Tacitum
3082 5610 3097 5634 ,
3129 5565 3218 5639 qui
3247 5563 3440 5619 litteris
3461 5575 3682 5634 quoque
3705 5574 3869 5617 man-

2261 5667 2406 5725 davit
2436 5666 2618 5721 varios
2647 5672 2770 5737 post
2804 5661 3045 5733 ejusdem
3089 5654 3312 5731 Augusti
3360 5662 3593 5711 mortem
3641 5666 3868 5725 sparsos

2262 5758 2424 5817 fuisse
2453 5772 2698 5816 rumores
2720 5798 2736 5825 ,
2768 5765 2928 5827 atque
2988 5754 3056 5812 ab
3092 5754 3184 5811 illo
3226 5747 3357 5806 nihil
3391 5746 3602 5803 deorum
3633 5744 3851 5803 honori-
