4212 6262
370 171 537 239 1049

1529 175 1990 236 DISSERTATIO
2020 170 2090 235 D.
2129 178 2219 237 LE
2255 179 2569 239 NOURRY.

3520 204 3523 205 '
3560 184 3712 249 £050

392 299 488 355 bus
523 298 760 355 relictum
781 338 797 366 ,
825 311 940 352 cum
975 310 1033 352 se
1060 294 1261 367 templis
1281 337 1295 361 ,
1322 302 1372 352 et
1408 296 1569 368 (mgis
1616 298 1879 351 numinum
1906 313 1996 368 per
2019 296 2073 358 A
2098 313 2220 355 csse
2251 298 2466 367 fatetur,
2494 314 2652 371 quam
2678 297 2924 367 domini;
2952 301 3076 374 quia
3099 302 3205 360 hoc
3230 304 3539 375 potestatis.
3569 303 3704 362 illud

392 394 629 464 ﬂamines
643 400 690 448 et
707 390 993 447 sacerdotes
1009 389 1106 444 coli
1128 390 1286 446 coluit
1323 389 1547 463 (Cornel.
1585 387 1752 444 Tacit.
1772 431 1788 456 ,
1831 389 1920 444 lib.
1965 388 1988 445 Ι

390 490 456 544 de
479 487 670 543 Annal.
725 494 838 553 post
875 483 1039 552 init.).
1067 483 1267 540 Verum
1308 484 1432 539 huic
1461 484 1644 555 utique
1672 483 1987 554 responderi

390 591 571 654 potest
615 581 734 637 aliis
779 578 1023 636 Suetonii
1066 578 1284 635 verbis:
1315 576 1527 648 Templa
1565 577 1790 648 quamvis
1838 578 1986 633 sciret

389 675 539 729 etiam
570 673 957 744 proconsulibus
977 672 1181 726 decerni
1198 670 1360 726 solere
1382 713 1398 737 ,
1427 670 1479 726 in
1505 670 1647 725 nulla
1670 679 1836 725 tamen
1861 688 1982 740 pro-

389 772 585 835 uincia,
629 767 730 823 nisi
774 767 1031 821 communi
1078 782 1171 820 suo
1215 764 1489 834 Rouiteque
1529 764 1739 835 nomine
1772 764 1978 833 recepit.

389 863 535 919 Nam
556 862 608 916 in
631 858 752 915 urbe
768 857 970 932 quidem
994 856 1391 928 pertinacissime
1409 854 1649 910 abstinuit
1671 855 1765 909 hoc
1791 854 1983 911 honore

385 955 629 1031 (Sueten.
667 953 723 1007 in
776 950 894 1006 Vita
931 951 1147 1022 August.
1173 990 1188 1015 ,
1218 948 1341 1022 552
1372 946 1410 1021 ).
1443 948 1626 1021 Itaque
1650 948 1859 1005 etiamsi
1885 948 1935 1004 id
1958 989 1975 1016 ,

381 1050 449 1107 de
485 1064 594 1121 quo
631 1056 813 1118 postea
843 1043 1107 1117 agendum
1131 1086 1146 1111 ,
1184 1043 1274 1099 ille
1315 1058 1501 1114 passus
1527 1043 1634 1109 sit;
1665 1057 1773 1098 non
1802 1042 1977 1099 minus

382 1152 560 1198 tamen
589 1148 800 1195 constat
827 1136 1085 1207 reiectant
1102 1135 1170 1189 ab
1186 1136 1302 1205 ipso
1317 1134 1516 1190 domini
1536 1133 1971 1204 appellationem,

377 1249 536 1304 quam
568 1231 685 1302 ejus
710 1242 1053 1285 successores
1080 1227 1389 1283 avidissime
1414 1227 1811 1296 corripuerunt.
1840 1225 1973 1281 Nam

332 1350 335 1357 ι
378 1323 582 1380 Plinius
613 1320 913 1386 Secundus,
944 1321 1195 1392 quamvis
1221 1319 1471 1375 ethnicus
1494 1360 1511 1386 ,
1541 1319 1594 1374 in
1622 1333 1720 1373 suo
1749 1317 1815 1373 ad
1842 1318 1975 1373 Tra-

371 1416 559 1485 jannm
591 1414 970 1485 imperatorem
996 1410 1329 1483 Panegyrico
1360 1411 1533 1481 palam
1580 1412 1815 1466 aSseruit
1855 1410 1970 1465 ela-

375 1523 536 1580 psum
565 1522 685 1563 esse
715 1516 927 1576 tempus
946 1546 961 1570 ,
995 1519 1103 1574 quo
1132 1504 1477 1574 imperatori,
1511 1515 1761 1575 tanquam
1789 1503 1889 1559 deo
1916 1512 1971 1559 et

374 1598 579 1653 numini
605 1639 619 1662 ,
649 1595 959 1651 adulatores
996 1596 1169 1666 ignavi
1202 1595 1611 1650 blandiebantur
1637 1613 1650 1650 :
1682 1593 1805 1649 Non
1835 1596 1969 1658 enim

2091 391 2306 462 pietatis
2352 407 2553 448 nomen
2595 402 2698 450 est.
2738 393 3079 466 QuaprOpter
3111 396 3250 453 hanc
3278 399 3366 454 ille
3388 413 3454 455 ex
3479 400 3589 470 jam
3615 399 3702 455 di-

2092 483 2195 537 ctis
2249 483 2399 539 elicit
2440 486 2847 543 conclusionem
2882 505 2894 541 :
2929 486 3096 543 Tanto
3143 492 3283 544 abest
3327 501 3381 545 ut
3420 492 3702 563 imperator

2089 573 2217 629 deus
2257 575 2438 631 debeat
2459 575 2564 631 dici
2586 618 2603 644 ,
2628 578 2763 647 quod
2783 579 2925 632 credi
2948 595 3049 633 non
3076 589 3237 649 potest
3256 620 3272 648 ,
3298 598 3403 637 non
3426 584 3576 639 mede
3595 593 3703 639 tur-

2088 667 2301 737 pissima
2325 709 2338 732 ,
2368 668 2459 723 sed
2486 677 2531 723 et
2556 670 2841 737 perniciosa
2887 671 3211 736 adulatione,
3240 673 3329 728 sed
3366 682 3608 744 tanquam
3646 676 3692 731 si

2083 758 2271 812 habens
2317 760 2671 831 imperatorem
2689 802 2704 827 ,
2735 761 2954 815 alterunt
2973 762 3205 832 appelles
3230 761 3450 835 (lbid.).
3486 763 3683 820 Verum

2087 848 2205 905 hmo
2231 850 2391 906 verba
2413 892 2429 917 ,
2459 851 2595 921 quod
2640 853 2779 907 credi
2827 868 2929 907 non
2958 863 3150 924 potest,
3185 854 3390 910 inutilia
3420 856 3561 911 haud
3587 857 3692 912 du-

2081 943 2169 1000 bie
2199 944 2310 1001 visa
2354 955 2480 1001 sunt
2526 945 2755 1016 Rigaltio
2779 989 2795 1014 ,
2824 947 2916 1018 qui
2950 947 3038 1002 illa
3060 956 3248 1005 contra
3274 949 3514 1004 omnium
3539 950 3693 1006 codi-

2022 1040 2027 1044 ’
2079 1038 2362 1103 cum,sive
2408 1038 2675 1104 editorum
2724 1039 2839 1094 sive
2885 1039 3235 1109 ineditorum,
3278 1040 3439 1096 ﬁdem
3471 1040 3691 1098 excidit.

2083 1130 2300 1188 Siccine
2326 1133 2487 1204 igitur
2530 1132 2613 1188 l‘as
2660 1134 2737 1190 illi
2781 1133 2883 1188 fuit
2910 1149 3005 1188 sua
3036 1134 3355 1191 auctoritate
3379 1150 3443 1190 ex
3475 1134 3691 1190 Tertul-

2077 1224 2205 1280 liani
2250 1234 2396 1281 textu
2440 1241 2505 1282 ea
2548 1227 2729 1282 omnia
2773 1238 3053 1297 amputare
3097 1244 3217 1298 quae
3269 1228 3536 1298 superﬂua
3583 1230 3689 1286 sibi

2077 1318 2449 1375 videbantur?
2481 1320 2670 1375 Nonne
2712 1320 2802 1376 hic
2839 1330 2923 1377 est
2966 1321 3107 1376 illius
3135 1337 3325 1377 sensus
3352 1338 3364 1375 :
3393 1322 3690 1393 imperator

2075 1423 2230 1484 pater
2258 1414 2444 1484 patria:
2477 1428 2600 1470 esse
2629 1415 2791 1470 debet
2815 1456 2827 1479 ,
2859 1423 2914 1469 at
2943 1414 3044 1470 hoc
3072 1431 3271 1471 nomen
3299 1417 3458 1487 longe
3484 1416 3687 1486 gratius
3730 1432 3740 1452 ι

2073 1513 2194 1569 est,
2223 1519 2383 1576 quam
2428 1505 2653 1561 domini.
2698 1506 3086 1575 Imperatorem
3133 1521 3265 1578 ergo
3314 1507 3514 1573 Deum,
3548 1508 3687 1571 quod

2072 1608 2199 1649 eum
2244 1609 2367 1651 esse
2406 1596 2548 1650 credi
2590 1612 2691 1651 non
2730 1605 2891 1667 potest
2916 1637 2932 1664 ,
2962 1596 3149 1652 dicere
3180 1612 3285 1651 non
3332 1597 3518 1652 debes.
3548 1597 3683 1653 Nam

371 1691 436 1745 tle
464 1703 712 1763 tyranno,
740 1690 945 1761 inquit,
972 1690 1064 1745 sed
1101 1690 1165 1743 de
1201 1690 1307 1743 cive
1328 1731 1344 1755 ,
1385 1706 1486 1744 non
1516 1690 1579 1743 de
1604 1689 1809 1743 domino
1830 1731 1844 1753 ,
1876 1690 1966 1743 sed
1992 1692 2042 1753 B
2071 1688 2174 1745 hac
2198 1691 2505 1761 turpissima
2540 1699 2595 1747 et
2619 1690 2921 1762 perniciosa
2969 1689 3279 1745 adulatione
3326 1689 3599 1760 signiﬁcas
3630 1699 3683 1747 le

368 1783 435 1838 de
458 1793 670 1853 parente
697 1783 949 1852 loquimur
972 1782 1142 1851 (Plin.
1169 1823 1185 1847 ,
1212 1780 1474 1854 Panegyr.
1517 1780 1756 1850 Troiam,
1795 1780 1960 1851 init.).

364 1873 656 1930 Christiani
686 1874 846 1945 igitur
893 1874 1089 1946 potiori
1131 1876 1256 1946 jure
1283 1875 1537 1930 nolebant
1582 1875 1960 1947 imperatorem

362 1981 558 2023 vocare
593 1966 752 2021 deum
780 1983 796 2031 ;
825 1968 946 2039 quia
968 2007 983 2031 ,
1018 1968 1157 2024 sicut
1182 1968 1255 2022 ait
1281 1970 1486 2023 Auctor
1515 1976 1720 2033 noster,
1749 1966 1844 2022 hoc
1868 1982 1960 2024 so-

360 2059 467 2116 lius
497 2058 611 2113 veri
630 2056 730 2113 Dei
754 2068 826 2113 est
841 2076 1119 2131 cognomen
1147 2059 1504 2133 (Tertullian.,
1525 2060 1818 2131 Apolegct.,
1840 2076 1958 2130 cap.

363 2152 467 2216 δι,
514 2150 750 2224 μηθ),
799 2152 1253 2223 quemadmodum
1303 2152 1429 2207 alibi
1483 2152 1959 2209 animadvertimus

361 2243 658 2318 (Dissertat.
687 2246 741 2300 in
772 2243 1164 2317 Lactant.,ctip.
1193 2245 1263 2302 12
1281 2287 1296 2311 ,
1316 2255 1415 2301 art.
1448 2244 1523 2316 I).

430 2340 567 2408 Quia
589 2354 716 2396 vero
735 2339 846 2410 jam
876 2339 1037 2412 longo
1063 2356 1161 2396 usu
1186 2348 1460 2410 receptum
1487 2346 1608 2395 erat
1629 2379 1645 2406 ,
1674 2346 1735 2394 ut
1753 2336 1957 2393 domini

356 2445 558 2487 nomen
586 2431 999 2501 imperatoribus
1028 2431 1254 2503 aliisque
1285 2430 1631 2497 tribueretur,
1665 2429 1790 2485 hinc
1815 2427 1954 2486 Ter-

354 2522 609 2578 tullianus
632 2540 649 2578 :
670 2521 849 2577 Dicam
872 2523 1053 2593 plane,
1072 2523 1262 2594 inquit,
1286 2522 1644 2593 imperatorem
1667 2522 1949 2588 dominum,

351 2617 443 2672 sed
461 2632 577 2672 voce
599 2617 891 2682 communi,
932 2616 1136 2685 quando
1163 2633 1265 2671 non
1290 2634 1442 2688 cogor
1465 2627 1519 2671 ut
1544 2617 1829 2684 dominum,
1856 2616 1954 2671 Dei

348 2708 489 2773 uice,
520 2706 689 2762 dicam
735 2707 979 2783 (Tertull.
1032 2705 1206 2781 ibid.).
1257 2708 1364 2764 Sed
1415 2708 1676 2780 Rigaltius
1704 2708 1821 2765 huic
1843 2708 1951 2764 duo

346 2800 541 2867 verba,
570 2816 690 2856 voce
727 2802 1024 2869 communi,
1049 2801 1309 2868 abstulit,
1345 2812 1455 2857 tum
1501 2803 1625 2872 quia
1668 2812 1961 2872 acceperat

347 2908 412 2951 ea
444 2895 496 2950 in
522 2894 709 2951 codice
733 2895 988 2951 Fuldensi
1030 2912 1136 2951 non
1177 2896 1362 2951 haberi
1387 2915 1403 2962 ;
1434 2904 1546 2952 tum
1577 2898 1700 2969 quia
1729 2908 1907 2954 notam
1928 2941 1944 2967 ,

346 2995 406 3042 ut
445 2988 544 3059 ipsi
595 2986 828 3053 videtur,
864 2989 1081 3057 sapiunt
1108 2987 1174 3044 de
1216 2989 1457 3060 margine
1500 3000 1830 3061 excerptum.
1876 2992 1948 3046 At

2067 1782 2294 1838 alterum
2340 1782 2543 1839 habere
2570 1783 2949 1853 imperatorem
2978 1824 2994 1849 ,
3023 1782 3113 1852 qui
3145 1782 3287 1837 Deus
3311 1798 3417 1838 non
3445 1783 3555 1852 sit,
3585 1783 3680 1840 sed

2066 1874 2263 1942 homo,
2286 1877 2377 1947 qui
2409 1877 2500 1933 tibi
2531 1876 2737 1933 homini
2778 1879 3024 1946 imperet.

2136 1967 2381 2038 Denique
2404 1968 2448 2023 si
2489 1969 2715 2040 gentiles
2743 1968 2949 2040 legibus
2979 1968 3323 2037 moribusque
3348 1968 3462 2024 suis
3480 1970 3666 2026 stetis-

2062 2070 2219 2129 sent,
2254 2061 2335 2118 las
2378 2062 2483 2117 illis
2529 2078 2636 2117 non
2682 2071 2799 2118 erat
2845 2063 3011 2117 ullum
3063 2063 3442 2133 imperatorem
3471 2077 3672 2118 vocare

2062 2155 2223 2213 deum
2250 2197 2264 2222 ,
2297 2156 2400 2211 nisi
2446 2165 2560 2228 post
2594 2156 2713 2226 ejus
2760 2164 2988 2211 mortem
3015 2198 3031 2223 ,
3064 2165 3119 2211 et
3146 2154 3519 2227 apotheosim,
3551 2155 3665 2212 sive

2062 2251 2116 2307 in
2142 2251 2275 2307 deos
2318 2251 2783 2306 senatusconsulto
2808 2292 2823 2315 ,
2853 2258 2910 2304 ut
2937 2264 3096 2321 supra
3129 2247 3360 2303 vidimus
3382 2290 3398 2315 ,
3430 2249 3647 2304 relatio-

2059 2357 2206 2398 nem.
2234 2342 2446 2399 Etenim
2482 2343 2807 2397 maledictum
2848 2350 2921 2395 est
2947 2382 2962 2404 ,
2993 2341 3069 2395 ait
3098 2340 3490 2403 Tertullianus,
3522 2349 3643 2395 ante

2057 2436 2378 2508 apotheosim
2408 2436 2558 2490 deum
2586 2434 2840 2490 Ctesarem
2878 2449 3172 2501 nuncupare
3198 2432 3249 2506 (1
3259 2429 3410 2504 bid.).
3441 2431 3650 2489 Solem-

2060 2543 2184 2584 nem
2214 2542 2343 2582 vero
2372 2527 2530 2596 hujus
2567 2526 2885 2597 apotheosis
2931 2540 3181 2594 pompam
3213 2534 3408 2594 praeter
3431 2534 3659 2581 caeteros

2061 2628 2311 2674 accurate
2335 2618 2622 2688 descripsit
2651 2617 2987 2674 Herodianus
3011 2659 3025 2681 ,
3059 2632 3267 2687 nosque
3297 2618 3445 2687 prius
3471 2617 3659 2671 admo-

2051 2720 2145 2767 net
2172 2712 2225 2767 in
2254 2712 2621 2767 Romanorum
2672 2726 2822 2765 more
2871 2710 3101 2780 positum
3143 2718 3202 2764 ut
3239 2711 3595 2779 imperatores
3622 2726 3654 2766 a

2052 2803 2459 2858 successoribus
2485 2802 2597 2856 suis
2623 2808 3095 2866 consecrarentur,
3124 2808 3286 2870 atque
3312 2802 3381 2854 ita
3412 2801 3655 2859 declara-

2004 2888 2015 2903 ’
2051 2908 2239 2948 remur
2264 2894 2404 2948 inter
2423 2892 2555 2948 deos
2574 2893 2727 2948 relati
2755 2891 3070 2965 (Herodian.
3113 2893 3311 2949 Hister.
3341 2895 3418 2949 sui
3444 2904 3660 2966 temper.

2052 2999 2106 3051 p.
2138 2982 2293 3054 540).
2329 2985 2500 3040 Antea
2529 2984 2690 3055 igitur
2720 2983 2799 3039 fas
2830 2983 2959 3039 nulli
2990 2993 3108 3039 erat
3136 2985 3255 3040 illos
3280 3000 3477 3042 vocare
3500 2986 3655 3042 deos.

343 3080 432 3136 illa
463 3081 624 3136 verba
682 3080 735 3134 in
783 3081 1032 3136 omnibus
1084 3081 1283 3136 nostris
1326 3090 1381 3137 et
1418 3081 1572 3150 aliis,
1600 3084 1715 3139 sive
1752 3084 1946 3148 editis,
1980 3073 2024 3137 C
2059 3074 2323 3142 Quocirca
2366 3075 2649 3131 Cornelius
2674 3075 2894 3132 Tacitus
2918 3076 3128 3132 decimo
3153 3078 3340 3148 quinto
3368 3079 3653 3135 Annalium

340 3173 459 3230 sive
506 3175 886 3245 manuscriptis
934 3175 1334 3246 exemplaribus
1381 3187 1692 3233 occurrunt.
1756 3177 1943 3234 Nullus

339 3272 521 3321 autem
560 3266 834 3322 dubitandi
884 3267 1039 3323 locus
1080 3278 1205 3332 est,
1231 3268 1359 3337 quin
1408 3270 1592 3340 plures
1624 3271 1940 3341 antiquitate

337 3364 434 3418 sua
467 3360 791 3417 Fuldensem
823 3370 1095 3434 superent.
1119 3362 1401 3431 Quomodo
1432 3365 1591 3435 igitur
1606 3380 1671 3419 ex
1700 3364 1939 3436 margine

335 3453 391 3509 in
421 3462 621 3511 testum
652 3454 737 3508 illa
767 3455 967 3509 intrudi
1014 3458 1348 3526 potuerunt?
1372 3456 1560 3511 Nonne
1598 3457 1759 3512 etiam
1790 3457 1933 3527 opti-

333 3562 483 3603 mum
528 3561 768 3613 sensum,
800 3557 856 3603 et
901 3549 1151 3604 Auctoris
1196 3550 1474 3622 proposito
1522 3549 1933 3606 convenientem

332 3638 574 3695 efficiunt
598 3637 623 3691 ἲ
664 3639 1046 3709 Imperatorem
1072 3682 1087 3707 ,
1135 3640 1342 3711 inquit,
1371 3640 1581 3712 appello
1611 3641 1886 3696 dominum
1912 3684 1927 3709 ,

329 3735 547 3806 quando
575 3748 680 3788 non
707 3748 871 3805 cogor
897 3718 1001 3788 hec
1040 3734 1257 3790 nomine
1298 3734 1447 3790 illum
1479 3743 1731 3806 tanquam
1762 3734 1927 3791 Deum

328 3845 663 3903 agnoscere,
715 3834 810 3889 sed
860 3833 1075 3905 qu:me
1119 3850 1314 3890 nomen
1369 3833 1499 3890 illud
1549 3834 1763 3904 profero
1809 3830 1930 3889 uoce

327 3925 582 3978 cennnuni
608 3968 622 3990 ,
656 3940 751 3980 seu
781 3926 985 3998 vulgari
1012 3926 1315 3996 signilicatu
1338 3968 1353 3992 ,
1381 3941 1487 3997 quo
1515 3925 1884 4001 liliuspatrem
1906 3966 1923 3993 ,

326 4015 515 4073 herum
559 4034 748 4075 servus
773 4061 787 4084 ,
819 4020 1014 4091 aliique
1046 4020 1181 4074 alios
1226 4019 1472 4074 homines
1504 4034 1697 4074 vocare
1726 4019 1920 4075 solent.

324 4109 493 4193 Quam
526 4114 826 4168 communis
854 4123 1034 4168 autem
1063 4127 1125 4166 ac
1150 4112 1419 4184 popularis
1436 4110 1713 4168 essethazc
1741 4110 1924 4184 appel-

322 4202 452 4261 latio
474 4247 489 4270 ,
521 4206 604 4260 vel
630 4222 695 4261 ex
725 4207 844 4261 solo
871 4207 1109 4262 Martiale
1138 4206 1350 4262 disces:

475 4319 519 4371 E
540 4324 804 4387 servascis
828 4331 877 4373 te
902 4323 1143 4387 genitum,
1168 4323 1448 4387 blandeque
1470 4323 1660 4387 fateris,

538 4382 657 4434 Cum
676 4384 800 4435 dicis
812 4382 1081 4448 doniinum,
1093 4382 1380 4445 Sosibiane;
1393 4394 1603 4451 patrem.

319 4489 464 4546 Alibi
492 4506 619 4545 vero
650 4510 663 4547 :

475 4605 593 4672 Cum
620 4621 738 4659 voco
763 4614 813 4658 te
835 4609 1104 4667 dominum,
1129 4607 1225 4658 noli
1252 4608 1355 4672 tibi,
1381 4606 1550 4666 Cinna,
1578 4606 1795 4672 placere,

536 4670 687 4733 Saepe
705 4674 856 4721 etiam
877 4686 1077 4722 servum
1099 4672 1175 4733 sic;
1192 4671 1413 4733 resaluto
1435 4670 1619 4733 meum.

950 4731 1190 4797 (Martial.
1218 4731 1302 4784 lib.
1329 4740 1364 4797 l,
1390 4730 1631 4799 epigram.
1653 4732 1757 4794 82.)

314 4834 422 4892 Sed
450 4836 566 4892 haec
590 4837 712 4892 trita
733 4878 748 4903 ,
770 4837 1128 4908 omnibusque
1153 4839 1350 4910 passim
1379 4838 1532 4894 obvia
1558 4878 1577 4905 ,
1598 4837 1767 4894 iusius
1790 4852 1914 4910 pro-

312 4926 449 4983 bare
501 4944 720 4998 prorsus
766 4930 1008 4986 tmderet.
1062 4938 1138 4984 Eo
1182 4931 1343 5003 igitur
1387 4945 1549 4986 sensu
1612 4930 1812 5002 vulgari
1863 4938 1920 4986 et

311 5022 585 5075 communi
611 5019 1013 5092 imperatorem,
1040 5022 1213 5095 pergit
1242 5026 1446 5079 Auctor
1472 5031 1674 5088 noster,
1702 5021 1917 5094 appello

310 5110 598 5167 Dominum
624 5155 640 5178 ,
670 5113 765 5168 sed
790 5106 1029 5169 cwteru'm
1066 5115 1191 5170 liber
1216 5133 1326 5171 sunt
1355 5116 1465 5182 illi,
1500 5123 1600 5171 nec
1629 5116 1771 5172 illius
1795 5131 1913 5171 ser-

310 5217 428 5259 vus.
474 5204 607 5261 Nam
639 5205 887 5263 Dominus
916 5224 1057 5263 meus
1080 5250 1097 5275 ,
1129 5209 1332 5279 inquit,
1362 5226 1493 5263 unus
1519 5219 1590 5263 est
1619 5208 1756 5264 Deus
1775 5250 1789 5274 ,
1813 5226 1913 5263 om-

308 5299 539 5362 nipotens
559 5344 574 5367 ,
602 5310 648 5355 et
685 5309 904 5357 tuternus
924 5344 936 5365 .
966 5302 1102 5357 idem
1145 5303 1232 5374 qui
1270 5312 1316 5357 et
1344 5303 1510 5371 ipsius
1557 5301 1898 5372 imperatoris

305 5390 587 5460 Dominus,
618 5404 671 5452 et
697 5396 786 5452 cui
835 5397 1071 5466 proinde
1102 5407 1207 5451 tam
1247 5396 1338 5453 ille
1360 5436 1376 5461 ,
1407 5411 1567 5468 quam
1593 5396 1777 5452 eceteri
1803 5398 1905 5456 ho-

303 5485 481 5544 mines
504 5501 710 5544 servire
735 5488 934 5546 debeut
960 5486 1292 5563 (Tertullian.
1327 5490 1594 5561 Apologet.
1616 5530 1634 5557 ,
1666 5504 1764 5560 cap
1792 5489 1862 5547 54
1883 5531 1900 5559 ,

303 5594 423 5650 pag.
464 5579 619 5652 ιω).

382 5669 553 5728 Patris
597 5689 760 5746 porro
804 5690 999 5736 nomen
1042 5681 1244 5736 Auctor
1268 5684 1453 5735 noster
1496 5677 1652 5749 longe
1684 5683 1891 5752 gratius

2048 3185 2270 3224 suorum
2301 3168 2439 3226 libro
2469 3168 2634 3226 ﬁnem
2665 3170 2745 3226 bis
2776 3171 2958 3227 verbis
2989 3173 3217 3242 imponit
3244 3192 3259 3229 :
3300 3172 3468 3228 Deum
3496 3175 3659 3229 honor

2054 3263 2282 3334 principi
2320 3279 2422 3318 non
2475 3272 2595 3319 ante
2621 3264 2859 3329 habetur,
2888 3282 3043 3331 quam
3070 3282 3221 3338 agere
3258 3267 3391 3321 inter
3418 3267 3657 3322 mortales

2041 3352 2243 3408 desierit
2288 3353 2479 3427 (Tacit.
2520 3356 2609 3411 lib.
2640 3355 2736 3411 XV
2778 3356 2970 3409 Annal.
3036 3357 3089 3411 in
3125 3356 3268 3431 lim).
3301 3357 3469 3414 Recte
3506 3375 3637 3431 ergo

2041 3444 2403 3503 Tertullianus
2439 3449 2548 3503 alio
2589 3448 2645 3503 in
2676 3449 2815 3505 libro
2844 3467 2858 3504 :
2889 3448 2996 3505 Sed
3022 3466 3121 3504 non
3146 3450 3395 3515 dicimus,
3426 3452 3635 3521 inquit,

2044 3538 2194 3593 deum
2224 3540 2601 3611 imperatorem.
2635 3540 2808 3610 Super
2837 3541 2930 3596 hoc
2951 3543 3118 3604 enim,
3141 3541 3282 3612 quod
3310 3543 3458 3614 uulgo
3480 3544 3643 3610 aiunt,

2034 3646 2251 3684 sentiam
2297 3632 2487 3703 facitis.
2528 3629 2648 3686 Imo
2691 3634 2780 3703 qui
2809 3633 2960 3687 deant
2982 3633 3239 3688 Cwsarem
3269 3635 3466 3703 dicitis,
3489 3647 3533 3691 et
3562 3637 3650 3693 de-

2034 3721 2213 3776 ridetis
2240 3723 2457 3777 dicende
2481 3723 2619 3794 quod
2648 3740 2749 3778 non
2773 3736 2883 3789 est,
2919 3735 2966 3778 et
2996 3725 3129 3780 male
3159 3724 3329 3780 dicitis
3349 3768 3365 3793 ,
3393 3728 3514 3799 quia
3541 3746 3644 3784 non

2030 3813 2149 3883 uult.
2178 3830 2286 3869 esse
2310 3816 2446 3881 quod
2485 3814 2694 3880 dicitis;
2722 3816 2913 3870 mauult
2943 3817 3075 3871 enim
3108 3818 3268 3872 vivere
3287 3860 3301 3884 ,
3329 3835 3484 3888 quam
3518 3819 3646 3876 deus

2028 3905 2141 3974 fieri
2166 3905 2384 3979 (Tertul.
2418 3908 2506 3962 lib.
2559 3906 2580 3963 ι
2628 3908 2695 3962 ad
2751 3907 2894 3964 Nati.
2926 3926 3042 3981 cap.
3077 3908 3164 3971 18,
3199 3928 3251 3980 ρ.
3291 3909 3447 3983 585).
3498 3910 3635 3979 Qui:

2025 3996 2171 4052 enim
2202 4006 2333 4069 post
2374 4015 2529 4054 suam
2582 4008 2787 4055 tantum
2826 3990 3055 4057 mortem
3086 4001 3220 4056 deus
3246 4016 3368 4058 esse
3394 4013 3639 4073 poterat,

2023 4088 2261 4144 malebat
2285 4090 2466 4161 utique
2484 4092 2666 4147 vivere
2685 4133 2701 4157 ,
2724 4107 2883 4161 quam
2907 4093 3069 4145 vitam
3093 4106 3295 4162 ponere
3316 4134 3332 4158 ,
3354 4108 3420 4149 ac
3450 4103 3635 4164 postea

2025 4180 2141 4237 ﬁeri
2168 4182 2322 4243 deus,
2353 4185 2471 4239 sive
2501 4183 2677 4253 potius
2707 4183 2807 4237 hoc
2836 4181 3080 4239 mendaci
3113 4197 3332 4253 prorsus
3354 4185 3508 4241 titulo
3528 4186 3629 4244 de.
3722 4252 3731 4267 κ

2022 4273 2221 4328 corari.
2248 4272 2538 4330 Christiani
2568 4290 2698 4345 ergo
2729 4275 2870 4329 lzesrn
2910 4273 3205 4345 majestatis
3245 4276 3491 4334 hutnanre
3518 4279 3621 4347 rei,

2022 4362 2106 4417 vel
2151 4363 2347 4432 publici
2399 4363 2581 4418 hostes
2630 4378 2838 4418 sutnma
2892 4364 3008 4419 sine
3057 4366 3314 4434 injustitia
3364 4368 3469 4423 dici
3501 4368 3621 4424 ideo

1940 4467 1997 4527 Ι)
2025 4470 2135 4509 non
2192 4465 2467 4526 poterant,
2499 4455 2639 4527 quod
2693 4456 2890 4512 nollent
2942 4460 3319 4528 imperatorem
3344 4459 3616 4529 appellare

2028 4549 2215 4604 Deum.
2248 4548 2381 4604 Nam
2406 4548 2521 4604 haec
2549 4551 2834 4619 appellatio
2864 4551 2938 4606 illi
2970 4552 3068 4605 soli
3097 4552 3373 4632 competit,
3389 4552 3477 4622 qui
3500 4568 3606 4611 non

2023 4641 2214 4706 homo,
2244 4640 2340 4697 sed
2369 4653 2602 4698 internus
2627 4652 2681 4699 et
2712 4643 3028 4697 immortalis
3065 4653 3166 4699 est.

2629 4734 2859 4793 CAPUT
2924 4736 3094 4795 XXII.

2039 4844 2356 4904 Christianos
2384 4865 2474 4904 nec
2503 4849 2729 4920 publicos
2757 4866 2863 4906 esse
2886 4850 3054 4905 hostes
3076 4893 3092 4918 ,
3121 4866 3211 4905 nec
3240 4851 3503 4923 factiosos,
3532 4853 3627 4909 sed

2134 4943 2347 5012 gentiles
2366 4984 2381 5012 ,
2404 4943 2491 5014 qui
2527 4943 2646 4998 illos
2675 4945 2857 4999 horum
2884 4946 3153 5000 criminum
3177 4945 3505 5002 accusabant.

2549 5053 2849 5094 ARTICULUS
2885 5055 3096 5095 PRIMUS-

2019 5125 2261 5183 I’ublicos
2292 5128 2457 5183 hostes
2484 5146 2583 5183 non
2611 5147 2717 5186 esse
2748 5130 3085 5197 Christianos,
3114 5132 3203 5205 qui
3227 5133 3413 5187 allatas
3432 5132 3527 5187 sibi
3548 5134 3612 5187 ab

2084 5219 2299 5273 ethnicis
2337 5220 2553 5289 injurias
2592 5237 2850 5293 nunquam
2885 5223 3059 5277 ulcisci
3085 5224 3381 5289 voluerunt,
3414 5229 3620 5282 tametsi

2080 5310 2136 5364 id
2173 5310 2419 5378 facillime
2460 5313 2688 5383 possint,
2719 5315 2796 5369 vel
2833 5314 3034 5369 civitate
3085 5317 3218 5369 clam
3259 5317 3470 5372 incensa
3499 5359 3515 5383 ,
3543 5317 3623 5372 vel

2079 5404 2273 5458 indicto
2303 5404 2476 5472 palam
2506 5405 2676 5467 bello;
2705 5409 2782 5461 uel
2814 5423 2871 5481 se
2900 5405 2964 5461 ab
2989 5407 3170 5463 iisdem
3198 5407 3408 5464 ethnicis
3427 5450 3442 5474 ,
3474 5425 3619 5480 quo-

2077 5512 2191 5549 rum
2233 5497 2401 5551 minor
2438 5506 2548 5553 erat
2589 5514 2827 5555 numerus
2848 5538 2863 5563 ,
2892 5498 3182 5569 separando
3212 5502 3329 5565 ,‘tlel
3356 5499 3613 5557 dwmoues

2077 5589 2142 5643 ab
2166 5588 2484 5645 obsessorum
2526 5591 2820 5663 corporibus
2846 5608 2948 5646 non
2978 5593 3247 5663 ejiciendo.

2071 5681 2611 5759 Quantagtemeritate
2635 5684 2834 5742 ethnici
2863 5686 3196 5744 tlhrisﬁanos
3223 5688 3364 5746 laesae
3392 5686 3590 5759 majes-
