4212 6262
573 175 715 263 {ost

1655 201 1725 260 IN
1766 201 2230 262 TERTULLIANI
2264 203 2789 266 APOLOGETICUM

3739 220 3765 276 1
3774 221 3892 281 052

573 319 698 378 tatis
744 316 998 375 humanas
1023 329 1147 374 reos
1186 328 1310 376 esse
1358 315 1674 376 eﬂ'utiebant
1697 359 1713 387 ,
1748 328 1893 375 tanta
1932 319 2177 390 profecto
2203 321 2255 381 A
2282 320 2386 376 illis
2415 339 2520 377 non
2553 323 2726 380 timeri
2756 323 2984 398 (Ibid)?
3023 327 3093 383 At
3117 336 3263 384 certe
3303 337 3508 400 quanto
3539 333 3719 389 minus
3759 353 3883 396 eam

578 411 911 483 impudentia
939 412 1062 467 illos
1089 411 1332 480 publicos
1351 451 1369 479 ,
1395 427 1460 467 ac
1485 412 1651 467 totius
1701 411 1920 469 humani
1962 415 2181 486 generis

576 504 764 561 hostes
786 519 905 561 esse
929 502 1371 558 criminabantur.
1396 503 1538 558 Nihil
1558 505 1759 575 quippe
1789 505 1889 560 bac
1911 505 2181 561 calumnia

557 599 822 672 putidius
851 596 976 666 ﬁngi
1023 612 1257 666 unquam
1309 597 1496 667 potuit.
1544 599 1729 654 Divina
1760 601 2021 670 siquidem
2051 602 2167 673 lege

591 690 832 764 (Matth.,
853 706 899 743 c.
926 687 991 755 V,
1013 704 1062 742 υ.
1103 687 1173 744 59
1205 704 1220 754 ;
1267 687 1421 754 an.,
1450 705 1567 760 cap.
1588 689 1630 755 Ι,
1661 688 1813 762 υ.28)
1843 691 2169 760 prohibitum

574 784 681 842 illis
726 791 844 839 erat
887 781 979 836 ttlli
1009 781 1142 836 male
1165 821 1182 848 ,
1214 781 1292 836 uti
1341 781 1417 836 ait
1439 781 1799 837 Tertullianus
1835 781 2167 857 (Tertullian.

574 877 871 948 Apologet.,
939 891 1056 944 cap.
1116 871 1188 930 56
1227 882 1275 928 et
1326 891 1460 944 seqq.
1510 892 1630 946 pag.
1669 875 1802 940 460,
1853 886 1898 930 et
1943 875 2179 930 lib.lad

577 971 794 1027 Nation.
819 985 938 1038 cap.
973 969 1072 1035 17,
1095 985 1150 1038 p.
1183 965 1345 1039 585),
1378 968 1530 1036 velle,
1562 968 1696 1023 male
1725 973 1914 1039 facere,
1942 969 2074 1023 male
2103 969 2182 1023 di-

574 1080 686 1120 cere
704 1105 719 1130 ,
743 1063 876 1117 male
911 1061 1137 1132 cogitare
1163 1060 1228 1114 de
1249 1076 1505 1130 quoquam
1543 1101 1558 1126 ,
1590 1070 1636 1114 et
1664 1060 1868 1114 [cedenti
1909 1062 2066 1114 vicem
2091 1077 2176 1115 re-

578 1161 730 1230 ferre.
759 1160 826 1210 At
857 1154 939 1210 his
966 1153 1251 1224 praeceptis
1288 1152 1694 1208 accuratissime
1721 1152 2179 1223 obsequebantur,

575 1246 1029 1320 quemadmodum
1073 1253 1221 1315 patet
1250 1260 1318 1299 ex
1347 1244 1462 1312 his,
1493 1260 1610 1315 qua:
1635 1243 1704 1301 de
1729 1243 2083 1300 sanctissimis
2113 1244 2180 1299 il-

574 1343 749 1399 lorum
792 1340 1032 1395 moribus
1072 1347 1232 1394 antea
1259 1339 1490 1393 diximus
1520 1337 1745 1409 (Supra,
1795 1355 1911 1408 cap.
1946 1339 2015 1394 12
2035 1379 2050 1405 ,
2080 1347 2178 1392 art.

577 1435 603 1489 1
643 1444 688 1488 et
719 1428 904 1502 segq.).
952 1430 1070 1486 Non
1097 1445 1228 1500 ergo
1259 1429 1489 1500 publici,
1522 1430 1629 1485 into
1668 1445 1736 1486 ne
1778 1429 1937 1485 ullius
1965 1431 2182 1500 quidem

581 1525 815 1581 hominis
841 1566 856 1592 ,
886 1525 1054 1578 multo
1092 1524 1271 1578 minus
1298 1523 1643 1593 imperatoris
1663 1564 1678 1589 ,
1702 1531 1758 1578 et
1783 1522 1947 1578 totius
1968 1524 2184 1594 generis

579 1618 797 1674 humani
843 1615 1027 1672 hostes
1059 1624 1230 1671 erant.
1264 1614 1334 1670 Et
1362 1625 1512 1670 certe
1547 1616 1792 1687 quamvis
1821 1616 1968 1671 omni
1995 1623 2183 1671 contu-

2284 415 2628 481 verehantur,
2659 426 2807 472 tanto
2832 420 3006 474 acrius
3027 421 3262 489 quolibet
3290 423 3497 478 incerto
3529 425 3654 482 belli
3683 441 3884 489 eventu

2285 504 2892 577 depugnassent,sicque
2909 511 3199 579 potuissent
3214 511 3421 569 debitas
3433 514 3500 569 de
3519 517 3761 576 hostibus
3774 523 3886 578 suis

2287 612 2472 668 poenas
2500 607 2764 669 repetere.
2802 601 3000 656 Verum
3029 604 3285 674 religione
3312 621 3408 660 sua
3457 608 3723 679 obstricti,
3753 613 3883 670 illud

2285 706 2581 760 nunquam,
2596 695 2708 747 sive
2720 695 2933 758 armati,
2949 695 3062 750 sive
3079 697 3336 764 inermes,
3357 708 3563 755 tentare
3579 703 3882 762 voluerunt.

2356 782 2515 838 Nttllo
2541 794 2800 855 praeterea
2837 787 2906 842 ad
2929 789 3215 844 vindictam
3239 791 3380 846 bello
3403 793 3655 866 nullaque
3673 798 3720 852 vi
3750 814 3888 868 opus

2285 875 2553 932 habebant
2580 878 2742 950 (Ibid.
2778 898 2834 950 p.
2864 881 2976 936 465
3007 884 3046 952 ).
3077 883 3158 937 Ad
3184 899 3302 939 eam
3330 901 3560 958 namque
3582 889 3882 948 sufliciehat

2287 970 2502 1026 illorum
2529 972 2596 1026 ab
2623 973 2850 1028 ethnicis
2879 975 3163 1031 divortium
3191 986 3246 1032 et
3270 981 3526 1035 secessio.
3593 982 3660 1037 Ili
3687 988 3889 1057 quippe

2291 1071 2415 1116 tunc
2442 1062 2732 1120 solitudine
2777 1081 2872 1119 sua
2918 1065 3296 1137 obstupefacti,
3355 1069 3531 1141 plures
3569 1073 3895 1132 habuissent

2289 1150 2494 1218 hostes,
2533 1170 2690 1225 quam
2718 1155 2882 1222 cives,
2903 1172 2965 1213 ac
2981 1159 3170 1228 quibus
3197 1160 3541 1230 imperarent,
3571 1176 3712 1222 certe
3739 1184 3882 1237 pau-

2288 1243 2565 1299 cissimos:
2635 1244 2791 1300 Nunc
2846 1249 2999 1315 enim,
3055 1251 3130 1305 ait
3182 1251 3557 1321 Tertullianus,
3611 1261 3890 1328 pauciores

2291 1333 2456 1389 hostes
2510 1337 2702 1392 habetis
2749 1355 2859 1409 prae
2897 1342 3219 1398 multitudine
3274 1343 3670 1402 Christianorum
3725 1353 3894 1421 (pene

2290 1429 2516 1481 omnium
2558 1429 2773 1496 civium;
2815 1447 2942 1501 pene
2971 1450 3142 1488 omnes
3170 1435 3300 1490 cives
3351 1437 3665 1495 Christianos
3696 1443 3893 1497 haben-

2297 1520 2428 1585 dos;
2468 1531 2514 1574 et
2547 1523 2712 1576 hostes
2742 1525 2992 1579 maluistis
3018 1542 3195 1580 vocare
3229 1531 3427 1599 generis
3481 1531 3688 1584 humani
3723 1536 3892 1602 potius

2291 1628 2443 1682 quant
2473 1614 2657 1668 erroris
2688 1614 2921 1687 humani)
2975 1616 3185 1690 (Ibid).
3217 1617 3290 1673 Ita
3330 1620 3546 1690 quidem
3593 1623 3644 1675 in
3694 1626 3893 1680 nostris

581 1713 862 1768 meliarum
906 1717 1400 1780 tormentorumque
1445 1725 1648 1778 genere
1675 1709 1743 1764 ab
1770 1710 2182 1781 imperatoribus
2212 1723 2260 1784 Β
2289 1704 2562 1760 codicibus
2607 1708 3002 1777 tnanuscriptis,
3041 1722 3093 1763 et
3124 1709 3281 1764 editis
3336 1711 3568 1782 Rigultio
3617 1715 3890 1782 antiquio-

579 1805 810 1875 aliisque
849 1803 1080 1858 ethnicis
1141 1801 1654 1858 excarnilicarentur
1683 1819 1696 1868 ;
1728 1801 1870 1857 inter
1918 1802 2183 1872 plurimos

581 1909 790 1962 tamen,
823 1896 891 1951 de
919 1895 1112 1965 quibus
1160 1895 1318 1966 paulo
1359 1904 1480 1965 post
1527 1895 1791 1966 agendum
1819 1936 1834 1962 ,
1865 1897 1957 1966 qui
1996 1904 2181 1952 contra

581 1989 800 2046 eosdem
831 1989 1216 2056 imperatores,
1245 1996 1299 2041 et
1321 1987 1714 2058 rempublicam
1743 1987 2179 2058 conjuraveraut,

580 2081 764 2137 nullus
791 2094 1024 2150 unquam
1052 2095 1120 2135 ex
1148 2078 1255 2133 illis
1283 2079 1531 2134 inventus
1559 2088 1660 2134 est.

647 2172 1056 2244 Nequetamen
1106 2172 1233 2244 illud
1262 2172 1574 2228 eorumdem
1617 2170 2046 2227 Christianorum
2087 2179 2186 2228 aut

580 2265 900 2332 infirmitati,
926 2274 1018 2320 aut
1043 2265 1373 2335 impotentiae
1397 2276 1514 2321 erat
1540 2265 1979 2322 adscribendum.
2022 2265 2184 2325 Pote-

581 2369 700 2417 rant
728 2361 869 2415 enim
901 2358 1069 2414 factas
1094 2358 1196 2414 sibi
1224 2375 1252 2413 a
1279 2359 1569 2430 gentilibus
1609 2359 1836 2429 injurias
1874 2374 1985 2414 non
2009 2359 2183 2414 solum

579 2455 718 2509 clam
751 2468 815 2509 ac
843 2453 1000 2508 tectis
1024 2451 1313 2518 cuniculis,
1355 2451 1450 2506 sed
1482 2449 1656 2521 palam
1697 2462 1752 2507 et
1787 2459 1975 2521 aperto
2015 2459 2186 2508 marte

580 2549 789 2605 ulcisci.
849 2548 916 2602 Et
961 2547 1169 2602 occulte
1212 2544 1427 2615 quidem
1476 2563 1490 2599 :
1533 2545 1738 2615 quando
1776 2545 1853 2599 vel
1903 2562 2006 2599 una
2057 2561 2180 2611 nox,

579 2643 734 2698 sicuti
772 2646 846 2695 alt
890 2641 1270 2705 Tertullianus,
1317 2639 1544 2705 pauculis
1575 2638 1762 2708 faculis
1797 2638 2006 2708 largiter
2032 2638 2185 2692 ultio-

580 2736 660 2790 nis
685 2743 850 2804 posset
879 2733 1082 2804 operari
1127 2726 1456 2802 (Tertullian.
1482 2732 1748 2803 Apolaget.
1777 2748 1893 2802 cap.
1931 2731 2026 2796 57,
2058 2747 2181 2803 pag.

579 2828 751 2898 462);
795 2827 845 2881 id
873 2837 974 2891 est,
1025 2835 1271 2896 poterant
1300 2841 1394 2895 per
1443 2825 1688 2880 obseura:
1737 2825 1910 2880 noctis
1961 2825 2179 2880 silentia

581 2921 916 2992 paucissimis
955 2919 1165 2986 faculis,
1197 2919 1527 2990 minimoque
1555 2921 1731 2989 pretio
1771 2919 1991 2988 emptis,
2021 2919 2182 2975 urbes

583 3013 894 3070 incendere.
947 3012 1143 3067 Verum
1175 3012 1325 3075 absit,
1358 3012 1528 3083 pergit
1561 3013 1673 3080 ille,
1713 3021 1767 3066 ut
1815 3021 1904 3066 aut
1951 3013 2057 3084 igni
2087 3013 2182 3067 hu-

2288 1797 2456 1864 ribus,
2491 1798 2590 1852 nisi
2616 1799 2759 1869 quod
2787 1803 2841 1854 in
2870 1801 3188 1871 quibusdam
3217 1818 3285 1858 ex
3301 1804 3412 1883 illis
3438 1805 3630 1876 legitur
3658 1807 3892 1862 habendo

2286 1905 2386 1963 pro
2413 1891 2688 1958 habendos,
2717 1902 2878 1964 atque
2917 1895 3030 1950 haec
3055 1897 3239 1951 ultitna
3271 1899 3464 1964 verba,
3520 1901 3688 1967 potius
3736 1919 3890 1973 quam

2289 1984 2473 2036 erroris
2513 1983 2740 2052 humani,
2791 1996 3031 2043 reseCata
3073 2000 3215 2042 sunt.
3270 1988 3375 2044 Sed
3425 1989 3687 2060 Rigallius
3720 1993 3887 2049 auda-

2287 2074 2402 2130 cior
2441 2090 2504 2130 ea
2535 2078 2713 2131 omnia
2752 2081 3068 2149 amputavit,
3113 2096 3232 2151 qua:
3260 2082 3469 2136 uncinis
3499 2083 3697 2139 includi
3722 2085 3889 2154 jussi-

2288 2185 2428 2225 mus.
2487 2169 2672 2226 Tantae
2700 2181 2874 2227 tamen
2921 2174 3299 2244 amputationis
3348 2191 3416 2230 ne
3460 2193 3626 2232 unum
3672 2179 3888 2249 quidem

2289 2261 2510 2316 verbum
2545 2261 2688 2317 fecit.
2743 2262 3014 2335 Numquid
3035 2281 3164 2336 ergo
3193 2267 3482 2322 arbitratus
3507 2278 3592 2322 est
3622 2271 3883 2327 rationem

2288 2353 2432 2409 illius
2449 2359 2659 2410 cunctis
2684 2366 2863 2410 notam
2885 2372 3023 2421 esse,
3048 2358 3170 2428 quia
3193 2361 3350 2429 paulo
3372 2371 3494 2430 post
3521 2361 3882 2420 Tertullianus

2289 2444 2458 2500 dixit:
2507 2445 2692 2501 Hostes
2723 2449 2956 2514 iudicare
2996 2451 3265 2516 maluistis,
3293 2454 3378 2522 qui
3407 2470 3581 2507 sumus
3610 2458 3762 2526 plane
3786 2473 3885 2511 non

2289 2541 2486 2610 generis
2516 2540 2726 2595 humani
2752 2552 2940 2608 tamen,
2972 2544 3061 2596 sed
3098 2547 3266 2615 potius
3295 2549 3483 2602 erroris
3517 2548 3720 2620 (Ibid).
3771 2550 3882 2606 Sed

2289 2632 2552 2701 numquid
2594 2636 2800 2688 auctori
2831 2651 3105 2707 nunquam
3135 2638 3282 2692 licuit
3305 2639 3496 2694 iisdem
3528 2641 3696 2695 verbis
3723 2658 3879 2698 eatu-

2291 2724 2412 2779 dem
2441 2740 2508 2779 ex
2535 2725 2743 2781 duobus
2763 2730 3092 2797 argumentis
3119 2729 3403 2784 deductam
3433 2733 3630 2788 inferre
3668 2735 3884 2792 conclu-

2289 2819 2534 2874 sionem?
2593 2819 2954 2875 Tertullianus
3000 2832 3177 2878 autem
3207 2825 3477 2880 concludit
3503 2831 3730 2898 gentiles
3762 2846 3876 2884 ma-

2290 2910 2455 2965 luisse
2480 2910 2816 2966 Christianos
2861 2913 3087 2984 judicari
3118 2932 3223 2969 non
3267 2918 3477 2987 quidem
3507 2922 3725 2986 erroris,
3773 2922 3871 2978 sed

2291 3004 2508 3059 humani
2534 3007 2746 3076 generis
2785 3007 2991 3072 hostes,
3036 3010 3157 3078 quia
3183 3026 3288 3065 non
3323 3012 3450 3066 satis
3478 3013 3882 3072 animadverte-

580 3125 732 3164 ηταηο
760 3109 1041 3163 vindicetur
1067 3107 1238 3161 diuina
1275 3117 1431 3173 secta,
1479 3117 1566 3161 aut
1611 3107 1782 3162 doleat
1832 3109 1940 3178 pali
1999 3109 2052 3161 in
2081 3124 2181 3178 quo
2208 3117 2253 3181 ρ
2290 3109 2410 3153 rant
2437 3100 2554 3153 illOS
2605 3101 2777 3170 primo
2805 3100 3018 3172 quidem
3063 3104 3132 3158 ab
3172 3105 3249 3158 eis
3276 3104 3593 3171 secedendi»;
3635 3108 3882 3163 secundo

581 3205 818 3275 probetur
857 3199 1068 3274 (Ibid).
1093 3203 1209 3258 sive
1241 3211 1298 3256 ut
1325 3205 1439 3272 ipse
1477 3201 1542 3256 ad
1570 3201 1851 3272 Scapulam
1875 3202 2184 3258 scribebat:

580 3297 724 3351 Absit
753 3307 807 3350 ut
847 3297 1056 3368 indigne
1080 3300 1303 3367 feramus
1325 3312 1383 3349 ea
1412 3311 1503 3350 nos
1533 3297 1660 3364 pati,
1689 3300 1804 3366 qua:
1848 3304 2101 3366 optamus,
2133 3305 2188 3351 ut

579 3389 822 3444 ultionem
865 3405 898 3442 a
939 3388 1081 3443 nobis
1133 3388 1360 3456 aliquam
1401 3386 1768 3454 mae/tinentur,
1825 3403 1978 3449 quam
2017 3404 2049 3441 a
2076 3385 2188 3443 Deo

580 3493 929 3553 exspectamus
999 3481 1190 3555 (Idem,
1229 3481 1316 3534 lib.
1348 3480 1415 3533 ad
1447 3479 1662 3550 Scapul.
1695 3497 1810 3549 cap.
1870 3480 1906 3534 2
1934 3481 1975 3550 ).
2043 3481 2178 3537 Tres

580 3575 742 3643 igitur
826 3573 980 3629 affert
1058 3576 1337 3642 rationes,
1418 3587 1639 3646 propter
1705 3591 1838 3646 quas
1887 3573 2188 3630 Christiani

582 3665 814 3720 offensas
840 3682 984 3734 suas,
1018 3669 1156 3722 sicut
1201 3679 1504 3738 promptum
1534 3670 1636 3724 illis
1661 3679 1798 3736 erat,
1837 3669 1979 3724 clam
2009 3668 2180 3723 vindi-

581 3771 705 3812 care
736 3758 1018 3813 noluerint.
1044 3759 1225 3814 Primo
1250 3761 1488 3828 quidem,
1517 3762 1638 3831 quia
1661 3761 1832 3815 divina
1857 3772 1941 3817 est
1967 3763 2182 3818 illorum

582 3861 739 3915 secta,
799 3850 953 3920 cujus
1003 3851 1233 3922 legibus,
1283 3852 1544 3906 ultionem
1591 3851 2023 3922 prohibentibus,
2081 3869 2186 3909 non

581 3945 803 4002 obedire
860 3945 1010 4001 nefas
1061 3947 1339 4017 putabant.
1410 3947 1678 4018 Secundo,
1735 3949 1880 4004 illam
1925 3950 2187 4006 ultionem

581 4046 966 4118 exspectabant
1015 4046 1083 4102 ab
1126 4045 1498 4116 omnipotente
1553 4046 1664 4101 Deo
1716 4061 1835 4114 suo,
1879 4047 2188 4117 aequissimo

584 4135 849 4194 scelerum
881 4139 1111 4195 vindice.
1173 4137 1381 4204 Tertio,
1411 4153 1602 4194 omnes
1647 4137 1942 4205 cruciatus,
1989 4139 2088 4193 sibi
2119 4139 2188 4194 ab

587 4232 816 4288 ethnicis
844 4232 1092 4300 inflictos,
1121 4232 1478 4288 libentissime
1508 4231 1846 4303 patiebantur
1866 4275 1881 4300 ,
1921 4233 2044 4301 quia
2074 4247 2188 4286 no-

583 4333 770 4379 verant
801 4324 864 4378 iis
885 4339 942 4380 se
961 4339 1064 4378 non
1090 4324 1231 4392 laedi,
1252 4324 1344 4381 sed
1369 4325 1585 4395 probari
1614 4333 1792 4380 utrum
1821 4331 2020 4379 aeterna
2038 4323 2188 4396 digni

583 4427 762 4474 essent
789 4419 1059 4474 mercede.

2290 3200 2493 3256 autem,
2523 3193 2818 3260 daunoncs,
2874 3206 2928 3248 ut
2981 3210 3106 3250 mox
3157 3197 3384 3264 dicetur,
3429 3213 3536 3252 non
3589 3199 3883 3269 ejiciendo,

2293 3285 2474 3354 plures
2505 3285 2634 3355 ipsis
2666 3285 2847 3340 hostes
2877 3303 3035 3355 quam
3067 3287 3217 3343 cives
3245 3290 3465 3342 futuros.
3519 3289 3593 3343 De
3623 3289 3889 3347 industria

2291 3391 2420 3432 vero
2451 3377 2595 3432 cives
2620 3377 2781 3444 dixit,
2822 3380 2944 3450 quia
2973 3394 3312 3435 communem
3357 3397 3480 3436 cum
3514 3382 3638 3450 illis,
3669 3393 3726 3437 ut
3750 3383 3887 3439 vidi-
3954 3427 3962 3431 .

2293 3485 2434 3535 mus,
2466 3470 2628 3524 vitam
2657 3471 2885 3541 agendo,
2916 3487 3101 3528 eorum
3137 3475 3281 3529 cives
3307 3486 3479 3531 erant.

2363 3559 2433 3616 At
2459 3561 2613 3616 nobis
2639 3563 2830 3632 aliquis
2857 3567 3078 3620 forsitan
3128 3567 3344 3636 objiciet
3393 3577 3556 3623 totam
3588 3569 3723 3626 hanc
3753 3571 3885 3628 Ter-

2292 3651 2504 3708 tulliani
2553 3657 3082 3726 argumentationem
3142 3661 3239 3713 niti
3283 3660 3605 3716 intolerabili
3653 3664 3890 3719 multitu-

2290 3746 2431 3802 dinis
2457 3747 2890 3805 Christianorum
2925 3755 3354 3822 exaggerationc.
3417 3756 3522 3812 Sed
3567 3758 3634 3813 ab
3661 3759 3759 3814 hoc
3791 3775 3889 3831 pe-

2293 3841 2454 3896 timus
2481 3844 2608 3913 qnid
2631 3843 2960 3900 Tertulliano
2993 3847 3250 3918 prodesse
3276 3860 3486 3918 poterat
3511 3851 3890 3922 intempestiva

2291 3931 2618 4004 hyperbole?
2677 3939 2935 3995 Ethnicos
2964 3941 3225 4011 siquidem
3251 3942 3320 3996 ibi
3363 3943 3665 4014 compellat,
3693 3946 3890 4014 quibus

2291 4028 2505 4101 ignotus
2543 4045 2649 4085 non
2689 4041 2807 4086 erat
2848 4049 3106 4091 numerus
3127 4033 3574 4102 Christianorum,
3606 4046 3659 4090 ct
3693 4037 3784 4108 qui
3816 4038 3892 4094 illi

2291 4129 2396 4184 cito
2423 4125 2579 4183 citius
2611 4126 2873 4207 mendacii
2919 4131 3173 4186 convicto
3216 4133 3374 4190 [idem
3407 4135 3525 4189 aliis
3556 4132 3608 4186 in
3640 4135 3892 4192 omnibus

2289 4222 2660 4292 derogassent.
2774 4224 2974 4280 Deinde
3037 4241 3166 4282 vero
3232 4229 3476 4298 superius
3550 4229 3893 4284 ostendimus

2290 4316 2498 4390 (Supr.,
2521 4333 2637 4390 cap.
2668 4318 2756 4384 12,
2784 4329 2884 4374 art.
2909 4322 2931 4375 1
2960 4322 2977 4391 )
3005 4335 3161 4391 quam
3186 4322 3300 4378 Ι]ωο
3331 4337 3453 4377 vera
3483 4323 3612 4386 sint,
3645 4339 3762 4392 qua:
3794 4323 3892 4380 ille

2291 4413 2358 4468 de
2388 4415 2586 4484 ingenti
2605 4413 3030 4471 Christianorum
3060 4432 3284 4472 numero
3315 4426 3420 4472 tam
3469 4418 3671 4473 diserte
3703 4429 3758 4472 et
3813 4417 3893 4472 ibi

656 4511 796 4567 Solis
829 4511 1008 4582 itaque
1039 4512 1120 4566 his
1149 4512 1471 4579 rationibus,
1522 4527 1628 4566 non
1670 4521 1850 4568 autem
1897 4511 2002 4568 ulla
2031 4511 2186 4568 inlir-
2212 4514 2266 4574 Ι)
2293 4515 2346 4561 et
2374 4508 2499 4562 alibi
2532 4509 2768 4564 tradidit.

583 4605 767 4660 mitnte
793 4605 875 4661 vel
906 4604 1236 4675 impotentia,
1259 4621 1288 4658 a
1311 4604 1571 4659 sumenda
1595 4605 1662 4660 de
1683 4605 1912 4661 ethnicis
1943 4605 2185 4661 hostibus

583 4702 695 4756 suis
723 4702 924 4756 ultione
950 4701 1314 4756 abstinebant.
1363 4700 1504 4755 Nihil
1533 4703 1674 4757 enim
1701 4701 1807 4754 illis
1833 4701 2000 4770 magis
2029 4699 2183 4754 facile

583 4793 997 4862 expeditumque
1024 4801 1157 4847 erat.
1182 4791 1311 4846 Nam
1332 4793 1578 4860 superius
1601 4791 1931 4846 ostendimus
1960 4790 2173 4860 (Supr.,

584 4899 701 4953 cap.
731 4883 824 4951 2‘2,
856 4895 954 4936 art.
991 4885 1014 4938 1
1052 4886 1073 4953 )
1115 4885 1232 4939 illos
1284 4884 1464 4938 omnia
1512 4883 1673 4938 totius
1716 4893 1979 4939 terrarum
2031 4882 2178 4938 orbis

583 4974 721 5043 loca,
749 4976 988 5044 exceptis
1015 4976 1146 5030 solis
1171 4975 1423 5029 falsorum
1451 4974 1677 5029 deorum
1708 4974 1938 5044 templis,
1986 4973 2177 5043 imple-

583 5067 746 5133 visse,
791 5082 853 5122 ac
900 5068 1056 5138 longe
1104 5067 1363 5136 majorem
1414 5065 1644 5132 illorum,
1693 5081 1852 5136 quam
1901 5052 2180 5136 gentilium

583 5160 748 5216 fuisse
779 5177 1084 5216 numerum.
1134 5159 1268 5228 Quid
1311 5176 1440 5231 ergo
1486 5159 1770 5230 prohibere
1809 5173 1902 5214 eos
1950 5167 2176 5228 poterat,

585 5257 870 5326 quominus
901 5257 1102 5313 indicto
1120 5257 1279 5324 bello,
1310 5257 1555 5313 ethnicos
1581 5255 1879 5321 vincerent,
1908 5255 2182 5325 victosque

585 5349 795 5405 meritis
845 5350 1137 5406 adficerent
1189 5349 1468 5421 suppliciis
1528 5348 1856 5422 (Tertullian.
1909 5348 2178 5419 Apologet.

585 5457 702 5512 cap.
737 5441 830 5505 57,
852 5457 972 5514 pag.
997 5443 1161 5512 462)?
1193 5443 1299 5498 Fac
1328 5451 1528 5511 tamen,
1571 5443 1616 5497 si
1645 5443 1796 5508 velis,
1845 5441 1968 5496 illos
1992 5451 2046 5496 et
2074 5457 2177 5495 nu-

583 5549 734 5590 mero
760 5541 813 5590 et
839 5536 1008 5606 copiis
1053 5535 1219 5591 fuisse
1248 5537 1353 5592 illis
1382 5538 1632 5607 impares,
1687 5534 1946 5606 numquid
1985 5533 2182 5589 idcirco

580 5625 648 5680 ad
698 5627 894 5683 bellum
946 5629 1262 5700 gerendum,
1317 5639 1374 5686 et
1432 5630 1617 5686 hostes
1671 5631 1964 5686 vincendos
2003 5630 2183 5684 minus

580 5716 757 5774 idonei
782 5720 973 5776 erant?
1019 5722 1208 5780 Nonne
1241 5721 1548 5782 fatebantur
1589 5721 1791 5780 ethnici
1834 5731 2067 5783 mortem
2110 5721 2178 5778 ab

2362 4599 2475 4653 Alia
2501 4600 2717 4655 demum
2746 4602 2954 4657 ratione
2983 4601 3318 4657 demonstrat
3343 4619 3501 4673 quam
3530 4601 3685 4658 facile
3701 4603 3888 4659 Chris-

2289 4691 2419 4746 tiani
2448 4692 2634 4749 ulcisci
2682 4710 2740 4749 se
2773 4705 3040 4764 poterant.
3093 4697 3264 4752 Penes
3308 4697 3474 4767 ipsos,
3519 4698 3711 4768 inquit,
3741 4698 3893 4753 Solos

2287 4795 2399 4839 erat
2429 4797 2666 4856 potestas
2690 4787 2964 4844 daemones
2991 4805 3057 4844 ex
3104 4791 3360 4857 obsessis,
3394 4793 3533 4846 sicut
3571 4802 3724 4847 antea
3753 4791 3895 4848 vidi-

2287 4892 2406 4932 mus
2446 4879 2659 4949 (ευριπ,
2687 4895 2803 4949 cap.
2837 4879 2892 4947 8,
2921 4881 3100 4952 art.6)
3126 4922 3143 4949 ,
3198 4883 3534 4938 ethnicorum
3569 4884 3896 4954 corporibus

2283 4970 2533 5040 ejiciendi
2592 4971 2944 5046 (Tertullian.,
2975 4975 3243 5047 Apologet.
3293 4993 3410 5047 cap.
3443 4978 3532 5043 57,
3578 4995 3699 5048 pag.
3727 4976 3893 5046 465).

2285 5065 2447 5135 Atqui
2477 5065 2521 5120 si
2555 5066 2674 5120 illos
2703 5082 2808 5122 non
2837 5069 3177 5139 exegissent:
3249 5067 3545 5135 Suﬁecisset
3569 5069 3663 5122 hoc
3687 5070 3887 5137 solum,

2287 5159 2515 5229 ipsamet
2537 5160 2656 5228 ejus
2699 5159 2858 5214 verba
2894 5170 3040 5228 sunt,
3080 5171 3269 5216 nostri?
3301 5163 3524 5226 ultioni;
3559 5161 3692 5230 quod
3721 5174 3896 5216 uacua

2285 5251 2468 5306 exinde
2481 5253 2730 5323 possessio
2754 5252 3029 5308 immundis
3042 5253 3301 5326 spiritibus
3315 5263 3505 5325 pateret
3529 5252 3890 5322 (Tertullian.,

2288 5347 2387 5401 loc.
2412 5345 2552 5417 cit.).
2615 5345 2692 5401 lbi
2725 5355 2908 5402 autem
2941 5345 3203 5419 Rigaltius
3237 5347 3383 5402 serio
3428 5361 3525 5402 nos
3550 5347 3802 5422 admouet
3827 5360 3895 5402 se

2285 5441 2356 5497 ab
2400 5442 2520 5499 aliis
2567 5443 2842 5515 accepisse
2890 5445 2944 5500 in
2990 5444 3178 5500 codice
3209 5443 3485 5507 Fuldensi,
3532 5458 3629 5512 pro
3673 5449 3890 5512 pateret,

2285 5535 2544 5607 scriptum
2578 5538 2839 5608 peteretis.
2891 5536 3170 5593 Miraberis
3213 5537 3399 5608 procul
3424 5535 3589 5591 dubio
3619 5547 3892 5590 summam

2286 5627 2426 5683 illius
2453 5628 2802 5700 diligentiam,
2833 5629 2924 5701 qui
2968 5629 3105 5686 hanc
3146 5629 3414 5686 diversam
3464 5639 3571 5684 tam
3612 5628 3744 5684 levis
3771 5640 3896 5684 mo-

2284 5719 2451 5777 menti
2493 5721 2778 5779 lectionem
2822 5721 3052 5780 aliorum
3083 5722 3393 5781 testimonio
3433 5729 3680 5790 annotat,
3709 5727 3769 5776 et
3797 5731 3894 5775 su-
