4170 6264
251 321 398 383 1055

1387 315 1835 378 DlSSERTATlO
1874 317 1939 374 D.
1978 317 2067 376 LE
2104 315 2414 377 NOURBY.

3415 323 3556 383 1054

252 441 523 512 perierem
557 438 795 508 aliasque
837 437 994 508 longe
1036 437 1256 508 majoris
1303 437 1580 504 momenti,
1626 436 1842 493 tametsi
1871 437 1922 497 Α
1949 437 2037 492 ubi
2066 437 2284 510 Pagium
2305 439 2524 511 (Pagius
2544 441 2597 496 in
2631 442 2833 495 dissert.
2858 440 3060 512 Hypat.
3087 450 3220 512 part.
3244 441 3300 507 2,
3323 457 3439 512 cap.
3460 442 3538 514 2),

251 535 492 589 omnium
519 532 762 587 codicum
781 530 1099 586 auctoritate
1123 531 1374 598 munitas,
1401 532 1615 601 penitus
1641 530 1842 586 omisit.

251 632 324 686 At
352 629 482 686 illud
509 629 728 684 verbum
771 629 1009 697 pater-etis
1035 626 1370 689 Tertulliani,
1423 627 1614 697 inquit,
1647 629 1844 700 stylum

251 724 409 794 sapit.
477 720 742 791 Numquid
768 736 897 776 vero
916 721 1036 776 alia:
1059 736 1271 784 omnes,
1317 735 1450 790 quas
1478 723 1843 791 praetermisit,

251 814 509 871 lectiones
547 813 692 868 illius
720 813 916 884 stylum
947 812 1125 868 minus
1172 813 1426 882 sapiunt?
1489 813 1658 868 Nemo
1688 829 1840 881 sane,

251 923 352 963 nec
380 907 494 977 ipse
539 905 821 976 Rigaltius,
870 904 921 959 id
957 905 1102 960 serio
1137 903 1407 958 afﬁrmare
1447 905 1684 964 audebit.
1761 906 1843 962 Ad

250 998 366 1056 htcc
393 1013 537 1064 vero,
564 998 780 1068 vulgata
805 1005 1140 1062 cunctorum,
1172 996 1289 1052 solo
1309 995 1563 1050 Fuldensi
1591 1004 1839 1066 excepto,

251 1091 509 1147 librorum
545 1089 720 1154 lectio,
772 1104 880 1144 non
916 1089 1092 1143 minus
1122 1087 1482 1143 Tertullianea
1529 1097 1633 1154 est,
1685 1103 1839 1144 eum-

249 1184 476 1256 demque
503 1197 718 1238 sensum
746 1181 886 1236 hunc
906 1180 1106 1236 efﬁcit:
1136 1179 1249 1235 Nisi
1278 1180 1564 1236 Christiani
1593 1180 1842 1252 fugarent

245 1278 540 1343 daemones,
583 1290 808 1344 corpora
836 1275 1112 1346 gentilium
1143 1283 1416 1345 tamquam
1440 1289 1607 1330 vacua
1637 1289 1842 1345 posses-

245 1369 325 1426 sio
355 1369 473 1424 istis
500 1365 566 1422 ad
606 1366 810 1420 libitum
843 1376 1072 1436 pateret.

315 1459 451 1529 Quid
507 1468 684 1513 autem
741 1457 843 1512 hoc
914 1457 1090 1513 adhuc
1139 1472 1262 1514 sese
1319 1458 1610 1514 ulciscendi
1673 1459 1837 1515 modo

243 1550 544 1621 promptius
569 1557 623 1603 et
656 1547 991 1618 expeditius?
1054 1548 1250 1605 Verum
1293 1549 1361 1604 ab
1407 1549 1556 1604 omni
1605 1550 1838 1606 vindicta

244 1643 321 1699 illi
350 1643 428 1698 sic
455 1643 850 1709 abhorrebant,
879 1651 934 1697 ut
957 1642 1227 1700 daemones
1257 1660 1329 1699 ex
1363 1643 1596 1700 hostium
1619 1660 1836 1701 suorum

243 1735 520 1806 gentilium
571 1734 888 1805 corporibus
928 1735 1200 1805 expellere
1249 1737 1495 1803 mallent,
1549 1753 1708 1808 quam
1740 1738 1838 1794 hos

1953 536 2007 584 ct
2033 531 2186 594 alios,
2231 533 2318 600 qui
2349 532 2494 600 plura
2519 532 2589 588 de
2618 533 2700 588 his
2730 532 3025 601 disputant,
3058 533 3252 588 citatos
3281 535 3548 591 invenies.

2022 623 2156 679 Tum
2193 632 2370 680 autem
2415 627 2516 681 illis
2565 627 2617 680 in
2669 627 2946 681 solemniis
2995 626 3195 682 ethnici
3243 627 3396 682 ﬁctos
3423 629 3558 685 deos

1949 729 2076 770 suos
2106 717 2461 785 precabantur
2492 732 2588 786 pro
2619 718 3001 787 imperatorum
3024 718 3331 787 civiumque
3360 720 3556 786 salute,

1950 823 2047 878 pro
2075 810 2376 864 aeternitate
2404 811 2635 879 imperii,
2668 811 2984 878 ﬂorentique
3021 812 3164 866 illius
3197 822 3355 874 statu,
3393 813 3555 869 sicuti

1945 915 1974 955 a
2028 902 2195 957 Plinio
2245 902 2417 970 (Plin.
2465 905 2654 960 Secun.
2708 906 2850 974 epist.
2889 905 2980 970 36,
3015 906 3104 973 57,
3151 905 3273 972 l0l,
3313 904 3441 973 106,
3502 917 3550 962 et

1948 992 2207 1065 Panegyr.
2238 993 2452 1063 Trajan.
2485 1010 2598 1067 post
2626 997 2806 1068 med),
2864 998 3140 1054 Brissonio
3167 999 3418 1071 (Brisson.
3453 1001 3546 1056 lib.

1945 1083 1991 1139 II
2039 1087 2103 1140 de
2129 1086 2364 1144 Formul.
2396 1107 2517 1160 pag.
2557 1089 2696 1163 HO)
2725 1091 2969 1162 "aliisque
3043 1092 3384 1148 observatum
3445 1104 3546 1150 est.

1949 1178 2242 1234 Christiani
2296 1181 2494 1251 itaque,
2525 1183 2614 1252 qui
2669 1199 2852 1238 verum
2929 1194 2982 1237 ct
3033 1185 3248 1240 unicum
3302 1186 3553 1242 colebant

1946 1269 2136 1336 Deum,
2171 1287 2268 1327 nec
2296 1282 2543 1343 poterant
2569 1275 2704 1329 alios
2761 1291 2919 1346 quam
2949 1291 3125 1343 veros,
3165 1286 3219 1331 et
3251 1282 3420 1332 sacris
3466 1293 3555 1334 re-

1946 1361 2158 1432 ligionis
2183 1378 2293 1418 suae
2331 1365 2534 1435 legibus
2581 1369 2944 1436 praescriptos,
2989 1368 3221 1423 honores
3268 1371 3560 1438 imperato»

1942 1455 2091 1510 ribus
2130 1456 2356 1522 deferre,
2405 1459 2752 1514 celebrabant
2794 1461 3010 1530 quidem
3057 1477 3245 1516 eorum
3279 1464 3541 1520 solemnia

1939 1561 2051 1616 non
2095 1548 2281 1602 eadem
2330 1550 2532 1618 utique,
2580 1567 2682 1618 qua
2739 1551 2958 1615 ethnici,
3015 1551 3249 1618 lascivia,
3298 1554 3392 1609 sed
3429 1572 3552 1610 con-

1943 1641 2174 1707 scientia,
2207 1641 2281 1696 ait
2316 1641 2677 1697 Tertullianns
2700 1642 2942 1712 (Tertull.
2971 1644 3266 1714 Apologet.,
3306 1664 3421 1718 cap.
3462 1649 3551 1715 35,

1945 1732 2234 1804 pag.452).
2269 1733 2321 1788 id
2371 1743 2473 1800 est,
2525 1750 2653 1790 vero
2702 1736 3020 1804 sinceraque
3076 1737 3272 1791 mentis
3309 1739 3544 1802 adfectu,

241 1844 350 1884 non
393 1827 738 1898 expellendo,
769 1827 837 1883 de
867 1828 972 1882 illis
997 1843 1102 1883 non
1146 1829 1282 1884 bene
1314 1830 1528 1884 mereri.
1583 1828 1836 1900 Ingratis-
1870 1834 1918 1894 Β
1949 1835 2103 1895 prout
2151 1836 2410 1879 noverant
2459 1841 2490 1878 a
2547 1827 2656 1880 Deo
2692 1827 2970 1895 postulari.
3038 1827 3396 1894 Quamobrem
3452 1831 3544 1887 ille

241 1922 364 1978 simi
392 1937 523 1992 ergo
564 1930 713 1977 erant
758 1923 1009 1992 gentiles,
1041 1925 1130 1994 qui
1167 1932 1396 1992 tantum,
1434 1926 1508 1979 ait
1556 1925 1838 1982 Tertullia-

239 2029 364 2082 nus,
415 2013 721 2084 praesidium
751 2012 903 2069 ﬂocci
952 2015 1228 2080 facientes,
1272 2017 1618 2073 clamitabant
1651 2018 1839 2074 Chris-

238 2107 437 2173 tianos,
467 2107 567 2162 sibi
596 2105 732 2162 adeo
771 2107 1126 2176 necessarios,
1178 2125 1301 2166 esse
1343 2111 1585 2181 publicos
1625 2110 1839 2182 generis

239 2199 462 2255 humani
510 2199 693 2256 hostes
724 2199 931 2272 (Ibid.).

848 2351 1144 2392 ARTICULUS
1182 2354 1240 2393 ll.

243 2456 412 2522 Quam
440 2453 660 2509 absurde
681 2454 870 2508 ethnici
902 2453 1171 2523 objicerent
1195 2452 1512 2507 Christianos
1539 2469 1645 2508 esse
1669 2453 1840 2523 publi-

310 2564 396 2602 cos
419 2545 603 2612 hostes,
633 2546 752 2617 quia
797 2546 1162 2615 imperatorum
1187 2545 1436 2598 solemnia
1466 2561 1565 2598 non
1592 2546 1722 2597 sicut
1758 2544 1838 2598 illi

311 2637 628 2694 celebrabant
668 2642 811 2709 focos
859 2646 902 2691 et
951 2646 1084 2690 toros
1138 2635 1398 2689 educendo
1457 2636 1510 2688 in
1553 2621 1835 2707 publicum,

317 2732 572 2803 epulando
613 2731 836 2797 vicatim,
891 2732 1110 2784 taberna:
1142 2729 1316 2782 habitu
1355 2729 1736 2798 nbolefaciendo
1763 2730 1837 2782 ci-

311 2827 532 2889 vitatem,
579 2825 694 2877 vino
727 2824 888 2877 lutum
921 2824 1168 2891 cogendo,
1201 2823 1495 2876 cursitando
1545 2825 1839 2877 catervatim

311 2921 379 2974 ad
402 2919 637 2990 injurias.
666 2919 735 2971 tul
761 2918 1124 2989 impudentius,
1155 2915 1515 2986 illecebrasque
1537 2916 1834 2986 voluptatis,

311 3029 372 3067 ac
397 3013 577 3066 domus
607 3027 714 3066 sua:
742 3027 842 3064 non
884 3026 1025 3063 secus
1064 3025 1123 3063 ac
1153 3009 1264 3062 noui
1312 3008 1576 3077 lupanaris
1608 3009 1836 3078 postibus

311 3106 485 3160 lauros
517 3106 842 3172 laceransque
863 3101 1134 3172 affigendo.

1945 1915 2106 1970 alibi:
2149 1916 2301 1981 Quod
2343 1917 2522 1971 attinet
2547 1919 2614 1970 ad
2641 1918 2854 1971 honores
2883 1935 3058 1987 regum
3087 1928 3133 1972 et
3159 1920 3546 1989 imperatorum,

1943 2010 2066 2064 satis
2111 2010 2464 2080 praescriptum
2496 2010 2739 2066 habemus
2784 2013 3003 2066 inomni
3032 2012 3268 2082 obsequio
3304 2031 3396 2069 nos
3445 2032 3552 2071 esse

1943 2110 2174 2172 oportere
2196 2103 2472 2156 secundum
2502 2103 2732 2173 Apostoli
2761 2115 3076 2176 prtcceptum
3103 2106 3331 2160 subditos
3361 2110 3554 2180 magis-

1945 2193 2175 2262 tratibus,
2206 2203 2252 2248 et
2276 2195 2611 2264 principibus,
2637 2208 2681 2250 et
2707 2199 3063 2267 potestatibus,
3084 2200 3172 2253 sed
3193 2201 3328 2254 intra
3361 2201 3547 2258 limites

1947 2287 2252 2357 disciplinae,
2302 2303 2560 2358 quousque
2608 2290 2673 2342 ab
2697 2289 2992 2344 idololatria
3033 2305 3330 2362 separamur
3357 2293 3553 2366 (fdem,

1943 2379 2032 2433 lib.
2053 2379 2116 2432 de
2141 2378 2412 2445 ldololat.,
2446 2397 2561 2450 cap.
2598 2381 2708 2452 15).

2015 2470 2234 2527 Fatetur
2265 2471 2441 2542 itaque
2465 2473 2722 2528 solemnia
2764 2475 3145 2546 imperatorum
3173 2493 3201 2533 a
3225 2479 3549 2537 Christianis

1943 2564 2209 2620 celebrata
2250 2564 2413 2621 fuisse
2458 2569 2752 2622 secundum
2785 2569 2923 2624 hanc
2964 2573 3206 2643 Apostoli
3254 2575 3447 2645 legem,
3480 2591 3545 2632 ac

1940 2656 2073 2712 fusis
2102 2657 2168 2710 ad
2201 2657 2365 2712 Deum
2397 2659 2586 2714 intimo
2613 2661 2794 2716 cordis
2841 2662 3071 2728 adfectu,
3109 2673 3166 2718 ut
3206 2681 3367 2735 supra
3401 2668 3542 2722 vidi-

1945 2765 2085 2814 mus,
2113 2765 2208 2818 pro
2241 2750 2559 2820 imperatore
2581 2762 2633 2806 et
2657 2753 2878 2822 imperio
2901 2756 3183 2823 precibus;
3230 2773 3336 2811 non
3370 2750 3550 2814 autem

1941 2843 2215 2912 gentilium
2246 2858 2416 2908 more,
2456 2859 2612 2913 quem
2657 2844 2729 2897 uti
2779 2845 2892 2914 ipse
2939 2859 3034 2898 eos
3073 2846 3410 2917 adloquendo
3449 2850 3542 2915 ait,

1945 2950 2034 2988 nec
2058 2935 2322 3000 modestia,
2359 2951 2447 2988 nec
2475 2937 2797 3004 verecundia,
2831 2954 2921 2991 nec
2950 2939 3199 3008 pudicitia
3248 2944 3546 3011 permittunt

1943 3030 2055 3100 (sed
2082 3030 2279 3084 occasio
2301 3031 2572 3099 voluptatis
2604 3033 2782 3103 magis,
2815 3050 2965 3097 quant
2996 3036 3150 3104 digna
3188 3040 3319 3091 ratio
3340 3056 3552 3108 persua-

1944 3124 2028 3192 sit)
2071 3123 2246 3190 fiderit,
2299 3133 2346 3178 et
2397 3125 2653 3178 veritatem
2707 3136 2924 3179 vestram
2973 3128 3322 3184 demonstrare
3354 3130 3544 3202 (Idem,

311 3217 438 3274 Cum
469 3217 754 3274 Christiani
787 3217 854 3272 ab
883 3217 1025 3271 omni
1054 3214 1536 3286 vindicta'prorsns
1580 3207 1836 3271 abhorre-
1865 3224 1911 3288 ρ
1945 3216 2210 3286 Apologet.
2244 3233 2361 3286 cap.
2392 3216 2484 3281 55,
2527 3233 2650 3286 pag.
2674 3218 2820 3287 454).
2863 3219 2993 3285 Quae
3038 3220 3090 3273 in
3132 3220 3231 3274 hoc
3261 3231 3406 3275 testu
3434 3238 3536 3277 nn-

239 3323 378 3376 rent,
410 3322 463 3368 et
489 3312 557 3366 de
586 3311 831 3366 omnibus
872 3311 1007 3365 bene
1049 3317 1408 3374 mererentur,
1437 3323 1544 3378 quo
1573 3308 1835 3379 dementi,

238 3406 467 3477 inquies,
497 3404 674 3477 furore
701 3403 897 3459 ethnici
935 3403 1054 3456 illos
1095 3402 1279 3456 hostes
1301 3401 1538 3472 publicos
1565 3417 1685 3457 esse
1733 3411 1839 3457 tam

239 3501 496 3557 audacter
522 3498 986 3554 vociferabantur?
1049 3497 1198 3553 Nulla
1225 3513 1375 3566 sane,
1404 3497 1503 3551 nisi
1551 3498 1711 3568 plane
1741 3498 1838 3553 ab-

235 3593 395 3651 surda
427 3593 651 3662 ratione,
681 3593 754 3645 uti
783 3607 845 3647 ex
877 3590 960 3645 his
985 3591 1247 3662 intelliges
1275 3591 1590 3645 Tertulliani
1625 3590 1834 3647 verbis:

235 3661 526 3756 PrOptcrea.
543 3683 727 3755 publici
762 3685 926 3739 hostes
959 3661 1252 3748 Christiani,
1281 3684 1401 3753 quia
1451 3685 1840 3751 imperatoribus

235 3795 391 3852 neque
411 3796 591 3846 vanos,
619 3794 776 3850 neque
813 3779 1122 3846 mentientes,
1157 3794 1314 3848 neque
1344 3779 1636 3831 temerarios
1667 3779 1833 3832 hono-

234 3889 312 3928 res
341 3873 533 3938 dicant,
566 3871 684 3938 quia
713 3885 843 3924 verte
869 3870 1124 3941 religionis
1155 3871 1372 3924 hominis
1410 3871 1559 3924 etiam
1590 3871 1836 3926 solemnia

234 3982 406 4020 eorum
433 3965 736 4020 conscientia
777 3964 962 4034 potius,
992 3980 1142 4033 quam
1171 3964 1378 4018 lascivia
1405 3963 1656 4019 celebrant
1697 3963 1839 4036 (Ter—

234 4056 437 4111 tullian.
475 4055 760 4126 Apologet.,
795 4071 912 4125 cap.
947 4055 1036 4118 55,
1073 4073 1189 4127 pag.
1234 4056 1384 4124 452).
1443 4055 1638 4110 Totum
1671 4057 1831 4127 igitur

231 4147 434 4219 grande
464 4147 590 4201 illud
617 4146 1044 4202 Christianorum
1074 4148 1251 4202 scelus
1279 4135 1420 4212 erat,
1438 4149 1584 4218 quod
1611 4151 1837 4221 impera-

233 4249 410 4296 torum
435 4241 694 4296 solemnia
719 4256 818 4297 suo
851 4240 1054 4296 tantum
1083 4242 1172 4311 pio
1223 4258 1288 4299 ac
1314 4253 1521 4310 sancto,
1551 4259 1658 4299 non
1705 4259 1828 4299 cor-

235 4333 550 4403 ruptissimo
575 4333 850 4404 gentilium
883 4333 987 4387 ritu
1016 4334 1264 4403 agebant.

301 4426 431 4492 Qua:
473 4433 652 4481 autem
682 4423 880 4480 fuerint
930 4440 991 4480 ea
1033 4425 1292 4481 solemnis
1338 4426 1383 4480 si
1431 4425 1552 4496 quis
1597 4427 1830 4496 primum

227 4519 370 4574 scire
397 4529 572 4579 aveat,
607 4519 975 4574 istueminisse
997 4518 1157 4574 debet
1197 4518 1312 4574 ιιιιο
1354 4519 1423 4573 ab
1454 4520 1571 4586 ipso
1597 4522 1832 4574 Auctore

1946 3309 2081 3364 cinis
2124 3308 2325 3362 inclusa
2353 3309 2521 3376 vides,
2563 3325 2625 3364 ea
2661 3312 2837 3363 omnia
2866 3321 3051 3365 contra
3095 3311 3342 3367 codicum
3371 3315 3546 3369 edito-

1948 3419 2067 3458 rum
2095 3412 2148 3456 et
2176 3402 2498 3456 ineditornm
2526 3402 2708 3468 ﬁdem,
2736 3404 2995 3474 Rigaltius
3033 3406 3256 3476 ejusque
3287 3423 3549 3478 sequaces

1944 3495 2159 3564 penitus
2195 3493 2546 3548 sustulerunt.
2597 3494 2810 3552 Nullam
2835 3504 3010 3550 tamen
3041 3497 3196 3566 hujus
3221 3499 3548 3568 amputatio-

1945 3587 2028 3640 nis
2058 3587 2320 3640 rationem
2361 3587 2428 3639 ab
2459 3587 2536 3640 eis
2569 3586 2745 3641 datam
2775 3588 3029 3657 reperies,
3076 3591 3175 3644 nisi
3207 3607 3304 3644 suo
3330 3593 3546 3647 silentio

1946 3679 2062 3734 lucc
2086 3679 2154 3731 ab
2187 3679 2433 3748 imperito
2459 3679 2693 3748 quodam
2720 3681 2980 3749 scriptore
3009 3681 3216 3751 adjecta
3247 3683 3347 3737 sibi
3379 3685 3550 3740 videri

1943 3771 2243 3840 signiﬁcare
2292 3770 2575 3824 voluerint.
2647 3771 2754 3826 Sed
2800 3773 2921 3842 quis
2974 3774 3076 3828 illis
3127 3776 3196 3828 ita
3242 3777 3539 3831 tacentibus

1944 3862 2106 3918 ﬁdem
2138 3861 2393 3916 habebit?
2455 3860 2697 3916 Genuina
2731 3865 3010 3918 enimvero
3040 3865 3352 3921 Tertulliani
3384 3867 3546 3922 verba

1941 3972 2062 4013 esse
2101 3955 2378 4010 evidenter
2426 3960 2616 4025 probat
2663 3961 2968 4013 communis
3017 3960 3262 4014 codicum
3309 3963 3548 4016 omnium

1941 4065 2260 4105 consensus.
2321 4049 2586 4105 Praeterea
2620 4059 2792 4105 totum
2845 4051 2982 4105 illius
3030 4053 3322 4120 ingenium,
3357 4061 3411 4105 et
3460 4053 3546 4106 lo-

1941 4143 2140 4214 quendi
2173 4141 2364 4197 modus
2403 4143 2455 4197 in
2487 4143 2566 4198 eis
2611 4147 2741 4198 satis
2785 4143 3282 4212 deprehenduntur.
3341 4145 3547 4204 Sensus

1940 4248 2119 4293 autem
2147 4239 2264 4306 ejus
2293 4248 2412 4293 est:
2471 4239 2760 4292 Christiani
2792 4249 2844 4291 et
2877 4239 3289 4306 imperatorum,
3337 4255 3400 4296 ac
3439 4243 3546 4298 rei-

1941 4330 2166 4400 publica:
2195 4332 2376 4384 hostes
2422 4331 2840 4398 proclamantur,
2877 4331 2998 4400 quia
3027 4333 3340 4388 earumdem
3370 4335 3540 4404 impe-

1939 4432 2176 4476 ratorum
2214 4423 2472 4476 solemnia
2519 4437 2622 4476 non
2661 4431 2824 4492 agunt
2861 4424 3142 4494 gentilium
3186 4441 3356 4492 more,
3382 4441 3544 4496 quem

1940 4528 2041 4568 nec
2071 4515 2350 4578 modestia,
2383 4528 2481 4567 nec
2509 4513 2853 4581 verecundia,
2886 4532 2984 4570 nec
3013 4517 3263 4585 pudicitia
3287 4518 3390 4571 illis
3417 4532 3542 4587 per-

225 4623 417 4668 nostro
445 4613 698 4682 appellari
745 4613 994 4668 solemnes
1021 4614 1128 4668 dies
1173 4613 1517 4682 Principium,
1549 4628 1612 4668 ac
1641 4624 1753 4667 vota
1786 4623 1835 4668 et
1861 4620 1914 4680 ι)
1942 4607 2184 4671 mittunt;
2227 4620 2288 4660 ac
2305 4621 2424 4675 qua:
2453 4605 2641 4659 iisdem
2671 4608 2960 4676 gentilibus
2977 4608 3254 4665 celebrare
3277 4611 3542 4676 persuasit

223 4705 417 4776 gaudia
445 4702 704 4759 thsarum
735 4703 946 4775 (Ibid),
1000 4722 1119 4776 quae
1157 4705 1402 4760 solebant
1431 4706 1592 4760 variis
1621 4715 1829 4776 tempo-

223 4795 372 4851 ribus
401 4797 681 4852 celebrari.
723 4796 855 4851 Nam
887 4797 1108 4868 singulis
1134 4799 1288 4853 annis
1318 4808 1429 4868 post
1460 4799 1700 4854 calendas
1736 4801 1828 4871 ja-

225 4889 436 4943 nuarias
475 4889 555 4944 die
586 4889 754 4954 tertio,
795 4889 949 4944 sicuti
979 4890 1053 4945 ait
1079 4890 1260 4957 Caius,
1291 4908 1385 4963 pro
1443 4890 1606 4945 salute
1633 4892 1827 4961 princi-

225 4999 350 5053 pum
398 4994 508 5038 vota
556 4983 900 5055 suscipiuntur
959 4982 1314 5056 (Digest.,lib.
1390 4984 1454 5053 L,
1497 4986 1576 5040 tit.
1605 4987 1689 5051 l6,
1725 4987 1826 5058 leg.

221 5073 407 5146 9233.);
447 5075 533 5130 vel
568 5074 1012 5146 quemadmodum
1043 5076 1155 5146 ipse
1185 5075 1547 5133 'l'crtnllianus
1577 5078 1827 5148 scripsit,

223 5167 494 5239 incipiente
531 5184 684 5232 anno,
732 5167 1001 5239 incipiente
1048 5187 1217 5224 mense
1273 5169 1512 5240 (Tertull.
1559 5173 1626 5227 ad
1663 5172 1827 5230 Uxor.

224 5276 342 5330 cap.
389 5260 466 5334 6).
536 5261 801 5316 Praeterea
852 5261 1146 5332 agebantur
1185 5266 1470 5335 quotannis
1499 5267 1685 5333 natali,
1717 5269 1831 5324 sive

223 5352 342 5422 ipso
381 5353 467 5409 die
496 5368 604 5424 quo
630 5354 794 5409 creati
837 5352 1045 5410 fuerant
1084 5357 1453 5427 imperatores,
1503 5375 1566 5414 ac
1615 5362 1829 5430 potissi-

223 5460 370 5500 mum
437 5445 644 5517 quinto,
701 5445 932 5511 decimo,
975 5448 1370 5518 quintodccimo
1403 5492 1420 5518 ,
1478 5461 1530 5505 et
1574 5452 1833 5523 vigesimo

220 5537 419 5593 abhinc
468 5553 632 5594 anno.
689 5538 821 5608 Quae
873 5538 1094 5609 quidem
1164 5541 1294 5596 festa
1349 5544 1761 5614 quinquennalia
1795 5589 1809 5613 ,

221 5629 554 5699 decennalis,
585 5631 1046 5704 qniudecennalia,
1069 5642 1119 5689 et
1142 5635 1437 5690 vicennalia
1467 5637 1812 5693 vocabantur.

131 5763 134 5766 -
220 5725 301 5782 De
327 5724 410 5779 his
445 5732 620 5781 autem
660 5739 760 5781 nos
801 5725 1002 5798 aliquid
1042 5727 1449 5797 perstrinximus
1493 5729 1594 5784 alia
1625 5730 1676 5784 in
1708 5730 1819 5786 dis-

221 5815 515 5876 sertatione
543 5817 838 5890 (Dissertat.
862 5818 919 5875 in
945 5817 1076 5878 Luc.
1106 5819 1303 5888 (Inicit,
1325 5836 1442 5893 cap.
1477 5823 1564 5896 ll,
1592 5833 1691 5881 art.
1730 5824 1810 5898 5).

1937 4701 2150 4755 occasio
2201 4699 2491 4768 voluptatis
2545 4701 2744 4769 potius,
2791 4716 2952 4769 quam
3001 4700 3160 4769 digna
3220 4704 3377 4765 ratio,
3439 4718 3544 4774 qua

1935 4807 2088 4847 suam
2116 4807 2244 4862 erga
2281 4791 2660 4860 imperatores,
2703 4791 2858 4860 ﬁdem
2911 4802 2956 4844 ct
2987 4794 3244 4846 veritatem
3287 4793 3544 4849 demons-

1937 4893 2098 4940 trent.
2170 4885 2354 4938 Palam
2409 4885 2590 4955 itaque
2629 4884 2910 4939 adseverat
2962 4886 3014 4940 in
3075 4886 3157 4942 his
3211 4889 3544 4946 solemnibus

1935 4978 2087 5035 festis
2117 4980 2312 5032 nullam
2343 4977 2506 5034 fuisse
2553 4977 2892 5034 ethnicorum
2938 4977 3097 5034 Iidem
3143 4988 3198 5034 et
3227 4981 3536 5036 veritatem.

1936 5071 2067 5126 Nam
2099 5070 2385 5125 falsissima
2416 5079 2528 5124 tum
2558 5081 2679 5124 vota
2708 5070 2974 5126 faciebant
3019 5086 3116 5141 pro
3157 5073 3331 5127 salute
3361 5073 3534 5142 impe-

1936 5177 2197 5231 ratorum,
2243 5180 2378 5235 qnos
2427 5165 2554 5231 cito,
2602 5174 2657 5219 et
2702 5165 2920 5234 saepius,
2979 5173 3038 5219 ut
3093 5167 3144 5220 in
3185 5167 3538 5238 sequentibus

1933 5259 2176 5314 articulis
2205 5257 2526 5320 videbimus,
2561 5257 2698 5311 mori
2725 5257 3012 5326 optabant.

2003 5353 2137 5408 Tres
2181 5367 2394 5422 quoque
2442 5352 2683 5415 virtutes,
2743 5351 3085 5415 modestiam,
3128 5351 3534 5420 verecundiam,

1932 5446 2237 5519 pudicitiam
2287 5454 2417 5500 tunc
2455 5445 2828 5513 pessumdatas
2878 5446 3044 5500 fuisse
3083 5447 3281 5501 merito
3304 5462 3538 5519 conque-

1929 5540 2082 5595 ritur.
2132 5537 2270 5605 Quid
2320 5538 2463 5592 enim
2512 5537 2596 5592 his
2625 5537 2912 5591 virtutibus
2958 5538 3129 5609 magis
3177 5541 3530 5610 contrarium,

1926 5647 2085 5704 quam
2115 5631 2395 5701 magniﬁca
2423 5639 2478 5686 et
2520 5629 2822 5700 splendida,
2873 5646 2978 5686 non
3029 5631 3243 5701 quidem
3289 5634 3524 5700 occulte,

1926 5725 2253 5795 privatisque
2297 5724 2350 5778 in
2406 5722 2677 5790 domibus,
2728 5721 2822 5778 sed
2872 5724 3042 5793 palam
3097 5738 3161 5778 ac
3203 5725 3432 5795 publicis
3471 5727 3524 5782 in

1926 5819 2116 5891 plateis
2140 5831 2303 5890 agere
2339 5816 2608 5887 convivia,
2661 5830 2782 5888 quae
2807 5817 3138 5888 epulantium
3173 5810 3530 5890 temulentis,
