4212 6262
595 307 737 367 i055

1660 304 1730 361 IN
1766 299 2236 360 TERTULLIANI
2271 299 2809 361 APOLOGETICUM

3755 298 3907 366 1056

595 423 878 488 ebrietate,
909 417 1256 491 impudicitia,
1303 418 1547 485 lascivia,
1576 416 1797 473 libidine
1822 416 2049 488 aliisque
2091 416 2193 472 ﬂa-
2219 415 2276 478 A
2302 434 2364 473 ne
2391 435 2541 474 nares
2568 419 2768 474 interim
2797 420 3008 487 cessent,
3040 419 3282 476 odoribus
3323 420 3478 477 uariis
3502 420 3731 492 inﬁcitur
3760 422 3907 480 locus

595 517 741 588 giliis
792 511 1329 571 contaminabantur?
1402 510 1509 567 Sed
1571 509 1877 581 ipsummet,
1927 511 1972 565 si
2007 509 2172 581 lubet,

597 606 982 663 Tertullianqu
1009 602 1322 659 audiamus:
1377 600 1604 669 Grande,
1634 603 1824 673 inquit,
1854 601 2196 658 ethnicorum

598 698 687 754 illa
719 696 1020 767 principum
1048 693 1311 751 solemnia
1350 696 1646 767 agentium,
1694 693 1922 749 uidelicet
1967 694 2189 764 ofﬁciunt

599 794 742 862 focos
780 798 825 844 et
867 797 1004 844 toros
1044 789 1098 843 in
1128 787 1387 859 publicum
1441 787 1654 842 educere
1699 784 1909 860 (Ibid.).
1971 785 2026 841 In
2053 787 2195 841 anti-

597 881 878 951 quioribus
904 879 1231 936 editionibus
1258 880 1455 950 legitur
1479 880 1681 949 choros,
1709 881 1806 937 sed
1834 880 2026 937 melius
2055 879 2196 937 haud

597 973 760 1031 dubie
788 982 944 1029 toros.
987 973 1120 1030 Nam
1149 972 1221 1029 ibi
1258 974 1350 1030 ille
1393 974 1630 1046 loquitur
1669 974 1739 1029 de
1763 973 1992 1046 publicis
2017 972 2201 1029 convi-

598 1066 721 1131 viis,
761 1066 955 1138 quibus
977 1065 1177 1122 ethnici
1207 1066 1274 1121 ad
1300 1081 1538 1122 mensam
1563 1065 1969 1122 accnmbebant.
2002 1066 2202 1134 Quam-

599 1158 785 1214 obrem
814 1158 973 1229 paulo
1012 1168 1133 1228 post
1161 1158 1387 1230 adjecit:
1421 1158 1590 1224 Quam
1619 1159 1911 1213 cultissimis
1938 1167 1985 1213 et
2020 1174 2204 1229 super-

601 1251 820 1307 bissimis
866 1252 989 1306 toris
1042 1255 1213 1322 [orum
1263 1252 1358 1306 sibi
1416 1251 1709 1307 dividebant
1757 1250 1970 1321 (lbid.).
2032 1251 2201 1308 'I‘anta

600 1346 763 1418 igitur
792 1344 1184 1415 magnificentia
1229 1353 1486 1416 tantoque
1518 1361 1742 1400 numero
1770 1346 1941 1400 lectos
1987 1354 2201 1401 sterne-

601 1438 731 1492 bant
757 1438 810 1494 in
842 1439 979 1503 foro,
1019 1445 1078 1492 ut
1107 1436 1235 1492 illud
1276 1436 1418 1493 inter
1441 1451 1503 1492 se
1526 1436 1773 1493 divisisse
1798 1445 1853 1493 et
1895 1436 2203 1507 implevisse

603 1532 933 1587 viderentur.

674 1622 779 1678 Sed
819 1623 941 1693 quia
980 1621 1177 1689 forum,
1227 1632 1427 1679 tantum
1458 1632 1715 1693 quantum
1761 1633 1925 1689 esset,
1956 1623 2204 1680 omnibus

604 1729 710 1770 non
741 1715 1059 1785 snl‘iicicbat,
1090 1717 1179 1771 alii
1211 1717 1413 1771 vicatim
1451 1716 1662 1790 (Ibid.),
1714 1718 1816 1773 hoc
1852 1726 1954 1783 est,
1986 1719 2038 1772 in
2067 1718 2203 1774 civi-

2296 513 2426 584 ipse,
2456 513 2509 567 in
2538 529 2638 585 quo
2691 513 2910 569 luxuria:
2954 522 3254 583 perematur
3291 513 3530 584 (Senec.,
3561 513 3652 570 lib.
3682 514 3746 570 de
3796 513 3898 572 Vit.

2301 604 2463 673 beat,
2487 624 2604 678 cap.
2630 608 2720 673 11,
2745 624 2865 678 pag.
2897 606 3048 676 624).
3077 606 3210 662 Nam
3240 606 3285 662 si
3323 606 3447 662 talia
3494 617 3651 663 erant
3692 607 3901 679 privata

2302 699 2518 755 illorum
2547 700 2814 767 convivia,
2838 709 3038 771 quanto
3080 699 3252 769 magis
3282 698 3493 770 publica
3535 698 3590 754 in
3639 698 3901 755 honorem

2302 792 2687 862 imperatorum
2719 799 2858 857 acta,
2889 791 3083 862 quibus
3109 790 3289 845 omnia
3320 790 3482 846 etiam
3510 790 3777 847 atrociora
3799 833 3815 858 ,
3846 798 3905 846 et

2301 882 2540 953 turpiora
2566 882 2669 938 sibi
2692 883 2835 938 licita
2864 898 2987 939 esse
3015 881 3329 939 Credebant.

2372 974 2502 1030 lure
2531 990 2660 1047 ergo
2685 977 2878 1030 merito
2899 973 3186 1031 Christiani
3216 972 3333 1029 haec
3353 972 3595 1040 homine,
3624 974 3709 1030 cui
3736 973 3909 1045 pudo—

2301 1069 2378 1124 ris
2404 1084 2653 1140 vermque
2680 1068 2953 1140 religionis
2978 1068 3062 1123 vel
3095 1066 3223 1139 quid
3248 1065 3531 1122 minimum
3561 1067 3748 1139 reliqui
3779 1069 3912 1123 luc-

2303 1161 2392 1228 rit,
2424 1160 2637 1232 indigna
2688 1174 2912 1232 prorsus
2959 1159 3384 1216 detestabantur.
3414 1158 3554 1213 Casti
3605 1159 3807 1231 itaque,
3845 1166 3912 1215 et

2303 1253 2470 1309 sobrii
2497 1252 2662 1308 festos
2695 1252 3076 1322 solemnesque
3115 1250 3239 1307 illos
3283 1250 3552 1307 Cmsarum
3578 1250 3693 1307 dies
3721 1252 3901 1322 agitao

2304 1346 2453 1401 bant.
2486 1345 2678 1401 Procul
2709 1344 2867 1416 igitur
2896 1358 2924 1397 a
2952 1344 3221 1413 corruptis
3243 1342 3521 1412 gentilium
3545 1342 3781 1398 moribus
3810 1359 3910 1400 re-

2306 1437 2458 1502 meti,
2481 1453 2585 1491 non
2611 1435 2819 1502 laureis,
2857 1435 3027 1506 inquit
3067 1436 3271 1490 Auctor
3297 1442 3503 1499 noster,
3534 1445 3695 1506 postes
3720 1436 3912 1490 obum-

2224 1590 2231 1595 ,
2306 1530 2528 1593 bramus,
2583 1544 2674 1583 nec
2726 1527 2943 1583 lucernis
2994 1528 3128 1582 diem
3177 1526 3508 1599 infringimus
3549 1524 3908 1600 (Tertullian.,

2306 1622 2596 1694 Apologet.,
2627 1622 2860 1711 cap.,35,
2886 1638 2938 1691 p.
2966 1621 3118 1691 451).
3167 1618 3304 1675 Nam
3350 1617 3551 1674 occulti
3582 1617 3910 1689 perduelles,

2307 1723 2365 1769 ut
2391 1728 2547 1768 suum
2569 1712 2828 1769 adversus
2861 1714 3239 1783 imperatorem
3267 1711 3448 1766 odium
3474 1721 3531 1768 et
3563 1711 3890 1768 simultatem

606 1809 728 1864 tatis
770 1809 1054 1878 cujuslibet
1103 1811 1255 1877 vicis,
1306 1810 1637 1882 publicisque
1682 1812 1805 1875 viis,
1858 1822 1911 1868 et
1955 1813 2204 1884 compitis
2231 1813 2281 1874 B
2307 1807 2547 1863 securius
2578 1815 2840 1876 tegerent,
2884 1813 3013 1860 tunc
3036 1803 3413 1870 recentissimis,
3460 1816 3510 1858 et
3548 1804 3914 1860 ramosissimis

603 1900 976 1971 epulabantur.
1053 1902 1312 1973 Expende
1356 1905 1554 1975 itaque,
1609 1903 1855 1970 obsecro,
1903 1914 2083 1960 utrum
2136 1906 2203 1963 ad

607 1994 750 2051 hunc
767 2010 968 2051 morem
996 1996 1240 2052 nonnihil
1261 1996 1564 2053 conducant
1586 1998 1699 2053 hch
1718 1998 1996 2054 Ciceronis
2014 1999 2202 2068 verba,

606 2086 798 2156 quibus
828 2088 999 2155 palam
1028 2089 1611 2159 renuntiatApronium
1637 2091 1913 2159 imperasse
1929 2101 1982 2144 ut
2002 2092 2056 2145 in
2084 2095 2200 2162 foro

605 2180 700 2234 sibi
750 2182 916 2236 medio
967 2181 1081 2238 lecti
1130 2192 1516 2239 sternerentur:
1575 2183 1802 2253 quotidie
1844 2184 2052 2239 solitum
2099 2200 2208 2241 esse

608 2286 710 2325 non
736 2272 887 2326 modo
912 2272 964 2327 in
993 2274 1217 2344 publica,
1252 2274 1340 2328 sed
1363 2274 1426 2328 de
1463 2274 1665 2345 publica
1701 2276 1977 2344 convivari,
2010 2292 2127 2330 cum
2152 2277 2206 2331 in

607 2365 677 2419 eis
706 2366 1010 2436 symphonia
1030 2376 1248 2434 caneret,
1281 2369 1613 2438 maximisque
1650 2370 1849 2438 poculis
1886 2371 2206 2425 ministrare-

558 2449 567 2469 ¹
609 2466 692 2512 tur
710 2456 898 2531 (Cicer.
931 2458 1019 2514 lib.
1042 2459 1127 2527 ΙΙΙ,
1149 2461 1202 2514 in
1242 2459 1413 2526 Verr.,
1447 2477 1567 2532 pag.
1610 2461 1734 2527 156,
1780 2462 1874 2516 lin.
1905 2463 1977 2518 4⁸5
1995 2463 2036 2532 ).
2094 2461 2207 2519 Me-

611 2552 795 2607 moriae
830 2553 989 2606 etiam
1029 2553 1313 2608 Cornelius
1344 2553 1560 2609 Tacitus
1602 2552 1795 2608 alicubi
1838 2553 2070 2623 prodidit
2102 2554 2209 2610 Ne-

611 2645 727 2697 roni
783 2643 1113 2713 imperatori,
1164 2644 1294 2698 nihil
1343 2660 1555 2714 usquam
1604 2644 1813 2712 perinde
1866 2646 2036 2699 Icelum
2087 2647 2203 2715 sibi,

610 2733 827 2805 publicis
853 2735 976 2789 locis
1013 2746 1209 2789 struere
1247 2737 1493 2802 convivia,
1521 2745 1720 2806 totaque
1744 2736 1866 2790 urbe
1888 2738 2034 2806 quasi
2058 2738 2210 2793 domo

611 2827 688 2879 uti
745 2824 956 2896 (Tucit.,
991 2827 1079 2882 lib.
1133 2827 1227 2883 XV
1278 2828 1467 2882 Annal.
1508 2839 1625 2884 ante
1683 2827 1841 2896 med.,
1890 2847 2009 2901 pag.
2057 2831 2208 2902 127).

609 2915 811 2973 ethnici
837 2934 963 2973 vero
1011 2919 1093 2973 his
1122 2919 1272 2974 l‘cstis
1300 2919 1597 2990 principum
1649 2920 1837 2977 diebus
1893 2926 2073 2978 nitinia
2103 2924 2207 2981 sibi

611 3009 776 3066 licere
802 3009 1067 3079 arbitrati,
1102 3022 1211 3066 tum
1241 3013 1487 3068 solebant
1536 3028 1640 3068 non
1692 3015 1864 3068 solum
1912 3024 2018 3070 tota
2072 3018 2206 3073 urbe

613 3101 764 3172 quasi
794 3102 954 3157 domo
1004 3104 1102 3171 uti,
1143 3103 1238 3159 sed
1285 3105 1558 3167 civitatem,
1604 3106 1777 3175 inquit
1824 3106 2210 3177 Tertullianus,

572 3256 577 3269 1
613 3194 835 3249 taberna
857 3193 1032 3250 habitu
1071 3197 1384 3268 abolefacere
1414 3195 2052 3269 (Tertullian.Apologet.,
2094 3218 2210 3273 cap.
2238 3202 2285 3268 C

615 3288 705 3355 35,
734 3306 856 3361 pag.
885 3288 1037 3360 452);
1081 3289 1152 3345 ita
1179 3299 1234 3344 ut
1263 3299 1370 3344 tota
1400 3289 1585 3344 civitas
1611 3290 1844 3346 taberna:
1869 3307 1932 3347 ac
1956 3307 2214 3364 caupona:

614 3382 847 3451 speciem
876 3378 1119 3436 haberet.
1205 3380 1322 3436 Non
1370 3381 1566 3437 desunt
1609 3394 1810 3449 autem,
1859 3384 1947 3454 qui
1989 3386 2040 3439 in
2073 3386 2216 3443 hunc

616 3472 790 3529 locum
856 3474 1230 3545 explicationis
1285 3490 1415 3546 ergo
1482 3474 1593 3533 hos'
1631 3475 1905 3533 adducunt
1958 3477 2216 3536 Martialis

617 3581 805 3622 VBI‘SUS
825 3585 840 3621 ἕ

742 3679 951 3750 Tonsor,
966 3694 1149 3750 gaupo,
1174 3695 1377 3744 coquus,
1401 3683 1561 3734 lanius
1574 3698 1662 3735 sua
1679 3685 1843 3750 limina
1860 3694 2087 3750 servant;

802 3741 945 3792 Nunc
964 3742 1114 3794 Roma
1133 3751 1230 3805 est,
1248 3741 1406 3807 nuper
1428 3757 1605 3807 magna
1628 3749 1833 3798 taberna
1855 3751 1961 3800 l'uit.

1145 3878 1149 3882 .
1206 3823 1448 3889 (Martial.
1467 3827 1554 3879 lib.
1574 3836 1664 3891 vu,
1686 3828 1928 3898 epigram.
1954 3832 2054 3896 60.)

618 3932 731 3990 Sed
758 3933 846 3990 alii
878 3942 1103 3990 censent
1134 3933 1373 3989 tabernae
1400 3950 1595 3991 nomen
1626 3936 1696 3991 ibi
1731 3952 1761 3990 a
1788 3936 2029 3993 Martiale
2068 3938 2212 3995 sumi

620 4040 727 4081 non
752 4023 966 4095 quidem
1004 4039 1100 4094 pro
1129 4040 1390 4094 caupona,
1419 4026 1514 4082 sed
1538 4036 1795 4096 mercatu,
1826 4028 1914 4084 vel
1966 4029 2085 4085 loco
2115 4030 2205 4085 ubi

621 4133 828 4175 merces
848 4119 1161 4176 venumdari
1191 4118 1453 4174 solebant.
1496 4121 1566 4174 At
1590 4135 1804 4192 quoquo
1869 4122 2030 4177 modo
2074 4122 2218 4179 acci-

622 4208 822 4281 piatur,
853 4218 1067 4263 constat
1094 4218 1294 4264 tantam
1345 4209 1509 4265 l‘uisse
1535 4211 1813 4281 gentilium
1842 4212 1894 4266 in
1924 4211 2009 4267 his
2040 4212 2218 4283 publi-

630 4302 709 4355 cis
738 4298 999 4355 conviviis
1031 4300 1519 4371 intemperantiam,
1552 4302 1938 4374 impudentiam
1968 4314 2023 4360 et
2061 4304 2222 4360 lasci-

627 4391 790 4460 viam,
839 4401 897 4447 ut
948 4392 1085 4448 cibis
1120 4400 1396 4450 sese'non
1441 4394 1617 4450 solum
1668 4393 2080 4467 ingurgitarent,
2124 4395 2222 4453 sed

624 4484 761 4552 uiuo,
792 4495 851 4541 ut
876 4488 953 4542 ait
984 4486 1186 4543 Auctor
1232 4498 1440 4555 noster,
1473 4503 1569 4558 per
1598 4489 1802 4547 medias
1847 4490 2080 4546 civitatis
2102 4490 2218 4545 vias

626 4579 818 4648 ell‘uso,
852 4588 1114 4651 terraeque
1139 4580 1376 4635 imniisto
1405 4580 1567 4635 lutum
1595 4591 1831 4652 cogerent
1857 4580 2214 4654 (Tertullian.,
2252 4598 2308 4659 D

624 4673 914 4747 Apologet.,
943 4692 1058 4746 cap.
1090 4675 1179 4743 '55,
1227 4692 1279 4745 p.
1313 4674 1420 4732 45:2
1440 4675 1483 4747 ).
1513 4674 1651 4730 Tum
1678 4684 1854 4730 autem
1879 4676 2064 4732 videre
2106 4685 2225 4733 erat

630 4769 953 4825 temulentos
995 4768 1281 4839 ebriosque
1329 4768 1594 4834 homines,
1639 4768 1931 4823 cateruatim
1983 4768 2228 4823 cursitare

628 4860 695 4917 ad
748 4862 984 4931 injurias,
1030 4862 1099 4915 ad
1148 4862 1509 4933 impudentius,
1560 4861 1630 4915 ad
1682 4861 1907 4917 libidinis
1960 4862 2223 4917 illecebras

630 4953 711 5011 vel
742 4952 881 5009 sicut
906 4962 1088 5023 postea
1119 4953 1352 5024 loquitur
1403 4952 1589 5024 (lbid.,
1650 4969 1768 5023 cap.
1793 4952 1883 5019 59,
1906 4970 1960 5022 ρ.
1986 4952 2138 5026 ‘77),
2170 4954 2227 5009 in

628 5056 855 5099 catervas
878 5045 1170 5108 ctesionum,
1199 5046 1287 5116 qui
1313 5044 1448 5101 alios
1475 5044 1788 5100 verberibus
1812 5053 1867 5101 ct
1893 5044 2073 5117 ﬂagris
2113 5060 2222 5102 ca:-

628 5137 846 5200 debant,
874 5140 927 5191 in
950 5138 1138 5192 classes
1182 5137 1631 5203 discursationum,
1666 5139 1784 5193 sive
1812 5138 2109 5205 hominum,
2136 5139 2229 5210 qui

632 5230 1002 5286 bacchantium
1035 5244 1185 5285 more
1238 5244 1333 5297 per
1374 5236 1536 5284 totam
1584 5228 1957 5285 discurrebant
2010 5230 2216 5285 urbem.

634 5322 842 5391 Quanta
873 5336 1027 5394 porto
1059 5325 1113 5377 in
1136 5322 1283 5379 hisce
1306 5322 1532 5394 publicis
1551 5322 1814 5377 conviviis
1844 5321 1999 5377 fuerit
2026 5322 2224 5378 intem-

631 5418 896 5490 perantia,
925 5433 991 5474 ex
1024 5417 1108 5474 bis
1134 5417 1366 5488 conjlce,
1397 5431 1518 5488 quae
1543 5416 1609 5473 de
1630 5417 1851 5487 privatis
1879 5417 2095 5487 scripsit
2129 5415 2231 5472 Se-

632 5527 766 5568 neca
801 5529 815 5567 :
855 5508 1023 5575 Vides,
1060 5511 1253 5580 inquit,
1281 5510 1374 5565 ltos
1414 5510 1615 5565 eosdem
1645 5526 1671 5565 e
1698 5508 1838 5565 lectis
1863 5510 1968 5564 suis
1996 5519 2233 5581 spectau-

633 5612 709 5658 tes
764 5602 1007 5674 p0pinam
1057 5620 1203 5657 suam
1226 5643 1242 5668 ,
1300 5619 1449 5658 aures
1492 5619 1672 5658 uocum
1715 5618 1874 5668 sono,
1933 5588 2234 5673 spectaculis

635 5697 833 5762 oculos,
862 5690 1145 5768 saporibus,
1178 5699 1407 5769 palatum
1433 5699 1947 5755 suum'delectantes.
1993 5700 2237 5757 Mollibus

634 5785 921 5856 talibusque
946 5780 1195 5858 [obtentis
1211 5798 1375 5847 totum
1418 5790 1685 5851 lacessitur
1712 5808 1891 5853 eorum
1917 5808 2142 5867 corpus;
2186 5800 2233 5852 et

2308 1898 2496 1954 laureis
2537 1908 2704 1969 postes
2753 1895 3138 1965 praestruebant,
3189 1895 3479 1951 elatissimis
3525 1904 3573 1950 et
3610 1894 3911 1950 clarissimis

2309 1992 2526 2048 lucernis
2562 1990 2807 2045 vestibula
2850 1988 3153 2044 nebulabant
3192 1986 3407 2057 (lbid.).
3435 1986 3553 2056 ,ϐαι-
3591 1997 3771 2044 autem
3808 1986 3915 2043 hoc

2308 2083 2499 2139 ultimo
2540 2082 2704 2138 verbo
2750 2089 2950 2149 utatur,
2995 2079 3224 2149 intelligi
3274 2088 3452 2151 potest
3502 2078 3588 2135 his
3623 2078 3793 2136 Persii
3840 2078 3915 2136 de

2310 2174 2526 2231 Herode
2548 2172 2792 2230 versibus
2820 2189 2835 2226 :

2434 2287 2649 2338 Herodis
2667 2299 2853 2337 venere
2875 2285 2985 2335 dies
3002 2292 3282 2349 cunctaque
3307 2283 3544 2349 fenestra,

2422 2350 2696 2414 .Dispositze
2718 2350 2954 2413 pinguem
2978 2346 3214 2399 nebulam
3235 2360 3471 2398 vomuere
3494 2346 3729 2399 lucerna.

3110 2436 3275 2497 (Pers.
3299 2430 3447 2486 satir.
3470 2432 3624 2497 5,sub
3645 2432 3757 2499 fin.)

2314 2549 2390 2604 De
2417 2546 2606 2604 iisdem
2637 2554 2811 2602 autem
2838 2545 3072 2601 lucernis
3100 2554 3155 2600 et
3201 2546 3375 2608 lauro,
3403 2545 3597 2616 quibus
3617 2543 3902 2600 domorum

2312 2648 2492 2714 postes
2514 2638 2860 2705 ornabantur,
2888 2639 3005 2695 lucc
3025 2648 3144 2694 sunt
3176 2637 3456 2694 iuvenalis
3489 2637 3754 2694 carmina:
3800 2641 3805 2646 ’

2437 2752 2620 2803 Cuncta
2642 2752 2822 2807 nitent.
2839 2751 3014 2813 longos
3036 2752 3364 2813 erexitjanua
3384 2749 3568 2811 lauros,

2439 2815 2503 2867 Et
2523 2816 2778 2866 matutinis
2799 2812 3034 2878 Operatnr
3054 2812 3180 2863 festa
3197 2812 3438 2878 lucernis.

2842 2874 3088 2942 (Juvenal.
3114 2876 3253 2927 sutir.
3288 2876 3360 2936 12,
3384 2888 3429 2926 υ.
3454 2874 3747 2942 96etseqq.)

2315 2983 2425 3039 Cur
2448 2998 2577 3054 ergo
2599 2982 2891 3038 Christiani
2916 2983 3011 3037 has
3038 2981 3443 3053 superstitiones
3467 2982 3682 3052 penitus
3715 2998 3911 3052 repro-

2316 3075 2526 3140 harent,
2557 3075 2694 3131 hanc
2725 3075 3089 3130 Tertullianus
3138 3074 3309 3130 reddit
3339 3074 3598 3129 rationem
3647 3091 3662 3127 :
3707 3075 3913 3130 Accen-

2317 3170 2443 3224 dunt
2467 3170 2690 3239 quotidie
2714 3169 2972 3234 lucernas,
3013 3168 3194 3237 quibus
3226 3168 3319 3222 lux
3343 3166 3484 3221 nulla
3527 3175 3617 3230 cst,
3651 3166 3908 3222 nimirum

2317 3277 2462 3319 vera)
2504 3246 3057 3332 religionisaalﬁgunt
3107 3260 3333 3331 postibus
3381 3259 3553 3313 lauros
3592 3260 3918 3328 postmodum

2317 3370 2547 3420 arsuras,
2587 3352 2765 3424 quibus
2794 3354 2935 3424 ignes
2958 3351 3217 3407 imminent
3248 3350 3393 3405 :illis
3434 3360 3725 3421 competunt
3754 3361 3918 3407 ettes-

2318 3449 2528 3504 timonia
2555 3447 2871 3502 tenebrarum
2909 3454 2954 3499 et
2983 3445 3218 3514 auspicia
3245 3459 3515 3515 pinnarum
3562 3440 3913 3516 (Te'rtullian.,

2320 3541 2409 3597 lib.
2467 3542 2531 3595 de
2577 3538 2852 3605 ldololat.,
2903 3532 3029 3609 cap.
3072 3537 3190 3608 15),
3237 3536 3374 3607 ignis
3418 3534 3665 3591 videlicet
3708 3537 3915 3603 :cternl,

2320 3648 2428 3705 quo
2504 3632 2650 3702 impii
2722 3630 2965 3686 homines
3036 3639 3155 3700 post
3225 3629 3362 3685 hanc
3425 3629 3587 3683 vitam
3660 3628 3920 3698 puniendi

2321 3736 2466 3782 sunt.
2519 3725 2655 3781 Tum
2691 3723 2886 3780 deinde
2941 3723 3301 3779 ChriStianutn
3351 3723 3432 3778 sic
3467 3723 3785 3794 alloquitur:
3832 3722 3898 3779 Si

2323 3818 2523 3888 templis
2562 3817 2879 3882 renuntiasti,
2914 3832 2977 3871 ne
3020 3816 3199 3888 feceris
3228 3815 3493 3884 templum,
3541 3815 3652 3870 falsi
3683 3813 3897 3870 scilicet

2322 3911 2405 3966 dei
2432 3910 2679 3980 alicujus,
2693 3911 2915 3980 januam
2945 3919 3084 3964 tuam
3110 3906 3322 3980 (Ibid.).
3357 3907 3433 3963 De
3469 3907 3619 3964 lovis
3636 3904 3905 3979 siquidem

2326 4001 2525 4071 templo
2546 4000 2744 4057 cecinit
2762 3999 2982 4056 Ovidius
3015 4017 3029 4056 :

2419 4111 2704 4176 Caritasnen
2726 4113 2943 4176 apposita
2966 4112 3157 4176 velatur
3174 4112 3324 4175 ianua
3343 4113 3499 4171 lauro,

2482 4174 2647 4235 Ciugit
2671 4182 2724 4225 et
2745 4174 2981 4236 augustas
3004 4175 3149 4224 arbor
3168 4174 3320 4237 opaca
3350 4175 3553 4225 domos?

2417 4237 2495 4287 An
2517 4239 2631 4300 quia
2649 4245 2914 4302 perpetuos
2929 4238 3116 4302 meruit.
3135 4236 3306 4287 donius
3326 4238 3416 4288 ista
3437 4236 3742 4302 triumphos?

2481 4298 2582 4348 Aut
2601 4298 2714 4362 quia
2738 4298 2995 4363 Leucadio
3015 4311 3215 4363 semper
3235 4306 3396 4363 amata
3418 4299 3552 4350 deo?

2421 4360 2601 4425 Ipsane
2618 4358 2901 4425 quodiesta
2927 4361 3045 4425 est?
3068 4358 3141 4411 an'
3149 4360 3281 4425 quod
3304 4361 3416 4411 facit;
3429 4363 3590 4411 omnia
3606 4360 3731 4425 festa
3746 4358 3771 4409 ?

2515 4424 2671 4484 Quam
2693 4423 2863 4473 tribuit
2885 4424 3038 4473 terris
3058 4423 3190 4488 pacis
3211 4436 3275 4473 an
3298 4425 3391 4474 ista
3414 4431 3531 4474 nota
3553 4423 3663 4474 est?

2603 4504 2769 4571 (Ovid.
2793 4505 2880 4557 lib.
2900 4513 2953 4557 ιιι
2980 4505 3151 4568 Trist.,
3177 4503 3299 4575 eleg.
3328 4508 3373 4567 1,
3396 4519 3444 4558 o.
3477 4507 3537 4558 41
3576 4512 3623 4559 et
3644 4507 3795 4572 seqq.)

2332 4636 2415 4693 Ad
2450 4635 2798 4709 rejiciendum
2856 4637 3037 4709 itaque
3085 4635 3368 4708 profanum
3409 4634 3553 4692 hunc
3599 4635 3766 4691 ritum
3812 4635 3941 4693 sola

2330 4729 2446 4786 haec
2467 4731 2601 4786 ratio
2636 4729 2963 4786 Christianis
3010 4712 3328 4787 sufficiebat.
3383 4729 3493 4786 Sed
3538 4730 3701 4785 aliam
3755 4729 3940 4786 adhuc

2334 4823 2693 4880 Tertullianus
2721 4823 2997 4894 suggerit:
3028 4821 3091 4879 Si
3142 4822 3478 4893 lupanaribus
3508 4821 3836 4887 renuntiasti,
3867 4838 3937 4877 ne

2332 4915 2562 4969 indueris
2587 4914 2765 4969 domui
2795 4924 2894 4969 tute
2923 4915 3107 4986 faciem
3141 4915 3254 4969 novi
3280 4914 3543 4985 lupanaris
3572 4910 3940 4986 (Tertullian.,

2329 5005 2420 5061 lib.
2454 5006 2517 5060 de
2543 5004 2813 5073 ldololat.,
2846 5004 2944 5060 loc.
2967 5006 3112 5075 cit.).
3136 5005 3270 5060 Nam
3302 5004 3516 5062 infamis
3553 5005 3710 5074 hujus
3730 5004 3937 5060 domus

2326 5098 2504 5168 januis
2532 5097 2778 5152 solebant
2822 5113 2926 5152 non
2956 5097 3131 5153 solum
3154 5096 3313 5166 lauri,
3344 5096 3441 5153 sed
3488 5097 3718 5152 lucerna:
3757 5095 3942 5153 etiam

2332 5190 2581 5261 appendi.
2611 5189 2766 5247 Unde
2813 5190 2927 5247 hanc
2974 5190 3115 5263 apud
3155 5191 3490 5263 I’rOpertium
3529 5192 3706 5261 janua:
3735 5189 3931 5259 queri-

2334 5298 2510 5339 monia
2544 5300 2559 5337 :

2457 5395 2567 5460 Non
2589 5408 2685 5460 ego
2711 5397 2961 5460 nocturnis
2981 5399 3208 5460 potorum
3233 5398 3396 5447 saucia
3418 5397 3580 5460 rivis,,

2524 5458 2719 5522 Pulsata
2743 5458 2954 5522 indignis
2975 5458 3109 5522 saepe
3130 5472 3315 5522 queror
3339 5458 3599 5522 inanibus;

2458 5520 2661 5592 Etnmihi
2686 5518 2985 5592 nondésunt
3002 5518 3180 5592 turpes
3203 5518 3661 5592 pendere_corolls,

2521 5581 2730 5646 Semper
2753 5588 2805 5633 et
2827 5583 3043 5635 exclusis
3063 5580 3217 5644 signa
3224 5586 3397 5646 jacere
3421 5580 3596 5642 faces;

3044 5666 3288 5731 (Pl‘Opet'l.
3314 5662 3397 5719 lib.
3417 5672 3450 5730 ι,
3476 5662 3602 5732 eleg.
3622 5664 3723 5733 16.)

2338 5794 2504 5858 Suam
2561 5794 2742 5868 itaque
2796 5810 3021 5856 uxorem
3073 5795 3438 5857 Tertullianus
3483 5796 3628 5861 serio
3675 5793 3945 5855 admonet
