4170 6264
262 308 414 374 108⁸1

1418 315 1870 378 DlSSERTATlO
1908 319 1975 383 Β.
2015 317 2105 380 LE
2139 320 2448 382 NOURRY.

3424 336 3572 398 1058

266 423 351 482 {as
386 438 490 483 nee
513 424 589 482 illi
615 439 715 484 nec
738 425 832 483 ulli
860 425 1171 509 christiana!
1187 442 1330 497 esse,
1355 433 1661 489 utomnibus
1688 436 1873 491 solent-
1900 438 1953 499 Α
1978 438 2143 508 gentis
2171 438 2548 519 irreverentiam
2592 455 2975 515 recognoscam,
3008 451 3056 499 et
3103 445 3307 516 festivos
3353 448 3572 519 libellos,

268 519 420 574 nibus
446 537 625 592 regum
649 520 900 591 procedat.
916 520 981 576 de
997 523 1168 593 janua
1189 522 1417 577 laureata
1436 534 1484 579 et
1505 525 1786 593 lucernula,
1812 538 1869 583 ut

270 609 337 665 de
356 627 485 667 novo
513 611 815 689 consistorio
865 612 1135 667 libidinum
1205 614 1527 684 publicarunt
1574 616 1863 688 (Tertull.,

267 703 369 761 lib.
400 705 419 761 l
447 707 516 760 ad
543 704 729 767 Uxor..
761 723 878 777 cap.
922 705 1003 777 6).
1053 707 1412 775 Quamobrem
1452 708 1505 763 in
1535 725 1634 766 suo
1708 714 1873 782 Apo—

270 794 502 868 logctico
530 805 677 853 recte
702 797 976 853 concludit
1017 814 1192 869 neque
1237 799 1519 856 honestum
1550 816 1671 859 esse
1699 818 1871 875 neque

269 887 474 945 licitum
510 889 885 946 :Solemnitate
918 892 1123 962 publica
1159 895 1407 966 exigente,
1449 896 1660 954 induere
1694 897 1871 951 domui

258 988 372 1047 tua!
408 981 637 1036 habitum
661 982 883 1053 alicujus
922 983 1038 1039 nari
1088 985 1352 1057 lupanaris
1392 986 1585 1060 (Idem,
1620 988 1866 1061 Apolog.,

268 1088 385 1147 cap.
414 1074 504 1138 35,
537 1092 658 1148 pag.
686 1075 836 1148 45!).

337 1165 620 1223 Neminem
642 1183 806 1239 porro
839 1184 984 1225 sanie
1013 1170 1210 1227 mentis
1237 1170 1509 1229 hominem
1548 1188 1670 1231 esse
1713 1184 1869 1248 puta-

268 1271 412 1324 mus,
441 1258 532 1330 qui
556 1273 621 1315 es
650 1257 908 1317 hactenus
949 1260 1108 1317 dictis
1152 1277 1261 1319 non
1314 1264 1576 1337 intelligat
1603 1267 1865 1337 quosdam

268 1349 638 1421 hcterodoxos
666 1350 910 1408 homines
937 1352 1039 1409 hoc
1069 1354 1321 1413 Auctoris
1367 1357 1678 1412 testimonio
1710 1358 1869 1429 plane

266 1446 591 1518 penitusque
617 1443 787 1513 abuti,
820 1446 908 1517 qui
932 1445 1056 1501 inde
1082 1444 1324 1502 inferunt
1367 1448 1595 1503 vetitum
1628 1463 1748 1506 esse
1776 1450 1870 1506 iis-

269 1536 395 1593 dem
418 1536 741 1592 Cbristianis
775 1538 829 1591 in
872 1538 986 1593 suis
1036 1538 1282 1594 ecclesiis
1311 1554 1467 1594 usum
1495 1555 1776 1597 cereorum
1816 1551 1871 1599 et

269 1629 551 1687 luminum.
595 1628 711 1686 Non
753 1630 821 1687 de
864 1629 948 1687 his
976 1632 1275 1701 enimvero,
1322 1631 1391 1689 de
1428 1633 1622 1704 quibus
1650 1650 1751 1692 nos
1778 1652 1870 1693 su-

269 1734 367 1792 pra
401 1722 548 1794 (cap.
590 1723 679 1791 15,
732 1733 833 1778 arl.
860 1724 917 1791 4,
969 1732 1014 1779 et
1059 1722 1276 1784 Disserl.
1316 1729 1371 1783 in
1432 1729 1693 1798 Lactant.,
1748 1746 1865 1802 cap.

1972 545 2099 600 quos
2121 540 2306 586 statuta
2328 516 2522 597 ’sciant,
2553 542 2601 587 et
2640 533 2734 587 illa
2780 533 2983 604 obliqua
3026 553 3390 611 nonnunquam
3435 516 3585 605 dicta'

1971 638 2005 676 a
2027 624 2266 693 concilio,
2335 635 2485 695 atque
2528 626 2798 680 ntaledicta
2839 644 2955 697 qua:
2977 629 3101 683 circi
3127 641 3311 686 sonant
3337 649 3358 687 :
3394 635 3439 689 si
3470 652 3574 691 non

1973 716 2151 781 armis,
2182 716 2361 787 lingua
2400 733 2598 788 semper
2652 718 2864 773 rebelles
2927 710 3047 776 estii
3095 720 3288 794 (Idem,
3317 725 3405 781 lib.
3450 724 3574 783 Iud

1984 806 2161 875 Nati.,
2189 826 2306 880 cap.
2338 811 2428 876 17,
2483 828 2538 882 p.
2571 811 2721 883 585).
2752 812 2944 870 Nonne
2976 814 3120 869 enim
3151 817 3221 871 ibi
3252 816 3369 873 aliis
3392 819 3572 876 verbis

1978 899 2069 957 illa
2100 900 2207 957 duo
2242 902 2458 968 iudicat,
2490 919 2611 975 qua:
2637 902 2705 959 ab
2733 920 2799 960 eo
2815 904 3011 961 Tiberis
3029 917 3076 962 et
3103 908 3278 962 schola
3304 910 3575 967 bestiarum

1974 990 2031 1049 in
2088 993 2443 1065 Apologetieo
2497 998 2791 1053 vocantur?
2820 997 3021 1053 Festivi
3066 1002 3264 1071 quippe
3304 1003 3468 1059 libelli
3515 1004 3572 1061 in

1974 1082 2320 1154 imperatoris
2340 1087 2726 1142 contumeliam
2745 1088 3190 1158 appendebantur
3216 1093 3428 1160 statuis,
3452 1110 3573 1166 quae

1973 1174 2029 1233 in
2078 1177 2303 1246 publicis
2342 1179 2500 1248 locis,
2530 1180 2709 1236 Tiberi
2739 1182 2926 1253 procul
2952 1183 3117 1240 dubio
3146 1185 3355 1255 vicinis,
3401 1188 3573 1244 collo-

1974 1278 2111 1324 cata:
2160 1268 2391 1327 fuerant.
2431 1272 2611 1341 Atque
2652 1273 2777 1328 hinc
2822 1274 3032 1331 Tiberis
3074 1275 3265 1333 horum
3293 1277 3483 1336 festive
3519 1289 3575 1338 et

1974 1362 2365 1419 contumeliose
2392 1362 2657 1420 dictorum
2690 1367 2843 1420 testis
2870 1365 2975 1422 dici
3006 1370 3197 1438 potuit.

2055 1455 2139 1512 Ad
2170 1455 2461 1513 bestiarum
2492 1468 2669 1514 autem
2705 1458 2946 1515 scholam
2992 1461 3134 1532 quod
3189 1472 3416 1532 spectat,
3463 1479 3573 1522 non

1973 1544 2206 1603 deerunt
2238 1549 2491 1616 fortasse,
2518 1539 2609 1622 qui
2652 1560 2841 1621 putent
2868 1567 2934 1607 eo
2967 1554 3185 1609 nomine
3209 1554 3479 1627 designari
3511 1558 3574 1613 il-

1973 1635 2147 1693 larum
2176 1654 2419 1707 caveam,
2456 1642 2508 1696 in
2535 1643 2689 1712 cujus
2733 1641 2897 1713 janua
2926 1644 3353 1702 inscribebantur
3379 1648 3467 1703 illa
3495 1648 3575 1704 fa-

1972 1736 2096 1784 cete
2118 1740 2174 1784 et
2226 1740 2381 1787 acute
2410 1733 2574 1797 dicta,
2630 1734 2825 1804 quibus
2863 1735 3213 1806 imperatores
3244 1724 3569 1815 pungebaltt.

268 1811 366 1882 25,
414 1824 518 1870 art.
547 1813 629 1888 2),
687 1815 783 1870 sed
831 1815 899 1872 de
941 1816 1059 1873 aliis
1085 1820 1260 1874 cereis
1294 1829 1350 1876 et
1398 1822 1689 1879 luminibus
1744 1838 1872 1894 pro-
1900 1830 1950 1891 Β
1976 1819 2115 1890 Quid
2139 1832 2339 1891 tamen,
2373 1824 2416 1880 si
2438 1824 2623 1882 schola
2653 1826 2969 1892 bestiarum,
2998 1844 3094 1885 seu
3115 1829 3256 1887 forte
3291 1811 3576 1889 bestiario-

269 1902 401 1961 fano
421 1906 717 1978 gentilique
770 1909 875 1963 ritu
917 1909 1159 1966 adhiberi
1188 1913 1357 1969 solitis
1408 1914 1479 1969 ibi
1510 1914 1767 1987 disputat.
1799 1918 1871 1973 At

265 2011 400 2055 sane
442 1999 566 2055 inde
616 1999 1053 2059 manifestissime
1099 2005 1369 2076 colligitur
1406 2006 1743 2065 Christianos
1770 2024 1871 2067 nec

267 2089 595 2161 reipublicae,
646 2107 747 2149 nec
798 2094 1180 2167 imperatorum
1227 2096 1412 2154 hostes
1442 2114 1562 2156 esse
1604 2101 1866 2172 publicos,

261 2191 548 2257 propterea
590 2184 733 2255 quod
774 2184 964 2242 horum
1012 2188 1272 2244 solemnia
1305 2191 1395 2261 pio
1446 2206 1568 2259 suo,
1620 2192 1719 2250 sed
1760 2211 1869 2253 non

266 2274 359 2331 illo
382 2275 662 2346 gentilium
694 2291 914 2348 prorsus
942 2279 1249 2337 damnando
1272 2296 1337 2339 ac
1373 2282 1683 2342 detastabili
1716 2302 1869 2345 more

268 2367 633 2427 celebrabant.

868 2502 1158 2544 AB‘I‘ICULUS
1196 2504 1274 2547 111.

272 2593 569 2652 Ostenditur
587 2597 811 2654 etlmicos
837 2601 993 2671 fuisse
1030 2592 1201 2659 revera
1226 2605 1458 2676 publicos
1503 2608 1671 2664 hostes
1695 2609 1863 2682 impe-

340 2691 543 2759 ratoris,
571 2708 717 2763 quem
767 2693 938 2764 palam
969 2697 1215 2753 vexabant
1240 2700 1482 2769 dicteriis,
1515 2719 1576 2757 ac
1603 2706 1861 2773 conviciis,

268 2772 273 2775 ’
338 2800 551 2856 quorum
572 2788 710 2842 testis
736 2798 840 2841 erat
870 2787 1083 2860 Tiberis,
1118 2802 1165 2846 et
1192 2794 1369 2848 schola
1392 2794 1752 2865 bestiarum;et
1778 2793 1869 2871 qui

346 2877 463 2932 novi
501 2894 561 2932 ac
610 2880 727 2934 novi
761 2878 980 2936 Ctesaris
1030 2902 1230 2940 scenam
1273 2904 1469 2959 semper
1497 2893 1760 2962 aptabant,
1807 2911 1868 2949 ac

351 2977 456 3022 tum
480 2970 630 3025 etiam
661 2988 775 3027 cum
815 2974 863 3027 ei
906 2975 1251 3032 acclamarenl
1282 2980 1401 3035 :De
1452 2983 1657 3038 nostris
1708 2986 1867 3042 annis

345 3073 535 3132 augeat
563 3063 656 3118 tibi
709 3064 917 3136 Jupiter
962 3082 1151 3125 annos.

296 3218 309 3225 ’
347 3196 491 3254 Satis
512 3198 872 3258 Tertullianus
896 3218 1003 3258 non
1029 3202 1217 3260 habuit
1244 3204 1360 3276 ipsa
1389 3206 1509 3263 luce
1545 3209 1741 3267 clarius
1769 3212 1866 3268 de-

270 3299 605 3346 monstrasse
642 3291 985 3350 Christianos
1020 3310 1127 3350 nou
1170 3311 1291 3354 esse
1318 3300 1559 3368 publicos
1578 3312 1672 3357 aut
1699 3303 1869 3375 impe-

271 3383 469 3438 ratoris
496 3390 588 3437 aut
610 3384 917 3454 reipublicae
941 3386 1167 3444 hostes:
1191 3389 1287 3445 sed
1336 3392 1511 3462 palam
1540 3408 1608 3450 ac
1657 3398 1867 3468 perspi-

215 3534 219 3536 γ
271 3486 372 3530 cue
394 3476 631 3532 ostendit
684 3477 942 3548 ipsosmet
986 3480 1218 3551 gentiles
1262 3484 1316 3538 in
1363 3484 1465 3541 hoc
1504 3486 1623 3557 ipso
1670 3503 1869 3559 genere

270 3567 580 3635 oﬂ‘endisse,
606 3568 660 3623 in
691 3584 799 3640 quo
822 3571 955 3627 alios
985 3572 1144 3642 plane
1180 3575 1454 3632 immerito
1494 3580 1867 3650 reprehende-

270 3660 424 3718 bant.
446 3661 630 3734 Neque
656 3663 865 3719 alienos
890 3665 1127 3736 quidem,
1149 3668 1232 3725 vel
1262 3668 1422 3741 longe
1448 3683 1684 3729 remotos
1706 3683 1870 3733 testes

271 3753 500 3810 advocat
531 3772 546 3810 :
573 3755 669 3812 sed
716 3756 877 3827 ipsos,
909 3760 1100 3831 inquit,
1145 3761 1388 3831 Quirites,
1435 3765 1731 3835 Romanos,
1772 3772 1863 3841 ip-

273 3862 383 3902 sam
408 3850 735 3902 vernaculam
753 3860 940 3921 septem
960 3850 1188 3921 collium,
1220 3853 1322 3909 hoc
1348 3866 1452 3923 est,
1500 3859 1648 3915 urbis
1680 3860 1868 3918 Romae

276 3944 469 4014 plebem
499 3949 761 4018 convenio,
799 3968 866 4005 an
899 3952 1053 4008 alicui
1099 3952 1290 4011 Caesari
1330 3968 1509 4026 parcat
1561 3959 1738 4031 lingua
1764 3975 1866 4014 ro-

279 4037 774 4107 mana(Tertullian.
805 4030 1098 4116 A'pblogetw
1144 4064 1264 4119 cap.
1294 4048 1385 4117 55,
1414 4068 1468 4122 ρ.
1500 4030 1651 4125 £54),
1682 4052 1733 4108 id
1754 4062 1857 4122 est,

276 4140 460 4200 parcat
485 4132 744 4201 dicteriis,
774 4138 1022 4207 ,sauuis,
1078 4142 1336 4197 conviciis
1378 4154 1432 4199 et
1483 4146 1828 4203 contumeliis
1854 4189 1868 4213 ,

276 4224 469 4294 quibus
518 4226 867 4297 imperatores
914 4244 1041 4287 suos
1105 4232 1527 4291 insectabantur.
1576 4238 1869 4299 Tantarum

277 4316 551 4377 enimvero
575 4323 1015 4393 contumeliarum,
1046 4326 1122 4381 ait
1150 4329 1258 4396 ille,
1311 4332 1450 4385 testis
1478 4340 1550 4387 est
1596 4332 1793 4391 Tiberis
1823 4348 1869 4392 et

277 4412 449 4467 schola
463 4411 945 4490 bestiarum(lbid.).
974 4417 1081 4475 Sed
1107 4422 1397 4491 quodnam,
1419 4425 1627 4495 rogabit
1654 4426 1868 4499 aliquis,

277 4508 448 4573 potuit
470 4522 590 4564 esse
616 4511 758 4566 istud
785 4510 996 4569 Tiberis
1011 4512 1161 4569 ﬂuvii
1191 4514 1596 4573 testimonium?
1622 4521 1871 4593 Respon-

1974 1928 2095 1969 rum
2125 1927 2372 1971 sumatur
2399 1932 2498 1988 pro
2536 1927 2649 1973 toto
2678 1918 2845 1986 circo,
2892 1920 2961 1975 de
2994 1936 3101 1992 quo
3141 1937 3267 1977 mox
3292 1938 3321 1976 a
3360 1923 3575 1980 Tertul-

1970 2003 2116 2060 liano
2136 2005 2336 2061 dictum
2364 2008 2669 2065 audivimus
2698 2028 2711 2063 :
2739 2009 3017 2075 Maledicta
3062 2014 3185 2066 circi
3225 2015 3450 2070 sonant?
3476 2015 3571 2071 Vix

1971 2096 2113 2150 enim
2143 2096 2269 2152 alibi
2299 2099 2528 2169 gentiles
2553 2100 2755 2170 majore
2784 2101 3018 2167 licentia,
3057 2104 3413 2160 amarioribus
3453 2105 3569 2161 dic-

1971 2188 2146 2255 teriis,
2178 2203 2240 2244 ac
2268 2191 2439 2261 magis
2471 2192 2680 2246 scurrili
2719 2193 3000 2250 dicacitate
3051 2194 3403 2266 imperatores
3446 2213 3574 2254 suos

1975 2276 2173 2334 lmdcre
2204 2290 2614 2340 consueverant.
2647 2281 2817 2340 Visne
2847 2285 2918 2353 id,
2946 2287 3089 2357 quod
3116 2289 3244 2343 satis
3270 2299 3444 2344 tamen
3473 2305 3573 2345 no-

1977 2376 2090 2425 tum
2118 2379 2222 2436 est,
2245 2372 2514 2440 aliquibus
2542 2375 2804 2445 exemplis
2831 2376 3088 2447 probari?
3129 2378 3266 2434 Audi
3298 2378 3413 2435 hinc
3438 2380 3573 2437 Sue-

1974 2464 2108 2517 tonii
2144 2463 2213 2520 dc
2230 2467 2470 2537 Augusto
2491 2467 2722 2538 Caesare,
2753 2471 2852 2524 etsi
2871 2472 3076 2542 optimo
3095 2473 3354 2544 principe,
3376 2476 3570 2531 verba:

1977 2553 2212 2627 Papulas
2231 2559 2489 2627 quondam
2515 2562 2776 2618 universus
2803 2563 3041 2619 ludorum
3079 2564 3179 2630 die,
3212 2575 3259 2621 et
3286 2569 3481 2638 accepit
3519 2569 3572 2624 in

1977 2651 2332 2704 contumeliam
2364 2652 2495 2722 ejus,
2528 2662 2576 2707 et
2591 2669 2799 2708 assensu
2825 2656 3047 2709 niaximo
3092 2656 3431 2725 comprobavit
3459 2674 3573 2712 rer-

1980 2756 2092 2796 sum
2140 2743 2195 2797 in
2248 2760 2399 2799 scena
2448 2747 2834 2814 pronuntiatum
2894 2746 2959 2800 de
3002 2747 3140 2816 gallo
3188 2747 3374 2803 Matris
3426 2748 3574 2804 deum

1975 2837 2354 2907 tympanizante
2381 2837 2621 2909 (Sueton.
2651 2840 2705 2893 in
2742 2837 2859 2892 Vita
2882 2839 3120 2912 Augusl.,
3156 2840 3185 2914 §
3208 2838 3330 2914 68):

2124 2949 2349 3000 Videsne
2371 2956 2427 3001 ut
2446 2951 2664 3002 cinadus
2682 2952 2856 3003 orbem
2877 2952 3030 3016 digito
3055 2961 3320 3019 temperet.

1970 3050 2321 3109 Posteavero
2347 3052 2415 3109 de
2466 3055 2684 3111 Tiberio
2713 3057 3073 3128 imperatore:
3107 3056 3332 3116 Urebant
3366 3036 3574 3133 insuper

1971 3145 2180 3199 anxiam
2232 3156 2453 3202 mentem
2496 3150 2639 3204 uaria
2695 3152 2919 3222 undique
2965 3155 3213 3223 convicia,
3274 3157 3418 3212 nullo
3471 3175 3573 3213 non

1895 3221 1942 3285 C
1975 3237 2331 3294 damnatorum
2353 3256 2504 3297 omne
2538 3243 2685 3312 probi
2721 3221 2879 3316 genus
2906 3261 3099 3314 coram,
3143 3221 3219 3303 vel
3260 3266 3350 3319 per
3378 3248 3574 3306 libellos

1973 3331 2027 3387 in
2055 3333 2315 3388 orchestra
2362 3335 2553 3405 positos
2580 3337 2843 3408 ingerente
2866 3337 3055 3411 (Idem,
3106 3339 3195 3395 lib.
3239 3339 3328 3407 Ill,
3374 3342 3429 3396 in
3467 3340 3566 3398 Vit.

1972 3422 2183 3495 Tiberii,
2219 3424 2247 3497 ξ
2286 3427 2400 3498 66).
2431 3427 2603 3483 Julius
2628 3438 2807 3485 autem
2835 3430 3169 3500 Capitolinus
3197 3430 3313 3488 haec
3338 3432 3406 3489 de
3428 3432 3570 3490 Vero

1974 3518 2302 3589 imperatore
2347 3530 2530 3577 narrat
2563 3539 2577 3577 :
2607 3522 2918 3579 Circensium
2947 3533 3138 3579 tantam
3166 3541 3342 3580 curam
3379 3526 3572 3599 habuit,

1973 3620 2028 3664 ut
2054 3611 2343 3681 frequenter
2366 3613 2760 3683 provincialibus
2787 3616 2980 3670 litteras
3008 3618 3503 3687 caussacircensium
3528 3630 3575 3674 et

1974 3702 2165 3757 miserit
2204 3712 2250 3757 et
2298 3704 2564 3775 acceperit.
2613 3704 2843 3777 Denique
2897 3707 3050 3762 etiam
3092 3725 3334 3780 prtesens,
3384 3720 3576 3767 etcum

1976 3791 2156 3849 Marco
2180 3795 2380 3861 sedens,
2412 3797 2600 3852 multas
2631 3815 2663 3853 a
2704 3794 2992 3856 Venetia'nis
3023 3811 3095 3856 est
3125 3820 3308 3873 passus
3331 3805 3570 3878 injurias,

1974 3889 2111 3959 quod
2147 3889 2437 3961 turpissime
2478 3901 2655 3947 contra
2708 3909 2793 3949 eos
2838 3897 3028 3966 faceret
3073 3896 3218 3970 (Jul.
3259 3897 3480 3970 Capitol.
3516 3901 3574 3956 in

1985 3978 2106 4035 Vita
2145 3980 2286 4052 Veri,
2320 4000 2439 4056 pag.
2468 3984 2619 4057 506).
2648 3986 2753 4043 Sed
2785 3987 2923 4058 hmo,
2949 4006 3070 4062 qua:
3105 4001 3210 4048 tam
3254 4009 3397 4066 saepe
3432 3993 3575 4050 obtio

1974 4083 2193 4144 gerunt,
2226 4073 2404 4130 iusius
2431 4077 2678 4149 prosequi
2706 4079 2832 4149 quid
2860 4096 3080 4137 necesse
3108 4084 3231 4138 est?

2052 4162 2215 4236 Urget
2245 4166 2608 4225 Tertullianus
2641 4188 2653 4224 :
2683 4170 2736 4227 Si
2780 4187 2898 4240 qum
2944 4173 3125 4229 cordis
3161 4175 3432 4248 animique
3470 4175 3573 4233 ltu-

1976 4260 2121 4314 mani
2146 4259 2381 4317 fenestra
2412 4262 2478 4317 ad
2506 4264 2824 4320 scrutaudos
2846 4279 3040 4321 senSus
3068 4267 3184 4337 ejus
3223 4270 3441 4328 intimus
3479 4288 3574 4343 pa-

1975 4357 2134 4417 teret,
2184 4362 2312 4408 tunc
2341 4363 2489 4409 certe
2517 4369 2933 4423 agnosceremus
2980 4361 3193 4428 quantis
3222 4378 3408 4420 omnes
3434 4363 3573 4420 votis

1974 4441 2234 4511 optabant
2264 4484 2280 4510 ,
2313 4445 2429 4497 novi
2455 4461 2516 4498 ac
2540 4446 2655 4499 novi
2683 4442 2900 4502 Ctesaris
2921 4464 3159 4515 scenam,
3203 4451 3305 4510 hoc
3332 4464 3436 4519 est,
3467 4456 3573 4510 fre-

1975 4541 2229 4603 quentem
2286 4534 2516 4589 Caesaris
2578 4545 2830 4603 mortem,
2886 4548 2941 4596 et
2991 4542 3310 4600 electionem
3354 4545 3575 4602 alterius

279 4594 411 4707 dent
458 4602 697 4657 nonnulli
737 4618 803 4659 eo
854 4605 1073 4663 nomine
1140 4607 1409 4680 designari
1464 4621 1650 4669 nautas
1698 4615 1867 4686 ripam
1893 4617 1949 4679 D
1975 4594 2241 4695 congiario
2271 4624 2546 4680 dividendo
2575 4594 3570 4707 praesidentis(Tertulliunjdpblbgeh,

277 4686 439 4761 hujus
468 4692 613 4750 ﬂuvii
667 4696 984 4766 incolentes,
1032 4699 1175 4757 feros
1206 4718 1567 4775 procaccsquc
1605 4708 1872 4775 homines,

278 4785 368 4852 qui
398 4788 637 4857 penuria:
667 4796 929 4862 tempore,
979 4801 1034 4847 et
1075 4791 1358 4851 deﬁciente
1385 4795 1680 4867 frumento,
1722 4800 1865 4856 sole-

279 4875 490 4936 bantiu
516 4883 689 4952 ipsum
719 4884 988 4942 (Sa-sarem
1012 4887 1437 4958 petulantissima
1471 4890 1648 4963 lingua
1669 4892 1873 4950 invehi.

282 4969 483 5028 Verum
507 4975 623 5039 hinc
651 4978 937 5048 explicatio
962 4976 1051 5035 vix
1085 4981 1175 5037 ulli
1211 4981 1547 5052 probabitur,
1574 5000 1676 5041 nec
1704 4986 1874 5042 menti

282 5061 596 5120 Tertulliani
624 5067 834 5125 videtur
860 5071 1171 5127 convenire.
1206 5071 1309 5127 Alii
1338 5074 1630 5145 Opinautur
1663 5075 1875 5133 Tiberis

280 5156 500 5213 nomine
536 5158 781 5215 denotari
821 5171 1062 5232 pontem,
1118 5162 1203 5219 vel
1241 5164 1418 5220 locum
1454 5168 1762 5237 quemdam,
1805 5184 1874 5224 ex

282 5261 392 5317 quo
419 5248 665 5305 maledici
712 5259 768 5306 et
815 5252 1203 5311 obtrectatores
1232 5255 1654 5327 projiciebantur
1682 5260 1736 5314 in
1784 5259 1876 5316 Τί-

281 5336 453 5395 berim
469 5356 490 5406 ;
508 5341 605 5399 sed
634 5342 684 5398 id
714 5341 938 5400 fotsilan
964 5360 1073 5402 non
1103 5347 1317 5404 melius.
1344 5346 1510 5406 Nobis
1539 5351 1719 5422 itaque
1742 5351 1875 5408 faci-

281 5431 388 5490 lius
422 5438 770 5508 persuadebis
829 5439 1214 5496 Tertnllianum
1261 5441 1503 5499 alludere
1548 5444 1616 5499 ad
1671 5454 1878 5502 statuas

281 5530 542 5598 quasdam
571 5571 586 5596 ,
611 5530 665 5587 in
693 5532 916 5603 publicis
954 5533 1141 5590 Romae
1169 5535 1321 5604 locis,
1352 5546 1409 5592 et
1436 5537 1488 5592 iu
1518 5536 1730 5595 Tiberis
1760 5540 1875 5610 ripa

281 5623 508 5693 positas,
536 5624 603 5681 ad
628 5642 762 5697 quas
786 5627 1066 5684 mordaces
1117 5628 1490 5700 hujuscemodi
1542 5631 1707 5688 libelli
1751 5632 1873 5688 altl-

280 5717 564 5786 gebantur.
617 5719 758 5776 Alibi
796 5720 1061 5792 siquidem
1109 5722 1225 5792 ipse
1252 5721 1617 5779 Tertullianus
1662 5742 1676 5778 :
1719 5722 1876 5780 Vani-

283 5809 428 5881 tatis,
479 5812 575 5883 ait,
626 5814 895 5887 sacrilegia
936 5814 1248 5886 conveniam,
1297 5826 1344 5873 et
1386 5818 1548 5887 ipsius
1584 5818 1876 5875 vernacula:

1977 4732 2095 4786 cap.
2124 4716 2217 4783 35,
2253 4732 2376 4788 pag.
2405 4717 2560 4788 455).
2597 4719 2822 4785 Quidam
2850 4731 3029 4778 autem
3047 4723 3146 4793 legi
3176 4725 3371 4781 vellent
3390 4728 3574 4797 praesi-

1973 4807 2221 4873 derantis,
2275 4811 2369 4866 sed
2419 4812 2523 4867 levi
2550 4814 2882 4883 conjectura,
2917 4826 2973 4872 et
3004 4828 3193 4873 contra
3237 4820 3480 4877 codicum
3512 4822 3575 4877 li-

1979 4899 2124 4956 dem.
2177 4899 2542 4958 Tertullianus
2568 4904 2712 4959 enim
2757 4905 3020 4977 signiﬁcat
3069 4909 3316 4966 ethnicos
3361 4924 3576 4984 semper

1977 5003 2194 5065 optasse
2221 5011 2439 5052 scenam
2461 4998 2587 5053 novi
2612 4998 2866 5069 Caesaris,
2898 5002 2987 5072 qui
3015 5004 3291 5075 congiario
3314 5007 3427 5061 sive
3456 5023 3576 5062 mu-

1979 5087 2119 5154 neri,
2148 5086 2465 5160 plerumque
2486 5091 2819 5160 pecuniaria,
2852 5091 2993 5161 plebi
3031 5103 3125 5149 aut
3150 5095 3405 5152 militibus
3433 5097 3574 5153 divi-

1978 5178 2157 5234 dendo
2189 5190 2465 5250 praeesset,
2498 5192 2591 5236 aut
2611 5196 2671 5237 se
2700 5193 2966 5253 praesente
3004 5184 3170 5240 dividi
3194 5187 3428 5257 juberet.
3462 5187 3575 5245 Mos

1979 5273 2177 5344 quippe
2227 5283 2344 5328 erat
2390 5272 2692 5329 Caesaribus
2730 5290 2922 5332 recens
2960 5273 3167 5343 electis,
3219 5289 3309 5335 aut
3347 5292 3405 5336 ut
3449 5280 3575 5353 eligi

1977 5374 2221 5435 possent,
2250 5364 2554 5436 hujusmodi
2578 5381 2797 5423 munera
2827 5369 3021 5440 populo
3050 5370 3251 5442 largiri.
3294 5371 3452 5427 Plura
3481 5388 3576 5427 au-

1979 5466 2088 5512 tem
2120 5455 2278 5527 hujus
2320 5457 2623 5529 largitionis
2647 5461 2893 5532 exempla
2914 5463 3053 5533 apud
3083 5479 3318 5520 romame
3338 5464 3576 5520 historia:

1979 5549 2271 5618 scriptores
2301 5550 2500 5620 passim
2533 5553 2772 5622 reperire
2805 5563 2905 5610 est.
2924 5553 2993 5612 Si
3025 5557 3147 5627 quis
3177 5567 3356 5614 tamen
3399 5558 3576 5630 aliqua

1976 5640 2281 5710 desiderat,
2311 5658 2377 5699 ex
2406 5643 2489 5698 his
2513 5659 2681 5715 pauca
2710 5647 3018 5720 seligemus.
3058 5650 3318 5709 Claudius
3347 5664 3570 5725 postero

1977 5730 2098 5799 die,
2146 5747 2254 5803 quo
2314 5733 2381 5791 ad
2427 5735 2715 5807 imperium
2762 5754 2793 5794 a
2834 5740 3095 5798 militibus
3130 5753 3350 5815 raptus,
3397 5745 3576 5817 potius

1976 5837 2136 5895 quam
2165 5825 2372 5911 electus
2415 5827 2553 5899 fuit,
2600 5839 2845 5901 armatos,
2875 5833 2948 5890 ait
2980 5833 3299 5909 Suetonius,
3331 5854 3425 5911 pro
3449 5855 3576 5896 con-
