4212 6262
1667 302 1739 365 ΙΝ
1772 292 2233 362 TERTULLIANI
2270 290 2801 356 APOLOGETICUM

601 436 746 491 cione
764 434 947 505 iurare
984 431 1038 485 in
1081 441 1264 482 nomen
1311 439 1458 479 suum
1497 439 1679 496 passus
1716 432 1824 487 est,
1870 420 2198 493 promisitque
2223 419 2278 477 Α
2382 415 2551 469 lauros
2572 411 2823 469 Caesareus
2849 411 3184 474 obsederunt;
3213 407 3305 479 qui
3326 406 3561 480 faucibus
3585 407 3698 477 ejus
3728 406 3907 476 capri-

602 530 817 599 singulis
860 525 1148 596 quinadena
1192 521 1464 583 sextertia,
1513 518 1710 590 primus
1739 515 1997 571 thsarum
2049 513 2202 583 [idem

603 621 778 675 militis
798 618 948 671 etiam
977 615 1190 690 prtemio
1214 615 1511 686 pigneratus
1542 609 1807 677 (Sueton.,
1840 604 2023 660 inVita
2047 605 2205 658 Clau-

603 713 709 779 dii,
747 709 776 783 §
808 710 933 779 10).,
963 707 1186 764 Claudio
1217 716 1398 759 autem
1438 711 1670 764 mortuo,
1716 699 1892 753 illatus
1918 707 1989 752 est
2016 696 2200 752 castris

604 802 768 869 Nero,
796 800 1036 856 Cornelii
1063 798 1233 853 Taciti
1279 795 1442 850 verba
1466 802 1625 858 sunt,
1658 802 1705 845 et
1727 790 2058 861 congruentia
2080 798 2205 841 tem-

600 897 716 970 pori
746 897 1015 968 praefatus,
1043 893 1294 965 promisso
1320 887 1560 941 donativo
1581 885 1648 939 ad
1667 882 1952 955 exernplum
1976 888 2202 953 paterna

601 988 909 1061 largitionis,
947 987 1223 1059 imperator
1278 980 1627 1037 consalutatur
1663 975 1856 1049 (Tacit.
1901 976 1956 1028 in
1983 975 2078 1043 ﬁn.
2110 971 2199 1025 lib.

603 1070 701 1138 ΧΠ
740 1080 979 1151 Annal).
1025 1078 1304 1133 Testatum
1332 1089 1461 1129 vero
1491 1070 1809 1140 Spartianus
1844 1065 1971 1121 facit
2023 1064 2091 1119 ab
2123 1062 2202 1117 A-

600 1174 791 1232 driano
817 1175 999 1229 datum
1029 1168 1287 1226 militibus
1314 1166 1582 1234 duplicem
1610 1162 1681 1216 ob
1724 1158 1934 1230 imperii
1963 1155 2201 1226 auspicia

600 1268 937 1341 largitionem
967 1264 1286 1338 (Spurtian.,
1332 1261 1384 1313 in
1420 1256 1534 1311 Vita
1563 1253 1779 1308 Adriani
1806 1260 1918 1323 post
1955 1250 2121 1318 init.),
2150 1255 2205 1303 et

601 1339 939 1432 Lampridius
968 1358 1099 1413 alias
1122 1356 1189 1410 ab
1217 1353 1477 1415 Macrino,
1501 1363 1622 1404 cum
1647 1345 1974 1400 Antoninum
2005 1339 2202 1395 Diadu-

598 1469 817 1511 mennm
845 1454 1225 1523 imperatorem
1245 1442 1569 1501 renuntiavit
1600 1436 1914 1511 (Lamprid.,
1942 1433 2203 1490 init.Vilt8

599 1548 790 1603 Anton.
826 1544 1118 1615 Dicdum).
1152 1540 1248 1597 Cui
1277 1549 1455 1594 autem
1480 1536 1595 1589 lucc
1622 1535 1751 1587 satis
1771 1547 1877 1586 non
1905 1540 2081 1596 erunt,
2118 1529 2204 1582 hic

600 1641 753 1698 adeat
784 1639 1153 1695 Robcrtellum
1185 1634 1448 1707 (Robert.,
1474 1630 1536 1683 de
1558 1626 1824 1683 Commod.
1852 1639 2055 1697 praem”
2078 1621 2200 1677 don.

600 1732 799 1804 milit.),
828 1722 1478 1799 l’ancirolum(Pancirol.,
1507 1718 1748 1791 ianotit.
1775 1719 1956 1789 imper.
1981 1712 2201 1780 0rient.,

2378 507 2572 562 mendis
2615 515 2945 561 exercuerunt
2989 504 3369 575 palaestricam;
3408 501 3494 572 qui
3526 502 3824 571 irruperunt
3853 502 3909 556 in

2379 601 2662 673 palatium,
2695 600 2929 655 omnibus
2975 598 3194 671 Sigeriis
3237 608 3386 669 atque
3411 596 3708 653 Partheniis
3736 596 3908 652 auda-

2379 694 2582 758 ciores;
2611 694 2697 761 qui
2733 693 3056 747 scelestarum
3098 690 3322 759 partium
3367 691 3495 745 socii
3536 706 3601 746 ac
3641 690 3910 761 plausora

2377 786 2601 858 quotidie
2647 785 3041 850 reoelubantur;
3086 800 3147 838 ac
3198 783 3403 837 tandem
3450 782 3539 853 qui
3588 784 3905 855 astrologos,

2381 881 2660 950 aruspices,
2692 895 2912 950 augures
2963 887 3010 932 et
3038 892 3214 949 magos
3268 876 3334 931 de
3355 876 3722 946 imperatorum
3741 876 3911 947 capite

2378 972 2729 1026 consultabant
2750 1013 2767 1038 ,
2800 988 2862 1026 ac
2894 980 2999 1026 tam
3041 969 3176 1040 falsa
3219 985 3316 1040 pro
3344 985 3517 1024 eorum
3545 970 3712 1025 salute
3733 970 3913 1042 facie-

2360 1064 2499 1129 ,bant
2524 1073 2657 1131 uota,
2683 1080 2833 1135 quant
2861 1064 3058 1118 sincera
3084 1062 3383 1118 Christiani.

2378 1158 2434 1214 Si
2465 1159 2608 1213 laesa:
2648 1157 2942 1227 majestatis
2978 1159 3230 1211 humanm
3268 1155 3348 1210 rei
3386 1155 3593 1210 fuerunt
3625 1153 3859 1226 gentiles
3884 1196 3906 1225 ,

2306 1252 2395 1322 qui
2441 1258 2669 1305 mortem
2708 1263 2971 1305 etesiarum
3005 1254 3058 1303 et
3106 1247 3488 1318 imperatorum
3528 1257 3633 1302 tam
3673 1246 3909 1304 nefariis

2307 1345 2447 1399 votis
2479 1342 2876 1414 efﬂagitabant,
2907 1341 3067 1411 longe
3082 1339 3301 1412 gravius
3327 1339 3671 1411 proculdubio
3694 1341 3745 1394 in
3777 1340 3911 1396 illos

2306 1436 2602 1508 peccabant
2637 1434 2728 1490 alii
2766 1433 3067 1504 perduelles
3090 1478 3104 1500 ,
3148 1442 3310 1505 atque
3350 1433 3523 1504 ignavi
3564 1432 3910 1504 proditores,

2308 1530 2398 1601 qui
2438 1529 2522 1585 vel
2559 1528 2629 1584 ab
2670 1543 2857 1584 eorum
2889 1527 3130 1598 partibus
3160 1525 3500 1592 deiecerant,
3534 1526 3622 1581 vel
3661 1526 3767 1582 vita
3801 1525 3908 1583 illis

2308 1631 2492 1693 erepta
2542 1629 2817 1676 tentarunt
2857 1633 3124 1690 occupare
3161 1618 3521 1691 tyrannidem.
3564 1617 3644 1673 Ex
3692 1618 3909 1675 illorum

2310 1714 2495 1785 procul
2541 1714 2709 1769 dubio
2753 1729 2980 1769 numero
3024 1712 3277 1781 fuerunt,
3320 1713 3602 1768 memorati
3640 1727 3671 1766 a
3698 1711 3913 1769 Tertul-

601 1842 717 1897 cap.
747 1803 860 1896 74),
890 1834 942 1878 ct
970 1823 1127 1877 alios.
1154 1817 1394 1875 Gentiles
1431 1815 1591 1885 igitur
1618 1811 1769 1865 lucro
1792 1822 2006 1877 semper
2034 1805 2199 1871 ducti,
2233 1818 2280 1878 Β
2308 1808 2451 1863 lianc
2475 1805 2824 1878 (Tertulliun.,
2855 1806 3143 1878 Apologet.,
3184 1822 3299 1876 cap.
3329 1804 3433 1873 55,
3466 1822 3587 1877 pag.
3619 1805 3752 1878 A57)
3775 1803 3910 1862 Cas-

602 1930 660 1976 ut
685 1917 992 1974 donativum
1038 1915 1234 1986 smpius
1262 1910 1611 1981 acciperent,
1653 1903 1932 1976 regnantis
1976 1899 2207 1955 Czesaris

602 2018 861 2077 mortem,
900 2023 964 2063 ac
992 2007 1118 2063 novi
1139 2048 1153 2074 ,
1182 2006 1289 2061 cito
1322 2016 1497 2060 tamen
1529 1999 1774 2059 morituri
1798 2009 2013 2053 scenam
2051 2000 2205 2062 opta-

600 2103 748 2159 bant.

673 2194 838 2268 Urget
862 2194 1038 2251 adhuc
1056 2195 1254 2251 Auctor
1278 2202 1461 2249 noster
1486 2207 1553 2248 eo
1571 2200 1811 2259 tempore
1832 2186 2055 2257 ipsaque
2076 2180 2208 2236 hora

602 2290 740 2347 hanc
782 2306 994 2348 scenam
1018 2334 1033 2358 ,
1066 2300 1403 2359 mortemque
1440 2286 1675 2342 Caesaris
1715 2284 1784 2338 ab
1829 2280 1937 2337 illis
1963 2275 2207 2348 cupidius

601 2386 927 2457 expolitam,
977 2398 1097 2439 cum
1147 2383 1248 2453 ipsi
1295 2380 1712 2437 acclamabant:

757 2499 835 2551 De
862 2498 1044 2549 nostris
1065 2498 1206 2547 annis
1231 2496 1319 2546 tibi
1341 2494 1536 2559 Jupiter
1559 2496 1740 2555 augeat
1762 2500 1945 2549 annos;

603 2607 711 2664 Sed
741 2608 796 2662 in
822 2606 1020 2661 nostris
1044 2604 1321 2660 codicibus
1357 2609 1414 2657 et
1464 2599 1623 2656 editis
1652 2592 2037 2654 vetustioribus
2074 2586 2207 2658 legi-

603 2716 746 2768 mus,
778 2709 927 2769 rupta
953 2697 1112 2752 metri
1141 2696 1311 2750 forma
1367 2712 1380 2747 :
1424 2692 1616 2747 De.....
1665 2697 1845 2759 augeat
1880 2685 1968 2739 tibi
2005 2681 2209 2754 Jupiter

602 2809 766 2848 annos
792 2790 1036 2864 (Tertull.
1062 2789 1358 2862 Apologet.,
1391 2802 1507 2857 cap.
1534 2784 1625 2851 55,
1645 2800 1699 2855 ρ.
1720 2778 1873 2851 456).
1902 2778 1970 2831 At
1990 2785 2209 2846 quoquo

604 2884 769 2939 modo
787 2882 1093 2953 legatur,ibi
1116 2870 1475 2934 Tertullianus
1504 2875 1673 2929 innuit
1693 2871 2002 2926 simulatam
2027 2866 2211 2936 plane-

603 2992 708 3048 que
726 2972 1037 3030 mendacem
1081 2972 1243 3026 luisse
1272 2969 1411 3023 hanc
1435 2965 1878 3022 acclamationem
1902 2958 2204 3030 gentilium,

603 3068 694 3141 qui
718 3076 826 3123 tum
855 3067 1087 3123 Caesaris
1113 3073 1339 3119 mortem
1381 3070 1492 3117 toto
1519 3058 1700 3114 animo
1729 3055 2071 3127 appetebant.
2098 3047 2210 3104 Nec

605 3165 744 3220 ullus
764 3160 1066 3233 ambigendi
1092 3158 1241 3214 locus
1270 3171 1388 3213 esse
1403 3155 1632 3220 videtur,
1650 3152 1775 3222 quin
1796 3147 1957 3203 simili
1985 3141 2207 3200 menda—

607 3208 1066 3233 ........-......,,-..--
1092 3208 1238 3214 ηπ-
1276 3208 1385 3213 _-__
1417 3208 1449 3211 η
1621 3208 1632 3220 ,
1668 3208 1680 3222 _

603 3254 687 3315 cio
700 3253 920 3311 Ovidius
950 3255 1192 3324 Augusto
1209 3241 1917 3305 Czcsat-iacclamaverithoc
1941 3234 2200 3293 carmine:
2234 3208 2279 3274 Ο

663 3373 861 3433 Augeat
882 3367 1144 3434 imperium
1178 3364 1330 3415 nostri
1352 3360 1528 3421 Ducis,
1555 3363 1739 3422 augeat
1760 3365 1929 3404 annos.

1290 3445 1458 3511 (Ovid.
1485 3441 1567 3496 lib.
1597 3451 1612 3492 l
1636 3443 1849 3500 Fastor.,
1874 3450 1919 3489 υ.
1943 3433 2079 3496 6M.)

603 3564 804 3623 Verum
849 3562 895 3617 si
934 3562 1048 3615 lucc
1087 3557 1369 3630 gentilium
1410 3549 1726 3610 acclamatio
1773 3544 2022 3603 simulata
2050 3540 2207 3612 plane

603 3656 705 3712 fuit
725 3695 741 3721 ,
764 3661 976 3708 constat
1004 3651 1424 3706 sincerissimum
1457 3646 1619 3699 fuisse
1647 3640 1775 3697 illud
1804 3635 2072 3694 Ambrosii
2108 3646 2208 3704 pro

603 3746 982 3806 Valentiniano
1013 3744 1336 3812 imperatore
1364 3781 1378 3806 ,
1418 3739 1541 3793 licet
1582 3744 1816 3798 mortuo,
1842 3740 2020 3787 votum
2057 3749 2070 3784 :
2098 3725 2208 3782 Nec

604 3855 697 3911 ego
726 3837 892 3891 abnuo
930 3838 1198 3890 immatura
1247 3832 1426 3885 abiisse
1463 3838 1609 3883 (etate
1632 3868 1647 3893 ,
1682 3842 1830 3895 quem
1876 3831 2062 3877 nostrw
2094 3820 2209 3873 vitae

607 3910 912 4001 temporibus
949 3925 1129 3999 fulcire
1171 3937 1463 3993 caperemus
1489 3961 1503 3987 ,
1547 3928 1601 3972 ut
1642 3918 1705 3972 de
1735 3915 1919 3970 nostris
1948 3914 2095 3967 annis
2130 3910 2207 3966 ui-

605 4030 758 4086 ueret,
784 4019 870 4090 qui
892 4019 1036 4091 {ungi
1067 4032 1166 4070 non
1197 4015 1359 4086 potuit
1388 4010 1532 4081 suis(
1551 4008 1807 4071 Ambros.,
1842 4007 1905 4060 de
1927 4004 2062 4060 Obit.
2105 4001 2207 4058 Va-

605 4116 755 4180 lent.,
790 4111 818 4185 §
848 4111 941 4178 45,
964 4127 1085 4182 pag.
1122 4105 1260 4163 ll86
1280 4106 1324 4178 ).
1364 4104 1472 4159 Nos
1496 4118 1623 4158 vero
1649 4101 1774 4155 olim
1802 4096 2209 4155 observavimus

604 4205 679 4263 ibi
734 4204 1075 4258 Ambrosium
1125 4200 1209 4254 his
1277 4196 1455 4251 verbis
1501 4193 1745 4249 allusisse
1785 4190 1852 4247 ad
1899 4197 2132 4245 notatam
2176 4203 2204 4243 a

605 4295 939 4365 Tertulliano
967 4294 1262 4349 solemnem
1308 4286 1637 4347 acclamandi
1683 4284 1989 4342 formulam.
2019 4283 2208 4339 Plures

606 4403 768 4462 porro
790 4385 873 4441 his
899 4385 1121 4451 similes,
1145 4385 1339 4455 quibus
1369 4382 1585 4452 longam
1612 4379 1884 4435 Cassarum
1913 4376 2081 4431 vitam
2111 4388 2209 4445 op-

607 4489 722 4537 tare
768 4477 968 4535 ethnici
1008 4476 1327 4532 videbantur
1353 4515 1368 4540 ,
1410 4476 1608 4544 saepius
1652 4472 1877 4543 legimus
1921 4471 1972 4523 in
2018 4483 2206 4524 eorum

605 4572 777 4641 libris,
809 4571 899 4643 qui
932 4571 1069 4626 vitas
1098 4570 1485 4639 imperatorum
1516 4564 1833 4629 Commodi,
1873 4561 2166 4617 Pertinacis
2186 4600 2203 4627 ,

606 4640 1099 4731 Probi,'Balbini,
1148 4662 1482 4728 aliorumque
1526 4658 1875 4728 scripserunt.
1913 4640 2018 4709 s’ed
2056 4654 2204 4709 adire

603 4769 863 4832 praetcrea
893 4758 1096 4830 poteris
1117 4755 1446 4811 Brissoninm
1470 4751 1748 4825 (Brissou.,
1772 4750 1889 4803 libr.
1914 4746 1956 4813 Ι,
1982 4748 2044 4801 de
2071 4744 2201 4800 For-

605 4853 730 4908 mul.
782 4868 904 4923 pag.
936 4851 1005 4906 95
1032 4860 1077 4904 et
1100 4850 1267 4919 seqq.)
1290 4859 1343 4902 et
1371 4846 1680 4901 Bernardini
1708 4843 1943 4898 Ferrarii
1974 4842 2203 4911 primum

605 4945 673 5003 de
697 4944 1172 5001 acclamationibus
1224 4951 1278 4998 ct
1304 4942 1488 5011 νιηιιδιι
1516 4938 1707 4992 librum
1738 4935 1996 5007 (Ferrar.,
2020 4935 2109 4988 lib.
2133 4932 2199 5001 ll,

606 5039 669 5094 de
713 5038 966 5103 Acclam.,
1023 5053 1140 5106 cap.
1177 5033 1280 5099 l9,
1332 5032 1404 5087 20
1450 5041 1499 5086 et
1544 5029 1729 5102 seqq.).
1777 5027 2043 5083 thlcrum
2074 5025 2205 5081 ’l‘cr—

606 5135 857 5192 tuliianus
881 5144 1026 5190 recte
1055 5146 1120 5187 ex
1146 5129 1307 5185 dictis
1337 5127 1537 5195 colligit
1579 5124 1806 5197 gentiTes
1830 5165 1844 5188 ,
1887 5122 1976 5194 qui
2014 5119 2203 5190 hujus-

604 5229 748 5283 modi
789 5233 910 5281 vota
942 5222 1007 5281 de
1032 5222 1281 5295 proxima
1313 5218 1652 5290 imperatoris
1690 5224 1863 5273 morte
1899 5215 2163 5270 iaciebant
2186 5254 2201 5280 ,

603 5320 777 5389 reipsa
820 5318 987 5374 fuisse
1029 5328 1081 5372 et
1122 5316 1263 5370 illius
1295 5323 1347 5369 et
1379 5311 1685 5382 reipublica:
1713 5309 1895 5364 hostes
1922 5306 2198 5377 publicos,

608 5413 683 5468 uti
710 5411 882 5466 adhuc
908 5426 973 5467 ex
1001 5408 1065 5464 iis
1093 5407 1312 5480 patebit,
1341 5421 1461 5476 qua:
1487 5404 1539 5460 itt
1569 5402 1813 5475 sequenti
1858 5399 2083 5456 articulo
2122 5396 2206 5453 di-

603 5504 774 5563 cenda
822 5512 967 5559 sunt.

1192 5606 1481 5650 Αιιτιευωε
1519 5606 1592 5647 ιν.

605 5731 832 5807 Maiores
856 5734 1220 5807 imperatorum
1255 5728 1419 5785 hostes
1445 5727 1600 5800 fuisse
1623 5727 1849 5782 ethnicos
1875 5724 2195 5797 proditores,

678 5825 898 5892 Cassios,
946 5824 1173 5895 Nigrae,
1215 5823 1448 5891 Atbinos,
1494 5828 1541 5876 et
1580 5819 1732 5889 alios,
1772 5820 1858 5889 qui
1898 5817 2028 5872 inter
2069 5814 2200 5873 duas

2310 1898 2392 1965 sii,
2426 1908 2473 1953 et
2503 1898 2672 1969 Nigri,
2708 1909 2756 1953 et
2780 1898 2972 1966 Albini,
3002 1897 3057 1954 id
3080 1905 3185 1966 est,
3215 1896 3431 1954 Cassius
3457 1895 3734 1966 Clemens,
3768 1897 3906 1953 Pes-

2310 1994 2574 2048 cenninus
2598 1991 2779 2063 Niger,
2811 2000 2866 2048 et
2892 1991 3140 2057 Albinus,
3171 1992 3262 2061 qui
3289 1989 3461 2045 moliti
3488 1991 3689 2046 suntin
3718 1989 3913 2048 Severi

2310 2088 2668 2157 imperatoris,
2695 2096 2750 2141 ut
2774 2099 2935 2156 supra
2961 2066 3189 2140 vidimus
3213 2082 3423 2157 (Supr.,
3450 2100 3567 2151 cap.
3594 2081 3649 2150 2,
3679 2091 3777 2138 art.
3812 2082 3869 2158 i)
3889 2126 3909 2154 ,

2310 2176 2593 2250 imperium
2643 2177 2917 2233 invadere.
2965 2174 3170 2233 Publici
3214 2189 3345 2248 ergo
3390 2175 3577 2232 hostes
3615 2182 3807 2244 erant,
3848 2180 3910 2235 cl

2310 2271 2454 2327 lteste
2482 2270 2778 2341 majestatis
2810 2270 3059 2325 humana:
3086 2268 3182 2324 rei.

2385 2364 2643 2434 Ejusdem
2670 2378 2885 2435 quoque
2922 2362 3143 2417 sceleris
3186 2361 3220 2415 ii
3266 2369 3452 2432 aperte
3477 2363 3910 2434 convincuntur,

2309 2457 2396 2529 qui
2422 2457 2554 2510 inter
2579 2456 2706 2509 duas
2733 2457 2930 2521 lauros,
2986 2453 3300 2510 Tertulliani
3343 2452 3523 2509 adhuc
3556 2452 3714 2508 verba
3740 2462 3912 2524 sunt,

2312 2550 2540 2606 obsident
2580 2548 2830 2605 Cursarem
2855 2590 2871 2615 ,
2901 2549 2988 2619 qui
3030 2546 3261 2618 faucibus
3290 2546 3402 2617 ejus
3429 2545 3763 2616 exprimendis
3803 2563 3909 2618 ροι-

2313 2646 2586 2702 ltestricam
2609 2654 2839 2700 exercent
2863 2641 3218 2716 (Tertullian.,
3245 2640 3348 2695 loc.
3374 2641 3512 2712 cit.).
3541 2639 3653 2697 Non
3672 2639 3910 2696 obscure

2312 2749 2494 2796 autem
2528 2739 2672 2811 loqui
2697 2738 2907 2795 videtur
2930 2736 3000 2793 de
3028 2732 3323 2792 Commodo
3356 2734 3681 2804 imperatore
3703 2772 3721 2799 ,
3746 2731 3906 2804 cujus

2312 2834 2436 2890 vita:
2477 2848 2583 2888 non
2629 2832 2796 2889 semel
2829 2830 3035 2886 insidia:
3063 2829 3340 2885 instructa:
3364 2834 3510 2882 sunt.
3551 2826 3732 2881 Primo
3758 2824 3906 2881 enim

2314 2929 2671 2999 Pompeianus
2690 2968 2705 2994 ,
2734 2926 2847 2982 sive
2873 2933 2933 2980 ut
2954 2922 3047 2978 alii
3077 2922 3278 2987 volunt,
3307 2918 3607 2989 Quadratus
3633 2918 3759 2973 vita:
3783 2916 3906 2986 ejus

2314 3022 2594 3078 insidiatus
2634 3029 2717 3075 est
2740 3062 2754 3088 ,
2784 3020 2837 3074 in
2870 3025 3085 3089 angusto
3122 3015 3342 3085 quodam
3374 3013 3611 3078 introitu,
3651 3011 3817 3066 sicuti
3848 3011 3909 3067 in

2314 3115 2497 3170 Dionis
2526 3114 2773 3185 Epitome
2800 3110 2996 3181 legitur
3021 3108 3226 3180 (Diom,
3256 3106 3424 3178 Epit.,
3456 3122 3576 3175 pag.
3603 3102 3765 3173 284),
3799 3109 3909 3157 aut

2314 3217 2370 3263 ut
2416 3207 2489 3261 ait
2528 3205 2841 3260 Ammianus
2880 3202 3239 3265 Marcellinus,
3265 3202 3315 3255 in
3353 3198 3707 3269 amphitheatri
3745 3213 3906 3252 cavea

2311 3296 2597 3372 (MarcetL,
2641 3294 2756 3351 libr.
2785 3293 2980 3361 XXIX,
3009 3310 3128 3366 pag.
3158 3291 3311 3365 550),
3333 3302 3425 3347 aut
3451 3280 3910 3362 quem-admodum

2310 3389 2647 3446 Herodianus
2675 3387 2912 3455 tradidit,
2936 3388 2989 3442 in
3016 3386 3158 3440 aditu
3187 3385 3580 3457 amphitheatri,
3622 3394 3671 3440 et
3698 3385 3910 3441 obscuro

2311 3483 2422 3540 loco
2463 3483 2797 3556 (Herodian.,
2824 3481 2914 3537 lib.
2966 3480 2987 3536 ι
3024 3478 3161 3536 Hist.
3204 3498 3323 3552 pag.
3355 3479 3503 3553 472).
3535 3478 3610 3534 At
3651 3477 3697 3536 si
3727 3479 3781 3534 in
3807 3476 3908 3537 hoc

2310 3576 2850 3648 amphitheatriaditu
2880 3574 3130 3646 plantatrc
3146 3574 3514 3642 erantlaurus,
3548 3572 3690 3629 haud
3720 3572 3910 3630 dil‘lici-

2312 3670 2436 3727 liter
2464 3670 2761 3741 intelligere
2797 3676 2881 3724 est
2905 3683 3004 3723 cur
3036 3666 3365 3723 Commodes
3397 3665 3539 3721 inter
3566 3665 3698 3721 duas
3725 3665 3907 3721 lauros

2312 3762 2564 3819 obsessus
2594 3762 2821 3818 dicatur.
2862 3760 3063 3817 Verum
3103 3760 3225 3832 quia
3266 3759 3318 3814 id
3343 3758 3679 3828 rigidioribus
3701 3757 3907 3812 criticis

2312 3856 2469 3912 facile
2501 3870 2605 3911 non
2640 3855 2900 3926 probatur
2924 3896 2938 3921 ,
2971 3853 3219 3924 opinatus
3246 3859 3329 3907 est
3360 3850 3614 3921 Rigaltius
3643 3848 3724 3904 his
3753 3851 3907 3905 Auc-

2315 3951 2444 4008 toris
2490 3951 2662 4005 nostri
2703 3942 2885 4005 verbis
2925 3947 3190 4018 designari
3211 3946 3474 4028 lauretum
3504 3943 3661 4001 variis
3690 3939 3907 4015 (Idem,

2311 4041 2483 4116 ibid),
2508 4051 2643 4098 teste
2666 4041 2990 4107 llerodiano,
3014 4038 3295 4095 arboribus
3315 4052 3379 4093 ac
3418 4037 3635 4109 pulchra
3660 4034 3909 4106 copiosa-

2311 4150 2417 4208 que
2448 4134 2600 4189 lauro
2638 4133 2873 4188 obsitum
2894 4175 2908 4199 ,
2955 4147 3079 4202 quo,
3107 4129 3234 4185 dum
3276 4129 3441 4200 pestis
3473 4128 3661 4183 Bootae
3695 4139 3911 4199 grassa-

2312 4236 2502 4295 retur,
2556 4225 2886 4282 Commodus
2939 4223 3272 4279 medicorum
3314 4220 3541 4278 consilio
3585 4230 3912 4277 secesserat.

2310 4320 2429 4377 Non
2453 4317 2674 4375 omnino
2705 4317 2929 4373 forsitan
2957 4317 3157 4387 inepte,
3186 4315 3288 4371 nisi
3316 4313 3657 4371 Herodianus
3684 4312 3911 4369 dixisset

2312 4432 2420 4471 non
2463 4415 2575 4483 ibi,
2608 4414 2705 4471 sed
2757 4415 2808 4470 in
2839 4411 3227 4483 amphitheatri
3273 4411 3420 4466 aditu
3475 4419 3689 4481 paratas
3740 4405 3911 4462 fuisse

2311 4507 2487 4564 eidem
2515 4505 2809 4562 Commodo
2837 4506 3077 4561 insidias.
3103 4502 3330 4572 Quidam
3356 4504 3538 4573 itaque
3566 4501 3913 4572 suspicantur

2229 4604 2285 4665 1)
2311 4603 2486 4658 laurus
2512 4601 2725 4657 nomine
2754 4599 3040 4671 significari
3070 4598 3179 4654 duo
3201 4596 3485 4653 Commodi
3516 4594 3733 4667 palatia,
3768 4593 3911 4649 inter

2307 4713 2427 4769 quae
2452 4696 2737 4751 insidiator
2761 4710 2882 4751 eum
2910 4708 3197 4765 aggressus
3223 4700 3325 4747 est.
3354 4689 3560 4745 Laurus
3582 4689 3798 4759 quippe,
3831 4687 3912 4742 uti

2304 4789 2555 4845 observat
2576 4787 2799 4854 Plinius,
2813 4787 3037 4858 janitria:
3055 4797 3161 4841 erat
3188 4784 3449 4848 Cassarum
3475 4782 3669 4854 (Plin.,
3696 4780 3787 4837 lib.
3803 4776 3909 4837 ΧΥ

2311 4879 2449 4935 Hist.
2478 4891 2673 4955 natum,
2704 4896 2819 4951 cap.
2847 4878 2964 4946 50).
2996 4876 3252 4948 Expende
3275 4920 3290 4944 ,
3322 4890 3507 4948 quaeso
3528 4915 3545 4941 ,
3579 4890 3699 4946 qua:
3726 4888 3792 4929 ex
3823 4870 3912 4930 his

2307 4976 2473 5032 tribus
2502 4970 2946 5045 explicationibus
2984 4971 3075 5027 tibi
3108 4971 3277 5041 magis
3300 4969 3536 5025 arrideat
3559 5010 3575 5034 ,
3606 4982 3669 5022 ac
3696 4973 3751 5020 te
3774 4977 3909 5036 pro-

2308 5066 2641 5122 nuntiantem
2713 5065 2945 5120 lihenter
2997 5061 3295 5118 audiemus.
3339 5062 3699 5129 Qnmcutnque
3741 5071 3912 5128 porro

2307 5162 2392 5218 illa
2424 5162 2512 5226 sit,
2541 5160 2942 5217 evidentissime
2974 5158 3098 5214 inde
3118 5156 3439 5213 conlicietnr
3467 5156 3607 5211 hunc
3634 5152 3759 5208 vita:
3784 5149 3912 5208 Ca:-

2306 5254 2442 5310 saris
2470 5253 2834 5308 insidiatorem
2859 5250 3024 5306 fuisse
3052 5250 3261 5305 hostem
3297 5250 3583 5321 publicum.

2378 5345 2609 5402 Facilius
2637 5344 2776 5401 haud
2814 5344 2974 5400 dubie
3011 5342 3265 5414 explicnri
3310 5348 3534 5412 possunt
3569 5340 3688 5396 haec
3714 5336 3915 5395 subsc-

2307 5444 2521 5515 quentia
2559 5438 2875 5496 Tertulliani
2921 5438 3128 5493 verba:
3160 5435 3262 5502 Qui
3306 5434 3539 5507 faucibus
3581 5435 3691 5501 eius
3733 5429 3917 5503 etpri-

2306 5534 2503 5589 ntendis
2542 5531 2885 5604 palwstricarn
2926 5538 3156 5585 exercent
3185 5530 3201 5596 (
3229 5525 3562 5595 Tertullian.,
3606 5522 3912 5595 Apologet.,

2305 5643 2422 5700 cap.
2453 5627 2524 5684 55
2547 5667 2560 5691 ,
2589 5643 2708 5698 pag.
2746 5624 2898 5696 4.57):
2930 5621 3065 5678 Nam
3095 5621 3273 5678 denuo
3316 5631 3533 5677 structze
3574 5627 3697 5674 sunt
3723 5615 3911 5674 eidem

2306 5717 2601 5776 Commodo
2630 5715 2857 5785 insidiae,
2885 5714 3076 5787 quibus
3102 5731 3136 5769 a
3166 5711 3431 5781 Narcisso,
3464 5711 3664 5767 athleta
3685 5751 3700 5775 ,
3738 5719 3798 5765 ut
3821 5708 3909 5767 ait

2304 5808 2607 5884 Xiphilinus
2632 5808 2837 5883 (Diom,
2885 5806 3054 5880 Epit.,
3079 5822 3196 5881 pag.
3224 5802 3333 5866 584
3355 5812 3405 5863 et
3427 5801 3614 5877 seqq),
3638 5801 3726 5860 vel
3749 5798 3917 5863 sled!
