  <div class='ocr_page' id='page_1' title='image "/cluster/home/n/w/nwhite01/storage/ocr_20150623/1/hvd.32044054128335/552.png"; bbox 0 0 4212 6262; ppageno 0'>
   <div class='ocr_carea' id='block_1_1' title="bbox 270 382 408 445">
    <p class='ocr_par' dir='ltr' id='par_1_1' title="bbox 270 382 408 445">
     <span class='ocr_line' id='line_1_1' title="bbox 270 382 408 445; baseline -0.022 0"><span class='ocrx_word' id='word_1_1' title='bbox 270 382 408 445; x_wconf 75' lang='lat' dir='ltr'><strong>i061</strong></span> 
     </span>
    </p>
   </div>
   <div class='ocr_carea' id='block_1_2' title="bbox 1401 375 2444 440">
    <p class='ocr_par' dir='ltr' id='par_1_2' title="bbox 1401 375 2444 440">
     <span class='ocr_line' id='line_1_2' title="bbox 1401 375 2444 440; baseline 0.001 -3"><span class='ocrx_word' id='word_1_2' title='bbox 1401 375 1854 438; x_wconf 78' lang='lat' dir='ltr'><strong>DISSERTATIO</strong></span> <span class='ocrx_word' id='word_1_3' title='bbox 1906 379 1969 436; x_wconf 91' lang='lat' dir='ltr'><strong>D.</strong></span> <span class='ocrx_word' id='word_1_4' title='bbox 2009 377 2100 437; x_wconf 87' lang='lat' dir='ltr'><strong>LE</strong></span> <span class='ocrx_word' id='word_1_5' title='bbox 2136 377 2444 440; x_wconf 74' lang='lat' dir='ltr'><strong>NOURRY.</strong></span> 
     </span>
    </p>
   </div>
   <div class='ocr_carea' id='block_1_3' title="bbox 3442 385 3586 442">
    <p class='ocr_par' dir='ltr' id='par_1_3' title="bbox 3442 385 3586 442">
     <span class='ocr_line' id='line_1_3' title="bbox 3442 385 3586 442; baseline 0.007 -1"><span class='ocrx_word' id='word_1_6' title='bbox 3442 385 3586 442; x_wconf 73' lang='grc'><strong>1062</strong></span> 
     </span>
    </p>
   </div>
   <div class='ocr_carea' id='block_1_4' title="bbox 270 498 3565 578">
    <p class='ocr_par' dir='ltr' id='par_1_4' title="bbox 270 498 3565 578">
     <span class='ocr_line' id='line_1_4' title="bbox 270 498 3565 578; baseline -0.001 -17"><span class='ocrx_word' id='word_1_7' title='bbox 270 504 459 563; x_wconf 88' lang='lat' dir='ltr'><strong>seribit</strong></span> <span class='ocrx_word' id='word_1_8' title='bbox 487 501 819 560; x_wconf 78' lang='lat' dir='ltr'><strong>Herodianus</strong></span> <span class='ocrx_word' id='word_1_9' title='bbox 849 498 1184 573; x_wconf 68' lang='lat' dir='ltr'><strong>(Heracliam,</strong></span> <span class='ocrx_word' id='word_1_10' title='bbox 1219 500 1355 557; x_wconf 81' lang='lat' dir='ltr'><strong>Hist.</strong></span> <span class='ocrx_word' id='word_1_11' title='bbox 1386 502 1475 558; x_wconf 89' lang='lat' dir='ltr'><strong>lib.</strong></span> <span class='ocrx_word' id='word_1_12' title='bbox 1529 499 1571 568; x_wconf 88' lang='grc' dir='ltr'>Ι,</span> <span class='ocrx_word' id='word_1_13' title='bbox 1604 519 1723 573; x_wconf 86' lang='lat' dir='ltr'><strong>pag.</strong></span> <span class='ocrx_word' id='word_1_14' title='bbox 1754 499 1870 556; x_wconf 68' lang='lat'><strong>«£86</strong></span> <span class='ocrx_word' id='word_1_15' title='bbox 1905 500 1958 561; x_wconf 84' lang='lat' dir='ltr'><strong>A</strong></span> <span class='ocrx_word' id='word_1_16' title='bbox 1983 507 2238 578; x_wconf 84' lang='lat' dir='ltr'><strong>sanguine</strong></span> <span class='ocrx_word' id='word_1_17' title='bbox 2284 506 2552 576; x_wconf 79' lang='lat' dir='ltr'><strong>conjuncti</strong></span> <span class='ocrx_word' id='word_1_18' title='bbox 2597 515 2782 560; x_wconf 86' lang='lat' dir='ltr'><strong>sumus</strong></span> <span class='ocrx_word' id='word_1_19' title='bbox 2811 546 2826 570; x_wconf 93' lang='lat'><strong>,</strong></span> <span class='ocrx_word' id='word_1_20' title='bbox 2861 503 3009 576; x_wconf 84' lang='lat' dir='ltr'><strong>quos</strong></span> <span class='ocrx_word' id='word_1_21' title='bbox 3055 503 3268 575; x_wconf 83' lang='lat' dir='ltr'><strong>quidem</strong></span> <span class='ocrx_word' id='word_1_22' title='bbox 3315 504 3565 574; x_wconf 87' lang='lat' dir='ltr'><strong>cupimus</strong></span> 
     </span>
    </p>
   </div>
   <div class='ocr_carea' id='block_1_5' title="bbox 275 594 1858 669">
    <p class='ocr_par' dir='ltr' id='par_1_5' title="bbox 275 594 1858 669">
     <span class='ocr_line' id='line_1_5' title="bbox 275 594 1858 669; baseline -0.001 -16"><span class='ocrx_word' id='word_1_23' title='bbox 275 608 320 653; x_wconf 85' lang='lat' dir='ltr'><strong>et</strong></span> <span class='ocrx_word' id='word_1_24' title='bbox 350 596 510 669; x_wconf 65' lang='lat' dir='ltr'><strong>seqq.)</strong></span> <span class='ocrx_word' id='word_1_25' title='bbox 534 641 548 664; x_wconf 94' lang='lat'><strong>,</strong></span> <span class='ocrx_word' id='word_1_26' title='bbox 587 614 618 650; x_wconf 90' lang='lat' dir='ltr'><strong>a</strong></span> <span class='ocrx_word' id='word_1_27' title='bbox 646 594 887 649; x_wconf 72' lang='lat' dir='ltr'><strong>Narcisso</strong></span> <span class='ocrx_word' id='word_1_28' title='bbox 913 595 1098 650; x_wconf 78' lang='lat' dir='ltr'><strong>audaci</strong></span> <span class='ocrx_word' id='word_1_29' title='bbox 1131 610 1193 651; x_wconf 92' lang='lat' dir='ltr'><strong>ac</strong></span> <span class='ocrx_word' id='word_1_30' title='bbox 1221 607 1440 652; x_wconf 80' lang='lat' dir='ltr'><strong>strenuo</strong></span> <span class='ocrx_word' id='word_1_31' title='bbox 1469 597 1812 652; x_wconf 80' lang='lat' dir='ltr'><strong>adolescente</strong></span> <span class='ocrx_word' id='word_1_32' title='bbox 1840 639 1858 665; x_wconf 93' lang='lat'><strong>,</strong></span> 
     </span>
    </p>
   </div>
   <div class='ocr_carea' id='block_1_6' title="bbox 278 691 1870 766">
    <p class='ocr_par' dir='ltr' id='par_1_6' title="bbox 278 691 1870 766">
     <span class='ocr_line' id='line_1_6' title="bbox 278 691 1870 766; baseline -0.001 -18"><span class='ocrx_word' id='word_1_33' title='bbox 278 695 392 750; x_wconf 83' lang='lat' dir='ltr'><strong>sive</strong></span> <span class='ocrx_word' id='word_1_34' title='bbox 441 691 889 764; x_wconf 64' lang='lat' dir='ltr'><strong>quemadmodum</strong></span> <span class='ocrx_word' id='word_1_35' title='bbox 936 700 1117 745; x_wconf 86' lang='lat' dir='ltr'><strong>narrat</strong></span> <span class='ocrx_word' id='word_1_36' title='bbox 1165 691 1418 747; x_wconf 81' lang='lat' dir='ltr'><strong>Aurelius</strong></span> <span class='ocrx_word' id='word_1_37' title='bbox 1467 691 1650 747; x_wconf 75' lang='lat' dir='ltr'><strong>Victor</strong></span> <span class='ocrx_word' id='word_1_38' title='bbox 1697 693 1870 766; x_wconf 78' lang='lat' dir='ltr'><strong>(Aur.</strong></span> 
     </span>
    </p>
   </div>
   <div class='ocr_carea' id='block_1_7' title="bbox 292 783 1879 853">
    <p class='ocr_par' dir='ltr' id='par_1_7' title="bbox 292 783 1879 853">
     <span class='ocr_line' id='line_1_7' title="bbox 292 783 1879 853; baseline 0 -12"><span class='ocrx_word' id='word_1_39' title='bbox 292 785 446 852; x_wconf 57' lang='lat' dir='ltr'><strong>Vict,</strong></span> <span class='ocrx_word' id='word_1_40' title='bbox 475 787 525 839; x_wconf 91' lang='lat' dir='ltr'><strong>in</strong></span> <span class='ocrx_word' id='word_1_41' title='bbox 541 784 653 837; x_wconf 84' lang='lat' dir='ltr'><strong>Vita</strong></span> <span class='ocrx_word' id='word_1_42' title='bbox 675 783 990 853; x_wconf 88' lang='lat' dir='ltr'><strong>Commod.),</strong></span> <span class='ocrx_word' id='word_1_43' title='bbox 1015 783 1326 837; x_wconf 79' lang='lat' dir='ltr'><strong>validissimo</strong></span> <span class='ocrx_word' id='word_1_44' title='bbox 1351 784 1559 848; x_wconf 78' lang='lat' dir='ltr'><strong>athleta,</strong></span> <span class='ocrx_word' id='word_1_45' title='bbox 1588 799 1683 839; x_wconf 91' lang='lat' dir='ltr'><strong>seu</strong></span> <span class='ocrx_word' id='word_1_46' title='bbox 1710 785 1879 841; x_wconf 87' lang='lat' dir='ltr'><strong>veluti</strong></span> 
     </span>
    </p>
   </div>
   <div class='ocr_carea' id='block_1_8' title="bbox 282 868 1872 948">
    <p class='ocr_par' dir='ltr' id='par_1_8' title="bbox 282 868 1872 948">
     <span class='ocr_line' id='line_1_8' title="bbox 282 868 1872 948; baseline -0.001 -15"><span class='ocrx_word' id='word_1_47' title='bbox 282 868 622 948; x_wconf 70' lang='lat' dir='ltr'><strong>Lampridius</strong></span> <span class='ocrx_word' id='word_1_48' title='bbox 663 876 997 938; x_wconf 83' lang='lat' dir='ltr'><strong>testiﬁcatur.</strong></span> <span class='ocrx_word' id='word_1_49' title='bbox 1032 891 1120 945; x_wconf 84' lang='lat' dir='ltr'><strong>per</strong></span> <span class='ocrx_word' id='word_1_50' title='bbox 1146 875 1384 930; x_wconf 76' lang='lat' dir='ltr'><strong>athletam</strong></span> <span class='ocrx_word' id='word_1_51' title='bbox 1414 893 1526 930; x_wconf 90' lang='lat' dir='ltr'><strong>eam</strong></span> <span class='ocrx_word' id='word_1_52' title='bbox 1552 919 1567 943; x_wconf 96' lang='lat'><strong>,</strong></span> <span class='ocrx_word' id='word_1_53' title='bbox 1605 893 1705 946; x_wconf 89' lang='lat' dir='ltr'><strong>quo</strong></span> <span class='ocrx_word' id='word_1_54' title='bbox 1733 893 1872 931; x_wconf 74' lang='lat' dir='ltr'><strong>exer-</strong></span> 
     </span>
    </p>
   </div>
   <div class='ocr_carea' id='block_1_9' title="bbox 284 966 1878 1042">
    <p class='ocr_par' dir='ltr' id='par_1_9' title="bbox 284 966 1878 1042">
     <span class='ocr_line' id='line_1_9' title="bbox 284 966 1878 1042; baseline 0.003 -18"><span class='ocrx_word' id='word_1_55' title='bbox 284 971 385 1025; x_wconf 85' lang='lat' dir='ltr'><strong>ceri</strong></span> <span class='ocrx_word' id='word_1_56' title='bbox 429 970 619 1023; x_wconf 80' lang='lat' dir='ltr'><strong>solebat</strong></span> <span class='ocrx_word' id='word_1_57' title='bbox 651 967 965 1037; x_wconf 85' lang='lat' dir='ltr'><strong>(Lamprid.,</strong></span> <span class='ocrx_word' id='word_1_58' title='bbox 1008 968 1061 1020; x_wconf 87' lang='lat' dir='ltr'><strong>in</strong></span> <span class='ocrx_word' id='word_1_59' title='bbox 1099 966 1211 1022; x_wconf 82' lang='lat' dir='ltr'><strong>Vita</strong></span> <span class='ocrx_word' id='word_1_60' title='bbox 1249 968 1536 1038; x_wconf 85' lang='lat' dir='ltr'><strong>Commod.,</strong></span> <span class='ocrx_word' id='word_1_61' title='bbox 1581 987 1700 1042; x_wconf 85' lang='lat' dir='ltr'><strong>pag.</strong></span> <span class='ocrx_word' id='word_1_62' title='bbox 1727 972 1878 1042; x_wconf 79' lang='grc'><strong>515),</strong></span> 
     </span>
    </p>
   </div>
   <div class='ocr_carea' id='block_1_10' title="bbox 284 1060 1410 1130">
    <p class='ocr_par' dir='ltr' id='par_1_10' title="bbox 284 1060 1410 1130">
     <span class='ocr_line' id='line_1_10' title="bbox 284 1060 1410 1130; baseline 0.002 -15"><span class='ocrx_word' id='word_1_63' title='bbox 284 1061 608 1130; x_wconf 81' lang='lat' dir='ltr'><strong>cetnpressis</strong></span> <span class='ocrx_word' id='word_1_64' title='bbox 645 1060 888 1113; x_wconf 80' lang='lat' dir='ltr'><strong>faticibus</strong></span> <span class='ocrx_word' id='word_1_65' title='bbox 917 1060 1280 1130; x_wconf 89' lang='lat' dir='ltr'><strong>strangulatus</strong></span> <span class='ocrx_word' id='word_1_66' title='bbox 1311 1070 1410 1117; x_wconf 83' lang='lat' dir='ltr'><strong>est.</strong></span> 
     </span>
    </p>
   </div>
   <div class='ocr_carea' id='block_1_11' title="bbox 355 1152 1886 1228">
    <p class='ocr_par' dir='ltr' id='par_1_11' title="bbox 355 1152 1886 1228">
     <span class='ocr_line' id='line_1_11' title="bbox 355 1152 1886 1228; baseline 0.004 -21"><span class='ocrx_word' id='word_1_67' title='bbox 355 1153 518 1207; x_wconf 82' lang='lat' dir='ltr'><strong>Addit</strong></span> <span class='ocrx_word' id='word_1_68' title='bbox 545 1152 905 1207; x_wconf 82' lang='lat' dir='ltr'><strong>Tertullianus</strong></span> <span class='ocrx_word' id='word_1_69' title='bbox 931 1153 1066 1207; x_wconf 90' lang='lat' dir='ltr'><strong>alios</strong></span> <span class='ocrx_word' id='word_1_70' title='bbox 1093 1169 1304 1224; x_wconf 88' lang='lat' dir='ltr'><strong>quoque</strong></span> <span class='ocrx_word' id='word_1_71' title='bbox 1347 1154 1593 1212; x_wconf 89' lang='lat' dir='ltr'><strong>ethnicos</strong></span> <span class='ocrx_word' id='word_1_72' title='bbox 1629 1171 1748 1212; x_wconf 88' lang='lat' dir='ltr'><strong>esse</strong></span> <span class='ocrx_word' id='word_1_73' title='bbox 1788 1172 1886 1228; x_wconf 87' lang='lat' dir='ltr'><strong>pu-</strong></span> 
     </span>
    </p>
   </div>
   <div class='ocr_carea' id='block_1_12' title="bbox 289 1243 1886 1319">
    <p class='ocr_par' dir='ltr' id='par_1_12' title="bbox 289 1243 1886 1319">
     <span class='ocr_line' id='line_1_12' title="bbox 289 1243 1886 1319; baseline 0.003 -19"><span class='ocrx_word' id='word_1_74' title='bbox 289 1243 456 1300; x_wconf 75' lang='lat' dir='ltr'><strong>blicos</strong></span> <span class='ocrx_word' id='word_1_75' title='bbox 483 1245 696 1308; x_wconf 92' lang='lat' dir='ltr'><strong>hostes,</strong></span> <span class='ocrx_word' id='word_1_76' title='bbox 727 1261 957 1316; x_wconf 85' lang='lat' dir='ltr'><strong>reosque</strong></span> <span class='ocrx_word' id='word_1_77' title='bbox 985 1247 1300 1314; x_wconf 78' lang='lat' dir='ltr'><strong>maieStatis,</strong></span> <span class='ocrx_word' id='word_1_78' title='bbox 1329 1250 1417 1319; x_wconf 89' lang='lat' dir='ltr'><strong>qui</strong></span> <span class='ocrx_word' id='word_1_79' title='bbox 1447 1249 1498 1302; x_wconf 88' lang='lat' dir='ltr'><strong>in</strong></span> <span class='ocrx_word' id='word_1_80' title='bbox 1533 1249 1780 1319; x_wconf 78' lang='lat' dir='ltr'><strong>palatium</strong></span> <span class='ocrx_word' id='word_1_81' title='bbox 1807 1252 1886 1304; x_wconf 66' lang='lat' dir='ltr'><strong>ir»</strong></span> 
     </span>
    </p>
   </div>
   <div class='ocr_carea' id='block_1_13' title="bbox 291 1338 1886 1416">
    <p class='ocr_par' dir='ltr' id='par_1_13' title="bbox 291 1338 1886 1416">
     <span class='ocr_line' id='line_1_13' title="bbox 291 1338 1886 1416; baseline 0.003 -22"><span class='ocrx_word' id='word_1_82' title='bbox 291 1351 540 1410; x_wconf 86' lang='lat' dir='ltr'><strong>rumpunt</strong></span> <span class='ocrx_word' id='word_1_83' title='bbox 571 1338 928 1410; x_wconf 85' lang='lat' dir='ltr'><strong>(Tertullian.,</strong></span> <span class='ocrx_word' id='word_1_84' title='bbox 959 1340 1368 1413; x_wconf 84' lang='lat' dir='ltr'><strong>Apologet..cap</strong></span> <span class='ocrx_word' id='word_1_85' title='bbox 1391 1343 1480 1406; x_wconf 83' lang='grc'><strong>55,</strong></span> <span class='ocrx_word' id='word_1_86' title='bbox 1513 1360 1631 1414; x_wconf 89' lang='lat' dir='ltr'><strong>pag.</strong></span> <span class='ocrx_word' id='word_1_87' title='bbox 1665 1343 1821 1416; x_wconf 78' lang='grc'>457),</span> <span class='ocrx_word' id='word_1_88' title='bbox 1852 1344 1886 1399; x_wconf 92' lang='lat' dir='ltr'><strong>ii</strong></span> 
     </span>
    </p>
   </div>
   <div class='ocr_carea' id='block_1_14' title="bbox 292 1430 1890 1502">
    <p class='ocr_par' dir='ltr' id='par_1_14' title="bbox 292 1430 1890 1502">
     <span class='ocr_line' id='line_1_14' title="bbox 292 1430 1890 1502; baseline 0.002 -17"><span class='ocrx_word' id='word_1_89' title='bbox 292 1431 542 1486; x_wconf 80' lang='lat' dir='ltr'><strong>videlicet</strong></span> <span class='ocrx_word' id='word_1_90' title='bbox 567 1430 866 1500; x_wconf 72' lang='lat' dir='ltr'><strong>perduelles</strong></span> <span class='ocrx_word' id='word_1_91' title='bbox 891 1433 1092 1498; x_wconf 86' lang='lat' dir='ltr'><strong>sicarii,</strong></span> <span class='ocrx_word' id='word_1_92' title='bbox 1113 1449 1139 1485; x_wconf 89' lang='lat' dir='ltr'><strong>a</strong></span> <span class='ocrx_word' id='word_1_93' title='bbox 1160 1433 1351 1502; x_wconf 77' lang='lat' dir='ltr'><strong>quibus</strong></span> <span class='ocrx_word' id='word_1_94' title='bbox 1366 1434 1653 1489; x_wconf 89' lang='lat' dir='ltr'><strong>crudeliter</strong></span> <span class='ocrx_word' id='word_1_95' title='bbox 1677 1437 1890 1490; x_wconf 84' lang='lat' dir='ltr'><strong>occisus</strong></span> 
     </span>
    </p>
   </div>
   <div class='ocr_carea' id='block_1_15' title="bbox 292 1523 1891 1595">
    <p class='ocr_par' dir='ltr' id='par_1_15' title="bbox 292 1523 1891 1595">
     <span class='ocr_line' id='line_1_15' title="bbox 292 1523 1891 1595; baseline 0.003 -17"><span class='ocrx_word' id='word_1_96' title='bbox 292 1535 374 1578; x_wconf 88' lang='lat' dir='ltr'><strong>est</strong></span> <span class='ocrx_word' id='word_1_97' title='bbox 414 1525 666 1578; x_wconf 80' lang='lat' dir='ltr'><strong>Pertinax</strong></span> <span class='ocrx_word' id='word_1_98' title='bbox 711 1523 1030 1594; x_wconf 87' lang='lat' dir='ltr'><strong>imperator,</strong></span> <span class='ocrx_word' id='word_1_99' title='bbox 1071 1527 1522 1595; x_wconf 88' lang='lat' dir='ltr'><strong>quemadmodum</strong></span> <span class='ocrx_word' id='word_1_100' title='bbox 1556 1528 1891 1584; x_wconf 89' lang='lat' dir='ltr'><strong>llerodianus</strong></span> 
     </span>
    </p>
   </div>
   <div class='ocr_carea' id='block_1_16' title="bbox 299 1613 1889 1694">
    <p class='ocr_par' dir='ltr' id='par_1_16' title="bbox 299 1613 1889 1694">
     <span class='ocr_line' id='line_1_16' title="bbox 299 1613 1889 1694; baseline 0.005 -26"><span class='ocrx_word' id='word_1_101' title='bbox 299 1616 640 1690; x_wconf 81' lang='lat' dir='ltr'><strong>(Herodian.,</strong></span> <span class='ocrx_word' id='word_1_102' title='bbox 671 1614 756 1668; x_wconf 88' lang='lat' dir='ltr'><strong>lib.</strong></span> <span class='ocrx_word' id='word_1_103' title='bbox 798 1613 838 1668; x_wconf 86' lang='lat' dir='ltr'><strong>ll</strong></span> <span class='ocrx_word' id='word_1_104' title='bbox 865 1615 1024 1686; x_wconf 85' lang='lat' dir='ltr'><strong>Ilist.,</strong></span> <span class='ocrx_word' id='word_1_105' title='bbox 1053 1637 1173 1690; x_wconf 87' lang='lat' dir='ltr'><strong>pag.</strong></span> <span class='ocrx_word' id='word_1_106' title='bbox 1207 1619 1332 1690; x_wconf 74' lang='grc'><strong>598)</strong></span> <span class='ocrx_word' id='word_1_107' title='bbox 1355 1663 1368 1686; x_wconf 88' lang='grc'><strong>,</strong></span> <span class='ocrx_word' id='word_1_108' title='bbox 1401 1620 1728 1690; x_wconf 87' lang='lat' dir='ltr'><strong>Capitolinus</strong></span> <span class='ocrx_word' id='word_1_109' title='bbox 1750 1621 1889 1694; x_wconf 86' lang='lat' dir='ltr'><strong>(Ca-</strong></span> 
     </span>
    </p>
   </div>
   <div class='ocr_carea' id='block_1_17' title="bbox 296 1706 1888 1786">
    <p class='ocr_par' dir='ltr' id='par_1_17' title="bbox 296 1706 1888 1786">
     <span class='ocr_line' id='line_1_17' title="bbox 296 1706 1888 1786; baseline 0.004 -24"><span class='ocrx_word' id='word_1_110' title='bbox 296 1710 454 1780; x_wconf 87' lang='lat' dir='ltr'><strong>pitol,</strong></span> <span class='ocrx_word' id='word_1_111' title='bbox 510 1710 562 1762; x_wconf 90' lang='lat' dir='ltr'><strong>in</strong></span> <span class='ocrx_word' id='word_1_112' title='bbox 614 1706 716 1760; x_wconf 85' lang='lat' dir='ltr'><strong>Vit.</strong></span> <span class='ocrx_word' id='word_1_113' title='bbox 748 1707 967 1775; x_wconf 84' lang='lat' dir='ltr'><strong>Pertin.,</strong></span> <span class='ocrx_word' id='word_1_114' title='bbox 999 1728 1050 1781; x_wconf 87' lang='lat' dir='ltr'><strong>p.</strong></span> <span class='ocrx_word' id='word_1_115' title='bbox 1085 1710 1232 1784; x_wconf 80' lang='lat' dir='ltr'><strong>5l8),</strong></span> <span class='ocrx_word' id='word_1_116' title='bbox 1261 1726 1322 1766; x_wconf 88' lang='lat' dir='ltr'><strong>ac</strong></span> <span class='ocrx_word' id='word_1_117' title='bbox 1352 1711 1652 1782; x_wconf 78' lang='lat' dir='ltr'><strong>Xiphilinus</strong></span> <span class='ocrx_word' id='word_1_118' title='bbox 1681 1712 1888 1786; x_wconf 63' lang='lat' dir='ltr'><strong>(Diom,</strong></span> 
     </span>
    </p>
   </div>
   <div class='ocr_carea' id='block_1_18' title="bbox 298 1800 1890 1878">
    <p class='ocr_par' dir='ltr' id='par_1_18' title="bbox 298 1800 1890 1878">
     <span class='ocr_line' id='line_1_18' title="bbox 298 1800 1890 1878; baseline 0.004 -24"><span class='ocrx_word' id='word_1_119' title='bbox 298 1800 467 1872; x_wconf 88' lang='lat' dir='ltr'><strong>Epit.,</strong></span> <span class='ocrx_word' id='word_1_120' title='bbox 501 1818 619 1871; x_wconf 84' lang='lat' dir='ltr'><strong>pag.</strong></span> <span class='ocrx_word' id='word_1_121' title='bbox 653 1801 805 1870; x_wconf 78' lang='grc'>590),</span> <span class='ocrx_word' id='word_1_122' title='bbox 838 1802 1025 1857; x_wconf 82' lang='lat' dir='ltr'><strong>litteris</strong></span> <span class='ocrx_word' id='word_1_123' title='bbox 1053 1805 1453 1873; x_wconf 82' lang='lat' dir='ltr'><strong>consignarunt.</strong></span> <span class='ocrx_word' id='word_1_124' title='bbox 1486 1805 1547 1858; x_wconf 80' lang='lat' dir='ltr'><strong>At</strong></span> <span class='ocrx_word' id='word_1_125' title='bbox 1578 1806 1660 1872; x_wconf 90' lang='lat' dir='ltr'><strong>hi,</strong></span> <span class='ocrx_word' id='word_1_126' title='bbox 1697 1806 1890 1878; x_wconf 91' lang='lat' dir='ltr'><strong>inquit,</strong></span> 
     </span>
    </p>
   </div>
   <div class='ocr_carea' id='block_1_19' title="bbox 1981 597 3556 667">
    <p class='ocr_par' dir='ltr' id='par_1_19' title="bbox 1981 597 3556 667">
     <span class='ocr_line' id='line_1_19' title="bbox 1981 597 3556 667; baseline -0.002 -10"><span class='ocrx_word' id='word_1_127' title='bbox 1981 617 2101 657; x_wconf 89' lang='lat' dir='ltr'><strong>esse</strong></span> <span class='ocrx_word' id='word_1_128' title='bbox 2141 599 2438 656; x_wconf 86' lang='lat' dir='ltr'><strong>incolumes</strong></span> <span class='ocrx_word' id='word_1_129' title='bbox 2467 616 2478 651; x_wconf 90' lang='lat'>:</span> <span class='ocrx_word' id='word_1_130' title='bbox 2512 599 2614 653; x_wconf 84' lang='lat' dir='ltr'><strong>alia</strong></span> <span class='ocrx_word' id='word_1_131' title='bbox 2645 613 2773 653; x_wconf 82' lang='lat' dir='ltr'><strong>vero</strong></span> <span class='ocrx_word' id='word_1_132' title='bbox 2815 598 3098 663; x_wconf 80' lang='lat' dir='ltr'><strong>seruitutis,</strong></span> <span class='ocrx_word' id='word_1_133' title='bbox 3147 597 3298 667; x_wconf 86' lang='lat' dir='ltr'><strong>cujus</strong></span> <span class='ocrx_word' id='word_1_134' title='bbox 3331 599 3517 667; x_wconf 85' lang='lat' dir='ltr'><strong>jugum</strong></span> <span class='ocrx_word' id='word_1_135' title='bbox 3542 638 3556 664; x_wconf 90' lang='lat'><strong>,</strong></span> 
     </span>
    </p>
   </div>
   <div class='ocr_carea' id='block_1_20' title="bbox 1983 689 3583 763">
    <p class='ocr_par' dir='ltr' id='par_1_20' title="bbox 1983 689 3583 763">
     <span class='ocr_line' id='line_1_20' title="bbox 1983 689 3583 763; baseline -0.004 -11"><span class='ocrx_word' id='word_1_136' title='bbox 1983 697 2193 752; x_wconf 88' lang='lat' dir='ltr'><strong>sublato</strong></span> <span class='ocrx_word' id='word_1_137' title='bbox 2224 695 2442 749; x_wconf 90' lang='lat' dir='ltr'><strong>domino</strong></span> <span class='ocrx_word' id='word_1_138' title='bbox 2463 736 2478 759; x_wconf 88' lang='lat'><strong>,</strong></span> <span class='ocrx_word' id='word_1_139' title='bbox 2518 691 2740 763; x_wconf 80' lang='lat' dir='ltr'><strong>quilibet</strong></span> <span class='ocrx_word' id='word_1_140' title='bbox 2774 706 2961 746; x_wconf 82' lang='lat' dir='ltr'><strong>servus</strong></span> <span class='ocrx_word' id='word_1_141' title='bbox 2989 691 3095 745; x_wconf 82' lang='lat' dir='ltr'><strong>cito</strong></span> <span class='ocrx_word' id='word_1_142' title='bbox 3121 691 3278 745; x_wconf 90' lang='lat' dir='ltr'><strong>citius</strong></span> <span class='ocrx_word' id='word_1_143' title='bbox 3315 689 3583 746; x_wconf 79' lang='lat' dir='ltr'><strong>discutere</strong></span> 
     </span>
    </p>
   </div>
   <div class='ocr_carea' id='block_1_21' title="bbox 1983 782 3590 858">
    <p class='ocr_par' dir='ltr' id='par_1_21' title="bbox 1983 782 3590 858">
     <span class='ocr_line' id='line_1_21' title="bbox 1983 782 3590 858; baseline -0.007 -12"><span class='ocrx_word' id='word_1_144' title='bbox 1983 797 2222 858; x_wconf 64' lang='lat' dir='ltr'><strong>exolutat.</strong></span> <span class='ocrx_word' id='word_1_145' title='bbox 2255 789 2428 843; x_wconf 85' lang='lat' dir='ltr'><strong>Tuum</strong></span> <span class='ocrx_word' id='word_1_146' title='bbox 2471 795 2649 840; x_wconf 87' lang='lat' dir='ltr'><strong>tamen</strong></span> <span class='ocrx_word' id='word_1_147' title='bbox 2692 798 2758 838; x_wconf 90' lang='lat' dir='ltr'><strong>ne</strong></span> <span class='ocrx_word' id='word_1_148' title='bbox 2800 783 3079 838; x_wconf 83' lang='lat' dir='ltr'><strong>induxeris</strong></span> <span class='ocrx_word' id='word_1_149' title='bbox 3116 785 3166 836; x_wconf 89' lang='lat' dir='ltr'><strong>in</strong></span> <span class='ocrx_word' id='word_1_150' title='bbox 3213 783 3451 836; x_wconf 88' lang='lat' dir='ltr'><strong>animum</strong></span> <span class='ocrx_word' id='word_1_151' title='bbox 3482 782 3590 850; x_wconf 88' lang='lat' dir='ltr'><strong>pri-</strong></span> 
     </span>
    </p>
   </div>
   <div class='ocr_carea' id='block_1_22' title="bbox 1985 874 3588 952">
    <p class='ocr_par' dir='ltr' id='par_1_22' title="bbox 1985 874 3588 952">
     <span class='ocr_line' id='line_1_22' title="bbox 1985 874 3588 952; baseline -0.005 -14"><span class='ocrx_word' id='word_1_152' title='bbox 1985 897 2128 938; x_wconf 91' lang='lat' dir='ltr'><strong>mam</strong></span> <span class='ocrx_word' id='word_1_153' title='bbox 2154 883 2222 936; x_wconf 89' lang='lat' dir='ltr'><strong>de</strong></span> <span class='ocrx_word' id='word_1_154' title='bbox 2251 881 2672 952; x_wconf 89' lang='lat' dir='ltr'><strong>propinquorum</strong></span> <span class='ocrx_word' id='word_1_155' title='bbox 2701 876 2872 932; x_wconf 86' lang='lat' dir='ltr'><strong>salute</strong></span> <span class='ocrx_word' id='word_1_156' title='bbox 2897 876 3344 932; x_wconf 75' lang='lat' dir='ltr'><strong>consultationem</strong></span> <span class='ocrx_word' id='word_1_157' title='bbox 3373 874 3588 930; x_wconf 88' lang='lat' dir='ltr'><strong>Tertul-</strong></span> 
     </span>
    </p>
   </div>
   <div class='ocr_carea' id='block_1_23' title="bbox 1987 969 3593 1044">
    <p class='ocr_par' dir='ltr' id='par_1_23' title="bbox 1987 969 3593 1044">
     <span class='ocr_line' id='line_1_23' title="bbox 1987 969 3593 1044; baseline -0.005 -14"><span class='ocrx_word' id='word_1_158' title='bbox 1987 976 2132 1030; x_wconf 92' lang='lat' dir='ltr'><strong>liano</strong></span> <span class='ocrx_word' id='word_1_159' title='bbox 2154 975 2386 1044; x_wconf 89' lang='lat' dir='ltr'><strong>probari.</strong></span> <span class='ocrx_word' id='word_1_160' title='bbox 2421 972 2537 1026; x_wconf 85' lang='lat' dir='ltr'><strong>Non</strong></span> <span class='ocrx_word' id='word_1_161' title='bbox 2566 970 2713 1025; x_wconf 83' lang='lat' dir='ltr'><strong>aliud</strong></span> <span class='ocrx_word' id='word_1_162' title='bbox 2745 971 2941 1040; x_wconf 78' lang='lat' dir='ltr'><strong>quippe</strong></span> <span class='ocrx_word' id='word_1_163' title='bbox 2966 969 3260 1039; x_wconf 75' lang='lat' dir='ltr'><strong>significat,</strong></span> <span class='ocrx_word' id='word_1_164' title='bbox 3285 969 3386 1023; x_wconf 88' lang='lat' dir='ltr'><strong>nisi</strong></span> <span class='ocrx_word' id='word_1_165' title='bbox 3413 976 3593 1038; x_wconf 81' lang='lat' dir='ltr'><strong>poste-</strong></span> 
     </span>
    </p>
   </div>
   <div class='ocr_carea' id='block_1_24' title="bbox 1988 1048 3588 1131">
    <p class='ocr_par' dir='ltr' id='par_1_24' title="bbox 1988 1048 3588 1131">
     <span class='ocr_line' id='line_1_24' title="bbox 1988 1048 3588 1131; baseline -0.004 -10"><span class='ocrx_word' id='word_1_166' title='bbox 1988 1070 2190 1122; x_wconf 85' lang='lat' dir='ltr'><strong>riorem</strong></span> <span class='ocrx_word' id='word_1_167' title='bbox 2223 1066 2290 1119; x_wconf 89' lang='lat' dir='ltr'><strong>de</strong></span> <span class='ocrx_word' id='word_1_168' title='bbox 2317 1065 2588 1119; x_wconf 63' lang='lat' dir='ltr'><strong>Caesarum</strong></span> <span class='ocrx_word' id='word_1_169' title='bbox 2618 1062 2834 1117; x_wconf 88' lang='lat' dir='ltr'><strong>interitu</strong></span> <span class='ocrx_word' id='word_1_170' title='bbox 2859 1076 2982 1117; x_wconf 89' lang='lat' dir='ltr'><strong>esse</strong></span> <span class='ocrx_word' id='word_1_171' title='bbox 3015 1061 3113 1115; x_wconf 88' lang='lat' dir='ltr'><strong>hac</strong></span> <span class='ocrx_word' id='word_1_172' title='bbox 3146 1048 3302 1131; x_wconf 84' lang='lat' dir='ltr'><strong>longe</strong></span> <span class='ocrx_word' id='word_1_173' title='bbox 3328 1059 3588 1129; x_wconf 91' lang='lat' dir='ltr'><strong>pejorem.</strong></span> 
     </span>
    </p>
   </div>
   <div class='ocr_carea' id='block_1_25' title="bbox 1989 1153 3592 1226">
    <p class='ocr_par' dir='ltr' id='par_1_25' title="bbox 1989 1153 3592 1226">
     <span class='ocr_line' id='line_1_25' title="bbox 1989 1153 3592 1226; baseline -0.003 -13"><span class='ocrx_word' id='word_1_174' title='bbox 1989 1157 2193 1213; x_wconf 81' lang='lat' dir='ltr'><strong>Omnes</strong></span> <span class='ocrx_word' id='word_1_175' title='bbox 2222 1159 2498 1212; x_wconf 82' lang='lat' dir='ltr'><strong>enimvero</strong></span> <span class='ocrx_word' id='word_1_176' title='bbox 2540 1171 2816 1226; x_wconf 82' lang='lat' dir='ltr'><strong>magorum</strong></span> <span class='ocrx_word' id='word_1_177' title='bbox 2858 1155 3277 1211; x_wconf 84' lang='lat' dir='ltr'><strong>consultationes</strong></span> <span class='ocrx_word' id='word_1_178' title='bbox 3310 1153 3467 1223; x_wconf 89' lang='lat' dir='ltr'><strong>plane</strong></span> <span class='ocrx_word' id='word_1_179' title='bbox 3497 1168 3592 1222; x_wconf 82' lang='lat' dir='ltr'><strong>pe-</strong></span> 
     </span>
    </p>
   </div>
   <div class='ocr_carea' id='block_1_26' title="bbox 2004 1243 3598 1321">
    <p class='ocr_par' dir='ltr' id='par_1_26' title="bbox 2004 1243 3598 1321">
     <span class='ocr_line' id='line_1_26' title="bbox 2004 1243 3598 1321; baseline -0.006 -15"><span class='ocrx_word' id='word_1_180' title='bbox 2004 1253 2253 1321; x_wconf 87' lang='lat' dir='ltr'><strong>nitusque</strong></span> <span class='ocrx_word' id='word_1_181' title='bbox 2342 1248 2704 1313; x_wconf 87' lang='lat' dir='ltr'><strong>condemnat,</strong></span> <span class='ocrx_word' id='word_1_182' title='bbox 2783 1256 2968 1316; x_wconf 87' lang='lat' dir='ltr'><strong>utpote</strong></span> <span class='ocrx_word' id='word_1_183' title='bbox 3017 1248 3080 1300; x_wconf 87' lang='lat' dir='ltr'><strong>ab</strong></span> <span class='ocrx_word' id='word_1_184' title='bbox 3131 1247 3376 1316; x_wconf 79' lang='lat' dir='ltr'><strong>Angelis,</strong></span> <span class='ocrx_word' id='word_1_185' title='bbox 3426 1243 3598 1314; x_wconf 89' lang='lat' dir='ltr'><strong>inquit</strong></span> 
     </span>
    </p>
   </div>
   <div class='ocr_carea' id='block_1_27' title="bbox 1994 1340 3598 1416">
    <p class='ocr_par' dir='ltr' id='par_1_27' title="bbox 1994 1340 3598 1416">
     <span class='ocr_line' id='line_1_27' title="bbox 1994 1340 3598 1416; baseline -0.005 -18"><span class='ocrx_word' id='word_1_186' title='bbox 1994 1344 2186 1416; x_wconf 88' lang='lat' dir='ltr'><strong>(Ibid.)</strong></span> <span class='ocrx_word' id='word_1_187' title='bbox 2207 1386 2220 1411; x_wconf 93' lang='lat'><strong>,</strong></span> <span class='ocrx_word' id='word_1_188' title='bbox 2265 1344 2634 1408; x_wconf 74' lang='lat' dir='ltr'><strong>desertoribus,</strong></span> <span class='ocrx_word' id='word_1_189' title='bbox 2667 1352 2724 1396; x_wconf 91' lang='lat' dir='ltr'><strong>ut</strong></span> <span class='ocrx_word' id='word_1_190' title='bbox 2752 1357 2913 1411; x_wconf 88' lang='lat' dir='ltr'><strong>supra</strong></span> <span class='ocrx_word' id='word_1_191' title='bbox 2946 1341 3194 1406; x_wconf 82' lang='lat' dir='ltr'><strong>vidimus,</strong></span> <span class='ocrx_word' id='word_1_192' title='bbox 3257 1340 3516 1410; x_wconf 86' lang='lat' dir='ltr'><strong>proditas,</strong></span> <span class='ocrx_word' id='word_1_193' title='bbox 3551 1346 3598 1392; x_wconf 88' lang='lat' dir='ltr'><strong>et</strong></span> 
     </span>
    </p>
   </div>
   <div class='ocr_carea' id='block_1_28' title="bbox 1994 1433 2960 1505">
    <p class='ocr_par' dir='ltr' id='par_1_28' title="bbox 1994 1433 2960 1505">
     <span class='ocr_line' id='line_1_28' title="bbox 1994 1433 2960 1505; baseline -0.005 -15"><span class='ocrx_word' id='word_1_194' title='bbox 1994 1456 2025 1490; x_wconf 93' lang='lat' dir='ltr'><strong>a</strong></span> <span class='ocrx_word' id='word_1_195' title='bbox 2053 1435 2163 1489; x_wconf 90' lang='lat' dir='ltr'><strong>Deo</strong></span> <span class='ocrx_word' id='word_1_196' title='bbox 2191 1435 2484 1490; x_wconf 80' lang='lat' dir='ltr'><strong>interdictas</strong></span> <span class='ocrx_word' id='word_1_197' title='bbox 2509 1433 2716 1505; x_wconf 84' lang='lat' dir='ltr'><strong>(Supr.,</strong></span> <span class='ocrx_word' id='word_1_198' title='bbox 2748 1443 2848 1486; x_wconf 89' lang='lat' dir='ltr'><strong>art.</strong></span> <span class='ocrx_word' id='word_1_199' title='bbox 2881 1434 2960 1502; x_wconf 82' lang='grc'><strong>5).</strong></span> 
     </span>
    </p>
   </div>
   <div class='ocr_carea' id='block_1_29' title="bbox 2068 1522 3599 1598">
    <p class='ocr_par' dir='ltr' id='par_1_29' title="bbox 2068 1522 3599 1598">
     <span class='ocr_line' id='line_1_29' title="bbox 2068 1522 3599 1598; baseline -0.001 -19"><span class='ocrx_word' id='word_1_200' title='bbox 2068 1528 2198 1597; x_wconf 85' lang='lat' dir='ltr'><strong>Quis</strong></span> <span class='ocrx_word' id='word_1_201' title='bbox 2226 1543 2390 1598; x_wconf 88' lang='lat' dir='ltr'><strong>porro</strong></span> <span class='ocrx_word' id='word_1_202' title='bbox 2421 1544 2526 1581; x_wconf 90' lang='lat' dir='ltr'><strong>non</strong></span> <span class='ocrx_word' id='word_1_203' title='bbox 2560 1526 2774 1581; x_wconf 89' lang='lat' dir='ltr'><strong>horreat</strong></span> <span class='ocrx_word' id='word_1_204' title='bbox 2817 1527 3102 1580; x_wconf 89' lang='lat' dir='ltr'><strong>immanem</strong></span> <span class='ocrx_word' id='word_1_205' title='bbox 3135 1523 3326 1578; x_wconf 89' lang='lat' dir='ltr'><strong>horum</strong></span> <span class='ocrx_word' id='word_1_206' title='bbox 3357 1522 3599 1578; x_wconf 91' lang='lat' dir='ltr'><strong>omnium</strong></span> 
     </span>
    </p>
   </div>
   <div class='ocr_carea' id='block_1_30' title="bbox 1996 1617 3601 1693">
    <p class='ocr_par' dir='ltr' id='par_1_30' title="bbox 1996 1617 3601 1693">
     <span class='ocr_line' id='line_1_30' title="bbox 1996 1617 3601 1693; baseline -0.006 -16"><span class='ocrx_word' id='word_1_207' title='bbox 1996 1622 2308 1693; x_wconf 84' lang='lat' dir='ltr'><strong>perﬁdiam,</strong></span> <span class='ocrx_word' id='word_1_208' title='bbox 2341 1621 2429 1691; x_wconf 87' lang='lat' dir='ltr'><strong>qui</strong></span> <span class='ocrx_word' id='word_1_209' title='bbox 2475 1619 2564 1674; x_wconf 88' lang='lat' dir='ltr'><strong>sub</strong></span> <span class='ocrx_word' id='word_1_210' title='bbox 2605 1621 2716 1690; x_wconf 87' lang='lat' dir='ltr'><strong>ipsa</strong></span> <span class='ocrx_word' id='word_1_211' title='bbox 2757 1634 2916 1689; x_wconf 83' lang='lat' dir='ltr'><strong>usque</strong></span> <span class='ocrx_word' id='word_1_212' title='bbox 2951 1619 3223 1687; x_wconf 81' lang='lat' dir='ltr'><strong>impietatis</strong></span> <span class='ocrx_word' id='word_1_213' title='bbox 3255 1617 3517 1686; x_wconf 82' lang='lat' dir='ltr'><strong>eruptione</strong></span> <span class='ocrx_word' id='word_1_214' title='bbox 3553 1623 3601 1668; x_wconf 92' lang='lat' dir='ltr'><strong>et</strong></span> 
     </span>
    </p>
   </div>
   <div class='ocr_carea' id='block_1_31' title="bbox 1997 1710 3600 1785">
    <p class='ocr_par' dir='ltr' id='par_1_31' title="bbox 1997 1710 3600 1785">
     <span class='ocr_line' id='line_1_31' title="bbox 1997 1710 3600 1785; baseline -0.004 -16"><span class='ocrx_word' id='word_1_215' title='bbox 1997 1732 2142 1769; x_wconf 82' lang='lat' dir='ltr'><strong>sacra</strong></span> <span class='ocrx_word' id='word_1_216' title='bbox 2187 1712 2440 1785; x_wconf 76' lang='lat' dir='ltr'><strong>faciebant</strong></span> <span class='ocrx_word' id='word_1_217' title='bbox 2471 1728 2564 1782; x_wconf 90' lang='lat' dir='ltr'><strong>pro</strong></span> <span class='ocrx_word' id='word_1_218' title='bbox 2591 1713 2756 1766; x_wconf 87' lang='lat' dir='ltr'><strong>salute</strong></span> <span class='ocrx_word' id='word_1_219' title='bbox 2785 1710 3122 1781; x_wconf 78' lang='lat' dir='ltr'><strong>imperatoris.</strong></span> <span class='ocrx_word' id='word_1_220' title='bbox 3146 1747 3159 1762; x_wconf 94' lang='lat'><strong>.</strong></span> <span class='ocrx_word' id='word_1_221' title='bbox 3183 1751 3196 1763; x_wconf 92' lang='lat'><strong>.</strong></span> <span class='ocrx_word' id='word_1_222' title='bbox 3221 1747 3233 1761; x_wconf 95' lang='lat'><strong>.</strong></span> <span class='ocrx_word' id='word_1_223' title='bbox 3258 1718 3310 1761; x_wconf 88' lang='lat' dir='ltr'><strong>ut</strong></span> <span class='ocrx_word' id='word_1_224' title='bbox 3339 1717 3452 1762; x_wconf 82' lang='lat' dir='ltr'><strong>vota</strong></span> <span class='ocrx_word' id='word_1_225' title='bbox 3477 1724 3600 1778; x_wconf 88' lang='lat' dir='ltr'><strong>pro-</strong></span> 
     </span>
    </p>
   </div>
   <div class='ocr_carea' id='block_1_32' title="bbox 1999 1801 3598 1877">
    <p class='ocr_par' dir='ltr' id='par_1_32' title="bbox 1999 1801 3598 1877">
     <span class='ocr_line' id='line_1_32' title="bbox 1999 1801 3598 1877; baseline -0.003 -19"><span class='ocrx_word' id='word_1_226' title='bbox 1999 1806 2110 1877; x_wconf 91' lang='lat' dir='ltr'><strong>pria</strong></span> <span class='ocrx_word' id='word_1_227' title='bbox 2131 1807 2246 1877; x_wconf 85' lang='lat' dir='ltr'><strong>jam</strong></span> <span class='ocrx_word' id='word_1_228' title='bbox 2273 1805 2522 1859; x_wconf 79' lang='lat' dir='ltr'><strong>edicerent</strong></span> <span class='ocrx_word' id='word_1_229' title='bbox 2546 1806 2598 1858; x_wconf 91' lang='lat' dir='ltr'><strong>in</strong></span> <span class='ocrx_word' id='word_1_230' title='bbox 2627 1803 2817 1870; x_wconf 88' lang='lat' dir='ltr'><strong>aliena,</strong></span> <span class='ocrx_word' id='word_1_231' title='bbox 2843 1802 3090 1856; x_wconf 91' lang='lat' dir='ltr'><strong>nimirum</strong></span> <span class='ocrx_word' id='word_1_232' title='bbox 3124 1801 3481 1869; x_wconf 88' lang='lat' dir='ltr'><strong>imperatoris,</strong></span> <span class='ocrx_word' id='word_1_233' title='bbox 3511 1815 3598 1854; x_wconf 80' lang='lat' dir='ltr'><strong>so-</strong></span> 
     </span>
    </p>
   </div>
   <div class='ocr_carea' id='block_1_33' title="bbox 299 1892 3604 1969">
    <p class='ocr_par' dir='ltr' id='par_1_33' title="bbox 299 1892 3604 1969">
     <span class='ocr_line' id='line_1_33' title="bbox 299 1892 3604 1969; baseline -0.002 -19"><span class='ocrx_word' id='word_1_234' title='bbox 299 1897 500 1950; x_wconf 82' lang='lat' dir='ltr'><strong>Auctor</strong></span> <span class='ocrx_word' id='word_1_235' title='bbox 526 1905 728 1960; x_wconf 88' lang='lat' dir='ltr'><strong>noster,</strong></span> <span class='ocrx_word' id='word_1_236' title='bbox 753 1897 983 1950; x_wconf 85' lang='lat' dir='ltr'><strong>omnibus</strong></span> <span class='ocrx_word' id='word_1_237' title='bbox 1007 1896 1218 1968; x_wconf 84' lang='lat' dir='ltr'><strong>Sigeriis</strong></span> <span class='ocrx_word' id='word_1_238' title='bbox 1240 1907 1388 1969; x_wconf 85' lang='lat' dir='ltr'><strong>atque</strong></span> <span class='ocrx_word' id='word_1_239' title='bbox 1420 1896 1707 1954; x_wconf 87' lang='lat' dir='ltr'><strong>Partheniis</strong></span> <span class='ocrx_word' id='word_1_240' title='bbox 1729 1901 1892 1954; x_wconf 85' lang='lat' dir='ltr'><strong>auda-</strong></span> <span class='ocrx_word' id='word_1_241' title='bbox 1926 1897 1975 1959; x_wconf 90' lang='lat' dir='ltr'><strong>B</strong></span> <span class='ocrx_word' id='word_1_242' title='bbox 2005 1899 2286 1969; x_wconf 78' lang='lat' dir='ltr'><strong>lemnitate,</strong></span> <span class='ocrx_word' id='word_1_243' title='bbox 2317 1908 2364 1951; x_wconf 90' lang='lat' dir='ltr'><strong>et</strong></span> <span class='ocrx_word' id='word_1_244' title='bbox 2391 1895 2677 1966; x_wconf 75' lang='lat' dir='ltr'><strong>exemplum</strong></span> <span class='ocrx_word' id='word_1_245' title='bbox 2705 1905 2852 1965; x_wconf 88' lang='lat' dir='ltr'><strong>atque</strong></span> <span class='ocrx_word' id='word_1_246' title='bbox 2879 1894 3147 1964; x_wconf 83' lang='lat' dir='ltr'><strong>imaginem</strong></span> <span class='ocrx_word' id='word_1_247' title='bbox 3177 1892 3284 1961; x_wconf 84' lang='lat' dir='ltr'><strong>spei</strong></span> <span class='ocrx_word' id='word_1_248' title='bbox 3319 1908 3426 1947; x_wconf 75' lang='lat' dir='ltr'><strong>suto</strong></span> <span class='ocrx_word' id='word_1_249' title='bbox 3450 1893 3604 1946; x_wconf 90' lang='lat' dir='ltr'><strong>inau-</strong></span> 
     </span>
    </p>
   </div>
   <div class='ocr_carea' id='block_1_34' title="bbox 299 1984 1894 2060">
    <p class='ocr_par' dir='ltr' id='par_1_34' title="bbox 299 1984 1894 2060">
     <span class='ocr_line' id='line_1_34' title="bbox 299 1984 1894 2060; baseline 0.006 -22"><span class='ocrx_word' id='word_1_250' title='bbox 299 1986 458 2038; x_wconf 84' lang='lat' dir='ltr'><strong>ciores</strong></span> <span class='ocrx_word' id='word_1_251' title='bbox 487 1984 840 2052; x_wconf 85' lang='lat' dir='ltr'><strong>(Tertullian.,</strong></span> <span class='ocrx_word' id='word_1_252' title='bbox 877 1989 973 2041; x_wconf 89' lang='lat' dir='ltr'><strong>loc.</strong></span> <span class='ocrx_word' id='word_1_253' title='bbox 1006 1990 1143 2059; x_wconf 88' lang='lat' dir='ltr'><strong>cit.),</strong></span> <span class='ocrx_word' id='word_1_254' title='bbox 1173 2005 1202 2044; x_wconf 91' lang='lat' dir='ltr'><strong>a</strong></span> <span class='ocrx_word' id='word_1_255' title='bbox 1233 1992 1426 2060; x_wconf 85' lang='lat' dir='ltr'><strong>quibus</strong></span> <span class='ocrx_word' id='word_1_256' title='bbox 1455 1991 1658 2047; x_wconf 87' lang='lat' dir='ltr'><strong>scilicet</strong></span> <span class='ocrx_word' id='word_1_257' title='bbox 1684 1994 1894 2049; x_wconf 89' lang='lat' dir='ltr'><strong>occisus</strong></span> 
     </span>
    </p>
   </div>
   <div class='ocr_carea' id='block_1_35' title="bbox 300 2077 1896 2150">
    <p class='ocr_par' dir='ltr' id='par_1_35' title="bbox 300 2077 1896 2150">
     <span class='ocr_line' id='line_1_35' title="bbox 300 2077 1896 2150; baseline 0.006 -18"><span class='ocrx_word' id='word_1_258' title='bbox 300 2077 400 2132; x_wconf 80' lang='lat' dir='ltr'><strong>fuit</strong></span> <span class='ocrx_word' id='word_1_259' title='bbox 449 2078 780 2132; x_wconf 84' lang='lat' dir='ltr'><strong>Domitianus</strong></span> <span class='ocrx_word' id='word_1_260' title='bbox 827 2079 1156 2150; x_wconf 87' lang='lat' dir='ltr'><strong>imperator,</strong></span> <span class='ocrx_word' id='word_1_261' title='bbox 1209 2085 1346 2138; x_wconf 83' lang='lat' dir='ltr'><strong>sicut</strong></span> <span class='ocrx_word' id='word_1_262' title='bbox 1390 2083 1517 2138; x_wconf 87' lang='lat' dir='ltr'><strong>alibi</strong></span> <span class='ocrx_word' id='word_1_263' title='bbox 1564 2085 1896 2140; x_wconf 84' lang='lat' dir='ltr'><strong>ostendimus</strong></span> 
     </span>
    </p>
   </div>
   <div class='ocr_carea' id='block_1_36' title="bbox 311 2167 1900 2249">
    <p class='ocr_par' dir='ltr' id='par_1_36' title="bbox 311 2167 1900 2249">
     <span class='ocr_line' id='line_1_36' title="bbox 311 2167 1900 2249; baseline 0.009 -28"><span class='ocrx_word' id='word_1_264' title='bbox 311 2167 584 2239; x_wconf 81' lang='lat' dir='ltr'><strong>(Dissertat</strong></span> <span class='ocrx_word' id='word_1_265' title='bbox 615 2174 687 2235; x_wconf 86' lang='lat' dir='ltr'><strong>,in</strong></span> <span class='ocrx_word' id='word_1_266' title='bbox 713 2169 840 2224; x_wconf 89' lang='lat' dir='ltr'><strong>Luc.</strong></span> <span class='ocrx_word' id='word_1_267' title='bbox 869 2172 1065 2239; x_wconf 58' lang='grc' dir='ltr'><strong>σπῆι,</strong></span> <span class='ocrx_word' id='word_1_268' title='bbox 1090 2191 1203 2244; x_wconf 88' lang='lat' dir='ltr'><strong>cap.</strong></span> <span class='ocrx_word' id='word_1_269' title='bbox 1230 2174 1284 2240; x_wconf 89' lang='lat'><strong>6,</strong></span> <span class='ocrx_word' id='word_1_270' title='bbox 1313 2186 1414 2230; x_wconf 85' lang='lat' dir='ltr'><strong>art.</strong></span> <span class='ocrx_word' id='word_1_271' title='bbox 1446 2177 1529 2247; x_wconf 76' lang='lat'><strong>2).</strong></span> <span class='ocrx_word' id='word_1_272' title='bbox 1559 2178 1900 2249; x_wconf 87' lang='lat' dir='ltr'><strong>Quapropter</strong></span> 
     </span>
    </p>
   </div>
   <div class='ocr_carea' id='block_1_37' title="bbox 303 2263 1898 2335">
    <p class='ocr_par' dir='ltr' id='par_1_37' title="bbox 303 2263 1898 2335">
     <span class='ocr_line' id='line_1_37' title="bbox 303 2263 1898 2335; baseline 0.007 -19"><span class='ocrx_word' id='word_1_273' title='bbox 303 2263 432 2317; x_wconf 83' lang='lat' dir='ltr'><strong>nihil</strong></span> <span class='ocrx_word' id='word_1_274' title='bbox 465 2265 618 2319; x_wconf 91' lang='lat' dir='ltr'><strong>nobis</strong></span> <span class='ocrx_word' id='word_1_275' title='bbox 645 2275 894 2335; x_wconf 76' lang='lat' dir='ltr'><strong>superest</strong></span> <span class='ocrx_word' id='word_1_276' title='bbox 915 2266 1332 2335; x_wconf 89' lang='lat' dir='ltr'><strong>observandum,</strong></span> <span class='ocrx_word' id='word_1_277' title='bbox 1361 2271 1461 2325; x_wconf 89' lang='lat' dir='ltr'><strong>nisi</strong></span> <span class='ocrx_word' id='word_1_278' title='bbox 1491 2286 1555 2326; x_wconf 86' lang='lat' dir='ltr'><strong>ea</strong></span> <span class='ocrx_word' id='word_1_279' title='bbox 1577 2271 1898 2327; x_wconf 86' lang='lat' dir='ltr'><strong>Tertulliani</strong></span> 
     </span>
    </p>
   </div>
   <div class='ocr_carea' id='block_1_38' title="bbox 303 2358 1902 2432">
    <p class='ocr_par' dir='ltr' id='par_1_38' title="bbox 303 2358 1902 2432">
     <span class='ocr_line' id='line_1_38' title="bbox 303 2358 1902 2432; baseline 0.006 -21"><span class='ocrx_word' id='word_1_280' title='bbox 303 2358 463 2411; x_wconf 83' lang='lat' dir='ltr'><strong>verba</strong></span> <span class='ocrx_word' id='word_1_281' title='bbox 497 2358 654 2429; x_wconf 84' lang='lat' dir='ltr'><strong>plane</strong></span> <span class='ocrx_word' id='word_1_282' title='bbox 693 2359 1001 2429; x_wconf 86' lang='lat' dir='ltr'><strong>incorrupta</strong></span> <span class='ocrx_word' id='word_1_283' title='bbox 1034 2375 1138 2414; x_wconf 91' lang='lat' dir='ltr'><strong>non</strong></span> <span class='ocrx_word' id='word_1_284' title='bbox 1171 2362 1362 2416; x_wconf 84' lang='lat' dir='ltr'><strong>videri.</strong></span> <span class='ocrx_word' id='word_1_285' title='bbox 1406 2361 1460 2416; x_wconf 93' lang='lat' dir='ltr'><strong>lu</strong></span> <span class='ocrx_word' id='word_1_286' title='bbox 1509 2364 1902 2432; x_wconf 87' lang='lat' dir='ltr'><strong>antiquioribus</strong></span> 
     </span>
    </p>
   </div>
   <div class='ocr_carea' id='block_1_39' title="bbox 305 2438 1904 2530">
    <p class='ocr_par' dir='ltr' id='par_1_39' title="bbox 305 2438 1904 2530">
     <span class='ocr_line' id='line_1_39' title="bbox 305 2438 1904 2530; baseline 0.003 -24"><span class='ocrx_word' id='word_1_287' title='bbox 305 2452 448 2506; x_wconf 87' lang='lat' dir='ltr'><strong>enim</strong></span> <span class='ocrx_word' id='word_1_288' title='bbox 490 2438 685 2506; x_wconf 78' lang='lat' dir='ltr'><strong>nostris</strong></span> <span class='ocrx_word' id='word_1_289' title='bbox 709 2451 985 2507; x_wconf 87' lang='lat' dir='ltr'><strong>eodicibus</strong></span> <span class='ocrx_word' id='word_1_290' title='bbox 1024 2452 1251 2507; x_wconf 84' lang='lat' dir='ltr'><strong>habetur</strong></span> <span class='ocrx_word' id='word_1_291' title='bbox 1293 2465 1363 2507; x_wconf 92' lang='lat' dir='ltr'><strong>tot</strong></span> <span class='ocrx_word' id='word_1_292' title='bbox 1411 2454 1660 2525; x_wconf 86' lang='lat' dir='ltr'><strong>Sigeriis,</strong></span> <span class='ocrx_word' id='word_1_293' title='bbox 1701 2456 1754 2510; x_wconf 92' lang='lat' dir='ltr'><strong>in</strong></span> <span class='ocrx_word' id='word_1_294' title='bbox 1785 2457 1904 2530; x_wconf 89' lang='lat' dir='ltr'><strong>qui-</strong></span> 
     </span>
    </p>
   </div>
   <div class='ocr_carea' id='block_1_40' title="bbox 305 2543 1902 2618">
    <p class='ocr_par' dir='ltr' id='par_1_40' title="bbox 305 2543 1902 2618">
     <span class='ocr_line' id='line_1_40' title="bbox 305 2543 1902 2618; baseline 0.003 -20"><span class='ocrx_word' id='word_1_295' title='bbox 305 2543 531 2598; x_wconf 84' lang='lat' dir='ltr'><strong>busdam</strong></span> <span class='ocrx_word' id='word_1_296' title='bbox 575 2543 930 2611; x_wconf 82' lang='lat' dir='ltr'><strong>editionibus,</strong></span> <span class='ocrx_word' id='word_1_297' title='bbox 980 2545 1299 2612; x_wconf 85' lang='lat' dir='ltr'><strong>Stephanis;</strong></span> <span class='ocrx_word' id='word_1_298' title='bbox 1353 2546 1489 2600; x_wconf 89' lang='lat' dir='ltr'><strong>haud</strong></span> <span class='ocrx_word' id='word_1_299' title='bbox 1535 2546 1730 2614; x_wconf 88' lang='lat' dir='ltr'><strong>dubie,</strong></span> <span class='ocrx_word' id='word_1_300' title='bbox 1779 2550 1902 2618; x_wconf 84' lang='lat' dir='ltr'><strong>quia</strong></span> 
     </span>
    </p>
   </div>
   <div class='ocr_carea' id='block_1_41' title="bbox 307 2637 1899 2714">
    <p class='ocr_par' dir='ltr' id='par_1_41' title="bbox 307 2637 1899 2714">
     <span class='ocr_line' id='line_1_41' title="bbox 307 2637 1899 2714; baseline 0.001 -20"><span class='ocrx_word' id='word_1_301' title='bbox 307 2638 595 2694; x_wconf 87' lang='lat' dir='ltr'><strong>Suetonius</strong></span> <span class='ocrx_word' id='word_1_302' title='bbox 617 2638 880 2710; x_wconf 88' lang='lat' dir='ltr'><strong>(Sueton.,</strong></span> <span class='ocrx_word' id='word_1_303' title='bbox 906 2638 995 2694; x_wconf 88' lang='lat' dir='ltr'><strong>lib.</strong></span> <span class='ocrx_word' id='word_1_304' title='bbox 1022 2638 1158 2705; x_wconf 82' lang='lat' dir='ltr'><strong>Vill,</strong></span> <span class='ocrx_word' id='word_1_305' title='bbox 1182 2640 1235 2692; x_wconf 89' lang='lat' dir='ltr'><strong>in</strong></span> <span class='ocrx_word' id='word_1_306' title='bbox 1269 2637 1378 2692; x_wconf 85' lang='lat' dir='ltr'><strong>Vita</strong></span> <span class='ocrx_word' id='word_1_307' title='bbox 1405 2637 1714 2708; x_wconf 66' lang='lat' dir='ltr'><strong>Domitiam,</strong></span> <span class='ocrx_word' id='word_1_308' title='bbox 1739 2639 1766 2712; x_wconf 83' lang='lat'>§</span> <span class='ocrx_word' id='word_1_309' title='bbox 1793 2641 1899 2714; x_wconf 84' lang='lat' dir='ltr'><strong>l7),</strong></span> 
     </span>
    </p>
   </div>
   <div class='ocr_carea' id='block_1_42' title="bbox 310 2732 1902 2805">
    <p class='ocr_par' dir='ltr' id='par_1_42' title="bbox 310 2732 1902 2805">
     <span class='ocr_line' id='line_1_42' title="bbox 310 2732 1902 2805; baseline 0.003 -19"><span class='ocrx_word' id='word_1_310' title='bbox 310 2733 451 2786; x_wconf 89' lang='lat' dir='ltr'><strong>nulla</strong></span> <span class='ocrx_word' id='word_1_311' title='bbox 483 2733 671 2803; x_wconf 88' lang='lat' dir='ltr'><strong>Sigerii</strong></span> <span class='ocrx_word' id='word_1_312' title='bbox 703 2732 839 2787; x_wconf 76' lang='lat' dir='ltr'><strong>facta</strong></span> <span class='ocrx_word' id='word_1_313' title='bbox 867 2735 1158 2798; x_wconf 88' lang='lat' dir='ltr'><strong>mentione,</strong></span> <span class='ocrx_word' id='word_1_314' title='bbox 1194 2743 1372 2786; x_wconf 89' lang='lat' dir='ltr'><strong>narrat</strong></span> <span class='ocrx_word' id='word_1_315' title='bbox 1405 2733 1766 2790; x_wconf 85' lang='lat' dir='ltr'><strong>Domitianum</strong></span> <span class='ocrx_word' id='word_1_316' title='bbox 1793 2733 1902 2805; x_wconf 85' lang='lat' dir='ltr'><strong>pri-</strong></span> 
     </span>
    </p>
   </div>
   <div class='ocr_carea' id='block_1_43' title="bbox 311 2825 1906 2898">
    <p class='ocr_par' dir='ltr' id='par_1_43' title="bbox 311 2825 1906 2898">
     <span class='ocr_line' id='line_1_43' title="bbox 311 2825 1906 2898; baseline 0.003 -18"><span class='ocrx_word' id='word_1_317' title='bbox 311 2841 400 2880; x_wconf 91' lang='lat' dir='ltr'><strong>mo</strong></span> <span class='ocrx_word' id='word_1_318' title='bbox 424 2826 637 2897; x_wconf 89' lang='lat' dir='ltr'><strong>quidem</strong></span> <span class='ocrx_word' id='word_1_319' title='bbox 668 2825 966 2880; x_wconf 86' lang='lat' dir='ltr'><strong>saucialum</strong></span> <span class='ocrx_word' id='word_1_320' title='bbox 997 2826 1162 2880; x_wconf 79' lang='lat' dir='ltr'><strong>fuisse</strong></span> <span class='ocrx_word' id='word_1_321' title='bbox 1190 2841 1218 2880; x_wconf 90' lang='lat' dir='ltr'><strong>a</strong></span> <span class='ocrx_word' id='word_1_322' title='bbox 1247 2825 1540 2896; x_wconf 87' lang='lat' dir='ltr'><strong>Stephano,</strong></span> <span class='ocrx_word' id='word_1_323' title='bbox 1571 2842 1632 2882; x_wconf 89' lang='lat' dir='ltr'><strong>ac</strong></span> <span class='ocrx_word' id='word_1_324' title='bbox 1662 2837 1844 2898; x_wconf 90' lang='lat' dir='ltr'><strong>postea</strong></span> <span class='ocrx_word' id='word_1_325' title='bbox 1875 2843 1906 2884; x_wconf 86' lang='lat' dir='ltr'><strong>a</strong></span> 
     </span>
    </p>
   </div>
   <div class='ocr_carea' id='block_1_44' title="bbox 310 2918 1905 2992">
    <p class='ocr_par' dir='ltr' id='par_1_44' title="bbox 310 2918 1905 2992">
     <span class='ocr_line' id='line_1_44' title="bbox 310 2918 1905 2992; baseline 0.004 -19"><span class='ocrx_word' id='word_1_326' title='bbox 310 2918 609 2983; x_wconf 87' lang='lat' dir='ltr'><strong>Clodiano,</strong></span> <span class='ocrx_word' id='word_1_327' title='bbox 663 2919 950 2973; x_wconf 82' lang='lat' dir='ltr'><strong>Parthenio</strong></span> <span class='ocrx_word' id='word_1_328' title='bbox 997 2927 1050 2974; x_wconf 86' lang='lat' dir='ltr'><strong>et</strong></span> <span class='ocrx_word' id='word_1_329' title='bbox 1098 2919 1312 2975; x_wconf 87' lang='lat' dir='ltr'><strong>Saturio</strong></span> <span class='ocrx_word' id='word_1_330' title='bbox 1363 2919 1765 2992; x_wconf 89' lang='lat' dir='ltr'><strong>interemptum.</strong></span> <span class='ocrx_word' id='word_1_331' title='bbox 1795 2922 1905 2978; x_wconf 86' lang='lat' dir='ltr'><strong>Sed</strong></span> 
     </span>
    </p>
   </div>
   <div class='ocr_carea' id='block_1_45' title="bbox 313 3009 1905 3084">
    <p class='ocr_par' dir='ltr' id='par_1_45' title="bbox 313 3009 1905 3084">
     <span class='ocr_line' id='line_1_45' title="bbox 313 3009 1905 3084; baseline 0.003 -21"><span class='ocrx_word' id='word_1_332' title='bbox 313 3009 456 3064; x_wconf 90' lang='lat' dir='ltr'><strong>dictu</strong></span> <span class='ocrx_word' id='word_1_333' title='bbox 479 3009 697 3065; x_wconf 78' lang='lat' dir='ltr'><strong>difﬁcile</strong></span> <span class='ocrx_word' id='word_1_334' title='bbox 717 3053 732 3078; x_wconf 92' lang='lat'><strong>,</strong></span> <span class='ocrx_word' id='word_1_335' title='bbox 769 3027 868 3065; x_wconf 89' lang='lat' dir='ltr'><strong>cur</strong></span> <span class='ocrx_word' id='word_1_336' title='bbox 893 3011 963 3065; x_wconf 91' lang='lat' dir='ltr'><strong>ibi</strong></span> <span class='ocrx_word' id='word_1_337' title='bbox 996 3013 1252 3065; x_wconf 87' lang='lat' dir='ltr'><strong>omissum</strong></span> <span class='ocrx_word' id='word_1_338' title='bbox 1283 3010 1440 3066; x_wconf 81' lang='lat' dir='ltr'><strong>fuerit</strong></span> <span class='ocrx_word' id='word_1_339' title='bbox 1471 3027 1663 3067; x_wconf 89' lang='lat' dir='ltr'><strong>nomen</strong></span> <span class='ocrx_word' id='word_1_340' title='bbox 1691 3012 1905 3084; x_wconf 84' lang='lat' dir='ltr'><strong>Sigerii,</strong></span> 
     </span>
    </p>
   </div>
   <div class='ocr_carea' id='block_1_46' title="bbox 312 3104 1905 3177">
    <p class='ocr_par' dir='ltr' id='par_1_46' title="bbox 312 3104 1905 3177">
     <span class='ocr_line' id='line_1_46' title="bbox 312 3104 1905 3177; baseline 0.001 -18"><span class='ocrx_word' id='word_1_341' title='bbox 312 3105 464 3174; x_wconf 82' lang='lat' dir='ltr'><strong>cujus</strong></span> <span class='ocrx_word' id='word_1_342' title='bbox 509 3105 708 3160; x_wconf 84' lang='lat' dir='ltr'><strong>diserte</strong></span> <span class='ocrx_word' id='word_1_343' title='bbox 739 3104 982 3158; x_wconf 87' lang='lat' dir='ltr'><strong>meminit</strong></span> <span class='ocrx_word' id='word_1_344' title='bbox 1011 3121 1115 3159; x_wconf 92' lang='lat' dir='ltr'><strong>non</strong></span> <span class='ocrx_word' id='word_1_345' title='bbox 1144 3104 1303 3160; x_wconf 91' lang='lat' dir='ltr'><strong>modo</strong></span> <span class='ocrx_word' id='word_1_346' title='bbox 1329 3105 1633 3176; x_wconf 81' lang='lat' dir='ltr'><strong>Xiphilinus</strong></span> <span class='ocrx_word' id='word_1_347' title='bbox 1657 3105 1905 3177; x_wconf 84' lang='lat' dir='ltr'><strong>(Xiphil.,</strong></span> 
     </span>
    </p>
   </div>
   <div class='ocr_carea' id='block_1_47' title="bbox 314 3195 1910 3270">
    <p class='ocr_par' dir='ltr' id='par_1_47' title="bbox 314 3195 1910 3270">
     <span class='ocr_line' id='line_1_47' title="bbox 314 3195 1910 3270; baseline 0.003 -19"><span class='ocrx_word' id='word_1_348' title='bbox 314 3198 432 3267; x_wconf 89' lang='lat' dir='ltr'><strong>epit.</strong></span> <span class='ocrx_word' id='word_1_349' title='bbox 467 3195 650 3265; x_wconf 90' lang='lat' dir='ltr'><strong>Dion.,</strong></span> <span class='ocrx_word' id='word_1_350' title='bbox 681 3215 802 3270; x_wconf 85' lang='lat' dir='ltr'><strong>pag.</strong></span> <span class='ocrx_word' id='word_1_351' title='bbox 830 3197 984 3270; x_wconf 78' lang='lat'><strong>555),</strong></span> <span class='ocrx_word' id='word_1_352' title='bbox 1011 3214 1193 3254; x_wconf 87' lang='lat' dir='ltr'><strong>verum</strong></span> <span class='ocrx_word' id='word_1_353' title='bbox 1222 3199 1384 3254; x_wconf 88' lang='lat' dir='ltr'><strong>etiam</strong></span> <span class='ocrx_word' id='word_1_354' title='bbox 1416 3199 1672 3254; x_wconf 83' lang='lat' dir='ltr'><strong>Martialis</strong></span> <span class='ocrx_word' id='word_1_355' title='bbox 1697 3199 1910 3256; x_wconf 85' lang='lat' dir='ltr'><strong>duobus</strong></span> 
     </span>
    </p>
   </div>
   <div class='ocr_carea' id='block_1_48' title="bbox 319 3291 800 3347">
    <p class='ocr_par' dir='ltr' id='par_1_48' title="bbox 319 3291 800 3347">
     <span class='ocr_line' id='line_1_48' title="bbox 319 3291 800 3347; baseline -0.004 -1"><span class='ocrx_word' id='word_1_356' title='bbox 319 3291 406 3347; x_wconf 85' lang='lat' dir='ltr'><strong>his</strong></span> <span class='ocrx_word' id='word_1_357' title='bbox 434 3293 757 3347; x_wconf 87' lang='lat' dir='ltr'><strong>carminibus</strong></span> <span class='ocrx_word' id='word_1_358' title='bbox 787 3310 800 3344; x_wconf 85' lang='lat'>:</span> 
     </span>
    </p>
   </div>
   <div class='ocr_carea' id='block_1_49' title="bbox 471 3407 1451 3472">
    <p class='ocr_par' dir='ltr' id='par_1_49' title="bbox 471 3407 1451 3472">
     <span class='ocr_line' id='line_1_49' title="bbox 471 3407 1451 3472; baseline 0.002 -14"><span class='ocrx_word' id='word_1_359' title='bbox 471 3407 698 3472; x_wconf 18' lang='lat' dir='ltr'><strong>Etisacro</strong></span> <span class='ocrx_word' id='word_1_360' title='bbox 720 3408 889 3459; x_wconf 86' lang='lat' dir='ltr'><strong>decies</strong></span> <span class='ocrx_word' id='word_1_361' title='bbox 905 3412 1094 3472; x_wconf 84' lang='lat' dir='ltr'><strong>repetis</strong></span> <span class='ocrx_word' id='word_1_362' title='bbox 1119 3411 1298 3472; x_wconf 88' lang='lat' dir='ltr'><strong>palatia</strong></span> <span class='ocrx_word' id='word_1_363' title='bbox 1327 3411 1451 3462; x_wconf 85' lang='lat' dir='ltr'><strong>clivo</strong></span> 
     </span>
    </p>
   </div>
   <div class='ocr_carea' id='block_1_50' title="bbox 531 3471 1660 3536">
    <p class='ocr_par' dir='ltr' id='par_1_50' title="bbox 531 3471 1660 3536">
     <span class='ocr_line' id='line_1_50' title="bbox 531 3471 1660 3536; baseline 0.004 -16"><span class='ocrx_word' id='word_1_364' title='bbox 531 3471 854 3534; x_wconf 68' lang='lat' dir='ltr'><strong>Sigeriosajue</strong></span> <span class='ocrx_word' id='word_1_365' title='bbox 874 3471 1059 3533; x_wconf 85' lang='lat' dir='ltr'><strong>modos,</strong></span> <span class='ocrx_word' id='word_1_366' title='bbox 1087 3471 1479 3536; x_wconf 61' lang='lat' dir='ltr'><strong>l‘artheniOsque</strong></span> <span class='ocrx_word' id='word_1_367' title='bbox 1501 3485 1660 3524; x_wconf 87' lang='lat' dir='ltr'><strong>sonas.</strong></span> 
     </span>
    </p>
   </div>
   <div class='ocr_carea' id='block_1_51' title="bbox 921 3555 1758 3623">
    <p class='ocr_par' dir='ltr' id='par_1_51' title="bbox 921 3555 1758 3623">
     <span class='ocr_line' id='line_1_51' title="bbox 921 3555 1758 3623; baseline -0.001 -15"><span class='ocrx_word' id='word_1_368' title='bbox 921 3555 1164 3622; x_wconf 78' lang='lat' dir='ltr'><strong>(Martial.</strong></span> <span class='ocrx_word' id='word_1_369' title='bbox 1189 3556 1271 3608; x_wconf 88' lang='lat' dir='ltr'><strong>lib.</strong></span> <span class='ocrx_word' id='word_1_370' title='bbox 1301 3566 1371 3620; x_wconf 87' lang='lat' dir='ltr'><strong>tv,</strong></span> <span class='ocrx_word' id='word_1_371' title='bbox 1394 3555 1630 3623; x_wconf 87' lang='lat' dir='ltr'><strong>epigram.</strong></span> <span class='ocrx_word' id='word_1_372' title='bbox 1655 3558 1758 3622; x_wconf 87' lang='lat'><strong>79.)</strong></span> 
     </span>
    </p>
   </div>
   <div class='ocr_carea' id='block_1_52' title="bbox 323 3662 1911 3738">
    <p class='ocr_par' dir='ltr' id='par_1_52' title="bbox 323 3662 1911 3738">
     <span class='ocr_line' id='line_1_52' title="bbox 323 3662 1911 3738; baseline 0.003 -21"><span class='ocrx_word' id='word_1_373' title='bbox 323 3662 508 3720; x_wconf 80' lang='lat' dir='ltr'><strong>\‘aleat</strong></span> <span class='ocrx_word' id='word_1_374' title='bbox 533 3680 659 3737; x_wconf 86' lang='lat' dir='ltr'><strong>ergo</strong></span> <span class='ocrx_word' id='word_1_375' title='bbox 690 3664 903 3721; x_wconf 83' lang='lat' dir='ltr'><strong>lleraldi</strong></span> <span class='ocrx_word' id='word_1_376' title='bbox 934 3666 1274 3735; x_wconf 83' lang='lat' dir='ltr'><strong>cenjcctura,</strong></span> <span class='ocrx_word' id='word_1_377' title='bbox 1304 3667 1394 3736; x_wconf 92' lang='lat' dir='ltr'><strong>qui</strong></span> <span class='ocrx_word' id='word_1_378' title='bbox 1420 3668 1651 3738; x_wconf 88' lang='lat' dir='ltr'><strong>primum</strong></span> <span class='ocrx_word' id='word_1_379' title='bbox 1691 3665 1911 3736; x_wconf 90' lang='lat' dir='ltr'><strong>quidem</strong></span> 
     </span>
    </p>
   </div>
   <div class='ocr_carea' id='block_1_53' title="bbox 317 3759 1913 3831">
    <p class='ocr_par' dir='ltr' id='par_1_53' title="bbox 317 3759 1913 3831">
     <span class='ocr_line' id='line_1_53' title="bbox 317 3759 1913 3831; baseline 0.001 -20"><span class='ocrx_word' id='word_1_380' title='bbox 317 3759 621 3828; x_wconf 76' lang='lat' dir='ltr'><strong>suSpicatus</strong></span> <span class='ocrx_word' id='word_1_381' title='bbox 651 3761 813 3814; x_wconf 90' lang='lat' dir='ltr'><strong>estin</strong></span> <span class='ocrx_word' id='word_1_382' title='bbox 851 3760 1165 3815; x_wconf 89' lang='lat' dir='ltr'><strong>Tertulliani</strong></span> <span class='ocrx_word' id='word_1_383' title='bbox 1201 3769 1346 3814; x_wconf 73' lang='lat' dir='ltr'><strong>textu</strong></span> <span class='ocrx_word' id='word_1_384' title='bbox 1378 3759 1662 3829; x_wconf 85' lang='lat' dir='ltr'><strong>legendum</strong></span> <span class='ocrx_word' id='word_1_385' title='bbox 1696 3759 1913 3831; x_wconf 87' lang='lat' dir='ltr'><strong>Sergiis,</strong></span> 
     </span>
    </p>
   </div>
   <div class='ocr_carea' id='block_1_54' title="bbox 319 3853 1908 3924">
    <p class='ocr_par' dir='ltr' id='par_1_54' title="bbox 319 3853 1908 3924">
     <span class='ocr_line' id='line_1_54' title="bbox 319 3853 1908 3924; baseline 0.001 -18"><span class='ocrx_word' id='word_1_386' title='bbox 319 3861 375 3906; x_wconf 86' lang='lat' dir='ltr'><strong>et</strong></span> <span class='ocrx_word' id='word_1_387' title='bbox 403 3853 614 3919; x_wconf 88' lang='lat' dir='ltr'><strong>melius,</strong></span> <span class='ocrx_word' id='word_1_388' title='bbox 648 3855 722 3907; x_wconf 90' lang='lat' dir='ltr'><strong>uti</strong></span> <span class='ocrx_word' id='word_1_389' title='bbox 751 3855 863 3922; x_wconf 88' lang='lat' dir='ltr'><strong>ipse</strong></span> <span class='ocrx_word' id='word_1_390' title='bbox 891 3854 996 3917; x_wconf 87' lang='lat' dir='ltr'><strong>ait,</strong></span> <span class='ocrx_word' id='word_1_391' title='bbox 1045 3853 1302 3924; x_wconf 89' lang='lat' dir='ltr'><strong>deinceps</strong></span> <span class='ocrx_word' id='word_1_392' title='bbox 1332 3855 1630 3918; x_wconf 90' lang='lat' dir='ltr'><strong>consultus,</strong></span> <span class='ocrx_word' id='word_1_393' title='bbox 1665 3853 1908 3919; x_wconf 71' lang='lat' dir='ltr'><strong>Chwreis,</strong></span> 
     </span>
    </p>
   </div>
   <div class='ocr_carea' id='block_1_55' title="bbox 318 3944 1917 4002">
    <p class='ocr_par' dir='ltr' id='par_1_55' title="bbox 318 3944 1917 4002">
     <span class='ocr_line' id='line_1_55' title="bbox 318 3944 1917 4002; baseline 0.002 -4"><span class='ocrx_word' id='word_1_394' title='bbox 318 3954 411 3998; x_wconf 85' lang='lat' dir='ltr'><strong>aut</strong></span> <span class='ocrx_word' id='word_1_395' title='bbox 436 3944 700 4000; x_wconf 83' lang='lat' dir='ltr'><strong>Corneliis.</strong></span> <span class='ocrx_word' id='word_1_396' title='bbox 731 3945 861 4000; x_wconf 84' lang='lat' dir='ltr'><strong>Nam</strong></span> <span class='ocrx_word' id='word_1_397' title='bbox 893 3946 976 4000; x_wconf 87' lang='lat' dir='ltr'><strong>his</strong></span> <span class='ocrx_word' id='word_1_398' title='bbox 1007 3947 1324 4002; x_wconf 88' lang='lat' dir='ltr'><strong>lectionibus</strong></span> <span class='ocrx_word' id='word_1_399' title='bbox 1355 3947 1670 4001; x_wconf 86' lang='lat' dir='ltr'><strong>adversatur</strong></span> <span class='ocrx_word' id='word_1_400' title='bbox 1703 3956 1917 4001; x_wconf 53' lang='lat' dir='ltr'><strong>nostro.</strong></span> 
     </span>
    </p>
   </div>
   <div class='ocr_carea' id='block_1_56' title="bbox 319 4037 1918 4094">
    <p class='ocr_par' dir='ltr' id='par_1_56' title="bbox 319 4037 1918 4094">
     <span class='ocr_line' id='line_1_56' title="bbox 319 4037 1918 4094; baseline -0.001 -2"><span class='ocrx_word' id='word_1_401' title='bbox 319 4053 444 4092; x_wconf 87' lang='lat' dir='ltr'><strong>rum</strong></span> <span class='ocrx_word' id='word_1_402' title='bbox 473 4039 708 4093; x_wconf 89' lang='lat' dir='ltr'><strong>melioris</strong></span> <span class='ocrx_word' id='word_1_403' title='bbox 737 4047 876 4093; x_wconf 75' lang='lat' dir='ltr'><strong>noue</strong></span> <span class='ocrx_word' id='word_1_404' title='bbox 899 4037 1142 4092; x_wconf 89' lang='lat' dir='ltr'><strong>codicum</strong></span> <span class='ocrx_word' id='word_1_405' title='bbox 1171 4037 1484 4094; x_wconf 85' lang='lat' dir='ltr'><strong>conﬁrmata</strong></span> <span class='ocrx_word' id='word_1_406' title='bbox 1508 4037 1763 4093; x_wconf 82' lang='lat' dir='ltr'><strong>Martialis</strong></span> <span class='ocrx_word' id='word_1_407' title='bbox 1784 4037 1918 4092; x_wconf 84' lang='lat' dir='ltr'><strong>alio-</strong></span> 
     </span>
    </p>
   </div>
   <div class='ocr_carea' id='block_1_57' title="bbox 320 4130 1218 4200">
    <p class='ocr_par' dir='ltr' id='par_1_57' title="bbox 320 4130 1218 4200">
     <span class='ocr_line' id='line_1_57' title="bbox 320 4130 1218 4200; baseline -0.001 -16"><span class='ocrx_word' id='word_1_408' title='bbox 320 4144 549 4200; x_wconf 89' lang='lat' dir='ltr'><strong>rumque</strong></span> <span class='ocrx_word' id='word_1_409' title='bbox 577 4131 882 4185; x_wconf 87' lang='lat' dir='ltr'><strong>testimouio</strong></span> <span class='ocrx_word' id='word_1_410' title='bbox 911 4130 1218 4186; x_wconf 88' lang='lat' dir='ltr'><strong>auctoritas.</strong></span> 
     </span>
    </p>
   </div>
   <div class='ocr_carea' id='block_1_58' title="bbox 395 4222 1916 4293">
    <p class='ocr_par' dir='ltr' id='par_1_58' title="bbox 395 4222 1916 4293">
     <span class='ocr_line' id='line_1_58' title="bbox 395 4222 1916 4293; baseline 0 -15"><span class='ocrx_word' id='word_1_411' title='bbox 395 4222 660 4280; x_wconf 64' lang='lat' dir='ltr'><strong>Praeterea</strong></span> <span class='ocrx_word' id='word_1_412' title='bbox 705 4224 1068 4279; x_wconf 86' lang='lat' dir='ltr'><strong>Tertullianus</strong></span> <span class='ocrx_word' id='word_1_413' title='bbox 1120 4233 1389 4280; x_wconf 84' lang='lat' dir='ltr'><strong>asseverat</strong></span> <span class='ocrx_word' id='word_1_414' title='bbox 1441 4225 1565 4279; x_wconf 90' lang='lat' dir='ltr'><strong>illos</strong></span> <span class='ocrx_word' id='word_1_415' title='bbox 1607 4227 1766 4279; x_wconf 90' lang='lat' dir='ltr'><strong>etiam</strong></span> <span class='ocrx_word' id='word_1_416' title='bbox 1816 4239 1916 4293; x_wconf 86' lang='lat' dir='ltr'><strong>pu-</strong></span> 
     </span>
    </p>
   </div>
   <div class='ocr_carea' id='block_1_59' title="bbox 328 4315 1920 4383">
    <p class='ocr_par' dir='ltr' id='par_1_59' title="bbox 328 4315 1920 4383">
     <span class='ocr_line' id='line_1_59' title="bbox 328 4315 1920 4383; baseline -0.002 -13"><span class='ocrx_word' id='word_1_417' title='bbox 328 4315 498 4372; x_wconf 84' lang='lat' dir='ltr'><strong>blicos</strong></span> <span class='ocrx_word' id='word_1_418' title='bbox 552 4316 734 4371; x_wconf 82' lang='lat' dir='ltr'><strong>hostes</strong></span> <span class='ocrx_word' id='word_1_419' title='bbox 779 4330 900 4371; x_wconf 90' lang='lat' dir='ltr'><strong>esse</strong></span> <span class='ocrx_word' id='word_1_420' title='bbox 949 4332 960 4367; x_wconf 92' lang='lat'><strong>:</strong></span> <span class='ocrx_word' id='word_1_421' title='bbox 1001 4315 1102 4382; x_wconf 85' lang='lat' dir='ltr'><strong>Qui</strong></span> <span class='ocrx_word' id='word_1_422' title='bbox 1143 4332 1279 4368; x_wconf 89' lang='lat' dir='ltr'><strong>nunc</strong></span> <span class='ocrx_word' id='word_1_423' title='bbox 1323 4316 1645 4368; x_wconf 81' lang='lat' dir='ltr'><strong>scelestarum</strong></span> <span class='ocrx_word' id='word_1_424' title='bbox 1693 4317 1920 4383; x_wconf 87' lang='lat' dir='ltr'><strong>partium</strong></span> 
     </span>
    </p>
   </div>
   <div class='ocr_carea' id='block_1_60' title="bbox 325 4405 1917 4483">
    <p class='ocr_par' dir='ltr' id='par_1_60' title="bbox 325 4405 1917 4483">
     <span class='ocr_line' id='line_1_60' title="bbox 325 4405 1917 4483; baseline -0.003 -18"><span class='ocrx_word' id='word_1_425' title='bbox 325 4413 445 4466; x_wconf 86' lang='lat' dir='ltr'><strong>socii</strong></span> <span class='ocrx_word' id='word_1_426' title='bbox 507 4423 596 4466; x_wconf 90' lang='lat' dir='ltr'><strong>aut</strong></span> <span class='ocrx_word' id='word_1_427' title='bbox 662 4414 924 4483; x_wconf 84' lang='lat' dir='ltr'><strong>plausores</strong></span> <span class='ocrx_word' id='word_1_428' title='bbox 966 4411 1192 4483; x_wconf 85' lang='lat' dir='ltr'><strong>quotidie</strong></span> <span class='ocrx_word' id='word_1_429' title='bbox 1232 4409 1518 4463; x_wconf 83' lang='lat' dir='ltr'><strong>revelantur</strong></span> <span class='ocrx_word' id='word_1_430' title='bbox 1552 4405 1917 4478; x_wconf 86' lang='lat' dir='ltr'><strong>(Tertullian.,</strong></span> 
     </span>
    </p>
   </div>
   <div class='ocr_carea' id='block_1_61' title="bbox 326 4499 1923 4576">
    <p class='ocr_par' dir='ltr' id='par_1_61' title="bbox 326 4499 1923 4576">
     <span class='ocr_line' id='line_1_61' title="bbox 326 4499 1923 4576; baseline -0.001 -19"><span class='ocrx_word' id='word_1_431' title='bbox 326 4504 618 4576; x_wconf 82' lang='lat' dir='ltr'><strong>Apologcl.,</strong></span> <span class='ocrx_word' id='word_1_432' title='bbox 647 4523 761 4576; x_wconf 82' lang='lat' dir='ltr'><strong>cap.</strong></span> <span class='ocrx_word' id='word_1_433' title='bbox 795 4505 887 4571; x_wconf 79' lang='lat'><strong>35,</strong></span> <span class='ocrx_word' id='word_1_434' title='bbox 928 4522 1048 4576; x_wconf 87' lang='lat' dir='ltr'><strong>pag.</strong></span> <span class='ocrx_word' id='word_1_435' title='bbox 1092 4499 1239 4574; x_wconf 69' lang='lat'><strong>458).</strong></span> <span class='ocrx_word' id='word_1_436' title='bbox 1271 4502 1336 4555; x_wconf 87' lang='lat' dir='ltr'><strong>Et</strong></span> <span class='ocrx_word' id='word_1_437' title='bbox 1363 4510 1508 4556; x_wconf 89' lang='lat' dir='ltr'><strong>certe</strong></span> <span class='ocrx_word' id='word_1_438' title='bbox 1545 4500 1654 4571; x_wconf 87' lang='lat' dir='ltr'><strong>jam</strong></span> <span class='ocrx_word' id='word_1_439' title='bbox 1696 4515 1725 4554; x_wconf 89' lang='lat' dir='ltr'><strong>a</strong></span> <span class='ocrx_word' id='word_1_440' title='bbox 1767 4499 1923 4556; x_wconf 89' lang='lat' dir='ltr'><strong>nobis</strong></span> 
     </span>
    </p>
   </div>
   <div class='ocr_carea' id='block_1_62' title="bbox 325 4593 1921 4671">
    <p class='ocr_par' dir='ltr' id='par_1_62' title="bbox 325 4593 1921 4671">
     <span class='ocr_line' id='line_1_62' title="bbox 325 4593 1921 4671; baseline -0.004 -17"><span class='ocrx_word' id='word_1_441' title='bbox 325 4613 488 4670; x_wconf 87' lang='lat' dir='ltr'><strong>supra</strong></span> <span class='ocrx_word' id='word_1_442' title='bbox 540 4599 750 4671; x_wconf 86' lang='lat' dir='ltr'><strong>(Supr.,</strong></span> <span class='ocrx_word' id='word_1_443' title='bbox 784 4618 899 4670; x_wconf 89' lang='lat' dir='ltr'><strong>cap.</strong></span> <span class='ocrx_word' id='word_1_444' title='bbox 927 4598 983 4660; x_wconf 71' lang='lat'><strong>2,</strong></span> <span class='ocrx_word' id='word_1_445' title='bbox 1017 4607 1112 4651; x_wconf 88' lang='lat' dir='ltr'><strong>art.</strong></span> <span class='ocrx_word' id='word_1_446' title='bbox 1142 4596 1199 4669; x_wconf 69' lang='lat'><strong>2)</strong></span> <span class='ocrx_word' id='word_1_447' title='bbox 1236 4603 1551 4650; x_wconf 90' lang='lat' dir='ltr'><strong>annotatum</strong></span> <span class='ocrx_word' id='word_1_448' title='bbox 1582 4605 1662 4649; x_wconf 88' lang='lat' dir='ltr'><strong>est</strong></span> <span class='ocrx_word' id='word_1_449' title='bbox 1691 4593 1773 4649; x_wconf 90' lang='lat' dir='ltr'><strong>his</strong></span> <span class='ocrx_word' id='word_1_450' title='bbox 1802 4609 1921 4649; x_wconf 80' lang='lat' dir='ltr'><strong>ver-</strong></span> 
     </span>
    </p>
   </div>
   <div class='ocr_carea' id='block_1_63' title="bbox 1998 1982 3603 2061">
    <p class='ocr_par' dir='ltr' id='par_1_63' title="bbox 1998 1982 3603 2061">
     <span class='ocr_line' id='line_1_63' title="bbox 1998 1982 3603 2061; baseline -0.001 -22"><span class='ocrx_word' id='word_1_451' title='bbox 1998 1998 2242 2061; x_wconf 85' lang='lat' dir='ltr'><strong>gurarent</strong></span> <span class='ocrx_word' id='word_1_452' title='bbox 2263 2031 2279 2053; x_wconf 92' lang='lat'><strong>,</strong></span> <span class='ocrx_word' id='word_1_453' title='bbox 2324 2005 2505 2042; x_wconf 87' lang='lat' dir='ltr'><strong>nomen</strong></span> <span class='ocrx_word' id='word_1_454' title='bbox 2532 1987 2778 2060; x_wconf 85' lang='lat' dir='ltr'><strong>principis</strong></span> <span class='ocrx_word' id='word_1_455' title='bbox 2807 1987 2858 2040; x_wconf 88' lang='lat' dir='ltr'><strong>in</strong></span> <span class='ocrx_word' id='word_1_456' title='bbox 2890 1987 3041 2040; x_wconf 87' lang='lat' dir='ltr'><strong>corde</strong></span> <span class='ocrx_word' id='word_1_457' title='bbox 3068 1993 3318 2038; x_wconf 85' lang='lat' dir='ltr'><strong>mutantes</strong></span> <span class='ocrx_word' id='word_1_458' title='bbox 3356 1982 3603 2055; x_wconf 86' lang='lat' dir='ltr'><strong>(Tertul-</strong></span> 
     </span>
    </p>
   </div>
   <div class='ocr_carea' id='block_1_64' title="bbox 2000 2079 3604 2154">
    <p class='ocr_par' dir='ltr' id='par_1_64' title="bbox 2000 2079 3604 2154">
     <span class='ocr_line' id='line_1_64' title="bbox 2000 2079 3604 2154; baseline -0.002 -17"><span class='ocrx_word' id='word_1_459' title='bbox 2000 2083 2150 2150; x_wconf 89' lang='lat' dir='ltr'><strong>lian.,</strong></span> <span class='ocrx_word' id='word_1_460' title='bbox 2183 2083 2475 2154; x_wconf 79' lang='lat' dir='ltr'><strong>Apologet.,</strong></span> <span class='ocrx_word' id='word_1_461' title='bbox 2509 2099 2554 2136; x_wconf 89' lang='lat' dir='ltr'><strong>c.</strong></span> <span class='ocrx_word' id='word_1_462' title='bbox 2587 2084 2687 2148; x_wconf 52' lang='lat'><strong>55.,</strong></span> <span class='ocrx_word' id='word_1_463' title='bbox 2715 2099 2770 2153; x_wconf 86' lang='lat' dir='ltr'><strong>p.</strong></span> <span class='ocrx_word' id='word_1_464' title='bbox 2800 2081 2959 2150; x_wconf 75' lang='grc'>459),</span> <span class='ocrx_word' id='word_1_465' title='bbox 3009 2079 3059 2134; x_wconf 91' lang='lat' dir='ltr'><strong>ld</strong></span> <span class='ocrx_word' id='word_1_466' title='bbox 3103 2087 3204 2144; x_wconf 87' lang='lat' dir='ltr'><strong>est,</strong></span> <span class='ocrx_word' id='word_1_467' title='bbox 3236 2081 3354 2133; x_wconf 86' lang='lat' dir='ltr'><strong>ﬁcta</strong></span> <span class='ocrx_word' id='word_1_468' title='bbox 3382 2093 3604 2149; x_wconf 87' lang='lat' dir='ltr'><strong>prorsus</strong></span> 
     </span>
    </p>
   </div>
   <div class='ocr_carea' id='block_1_65' title="bbox 2001 2173 3612 2247">
    <p class='ocr_par' dir='ltr' id='par_1_65' title="bbox 2001 2173 3612 2247">
     <span class='ocr_line' id='line_1_65' title="bbox 2001 2173 3612 2247; baseline -0.003 -15"><span class='ocrx_word' id='word_1_469' title='bbox 2001 2191 2101 2247; x_wconf 91' lang='lat' dir='ltr'><strong>pro</strong></span> <span class='ocrx_word' id='word_1_470' title='bbox 2137 2175 2311 2229; x_wconf 87' lang='lat' dir='ltr'><strong>salute</strong></span> <span class='ocrx_word' id='word_1_471' title='bbox 2343 2174 2685 2244; x_wconf 85' lang='lat' dir='ltr'><strong>imperatoris</strong></span> <span class='ocrx_word' id='word_1_472' title='bbox 2707 2217 2721 2241; x_wconf 90' lang='lat'><strong>,</strong></span> <span class='ocrx_word' id='word_1_473' title='bbox 2752 2189 2813 2228; x_wconf 88' lang='lat' dir='ltr'><strong>ac</strong></span> <span class='ocrx_word' id='word_1_474' title='bbox 2845 2189 2968 2230; x_wconf 85' lang='lat' dir='ltr'><strong>vera</strong></span> <span class='ocrx_word' id='word_1_475' title='bbox 3004 2188 3100 2243; x_wconf 90' lang='lat' dir='ltr'><strong>pro</strong></span> <span class='ocrx_word' id='word_1_476' title='bbox 3137 2173 3277 2227; x_wconf 89' lang='lat' dir='ltr'><strong>illius</strong></span> <span class='ocrx_word' id='word_1_477' title='bbox 3317 2182 3491 2228; x_wconf 89' lang='lat' dir='ltr'><strong>morte</strong></span> <span class='ocrx_word' id='word_1_478' title='bbox 3511 2214 3525 2238; x_wconf 95' lang='lat'><strong>,</strong></span> <span class='ocrx_word' id='word_1_479' title='bbox 3555 2183 3612 2227; x_wconf 89' lang='lat' dir='ltr'><strong>et</strong></span> 
     </span>
    </p>
   </div>
   <div class='ocr_carea' id='block_1_66' title="bbox 2003 2266 3611 2339">
    <p class='ocr_par' dir='ltr' id='par_1_66' title="bbox 2003 2266 3611 2339">
     <span class='ocr_line' id='line_1_66' title="bbox 2003 2266 3611 2339; baseline -0.004 -14"><span class='ocrx_word' id='word_1_480' title='bbox 2003 2269 2249 2339; x_wconf 82' lang='lat' dir='ltr'><strong>proximo</strong></span> <span class='ocrx_word' id='word_1_481' title='bbox 2273 2269 2389 2338; x_wconf 87' lang='lat' dir='ltr'><strong>ejus</strong></span> <span class='ocrx_word' id='word_1_482' title='bbox 2415 2281 2732 2323; x_wconf 85' lang='lat' dir='ltr'><strong>successore</strong></span> <span class='ocrx_word' id='word_1_483' title='bbox 2759 2277 2878 2320; x_wconf 81' lang='lat' dir='ltr'><strong>vota</strong></span> <span class='ocrx_word' id='word_1_484' title='bbox 2907 2275 3275 2336; x_wconf 86' lang='lat' dir='ltr'><strong>nuncupantes</strong></span> <span class='ocrx_word' id='word_1_485' title='bbox 3296 2306 3308 2330; x_wconf 95' lang='lat'><strong>,</strong></span> <span class='ocrx_word' id='word_1_486' title='bbox 3340 2266 3482 2319; x_wconf 86' lang='lat' dir='ltr'><strong>illius</strong></span> <span class='ocrx_word' id='word_1_487' title='bbox 3509 2281 3611 2319; x_wconf 80' lang='lat' dir='ltr'><strong>no-</strong></span> 
     </span>
    </p>
   </div>
   <div class='ocr_carea' id='block_1_67' title="bbox 2004 2357 3609 2428">
    <p class='ocr_par' dir='ltr' id='par_1_67' title="bbox 2004 2357 3609 2428">
     <span class='ocr_line' id='line_1_67' title="bbox 2004 2357 3609 2428; baseline -0.005 -10"><span class='ocrx_word' id='word_1_488' title='bbox 2004 2378 2128 2418; x_wconf 89' lang='lat' dir='ltr'><strong>men</strong></span> <span class='ocrx_word' id='word_1_489' title='bbox 2167 2376 2260 2417; x_wconf 90' lang='lat' dir='ltr'><strong>ore</strong></span> <span class='ocrx_word' id='word_1_490' title='bbox 2293 2374 2468 2425; x_wconf 88' lang='lat' dir='ltr'><strong>tenus,</strong></span> <span class='ocrx_word' id='word_1_491' title='bbox 2501 2361 2724 2415; x_wconf 88' lang='lat' dir='ltr'><strong>alterius</strong></span> <span class='ocrx_word' id='word_1_492' title='bbox 2751 2368 2927 2414; x_wconf 90' lang='lat' dir='ltr'><strong>autem</strong></span> <span class='ocrx_word' id='word_1_493' title='bbox 2962 2359 3152 2413; x_wconf 88' lang='lat' dir='ltr'><strong>intimo</strong></span> <span class='ocrx_word' id='word_1_494' title='bbox 3187 2358 3352 2413; x_wconf 90' lang='lat' dir='ltr'><strong>corde</strong></span> <span class='ocrx_word' id='word_1_495' title='bbox 3370 2357 3609 2428; x_wconf 81' lang='lat' dir='ltr'><strong>appella-</strong></span> 
     </span>
    </p>
   </div>
   <div class='ocr_carea' id='block_1_68' title="bbox 2005 2450 3572 2524">
    <p class='ocr_par' dir='ltr' id='par_1_68' title="bbox 2005 2450 3572 2524">
     <span class='ocr_line' id='line_1_68' title="bbox 2005 2450 3572 2524; baseline -0.005 -12"><span class='ocrx_word' id='word_1_496' title='bbox 2005 2456 2174 2512; x_wconf 85' lang='lat' dir='ltr'><strong>bant?</strong></span> <span class='ocrx_word' id='word_1_497' title='bbox 2203 2455 2340 2522; x_wconf 86' lang='lat' dir='ltr'><strong>Quid</strong></span> <span class='ocrx_word' id='word_1_498' title='bbox 2371 2466 2549 2510; x_wconf 90' lang='lat' dir='ltr'><strong>autem</strong></span> <span class='ocrx_word' id='word_1_499' title='bbox 2577 2454 2675 2508; x_wconf 87' lang='lat' dir='ltr'><strong>hac</strong></span> <span class='ocrx_word' id='word_1_500' title='bbox 2705 2451 2923 2524; x_wconf 88' lang='lat' dir='ltr'><strong>perﬁdia</strong></span> <span class='ocrx_word' id='word_1_501' title='bbox 2957 2451 3127 2522; x_wconf 84' lang='lat' dir='ltr'><strong>magis</strong></span> <span class='ocrx_word' id='word_1_502' title='bbox 3154 2450 3524 2505; x_wconf 84' lang='lat' dir='ltr'><strong>detestandum</strong></span> <span class='ocrx_word' id='word_1_503' title='bbox 3548 2450 3572 2504; x_wconf 73' lang='grc' dir='ltr'><strong><em>Ἰ</em></strong></span> 
     </span>
    </p>
   </div>
   <div class='ocr_carea' id='block_1_69' title="bbox 2080 2542 3608 2619">
    <p class='ocr_par' dir='ltr' id='par_1_69' title="bbox 2080 2542 3608 2619">
     <span class='ocr_line' id='line_1_69' title="bbox 2080 2542 3608 2619; baseline -0.005 -16"><span class='ocrx_word' id='word_1_504' title='bbox 2080 2547 2257 2604; x_wconf 79' lang='lat' dir='ltr'><strong>Mirari</strong></span> <span class='ocrx_word' id='word_1_505' title='bbox 2289 2549 2464 2619; x_wconf 90' lang='lat' dir='ltr'><strong>itaque</strong></span> <span class='ocrx_word' id='word_1_506' title='bbox 2491 2549 2620 2602; x_wconf 85' lang='lat' dir='ltr'><strong>satis</strong></span> <span class='ocrx_word' id='word_1_507' title='bbox 2645 2561 2750 2600; x_wconf 90' lang='lat' dir='ltr'><strong>non</strong></span> <span class='ocrx_word' id='word_1_508' title='bbox 2781 2560 3066 2615; x_wconf 83' lang='lat' dir='ltr'><strong>possumus</strong></span> <span class='ocrx_word' id='word_1_509' title='bbox 3101 2545 3460 2599; x_wconf 87' lang='lat' dir='ltr'><strong>temeritatem</strong></span> <span class='ocrx_word' id='word_1_510' title='bbox 3489 2542 3608 2598; x_wconf 87' lang='lat' dir='ltr'><strong>eth-</strong></span> 
     </span>
    </p>
   </div>
   <div class='ocr_carea' id='block_1_70' title="bbox 2008 2635 3612 2710">
    <p class='ocr_par' dir='ltr' id='par_1_70' title="bbox 2008 2635 3612 2710">
     <span class='ocr_line' id='line_1_70' title="bbox 2008 2635 3612 2710; baseline -0.004 -16"><span class='ocrx_word' id='word_1_511' title='bbox 2008 2640 2272 2705; x_wconf 90' lang='lat' dir='ltr'><strong>nicorum,</strong></span> <span class='ocrx_word' id='word_1_512' title='bbox 2299 2637 2386 2710; x_wconf 91' lang='lat' dir='ltr'><strong>qui</strong></span> <span class='ocrx_word' id='word_1_513' title='bbox 2413 2654 2531 2694; x_wconf 84' lang='lat' dir='ltr'><strong>Clllll</strong></span> <span class='ocrx_word' id='word_1_514' title='bbox 2556 2647 2634 2692; x_wconf 70' lang='lat' dir='ltr'><strong>tot</strong></span> <span class='ocrx_word' id='word_1_515' title='bbox 2660 2636 2916 2705; x_wconf 81' lang='lat' dir='ltr'><strong>exemplis</strong></span> <span class='ocrx_word' id='word_1_516' title='bbox 2941 2635 3123 2689; x_wconf 81' lang='lat' dir='ltr'><strong>hostes</strong></span> <span class='ocrx_word' id='word_1_517' title='bbox 3148 2635 3364 2704; x_wconf 88' lang='lat' dir='ltr'><strong>publici,</strong></span> <span class='ocrx_word' id='word_1_518' title='bbox 3389 2645 3439 2688; x_wconf 90' lang='lat' dir='ltr'><strong>et</strong></span> <span class='ocrx_word' id='word_1_519' title='bbox 3470 2635 3612 2688; x_wconf 67' lang='lat' dir='ltr'><strong>laesa:</strong></span> 
     </span>
    </p>
   </div>
   <div class='ocr_carea' id='block_1_71' title="bbox 2009 2725 3614 2802">
    <p class='ocr_par' dir='ltr' id='par_1_71' title="bbox 2009 2725 3614 2802">
     <span class='ocr_line' id='line_1_71' title="bbox 2009 2725 3614 2802; baseline -0.004 -15"><span class='ocrx_word' id='word_1_520' title='bbox 2009 2731 2306 2802; x_wconf 85' lang='lat' dir='ltr'><strong>majestatis</strong></span> <span class='ocrx_word' id='word_1_521' title='bbox 2337 2732 2412 2786; x_wconf 89' lang='lat' dir='ltr'><strong>rei</strong></span> <span class='ocrx_word' id='word_1_522' title='bbox 2455 2731 2686 2796; x_wconf 77' lang='lat' dir='ltr'><strong>iuerint,</strong></span> <span class='ocrx_word' id='word_1_523' title='bbox 2727 2729 2950 2798; x_wconf 89' lang='lat' dir='ltr'><strong>hujusce</strong></span> <span class='ocrx_word' id='word_1_524' title='bbox 2989 2727 3227 2783; x_wconf 89' lang='lat' dir='ltr'><strong>criminis</strong></span> <span class='ocrx_word' id='word_1_525' title='bbox 3279 2725 3614 2781; x_wconf 86' lang='lat' dir='ltr'><strong>Christianos</strong></span> 
     </span>
    </p>
   </div>
   <div class='ocr_carea' id='block_1_72' title="bbox 2011 2817 3616 2894">
    <p class='ocr_par' dir='ltr' id='par_1_72' title="bbox 2011 2817 3616 2894">
     <span class='ocr_line' id='line_1_72' title="bbox 2011 2817 3616 2894; baseline -0.004 -16"><span class='ocrx_word' id='word_1_526' title='bbox 2011 2824 2172 2894; x_wconf 89' lang='lat' dir='ltr'><strong>plane</strong></span> <span class='ocrx_word' id='word_1_527' title='bbox 2197 2825 2512 2878; x_wconf 87' lang='lat' dir='ltr'><strong>innocentes</strong></span> <span class='ocrx_word' id='word_1_528' title='bbox 2543 2819 3006 2892; x_wconf 88' lang='lat' dir='ltr'><strong>impudentissime</strong></span> <span class='ocrx_word' id='word_1_529' title='bbox 3045 2817 3393 2873; x_wconf 87' lang='lat' dir='ltr'><strong>accusabant.</strong></span> <span class='ocrx_word' id='word_1_530' title='bbox 3423 2817 3616 2872; x_wconf 80' lang='lat' dir='ltr'><strong>Nullus</strong></span> 
     </span>
    </p>
   </div>
   <div class='ocr_carea' id='block_1_73' title="bbox 2011 2909 3616 2981">
    <p class='ocr_par' dir='ltr' id='par_1_73' title="bbox 2011 2909 3616 2981">
     <span class='ocr_line' id='line_1_73' title="bbox 2011 2909 3616 2981; baseline -0.003 -11"><span class='ocrx_word' id='word_1_531' title='bbox 2011 2915 2286 2970; x_wconf 79' lang='lat' dir='ltr'><strong>enimvero</strong></span> <span class='ocrx_word' id='word_1_532' title='bbox 2342 2915 2481 2968; x_wconf 87' lang='lat' dir='ltr'><strong>inter</strong></span> <span class='ocrx_word' id='word_1_533' title='bbox 2543 2921 2622 2966; x_wconf 91' lang='lat' dir='ltr'><strong>tot</strong></span> <span class='ocrx_word' id='word_1_534' title='bbox 2679 2910 2980 2981; x_wconf 87' lang='lat' dir='ltr'><strong>perduelles</strong></span> <span class='ocrx_word' id='word_1_535' title='bbox 3033 2911 3321 2980; x_wconf 88' lang='lat' dir='ltr'><strong>hostesque</strong></span> <span class='ocrx_word' id='word_1_536' title='bbox 3372 2909 3616 2979; x_wconf 84' lang='lat' dir='ltr'><strong>publicos</strong></span> 
     </span>
    </p>
   </div>
   <div class='ocr_carea' id='block_1_74' title="bbox 2012 3001 3618 3076">
    <p class='ocr_par' dir='ltr' id='par_1_74' title="bbox 2012 3001 3618 3076">
     <span class='ocr_line' id='line_1_74' title="bbox 2012 3001 3618 3076; baseline -0.005 -13"><span class='ocrx_word' id='word_1_537' title='bbox 2012 3008 2335 3063; x_wconf 85' lang='lat' dir='ltr'><strong>christlauus</strong></span> <span class='ocrx_word' id='word_1_538' title='bbox 2397 3021 2631 3076; x_wconf 86' lang='lat' dir='ltr'><strong>unquam</strong></span> <span class='ocrx_word' id='word_1_539' title='bbox 2675 3003 3044 3074; x_wconf 84' lang='lat' dir='ltr'><strong>deprehensus</strong></span> <span class='ocrx_word' id='word_1_540' title='bbox 3091 3012 3193 3058; x_wconf 89' lang='lat' dir='ltr'><strong>est.</strong></span> <span class='ocrx_word' id='word_1_541' title='bbox 3246 3003 3506 3069; x_wconf 80' lang='lat' dir='ltr'><strong>Quocirca</strong></span> <span class='ocrx_word' id='word_1_542' title='bbox 3547 3001 3618 3056; x_wconf 86' lang='lat' dir='ltr'><strong>ad</strong></span> 
     </span>
    </p>
   </div>
   <div class='ocr_carea' id='block_1_75' title="bbox 2013 3094 3615 3170">
    <p class='ocr_par' dir='ltr' id='par_1_75' title="bbox 2013 3094 3615 3170">
     <span class='ocr_line' id='line_1_75' title="bbox 2013 3094 3615 3170; baseline -0.004 -15"><span class='ocrx_word' id='word_1_543' title='bbox 2013 3099 2296 3170; x_wconf 85' lang='lat' dir='ltr'><strong>Scapulam</strong></span> <span class='ocrx_word' id='word_1_544' title='bbox 2339 3099 2530 3152; x_wconf 70' lang='lat' dir='ltr'><strong>Alrlcce</strong></span> <span class='ocrx_word' id='word_1_545' title='bbox 2568 3095 2850 3167; x_wconf 65' lang='lat' dir='ltr'><strong>praesidem</strong></span> <span class='ocrx_word' id='word_1_546' title='bbox 2897 3096 3011 3149; x_wconf 82' lang='lat' dir='ltr'><strong>lucc</strong></span> <span class='ocrx_word' id='word_1_547' title='bbox 3039 3094 3401 3150; x_wconf 79' lang='lat' dir='ltr'><strong>Tertullianus</strong></span> <span class='ocrx_word' id='word_1_548' title='bbox 3429 3102 3615 3149; x_wconf 87' lang='lat' dir='ltr'><strong>noster</strong></span> 
     </span>
    </p>
   </div>
   <div class='ocr_carea' id='block_1_76' title="bbox 2014 3187 3616 3261">
    <p class='ocr_par' dir='ltr' id='par_1_76' title="bbox 2014 3187 3616 3261">
     <span class='ocr_line' id='line_1_76' title="bbox 2014 3187 3616 3261; baseline -0.004 -16"><span class='ocrx_word' id='word_1_549' title='bbox 2014 3192 2229 3261; x_wconf 86' lang='lat' dir='ltr'><strong>scripsit</strong></span> <span class='ocrx_word' id='word_1_550' title='bbox 2265 3191 2315 3245; x_wconf 91' lang='lat' dir='ltr'><strong>in</strong></span> <span class='ocrx_word' id='word_1_551' title='bbox 2347 3191 2506 3245; x_wconf 84' lang='lat' dir='ltr'><strong>verba</strong></span> <span class='ocrx_word' id='word_1_552' title='bbox 2542 3209 2554 3244; x_wconf 90' lang='lat'>:</span> <span class='ocrx_word' id='word_1_553' title='bbox 2593 3188 2742 3243; x_wconf 87' lang='lat' dir='ltr'><strong>Circa</strong></span> <span class='ocrx_word' id='word_1_554' title='bbox 2769 3189 3080 3259; x_wconf 82' lang='lat' dir='ltr'><strong>majestatem</strong></span> <span class='ocrx_word' id='word_1_555' title='bbox 3104 3188 3426 3258; x_wconf 82' lang='lat' dir='ltr'><strong>imperatoris</strong></span> <span class='ocrx_word' id='word_1_556' title='bbox 3477 3187 3616 3254; x_wconf 77' lang='lat' dir='ltr'><strong>infa-</strong></span> 
     </span>
    </p>
   </div>
   <div class='ocr_carea' id='block_1_77' title="bbox 1939 3277 3614 3354">
    <p class='ocr_par' dir='ltr' id='par_1_77' title="bbox 1939 3277 3614 3354">
     <span class='ocr_line' id='line_1_77' title="bbox 1939 3277 3614 3354; baseline -0.003 -18"><span class='ocrx_word' id='word_1_557' title='bbox 1939 3287 1986 3354; x_wconf 80' lang='lat' dir='ltr'>C</span> <span class='ocrx_word' id='word_1_558' title='bbox 2022 3299 2245 3337; x_wconf 77' lang='lat' dir='ltr'><strong>tuantur.</strong></span> <span class='ocrx_word' id='word_1_559' title='bbox 2323 3291 2490 3336; x_wconf 90' lang='lat' dir='ltr'><strong>tamen</strong></span> <span class='ocrx_word' id='word_1_560' title='bbox 2534 3295 2794 3350; x_wconf 89' lang='lat' dir='ltr'><strong>nunquant</strong></span> <span class='ocrx_word' id='word_1_561' title='bbox 2838 3278 3134 3347; x_wconf 81' lang='lat' dir='ltr'><strong>Albiniani,</strong></span> <span class='ocrx_word' id='word_1_562' title='bbox 3181 3293 3272 3332; x_wconf 84' lang='lat' dir='ltr'><strong>nec</strong></span> <span class='ocrx_word' id='word_1_563' title='bbox 3335 3277 3614 3349; x_wconf 82' lang='lat' dir='ltr'><strong>Nigriani,</strong></span> 
     </span>
    </p>
   </div>
   <div class='ocr_carea' id='block_1_78' title="bbox 2018 3369 3622 3443">
    <p class='ocr_par' dir='ltr' id='par_1_78' title="bbox 2018 3369 3622 3443">
     <span class='ocr_line' id='line_1_78' title="bbox 2018 3369 3622 3443; baseline -0.004 -13"><span class='ocrx_word' id='word_1_564' title='bbox 2018 3377 2096 3430; x_wconf 80' lang='lat' dir='ltr'><strong>vel</strong></span> <span class='ocrx_word' id='word_1_565' title='bbox 2139 3374 2370 3429; x_wconf 86' lang='lat' dir='ltr'><strong>Cassiani</strong></span> <span class='ocrx_word' id='word_1_566' title='bbox 2413 3373 2626 3427; x_wconf 82' lang='lat' dir='ltr'><strong>inveniri</strong></span> <span class='ocrx_word' id='word_1_567' title='bbox 2666 3381 2939 3443; x_wconf 86' lang='lat' dir='ltr'><strong>potuerunt</strong></span> <span class='ocrx_word' id='word_1_568' title='bbox 2981 3369 3286 3435; x_wconf 86' lang='lat' dir='ltr'><strong>christiani;</strong></span> <span class='ocrx_word' id='word_1_569' title='bbox 3334 3370 3423 3424; x_wconf 82' lang='lat' dir='ltr'><strong>sed</strong></span> <span class='ocrx_word' id='word_1_570' title='bbox 3464 3369 3622 3423; x_wconf 86' lang='lat' dir='ltr'><strong>iidem</strong></span> 
     </span>
    </p>
   </div>
   <div class='ocr_carea' id='block_1_79' title="bbox 2017 3460 3621 3540">
    <p class='ocr_par' dir='ltr' id='par_1_79' title="bbox 2017 3460 3621 3540">
     <span class='ocr_line' id='line_1_79' title="bbox 2017 3460 3621 3540; baseline -0.004 -20"><span class='ocrx_word' id='word_1_571' title='bbox 2017 3468 2134 3540; x_wconf 86' lang='lat' dir='ltr'><strong>ipsi,</strong></span> <span class='ocrx_word' id='word_1_572' title='bbox 2163 3469 2249 3537; x_wconf 90' lang='lat' dir='ltr'><strong>qui</strong></span> <span class='ocrx_word' id='word_1_573' title='bbox 2273 3483 2364 3536; x_wconf 88' lang='lat' dir='ltr'><strong>per</strong></span> <span class='ocrx_word' id='word_1_574' title='bbox 2393 3466 2565 3538; x_wconf 86' lang='lat' dir='ltr'><strong>genios</strong></span> <span class='ocrx_word' id='word_1_575' title='bbox 2593 3480 2786 3530; x_wconf 90' lang='lat' dir='ltr'><strong>eorum,</strong></span> <span class='ocrx_word' id='word_1_576' title='bbox 2817 3463 2955 3518; x_wconf 90' lang='lat' dir='ltr'><strong>sicut</strong></span> <span class='ocrx_word' id='word_1_577' title='bbox 2983 3476 3142 3530; x_wconf 87' lang='lat' dir='ltr'><strong>supra</strong></span> <span class='ocrx_word' id='word_1_578' title='bbox 3167 3460 3502 3515; x_wconf 89' lang='lat' dir='ltr'><strong>ostendimus</strong></span> <span class='ocrx_word' id='word_1_579' title='bbox 3520 3502 3534 3526; x_wconf 92' lang='lat'><strong>,</strong></span> <span class='ocrx_word' id='word_1_580' title='bbox 3567 3461 3621 3513; x_wconf 89' lang='lat' dir='ltr'><strong>in</strong></span> 
     </span>
    </p>
   </div>
   <div class='ocr_carea' id='block_1_80' title="bbox 2019 3553 3622 3630">
    <p class='ocr_par' dir='ltr' id='par_1_80' title="bbox 2019 3553 3622 3630">
     <span class='ocr_line' id='line_1_80' title="bbox 2019 3553 3622 3630; baseline -0.004 -18"><span class='ocrx_word' id='word_1_581' title='bbox 2019 3559 2187 3630; x_wconf 82' lang='lat' dir='ltr'><strong>pridie</strong></span> <span class='ocrx_word' id='word_1_582' title='bbox 2211 3574 2368 3628; x_wconf 84' lang='lat' dir='ltr'><strong>usque</strong></span> <span class='ocrx_word' id='word_1_583' title='bbox 2383 3558 2708 3628; x_wconf 81' lang='lat' dir='ltr'><strong>juraverant,</strong></span> <span class='ocrx_word' id='word_1_584' title='bbox 2736 3557 2824 3626; x_wconf 86' lang='lat' dir='ltr'><strong>qui</strong></span> <span class='ocrx_word' id='word_1_585' title='bbox 2848 3571 2943 3626; x_wconf 84' lang='lat' dir='ltr'><strong>pro</strong></span> <span class='ocrx_word' id='word_1_586' title='bbox 2968 3554 3130 3609; x_wconf 84' lang='lat' dir='ltr'><strong>salute</strong></span> <span class='ocrx_word' id='word_1_587' title='bbox 3159 3569 3334 3607; x_wconf 84' lang='lat' dir='ltr'><strong>eorum</strong></span> <span class='ocrx_word' id='word_1_588' title='bbox 3360 3553 3550 3607; x_wconf 79' lang='lat' dir='ltr'><strong>hostias</strong></span> <span class='ocrx_word' id='word_1_589' title='bbox 3576 3563 3622 3605; x_wconf 86' lang='lat' dir='ltr'><strong>et</strong></span> 
     </span>
    </p>
   </div>
   <div class='ocr_carea' id='block_1_81' title="bbox 2022 3647 3698 3722">
    <p class='ocr_par' dir='ltr' id='par_1_81' title="bbox 2022 3647 3698 3722">
     <span class='ocr_line' id='line_1_81' title="bbox 2022 3647 3698 3722; baseline -0.004 -18"><span class='ocrx_word' id='word_1_590' title='bbox 2022 3654 2247 3722; x_wconf 79' lang='lat' dir='ltr'><strong>fecerant</strong></span> <span class='ocrx_word' id='word_1_591' title='bbox 2274 3660 2322 3704; x_wconf 86' lang='lat' dir='ltr'><strong>et</strong></span> <span class='ocrx_word' id='word_1_592' title='bbox 2353 3659 2612 3715; x_wconf 80' lang='lat' dir='ltr'><strong>voverant,</strong></span> <span class='ocrx_word' id='word_1_593' title='bbox 2642 3649 2726 3714; x_wconf 88' lang='lat' dir='ltr'><strong>qui</strong></span> <span class='ocrx_word' id='word_1_594' title='bbox 2745 3647 3061 3702; x_wconf 79' lang='lat' dir='ltr'><strong>Christianos</strong></span> <span class='ocrx_word' id='word_1_595' title='bbox 3080 3662 3217 3714; x_wconf 69' lang='lat' dir='ltr'><strong>stupe</strong></span> <span class='ocrx_word' id='word_1_596' title='bbox 3237 3648 3622 3710; x_wconf 81' lang='lat' dir='ltr'><strong>damnaverant,</strong></span> <span class='ocrx_word' id='word_1_597' title='bbox 3689 3696 3698 3704; x_wconf 89' lang='lat'>_</span> 
     </span>
    </p>
   </div>
   <div class='ocr_carea' id='block_1_82' title="bbox 2020 3737 3619 3811">
    <p class='ocr_par' dir='ltr' id='par_1_82' title="bbox 2020 3737 3619 3811">
     <span class='ocr_line' id='line_1_82' title="bbox 2020 3737 3619 3811; baseline -0.003 -15"><span class='ocrx_word' id='word_1_598' title='bbox 2020 3742 2186 3797; x_wconf 77' lang='lat' dir='ltr'><strong>hostes</strong></span> <span class='ocrx_word' id='word_1_599' title='bbox 2207 3759 2382 3796; x_wconf 88' lang='lat' dir='ltr'><strong>eorum</strong></span> <span class='ocrx_word' id='word_1_600' title='bbox 2409 3749 2524 3796; x_wconf 80' lang='lat' dir='ltr'><strong>sunt</strong></span> <span class='ocrx_word' id='word_1_601' title='bbox 2549 3740 2758 3811; x_wconf 86' lang='lat' dir='ltr'><strong>reperti.</strong></span> <span class='ocrx_word' id='word_1_602' title='bbox 2784 3739 3104 3793; x_wconf 78' lang='lat' dir='ltr'><strong>Christianus</strong></span> <span class='ocrx_word' id='word_1_603' title='bbox 3130 3738 3323 3793; x_wconf 81' lang='lat' dir='ltr'><strong>nullius</strong></span> <span class='ocrx_word' id='word_1_604' title='bbox 3345 3747 3416 3792; x_wconf 86' lang='lat' dir='ltr'><strong>est</strong></span> <span class='ocrx_word' id='word_1_605' title='bbox 3438 3737 3619 3804; x_wconf 81' lang='lat' dir='ltr'><strong>hostis,</strong></span> 
     </span>
    </p>
   </div>
   <div class='ocr_carea' id='block_1_83' title="bbox 2026 3830 3619 3904">
    <p class='ocr_par' dir='ltr' id='par_1_83' title="bbox 2026 3830 3619 3904">
     <span class='ocr_line' id='line_1_83' title="bbox 2026 3830 3619 3904; baseline -0.003 -16"><span class='ocrx_word' id='word_1_606' title='bbox 2026 3836 2212 3888; x_wconf 84' lang='lat' dir='ltr'><strong>nedum</strong></span> <span class='ocrx_word' id='word_1_607' title='bbox 2259 3834 2614 3904; x_wconf 81' lang='lat' dir='ltr'><strong>imperatoris,</strong></span> <span class='ocrx_word' id='word_1_608' title='bbox 2654 3850 2802 3904; x_wconf 89' lang='lat' dir='ltr'><strong>quem</strong></span> <span class='ocrx_word' id='word_1_609' title='bbox 2842 3834 3004 3886; x_wconf 81' lang='lat' dir='ltr'><strong>sciens</strong></span> <span class='ocrx_word' id='word_1_610' title='bbox 3042 3848 3074 3885; x_wconf 91' lang='lat' dir='ltr'><strong>a</strong></span> <span class='ocrx_word' id='word_1_611' title='bbox 3099 3830 3208 3885; x_wconf 86' lang='lat' dir='ltr'><strong>Deo</strong></span> <span class='ocrx_word' id='word_1_612' title='bbox 3251 3831 3619 3900; x_wconf 77' lang='lat' dir='ltr'><strong>constitutum,</strong></span> 
     </span>
    </p>
   </div>
   <div class='ocr_carea' id='block_1_84' title="bbox 2022 3925 3623 3999">
    <p class='ocr_par' dir='ltr' id='par_1_84' title="bbox 2022 3925 3623 3999">
     <span class='ocr_line' id='line_1_84' title="bbox 2022 3925 3623 3999; baseline -0.006 -14"><span class='ocrx_word' id='word_1_613' title='bbox 2022 3946 2221 3985; x_wconf 81' lang='lat' dir='ltr'><strong>necesse</strong></span> <span class='ocrx_word' id='word_1_614' title='bbox 2246 3938 2316 3983; x_wconf 86' lang='lat' dir='ltr'><strong>est</strong></span> <span class='ocrx_word' id='word_1_615' title='bbox 2345 3939 2397 3982; x_wconf 88' lang='lat' dir='ltr'><strong>ut</strong></span> <span class='ocrx_word' id='word_1_616' title='bbox 2426 3938 2472 3982; x_wconf 90' lang='lat' dir='ltr'><strong>et</strong></span> <span class='ocrx_word' id='word_1_617' title='bbox 2501 3928 2667 3999; x_wconf 86' lang='lat' dir='ltr'><strong>ipsum</strong></span> <span class='ocrx_word' id='word_1_618' title='bbox 2687 3927 2890 3996; x_wconf 78' lang='lat' dir='ltr'><strong>diligat,</strong></span> <span class='ocrx_word' id='word_1_619' title='bbox 2915 3935 2960 3980; x_wconf 89' lang='lat' dir='ltr'><strong>et</strong></span> <span class='ocrx_word' id='word_1_620' title='bbox 2989 3934 3291 3991; x_wconf 82' lang='lat' dir='ltr'><strong>revereatur,</strong></span> <span class='ocrx_word' id='word_1_621' title='bbox 3310 3933 3356 3978; x_wconf 89' lang='lat' dir='ltr'><strong>et</strong></span> <span class='ocrx_word' id='word_1_622' title='bbox 3383 3925 3623 3990; x_wconf 88' lang='lat' dir='ltr'><strong>honoret,</strong></span> 
     </span>
    </p>
   </div>
   <div class='ocr_carea' id='block_1_85' title="bbox 2021 4016 3622 4092">
    <p class='ocr_par' dir='ltr' id='par_1_85' title="bbox 2021 4016 3622 4092">
     <span class='ocr_line' id='line_1_85' title="bbox 2021 4016 3622 4092; baseline -0.005 -12"><span class='ocrx_word' id='word_1_623' title='bbox 2021 4036 2069 4080; x_wconf 82' lang='lat' dir='ltr'><strong>et</strong></span> <span class='ocrx_word' id='word_1_624' title='bbox 2113 4025 2309 4079; x_wconf 80' lang='lat' dir='ltr'><strong>soluunt</strong></span> <span class='ocrx_word' id='word_1_625' title='bbox 2362 4023 2478 4077; x_wconf 79' lang='lat' dir='ltr'><strong>velit</strong></span> <span class='ocrx_word' id='word_1_626' title='bbox 2505 4039 2622 4076; x_wconf 85' lang='lat' dir='ltr'><strong>cum</strong></span> <span class='ocrx_word' id='word_1_627' title='bbox 2651 4031 2758 4075; x_wconf 90' lang='lat' dir='ltr'><strong>toto</strong></span> <span class='ocrx_word' id='word_1_628' title='bbox 2784 4036 2997 4074; x_wconf 89' lang='lat' dir='ltr'><strong>romano</strong></span> <span class='ocrx_word' id='word_1_629' title='bbox 3024 4019 3235 4092; x_wconf 86' lang='lat' dir='ltr'><strong>imperio</strong></span> <span class='ocrx_word' id='word_1_630' title='bbox 3285 4016 3495 4088; x_wconf 88' lang='lat' dir='ltr'><strong>(Idem,</strong></span> <span class='ocrx_word' id='word_1_631' title='bbox 3532 4017 3622 4072; x_wconf 86' lang='lat' dir='ltr'><strong>lib.</strong></span> 
     </span>
    </p>
   </div>
   <div class='ocr_carea' id='block_1_86' title="bbox 2023 4109 3627 4188">
    <p class='ocr_par' dir='ltr' id='par_1_86' title="bbox 2023 4109 3627 4188">
     <span class='ocr_line' id='line_1_86' title="bbox 2023 4109 3627 4188; baseline -0.007 -14"><span class='ocrx_word' id='word_1_632' title='bbox 2023 4120 2092 4174; x_wconf 85' lang='lat' dir='ltr'><strong>ad</strong></span> <span class='ocrx_word' id='word_1_633' title='bbox 2140 4118 2382 4188; x_wconf 88' lang='lat' dir='ltr'><strong>Scapul.,</strong></span> <span class='ocrx_word' id='word_1_634' title='bbox 2435 4134 2548 4188; x_wconf 85' lang='lat' dir='ltr'><strong>cap.</strong></span> <span class='ocrx_word' id='word_1_635' title='bbox 2593 4116 2674 4188; x_wconf 74' lang='lat'><strong>2).</strong></span> <span class='ocrx_word' id='word_1_636' title='bbox 2713 4114 2824 4170; x_wconf 78' lang='lat' dir='ltr'><strong>Sed</strong></span> <span class='ocrx_word' id='word_1_637' title='bbox 2863 4113 2980 4169; x_wconf 62' lang='lat' dir='ltr'><strong>hac</strong></span> <span class='ocrx_word' id='word_1_638' title='bbox 3025 4112 3157 4167; x_wconf 82' lang='lat' dir='ltr'><strong>satis</strong></span> <span class='ocrx_word' id='word_1_639' title='bbox 3203 4125 3233 4164; x_wconf 88' lang='lat' dir='ltr'><strong>a</strong></span> <span class='ocrx_word' id='word_1_640' title='bbox 3275 4109 3430 4166; x_wconf 86' lang='lat' dir='ltr'><strong>nobis</strong></span> <span class='ocrx_word' id='word_1_641' title='bbox 3465 4123 3627 4180; x_wconf 85' lang='lat' dir='ltr'><strong>supra</strong></span> 
     </span>
    </p>
   </div>
   <div class='ocr_carea' id='block_1_87' title="bbox 2027 4213 2504 4283">
    <p class='ocr_par' dir='ltr' id='par_1_87' title="bbox 2027 4213 2504 4283">
     <span class='ocr_line' id='line_1_87' title="bbox 2027 4213 2504 4283; baseline -0.006 -15"><span class='ocrx_word' id='word_1_642' title='bbox 2027 4213 2312 4283; x_wconf 81' lang='lat' dir='ltr'><strong>explanata</strong></span> <span class='ocrx_word' id='word_1_643' title='bbox 2360 4221 2504 4265; x_wconf 84' lang='lat' dir='ltr'><strong>sunt.</strong></span> 
     </span>
    </p>
   </div>
   <div class='ocr_carea' id='block_1_88' title="bbox 2098 4295 3627 4372">
    <p class='ocr_par' dir='ltr' id='par_1_88' title="bbox 2098 4295 3627 4372">
     <span class='ocr_line' id='line_1_88' title="bbox 2098 4295 3627 4372; baseline -0.007 -14"><span class='ocrx_word' id='word_1_644' title='bbox 2098 4305 2229 4358; x_wconf 87' lang='lat' dir='ltr'><strong>Tam</strong></span> <span class='ocrx_word' id='word_1_645' title='bbox 2262 4319 2386 4358; x_wconf 89' lang='lat' dir='ltr'><strong>vera</strong></span> <span class='ocrx_word' id='word_1_646' title='bbox 2419 4304 2599 4372; x_wconf 89' lang='lat' dir='ltr'><strong>itaque</strong></span> <span class='ocrx_word' id='word_1_647' title='bbox 2642 4308 2798 4355; x_wconf 89' lang='lat' dir='ltr'><strong>erant</strong></span> <span class='ocrx_word' id='word_1_648' title='bbox 2824 4297 3247 4353; x_wconf 84' lang='lat' dir='ltr'><strong>Christianorum</strong></span> <span class='ocrx_word' id='word_1_649' title='bbox 3270 4311 3368 4367; x_wconf 91' lang='lat' dir='ltr'><strong>pro</strong></span> <span class='ocrx_word' id='word_1_650' title='bbox 3397 4295 3627 4364; x_wconf 87' lang='lat' dir='ltr'><strong>impera-</strong></span> 
     </span>
    </p>
   </div>
   <div class='ocr_carea' id='block_1_89' title="bbox 2026 4388 3628 4462">
    <p class='ocr_par' dir='ltr' id='par_1_89' title="bbox 2026 4388 3628 4462">
     <span class='ocr_line' id='line_1_89' title="bbox 2026 4388 3628 4462; baseline -0.007 -13"><span class='ocrx_word' id='word_1_651' title='bbox 2026 4404 2200 4450; x_wconf 89' lang='lat' dir='ltr'><strong>torum</strong></span> <span class='ocrx_word' id='word_1_652' title='bbox 2243 4395 2414 4449; x_wconf 87' lang='lat' dir='ltr'><strong>salute</strong></span> <span class='ocrx_word' id='word_1_653' title='bbox 2437 4435 2452 4460; x_wconf 94' lang='lat'><strong>,</strong></span> <span class='ocrx_word' id='word_1_654' title='bbox 2490 4407 2652 4462; x_wconf 89' lang='lat' dir='ltr'><strong>quam</strong></span> <span class='ocrx_word' id='word_1_655' title='bbox 2695 4390 2826 4443; x_wconf 84' lang='lat' dir='ltr'><strong>falsa</strong></span> <span class='ocrx_word' id='word_1_656' title='bbox 2855 4388 3130 4459; x_wconf 74' lang='lat' dir='ltr'><strong>gentilium</strong></span> <span class='ocrx_word' id='word_1_657' title='bbox 3164 4398 3286 4443; x_wconf 84' lang='lat' dir='ltr'><strong>vota</strong></span> <span class='ocrx_word' id='word_1_658' title='bbox 3309 4429 3326 4455; x_wconf 92' lang='lat'><strong>,</strong></span> <span class='ocrx_word' id='word_1_659' title='bbox 3371 4403 3433 4442; x_wconf 86' lang='lat' dir='ltr'><strong>ac</strong></span> <span class='ocrx_word' id='word_1_660' title='bbox 3479 4393 3628 4441; x_wconf 82' lang='lat' dir='ltr'><strong>tanto</strong></span> 
     </span>
    </p>
   </div>
   <div class='ocr_carea' id='block_1_90' title="bbox 2026 4477 3623 4551">
    <p class='ocr_par' dir='ltr' id='par_1_90' title="bbox 2026 4477 3623 4551">
     <span class='ocr_line' id='line_1_90' title="bbox 2026 4477 3623 4551; baseline -0.006 -10"><span class='ocrx_word' id='word_1_661' title='bbox 2026 4486 2204 4542; x_wconf 88' lang='lat' dir='ltr'><strong>studio</strong></span> <span class='ocrx_word' id='word_1_662' title='bbox 2232 4496 2286 4539; x_wconf 90' lang='lat' dir='ltr'><strong>et</strong></span> <span class='ocrx_word' id='word_1_663' title='bbox 2316 4484 2521 4537; x_wconf 88' lang='lat' dir='ltr'><strong>honore</strong></span> <span class='ocrx_word' id='word_1_664' title='bbox 2551 4483 2906 4551; x_wconf 85' lang='lat' dir='ltr'><strong>imperatores</strong></span> <span class='ocrx_word' id='word_1_665' title='bbox 2937 4480 3206 4546; x_wconf 86' lang='lat' dir='ltr'><strong>colebant,</strong></span> <span class='ocrx_word' id='word_1_666' title='bbox 3235 4487 3435 4548; x_wconf 88' lang='lat' dir='ltr'><strong>quanto</strong></span> <span class='ocrx_word' id='word_1_667' title='bbox 3466 4477 3623 4531; x_wconf 89' lang='lat' dir='ltr'><strong>iidem</strong></span> 
     </span>
    </p>
   </div>
   <div class='ocr_carea' id='block_1_91' title="bbox 2028 4572 3617 4645">
    <p class='ocr_par' dir='ltr' id='par_1_91' title="bbox 2028 4572 3617 4645">
     <span class='ocr_line' id='line_1_91' title="bbox 2028 4572 3617 4645; baseline -0.007 -11"><span class='ocrx_word' id='word_1_668' title='bbox 2028 4578 2226 4634; x_wconf 88' lang='lat' dir='ltr'><strong>ethnici</strong></span> <span class='ocrx_word' id='word_1_669' title='bbox 2251 4575 2376 4632; x_wconf 92' lang='lat' dir='ltr'><strong>odio</strong></span> <span class='ocrx_word' id='word_1_670' title='bbox 2402 4591 2498 4631; x_wconf 87' lang='lat' dir='ltr'><strong>eos</strong></span> <span class='ocrx_word' id='word_1_671' title='bbox 2523 4574 3004 4645; x_wconf 87' lang='lat' dir='ltr'><strong>prosequebantur.</strong></span> <span class='ocrx_word' id='word_1_672' title='bbox 3039 4572 3252 4628; x_wconf 85' lang='lat' dir='ltr'><strong>Etenim</strong></span> <span class='ocrx_word' id='word_1_673' title='bbox 3277 4573 3435 4642; x_wconf 83' lang='lat' dir='ltr'><strong>pietas</strong></span> <span class='ocrx_word' id='word_1_674' title='bbox 3459 4580 3504 4624; x_wconf 90' lang='lat' dir='ltr'><strong>et</strong></span> <span class='ocrx_word' id='word_1_675' title='bbox 3533 4586 3617 4624; x_wconf 82' lang='lat' dir='ltr'><strong>re-</strong></span> 
     </span>
    </p>
   </div>
   <div class='ocr_carea' id='block_1_92' title="bbox 328 4665 1907 4762">
    <p class='ocr_par' dir='ltr' id='par_1_92' title="bbox 328 4665 1907 4762">
     <span class='ocr_line' id='line_1_92' title="bbox 328 4665 1907 4762; baseline -0.006 -14"><span class='ocrx_word' id='word_1_676' title='bbox 328 4691 416 4749; x_wconf 85' lang='lat' dir='ltr'><strong>bis</strong></span> <span class='ocrx_word' id='word_1_677' title='bbox 441 4692 707 4762; x_wconf 84' lang='lat' dir='ltr'><strong>designari</strong></span> <span class='ocrx_word' id='word_1_678' title='bbox 736 4692 972 4745; x_wconf 69' lang='lat' dir='ltr'><strong>Albianue</strong></span> <span class='ocrx_word' id='word_1_679' title='bbox 1003 4665 1251 4744; x_wconf 80' lang='lat' dir='ltr'><strong>factionis</strong></span> <span class='ocrx_word' id='word_1_680' title='bbox 1283 4687 1531 4743; x_wconf 88' lang='lat' dir='ltr'><strong>conscios</strong></span> <span class='ocrx_word' id='word_1_681' title='bbox 1556 4685 1907 4756; x_wconf 82' lang='lat' dir='ltr'><strong>fautoresque</strong></span> 
     </span>
    </p>
   </div>
   <div class='ocr_carea' id='block_1_93' title="bbox 2013 4665 3626 4762">
    <p class='ocr_par' dir='ltr' id='par_1_93' title="bbox 2032 4665 3626 4744">
     <span class='ocr_line' id='line_1_93' title="bbox 2032 4665 3626 4744; baseline -0.007 -16"><span class='ocrx_word' id='word_1_682' title='bbox 2032 4673 2154 4744; x_wconf 85' lang='lat' dir='ltr'><strong>ligio</strong></span> <span class='ocrx_word' id='word_1_683' title='bbox 2185 4683 2230 4726; x_wconf 89' lang='lat' dir='ltr'><strong>et</strong></span> <span class='ocrx_word' id='word_1_684' title='bbox 2263 4673 2410 4740; x_wconf 82' lang='lat' dir='ltr'><strong>ﬁdes,</strong></span> <span class='ocrx_word' id='word_1_685' title='bbox 2444 4670 2613 4740; x_wconf 91' lang='lat' dir='ltr'><strong>inquit</strong></span> <span class='ocrx_word' id='word_1_686' title='bbox 2642 4670 2840 4724; x_wconf 84' lang='lat' dir='ltr'><strong>Auctor</strong></span> <span class='ocrx_word' id='word_1_687' title='bbox 2869 4678 3071 4733; x_wconf 90' lang='lat' dir='ltr'><strong>noster,</strong></span> <span class='ocrx_word' id='word_1_688' title='bbox 3121 4666 3509 4732; x_wconf 84' lang='lat' dir='ltr'><strong>imperatoribus</strong></span> <span class='ocrx_word' id='word_1_689' title='bbox 3536 4665 3626 4718; x_wconf 82' lang='lat' dir='ltr'><strong>de-</strong></span> 
     </span>
    </p>
   </div>
   <div class='ocr_carea' id='block_1_94' title="bbox 328 4777 1920 4852">
    <p class='ocr_par' dir='ltr' id='par_1_94' title="bbox 328 4777 1920 4852">
     <span class='ocr_line' id='line_1_94' title="bbox 328 4777 1920 4852; baseline -0.004 -18"><span class='ocrx_word' id='word_1_690' title='bbox 328 4781 420 4849; x_wconf 88' lang='lat' dir='ltr'><strong>qui</strong></span> <span class='ocrx_word' id='word_1_691' title='bbox 449 4783 499 4837; x_wconf 91' lang='lat' dir='ltr'><strong>in</strong></span> <span class='ocrx_word' id='word_1_692' title='bbox 542 4784 726 4838; x_wconf 86' lang='lat' dir='ltr'><strong>Severi</strong></span> <span class='ocrx_word' id='word_1_693' title='bbox 770 4781 1108 4850; x_wconf 77' lang='lat' dir='ltr'><strong>imperatoris</strong></span> <span class='ocrx_word' id='word_1_694' title='bbox 1157 4781 1444 4852; x_wconf 89' lang='lat' dir='ltr'><strong>perniciem</strong></span> <span class='ocrx_word' id='word_1_695' title='bbox 1487 4777 1920 4848; x_wconf 84' lang='lat' dir='ltr'><strong>conjnraverant.</strong></span> 
     </span>
    </p>
   </div>
   <div class='ocr_carea' id='block_1_95' title="bbox 330 4869 1926 4944">
    <p class='ocr_par' dir='ltr' id='par_1_95' title="bbox 330 4869 1926 4944">
     <span class='ocr_line' id='line_1_95' title="bbox 330 4869 1926 4944; baseline -0.003 -15"><span class='ocrx_word' id='word_1_696' title='bbox 330 4873 545 4929; x_wconf 85' lang='lat' dir='ltr'><strong>Plenius</strong></span> <span class='ocrx_word' id='word_1_697' title='bbox 572 4889 784 4944; x_wconf 91' lang='lat' dir='ltr'><strong>quoque</strong></span> <span class='ocrx_word' id='word_1_698' title='bbox 811 4871 938 4926; x_wconf 91' lang='lat' dir='ltr'><strong>illud</strong></span> <span class='ocrx_word' id='word_1_699' title='bbox 981 4872 1052 4926; x_wconf 92' lang='lat' dir='ltr'><strong>ibi</strong></span> <span class='ocrx_word' id='word_1_700' title='bbox 1095 4871 1490 4928; x_wconf 84' lang='lat' dir='ltr'><strong>enucleavimus</strong></span> <span class='ocrx_word' id='word_1_701' title='bbox 1513 4888 1528 4936; x_wconf 89' lang='lat'><strong>;</strong></span> <span class='ocrx_word' id='word_1_702' title='bbox 1554 4869 1694 4942; x_wconf 93' lang='lat' dir='ltr'><strong>quod</strong></span> <span class='ocrx_word' id='word_1_703' title='bbox 1726 4870 1926 4924; x_wconf 87' lang='lat' dir='ltr'><strong>Auctor</strong></span> 
     </span>
    </p>
   </div>
   <div class='ocr_carea' id='block_1_96' title="bbox 330 4963 1927 5036">
    <p class='ocr_par' dir='ltr' id='par_1_96' title="bbox 330 4963 1927 5036">
     <span class='ocr_line' id='line_1_96' title="bbox 330 4963 1927 5036; baseline -0.003 -16"><span class='ocrx_word' id='word_1_704' title='bbox 330 4976 514 5020; x_wconf 87' lang='lat' dir='ltr'><strong>noster</strong></span> <span class='ocrx_word' id='word_1_705' title='bbox 541 4966 734 5036; x_wconf 86' lang='lat' dir='ltr'><strong>adjecit</strong></span> <span class='ocrx_word' id='word_1_706' title='bbox 763 4983 775 5019; x_wconf 87' lang='lat'><strong>:</strong></span> <span class='ocrx_word' id='word_1_707' title='bbox 808 4963 1002 5018; x_wconf 81' lang='lat' dir='ltr'><strong>Eadem</strong></span> <span class='ocrx_word' id='word_1_708' title='bbox 1027 4963 1194 5034; x_wconf 74' lang='lat' dir='ltr'><strong>o/jicia</strong></span> <span class='ocrx_word' id='word_1_709' title='bbox 1224 4963 1539 5032; x_wconf 81' lang='lat' dir='ltr'><strong>dependant,</strong></span> <span class='ocrx_word' id='word_1_710' title='bbox 1573 4971 1618 5016; x_wconf 90' lang='lat' dir='ltr'><strong>et</strong></span> <span class='ocrx_word' id='word_1_711' title='bbox 1647 4963 1732 5033; x_wconf 88' lang='lat' dir='ltr'><strong>qui</strong></span> <span class='ocrx_word' id='word_1_712' title='bbox 1763 4972 1927 5015; x_wconf 82' lang='lat' dir='ltr'><strong>astro-</strong></span> 
     </span>
    </p>
   </div>
   <div class='ocr_carea' id='block_1_97' title="bbox 331 5056 1926 5132">
    <p class='ocr_par' dir='ltr' id='par_1_97' title="bbox 331 5056 1926 5132">
     <span class='ocr_line' id='line_1_97' title="bbox 331 5056 1926 5132; baseline -0.003 -19"><span class='ocrx_word' id='word_1_713' title='bbox 331 5059 474 5132; x_wconf 87' lang='lat' dir='ltr'><strong>logos</strong></span> <span class='ocrx_word' id='word_1_714' title='bbox 511 5069 556 5112; x_wconf 90' lang='lat' dir='ltr'><strong>et</strong></span> <span class='ocrx_word' id='word_1_715' title='bbox 594 5060 883 5128; x_wconf 81' lang='lat' dir='ltr'><strong>aruspices,</strong></span> <span class='ocrx_word' id='word_1_716' title='bbox 931 5070 976 5112; x_wconf 89' lang='lat' dir='ltr'><strong>et</strong></span> <span class='ocrx_word' id='word_1_717' title='bbox 1028 5067 1274 5127; x_wconf 80' lang='lat' dir='ltr'><strong>augures,</strong></span> <span class='ocrx_word' id='word_1_718' title='bbox 1303 5068 1348 5112; x_wconf 90' lang='lat' dir='ltr'><strong>et</strong></span> <span class='ocrx_word' id='word_1_719' title='bbox 1380 5074 1552 5128; x_wconf 80' lang='lat' dir='ltr'><strong>magos</strong></span> <span class='ocrx_word' id='word_1_720' title='bbox 1582 5056 1644 5111; x_wconf 88' lang='lat' dir='ltr'><strong>de</strong></span> <span class='ocrx_word' id='word_1_721' title='bbox 1671 5056 1926 5111; x_wconf 77' lang='lat' dir='ltr'><strong>Ca&#39;sartmt</strong></span> 
     </span>
    </p>
   </div>
   <div class='ocr_carea' id='block_1_98' title="bbox 329 5150 1928 5225">
    <p class='ocr_par' dir='ltr' id='par_1_98' title="bbox 329 5150 1928 5225">
     <span class='ocr_line' id='line_1_98' title="bbox 329 5150 1928 5225; baseline -0.003 -18"><span class='ocrx_word' id='word_1_722' title='bbox 329 5152 493 5223; x_wconf 84' lang='lat' dir='ltr'><strong>capite</strong></span> <span class='ocrx_word' id='word_1_723' title='bbox 524 5155 816 5207; x_wconf 86' lang='lat' dir='ltr'><strong>consultant</strong></span> <span class='ocrx_word' id='word_1_724' title='bbox 865 5151 1241 5225; x_wconf 88' lang='lat' dir='ltr'><strong>(Tertullian.,</strong></span> <span class='ocrx_word' id='word_1_725' title='bbox 1299 5151 1395 5206; x_wconf 89' lang='lat' dir='ltr'><strong>loc.</strong></span> <span class='ocrx_word' id='word_1_726' title='bbox 1432 5152 1566 5222; x_wconf 86' lang='lat' dir='ltr'><strong>cit.).</strong></span> <span class='ocrx_word' id='word_1_727' title='bbox 1625 5151 1734 5206; x_wconf 79' lang='lat' dir='ltr'><strong>Cur</strong></span> <span class='ocrx_word' id='word_1_728' title='bbox 1785 5150 1928 5205; x_wconf 86' lang='lat' dir='ltr'><strong>enim</strong></span> 
     </span>
    </p>
   </div>
   <div class='ocr_carea' id='block_1_99' title="bbox 329 5244 1934 5316">
    <p class='ocr_par' dir='ltr' id='par_1_99' title="bbox 329 5244 1934 5316">
     <span class='ocr_line' id='line_1_99' title="bbox 329 5244 1934 5316; baseline -0.003 -14"><span class='ocrx_word' id='word_1_729' title='bbox 329 5259 428 5302; x_wconf 86' lang='lat' dir='ltr'><strong>eos</strong></span> <span class='ocrx_word' id='word_1_730' title='bbox 484 5255 630 5300; x_wconf 84' lang='lat' dir='ltr'><strong>tanta</strong></span> <span class='ocrx_word' id='word_1_731' title='bbox 684 5245 994 5301; x_wconf 86' lang='lat' dir='ltr'><strong>curiositate</strong></span> <span class='ocrx_word' id='word_1_732' title='bbox 1054 5244 1450 5311; x_wconf 72' lang='lat' dir='ltr'><strong>consulebant,</strong></span> <span class='ocrx_word' id='word_1_733' title='bbox 1504 5245 1604 5299; x_wconf 90' lang='lat' dir='ltr'><strong>nisi</strong></span> <span class='ocrx_word' id='word_1_734' title='bbox 1657 5245 1778 5316; x_wconf 88' lang='lat' dir='ltr'><strong>quia</strong></span> <span class='ocrx_word' id='word_1_735' title='bbox 1843 5251 1934 5297; x_wconf 92' lang='lat' dir='ltr'><strong>aut</strong></span> 
     </span>
    </p>
   </div>
   <div class='ocr_carea' id='block_1_100' title="bbox 329 5337 1932 5411">
    <p class='ocr_par' dir='ltr' id='par_1_100' title="bbox 329 5337 1932 5411">
     <span class='ocr_line' id='line_1_100' title="bbox 329 5337 1932 5411; baseline -0.003 -15"><span class='ocrx_word' id='word_1_736' title='bbox 329 5339 643 5411; x_wconf 80' lang='lat' dir='ltr'><strong>cogitabant</strong></span> <span class='ocrx_word' id='word_1_737' title='bbox 691 5339 758 5394; x_wconf 90' lang='lat' dir='ltr'><strong>de</strong></span> <span class='ocrx_word' id='word_1_738' title='bbox 810 5339 984 5392; x_wconf 81' lang='lat' dir='ltr'><strong>futura</strong></span> <span class='ocrx_word' id='word_1_739' title='bbox 1029 5337 1306 5392; x_wconf 78' lang='lat' dir='ltr'><strong>Caesarum</strong></span> <span class='ocrx_word' id='word_1_740' title='bbox 1337 5346 1546 5400; x_wconf 91' lang='lat' dir='ltr'><strong>morte,</strong></span> <span class='ocrx_word' id='word_1_741' title='bbox 1596 5352 1755 5406; x_wconf 88' lang='lat' dir='ltr'><strong>quam</strong></span> <span class='ocrx_word' id='word_1_742' title='bbox 1786 5346 1932 5391; x_wconf 86' lang='lat' dir='ltr'><strong>certe</strong></span> 
     </span>
    </p>
   </div>
   <div class='ocr_carea' id='block_1_101' title="bbox 330 5427 1932 5502">
    <p class='ocr_par' dir='ltr' id='par_1_101' title="bbox 330 5427 1932 5502">
     <span class='ocr_line' id='line_1_101' title="bbox 330 5427 1932 5502; baseline -0.006 -13"><span class='ocrx_word' id='word_1_743' title='bbox 330 5433 620 5502; x_wconf 82' lang='lat' dir='ltr'><strong>Cupiebant</strong></span> <span class='ocrx_word' id='word_1_744' title='bbox 674 5433 818 5488; x_wconf 84' lang='lat' dir='ltr'><strong>brevi</strong></span> <span class='ocrx_word' id='word_1_745' title='bbox 878 5439 1118 5500; x_wconf 87' lang='lat' dir='ltr'><strong>tempore</strong></span> <span class='ocrx_word' id='word_1_746' title='bbox 1170 5428 1422 5482; x_wconf 78' lang='lat' dir='ltr'><strong>futuram.</strong></span> <span class='ocrx_word' id='word_1_747' title='bbox 1462 5427 1595 5481; x_wconf 84' lang='lat' dir='ltr'><strong>Nam</strong></span> <span class='ocrx_word' id='word_1_748' title='bbox 1644 5428 1932 5481; x_wconf 88' lang='lat' dir='ltr'><strong>continen—</strong></span> 
     </span>
    </p>
   </div>
   <div class='ocr_carea' id='block_1_102' title="bbox 332 5519 1930 5589">
    <p class='ocr_par' dir='ltr' id='par_1_102' title="bbox 332 5519 1930 5589">
     <span class='ocr_line' id='line_1_102' title="bbox 332 5519 1930 5589; baseline -0.006 -7"><span class='ocrx_word' id='word_1_749' title='bbox 332 5534 418 5583; x_wconf 86' lang='lat' dir='ltr'><strong>ter</strong></span> <span class='ocrx_word' id='word_1_750' title='bbox 481 5527 569 5582; x_wconf 88' lang='lat' dir='ltr'><strong>ille</strong></span> <span class='ocrx_word' id='word_1_751' title='bbox 627 5527 759 5580; x_wconf 77' lang='lat' dir='ltr'><strong>dixit</strong></span> <span class='ocrx_word' id='word_1_752' title='bbox 817 5543 831 5579; x_wconf 89' lang='lat'><strong>:</strong></span> <span class='ocrx_word' id='word_1_753' title='bbox 884 5525 1007 5580; x_wconf 83' lang='lat' dir='ltr'><strong>Non</strong></span> <span class='ocrx_word' id='word_1_754' title='bbox 1040 5541 1100 5579; x_wconf 89' lang='lat' dir='ltr'><strong>ea</strong></span> <span class='ocrx_word' id='word_1_755' title='bbox 1163 5531 1325 5576; x_wconf 84' lang='lat' dir='ltr'><strong>mente</strong></span> <span class='ocrx_word' id='word_1_756' title='bbox 1387 5521 1449 5574; x_wconf 86' lang='lat' dir='ltr'><strong>de</strong></span> <span class='ocrx_word' id='word_1_757' title='bbox 1487 5519 1689 5581; x_wconf 86' lang='lat' dir='ltr'><strong>charis,</strong></span> <span class='ocrx_word' id='word_1_758' title='bbox 1723 5519 1776 5572; x_wconf 92' lang='lat' dir='ltr'><strong>id</strong></span> <span class='ocrx_word' id='word_1_759' title='bbox 1813 5529 1930 5589; x_wconf 84' lang='lat' dir='ltr'><strong>est,</strong></span> 
     </span>
    </p>
   </div>
   <div class='ocr_carea' id='block_1_103' title="bbox 332 5609 1936 5690">
    <p class='ocr_par' dir='ltr' id='par_1_103' title="bbox 332 5609 1936 5690">
     <span class='ocr_line' id='line_1_103' title="bbox 332 5609 1936 5690; baseline -0.006 -14"><span class='ocrx_word' id='word_1_760' title='bbox 332 5620 746 5690; x_wconf 73' lang='lat' dir='ltr'><strong>consanguineis</strong></span> <span class='ocrx_word' id='word_1_761' title='bbox 777 5628 948 5688; x_wconf 76' lang='lat' dir='ltr'><strong>&quot;atque</strong></span> <span class='ocrx_word' id='word_1_762' title='bbox 1003 5617 1312 5686; x_wconf 89' lang='lat' dir='ltr'><strong>parentibus</strong></span> <span class='ocrx_word' id='word_1_763' title='bbox 1336 5656 1351 5681; x_wconf 96' lang='lat'><strong>,</strong></span> <span class='ocrx_word' id='word_1_764' title='bbox 1399 5613 1712 5675; x_wconf 89' lang='lat' dir='ltr'><strong>consulitur,</strong></span> <span class='ocrx_word' id='word_1_765' title='bbox 1743 5627 1844 5680; x_wconf 88' lang='lat' dir='ltr'><strong>qua</strong></span> <span class='ocrx_word' id='word_1_766' title='bbox 1869 5609 1936 5667; x_wconf 83' lang='lat' dir='ltr'><strong>de</strong></span> 
     </span>
    </p>
   </div>
   <div class='ocr_carea' id='block_1_104' title="bbox 334 5705 1935 5784">
    <p class='ocr_par' dir='ltr' id='par_1_104' title="bbox 334 5705 1935 5784">
     <span class='ocr_line' id='line_1_104' title="bbox 334 5705 1935 5784; baseline -0.005 -16"><span class='ocrx_word' id='word_1_767' title='bbox 334 5714 555 5768; x_wconf 84' lang='lat' dir='ltr'><strong>dominis</strong></span> <span class='ocrx_word' id='word_1_768' title='bbox 585 5711 922 5784; x_wconf 86' lang='lat' dir='ltr'><strong>(Tertullian.</strong></span> <span class='ocrx_word' id='word_1_769' title='bbox 946 5752 960 5776; x_wconf 93' lang='lat'><strong>,</strong></span> <span class='ocrx_word' id='word_1_770' title='bbox 984 5709 1080 5764; x_wconf 89' lang='lat' dir='ltr'><strong>loc.</strong></span> <span class='ocrx_word' id='word_1_771' title='bbox 1106 5710 1189 5762; x_wconf 88' lang='lat' dir='ltr'><strong>cit.</strong></span> <span class='ocrx_word' id='word_1_772' title='bbox 1222 5725 1338 5778; x_wconf 85' lang='lat' dir='ltr'><strong>pag.</strong></span> <span class='ocrx_word' id='word_1_773' title='bbox 1371 5705 1506 5775; x_wconf 74' lang='grc'><strong>459)</strong></span> <span class='ocrx_word' id='word_1_774' title='bbox 1528 5748 1540 5768; x_wconf 87' lang='grc'><strong>,</strong></span> <span class='ocrx_word' id='word_1_775' title='bbox 1567 5719 1700 5774; x_wconf 89' lang='lat' dir='ltr'><strong>quos</strong></span> <span class='ocrx_word' id='word_1_776' title='bbox 1727 5705 1935 5760; x_wconf 86' lang='lat' dir='ltr'><strong>sincere</strong></span> 
     </span>
    </p>
   </div>
   <div class='ocr_carea' id='block_1_105' title="bbox 335 5798 1936 5874">
    <p class='ocr_par' dir='ltr' id='par_1_105' title="bbox 335 5798 1936 5874">
     <span class='ocr_line' id='line_1_105' title="bbox 335 5798 1936 5874; baseline -0.006 -12"><span class='ocrx_word' id='word_1_777' title='bbox 335 5819 446 5862; x_wconf 87' lang='lat' dir='ltr'><strong>non</strong></span> <span class='ocrx_word' id='word_1_778' title='bbox 493 5803 780 5868; x_wconf 71' lang='lat' dir='ltr'><strong>diligimus.</strong></span> <span class='ocrx_word' id='word_1_779' title='bbox 825 5804 899 5860; x_wconf 91' lang='lat' dir='ltr'><strong>De</strong></span> <span class='ocrx_word' id='word_1_780' title='bbox 947 5801 1132 5874; x_wconf 88' lang='lat' dir='ltr'><strong>primis</strong></span> <span class='ocrx_word' id='word_1_781' title='bbox 1176 5799 1437 5871; x_wconf 88' lang='lat' dir='ltr'><strong>siquidem</strong></span> <span class='ocrx_word' id='word_1_782' title='bbox 1489 5798 1691 5851; x_wconf 88' lang='lat' dir='ltr'><strong>curiosa</strong></span> <span class='ocrx_word' id='word_1_783' title='bbox 1732 5808 1832 5861; x_wconf 85' lang='lat' dir='ltr'><strong>est,</strong></span> <span class='ocrx_word' id='word_1_784' title='bbox 1862 5798 1936 5853; x_wconf 89' lang='lat' dir='ltr'><strong>ait</strong></span> 
     </span>
    </p>
   </div>
   <div class='ocr_carea' id='block_1_106' title="bbox 334 5888 1934 5966">
    <p class='ocr_par' dir='ltr' id='par_1_106' title="bbox 334 5888 1934 5966">
     <span class='ocr_line' id='line_1_106' title="bbox 334 5888 1934 5966; baseline -0.007 -8"><span class='ocrx_word' id='word_1_785' title='bbox 334 5895 460 5966; x_wconf 80' lang='lat' dir='ltr'><strong>ille,</strong></span> <span class='ocrx_word' id='word_1_786' title='bbox 507 5894 794 5953; x_wconf 82' lang='lat' dir='ltr'><strong>sollicitudo</strong></span> <span class='ocrx_word' id='word_1_787' title='bbox 824 5894 1120 5966; x_wconf 82' lang='lat' dir='ltr'><strong>sanguinis,</strong></span> <span class='ocrx_word' id='word_1_788' title='bbox 1165 5891 1267 5952; x_wconf 90' lang='lat' dir='ltr'><strong>hoc</strong></span> <span class='ocrx_word' id='word_1_789' title='bbox 1295 5901 1414 5958; x_wconf 86' lang='lat' dir='ltr'><strong>est,</strong></span> <span class='ocrx_word' id='word_1_790' title='bbox 1455 5889 1701 5958; x_wconf 89' lang='lat' dir='ltr'><strong>illorum,</strong></span> <span class='ocrx_word' id='word_1_791' title='bbox 1741 5888 1934 5962; x_wconf 85' lang='lat' dir='ltr'><strong>quibus</strong></span> 
     </span>
    </p>
   </div>
   <div class='ocr_carea' id='block_1_107' title="bbox 2032 4758 3630 4836">
    <p class='ocr_par' dir='ltr' id='par_1_107' title="bbox 2032 4758 3630 4836">
     <span class='ocr_line' id='line_1_107' title="bbox 2032 4758 3630 4836; baseline -0.006 -15"><span class='ocrx_word' id='word_1_792' title='bbox 2032 4769 2153 4832; x_wconf 90' lang='lat' dir='ltr'><strong>bita,</strong></span> <span class='ocrx_word' id='word_1_793' title='bbox 2188 4783 2288 4820; x_wconf 88' lang='lat' dir='ltr'><strong>non</strong></span> <span class='ocrx_word' id='word_1_794' title='bbox 2316 4767 2369 4820; x_wconf 89' lang='lat' dir='ltr'><strong>in</strong></span> <span class='ocrx_word' id='word_1_795' title='bbox 2395 4762 2689 4836; x_wconf 72' lang='lat' dir='ltr'><strong>hujusmorli</strong></span> <span class='ocrx_word' id='word_1_796' title='bbox 2741 4761 2916 4832; x_wconf 73' lang='lat' dir='ltr'><strong>ofﬁciis</strong></span> <span class='ocrx_word' id='word_1_797' title='bbox 2941 4760 3200 4822; x_wconf 87' lang='lat' dir='ltr'><strong>consistit,</strong></span> <span class='ocrx_word' id='word_1_798' title='bbox 3228 4758 3406 4829; x_wconf 85' lang='lat' dir='ltr'><strong>quibus</strong></span> <span class='ocrx_word' id='word_1_799' title='bbox 3432 4758 3630 4813; x_wconf 78' lang='lat' dir='ltr'><strong>hostili-</strong></span> 
     </span>
    </p>
   </div>
   <div class='ocr_carea' id='block_1_108' title="bbox 2031 4851 3632 4932">
    <p class='ocr_par' dir='ltr' id='par_1_108' title="bbox 2031 4851 3632 4932">
     <span class='ocr_line' id='line_1_108' title="bbox 2031 4851 3632 4932; baseline -0.006 -16"><span class='ocrx_word' id='word_1_800' title='bbox 2031 4873 2109 4917; x_wconf 89' lang='lat' dir='ltr'><strong>tas</strong></span> <span class='ocrx_word' id='word_1_801' title='bbox 2139 4863 2304 4932; x_wconf 87' lang='lat' dir='ltr'><strong>utagis</strong></span> <span class='ocrx_word' id='word_1_802' title='bbox 2329 4862 2395 4914; x_wconf 88' lang='lat' dir='ltr'><strong>ad</strong></span> <span class='ocrx_word' id='word_1_803' title='bbox 2425 4861 2762 4914; x_wconf 84' lang='lat' dir='ltr'><strong>uelamentum</strong></span> <span class='ocrx_word' id='word_1_804' title='bbox 2786 4857 2864 4912; x_wconf 83' lang='lat' dir='ltr'><strong>sui</strong></span> <span class='ocrx_word' id='word_1_805' title='bbox 2887 4864 3048 4928; x_wconf 78' lang='lat' dir='ltr'><strong>potest</strong></span> <span class='ocrx_word' id='word_1_806' title='bbox 3078 4853 3223 4923; x_wconf 81' lang='lat' dir='ltr'><strong>[ungi</strong></span> <span class='ocrx_word' id='word_1_807' title='bbox 3250 4851 3456 4924; x_wconf 85' lang='lat' dir='ltr'><strong>(Idem,</strong></span> <span class='ocrx_word' id='word_1_808' title='bbox 3491 4852 3632 4921; x_wconf 81' lang='lat' dir='ltr'><strong>Apo-</strong></span> 
     </span>
    </p>
   </div>
   <div class='ocr_carea' id='block_1_109' title="bbox 2033 4943 3634 5026">
    <p class='ocr_par' dir='ltr' id='par_1_109' title="bbox 2033 4943 3634 5026">
     <span class='ocr_line' id='line_1_109' title="bbox 2033 4943 3634 5026; baseline -0.006 -16"><span class='ocrx_word' id='word_1_809' title='bbox 2033 4956 2210 5026; x_wconf 86' lang='lat' dir='ltr'><strong>loget.,</strong></span> <span class='ocrx_word' id='word_1_810' title='bbox 2252 4969 2366 5024; x_wconf 89' lang='lat' dir='ltr'><strong>cap.</strong></span> <span class='ocrx_word' id='word_1_811' title='bbox 2407 4953 2496 5016; x_wconf 74' lang='lat'><strong>36,</strong></span> <span class='ocrx_word' id='word_1_812' title='bbox 2526 4969 2579 5024; x_wconf 90' lang='lat' dir='ltr'><strong>p.</strong></span> <span class='ocrx_word' id='word_1_813' title='bbox 2609 4950 2772 5019; x_wconf 72' lang='grc'>460),</span> <span class='ocrx_word' id='word_1_814' title='bbox 2816 4947 2866 5002; x_wconf 90' lang='lat' dir='ltr'><strong>id</strong></span> <span class='ocrx_word' id='word_1_815' title='bbox 2911 4957 2992 5002; x_wconf 86' lang='lat' dir='ltr'><strong>est</strong></span> <span class='ocrx_word' id='word_1_816' title='bbox 3019 4986 3034 5014; x_wconf 97' lang='lat'><strong>,</strong></span> <span class='ocrx_word' id='word_1_817' title='bbox 3085 4946 3278 5017; x_wconf 87' lang='lat' dir='ltr'><strong>quibus</strong></span> <span class='ocrx_word' id='word_1_818' title='bbox 3308 4943 3494 5015; x_wconf 76' lang='lat' dir='ltr'><strong>religio</strong></span> <span class='ocrx_word' id='word_1_819' title='bbox 3535 4944 3634 5000; x_wconf 76' lang='lat' dir='ltr'><strong>sub</strong></span> 
     </span>
    </p>
   </div>
   <div class='ocr_carea' id='block_1_110' title="bbox 2035 5041 3634 5115">
    <p class='ocr_par' dir='ltr' id='par_1_110' title="bbox 2035 5041 3634 5115">
     <span class='ocr_line' id='line_1_110' title="bbox 2035 5041 3634 5115; baseline -0.007 -11"><span class='ocrx_word' id='word_1_820' title='bbox 2035 5048 2304 5104; x_wconf 88' lang='lat' dir='ltr'><strong>umbratili</strong></span> <span class='ocrx_word' id='word_1_821' title='bbox 2339 5045 2486 5100; x_wconf 74' lang='lat' dir='ltr'><strong>lalsre</strong></span> <span class='ocrx_word' id='word_1_822' title='bbox 2516 5046 2727 5115; x_wconf 88' lang='lat' dir='ltr'><strong>pietatis</strong></span> <span class='ocrx_word' id='word_1_823' title='bbox 2754 5044 2900 5098; x_wconf 89' lang='lat' dir='ltr'><strong>larva</strong></span> <span class='ocrx_word' id='word_1_824' title='bbox 2929 5051 3106 5112; x_wconf 88' lang='lat' dir='ltr'><strong>potest</strong></span> <span class='ocrx_word' id='word_1_825' title='bbox 3134 5041 3397 5111; x_wconf 74' lang='lat' dir='ltr'><strong>perﬁdum</strong></span> <span class='ocrx_word' id='word_1_826' title='bbox 3417 5081 3432 5104; x_wconf 91' lang='lat'><strong>,</strong></span> <span class='ocrx_word' id='word_1_827' title='bbox 3463 5041 3634 5094; x_wconf 83' lang='lat' dir='ltr'><strong>hosti-</strong></span> 
     </span>
    </p>
   </div>
   <div class='ocr_carea' id='block_1_111' title="bbox 2035 5131 3634 5214">
    <p class='ocr_par' dir='ltr' id='par_1_111' title="bbox 2035 5131 3634 5214">
     <span class='ocr_line' id='line_1_111' title="bbox 2035 5131 3634 5214; baseline -0.008 -15"><span class='ocrx_word' id='word_1_828' title='bbox 2035 5145 2250 5214; x_wconf 87' lang='lat' dir='ltr'><strong>lemque</strong></span> <span class='ocrx_word' id='word_1_829' title='bbox 2274 5140 2546 5195; x_wconf 88' lang='lat' dir='ltr'><strong>occultare</strong></span> <span class='ocrx_word' id='word_1_830' title='bbox 2572 5138 2830 5192; x_wconf 89' lang='lat' dir='ltr'><strong>animum.</strong></span> <span class='ocrx_word' id='word_1_831' title='bbox 2861 5138 2931 5190; x_wconf 83' lang='lat' dir='ltr'><strong>At</strong></span> <span class='ocrx_word' id='word_1_832' title='bbox 2978 5136 3148 5203; x_wconf 86' lang='lat' dir='ltr'><strong>pietas</strong></span> <span class='ocrx_word' id='word_1_833' title='bbox 3190 5147 3244 5190; x_wconf 92' lang='lat' dir='ltr'><strong>et</strong></span> <span class='ocrx_word' id='word_1_834' title='bbox 3284 5135 3470 5204; x_wconf 85' lang='lat' dir='ltr'><strong>religio</strong></span> <span class='ocrx_word' id='word_1_835' title='bbox 3501 5131 3634 5186; x_wconf 64' lang='lat' dir='ltr'><strong>rosio</strong></span> 
     </span>
    </p>
   </div>
   <div class='ocr_carea' id='block_1_112' title="bbox 2038 5226 3637 5300">
    <p class='ocr_par' dir='ltr' id='par_1_112' title="bbox 2038 5226 3637 5300">
     <span class='ocr_line' id='line_1_112' title="bbox 2038 5226 3637 5300; baseline -0.008 -9"><span class='ocrx_word' id='word_1_836' title='bbox 2038 5235 2130 5291; x_wconf 88' lang='lat' dir='ltr'><strong>det</strong></span> <span class='ocrx_word' id='word_1_837' title='bbox 2173 5235 2224 5288; x_wconf 89' lang='lat' dir='ltr'><strong>in</strong></span> <span class='ocrx_word' id='word_1_838' title='bbox 2273 5233 2335 5286; x_wconf 84' lang='lat' dir='ltr'><strong>iis</strong></span> <span class='ocrx_word' id='word_1_839' title='bbox 2363 5233 2616 5292; x_wconf 84' lang='lat' dir='ltr'><strong>moribus,</strong></span> <span class='ocrx_word' id='word_1_840' title='bbox 2646 5230 2826 5300; x_wconf 87' lang='lat' dir='ltr'><strong>quibus</strong></span> <span class='ocrx_word' id='word_1_841' title='bbox 2853 5227 3070 5283; x_wconf 84' lang='lat' dir='ltr'><strong>ciuilitas</strong></span> <span class='ocrx_word' id='word_1_842' title='bbox 3103 5237 3206 5280; x_wconf 88' lang='lat' dir='ltr'><strong>tam</strong></span> <span class='ocrx_word' id='word_1_843' title='bbox 3242 5243 3356 5282; x_wconf 82' lang='lat' dir='ltr'><strong>vere</strong></span> <span class='ocrx_word' id='word_1_844' title='bbox 3397 5227 3449 5278; x_wconf 90' lang='lat' dir='ltr'><strong>in</strong></span> <span class='ocrx_word' id='word_1_845' title='bbox 3480 5226 3637 5294; x_wconf 83' lang='lat' dir='ltr'><strong>impe-</strong></span> 
     </span>
    </p>
   </div>
   <div class='ocr_carea' id='block_1_113' title="bbox 2039 5316 3634 5397">
    <p class='ocr_par' dir='ltr' id='par_1_113' title="bbox 2039 5316 3634 5397">
     <span class='ocr_line' id='line_1_113' title="bbox 2039 5316 3634 5397; baseline -0.01 -12"><span class='ocrx_word' id='word_1_846' title='bbox 2039 5339 2281 5392; x_wconf 89' lang='lat' dir='ltr'><strong>ratorem,</strong></span> <span class='ocrx_word' id='word_1_847' title='bbox 2307 5342 2458 5397; x_wconf 86' lang='lat' dir='ltr'><strong>quant</strong></span> <span class='ocrx_word' id='word_1_848' title='bbox 2497 5325 2631 5378; x_wconf 90' lang='lat' dir='ltr'><strong>circa</strong></span> <span class='ocrx_word' id='word_1_849' title='bbox 2665 5340 2836 5378; x_wconf 86' lang='lat' dir='ltr'><strong>omnes</strong></span> <span class='ocrx_word' id='word_1_850' title='bbox 2872 5321 3017 5375; x_wconf 90' lang='lat' dir='ltr'><strong>habet</strong></span> <span class='ocrx_word' id='word_1_851' title='bbox 3039 5321 3284 5374; x_wconf 71' lang='lat' dir='ltr'><strong>exhiberi.</strong></span> <span class='ocrx_word' id='word_1_852' title='bbox 3317 5319 3388 5371; x_wconf 88' lang='lat' dir='ltr'><strong>Ita</strong></span> <span class='ocrx_word' id='word_1_853' title='bbox 3419 5316 3634 5387; x_wconf 89' lang='lat' dir='ltr'><strong>quidem</strong></span> 
     </span>
    </p>
   </div>
   <div class='ocr_carea' id='block_1_114' title="bbox 2037 5409 3638 5486">
    <p class='ocr_par' dir='ltr' id='par_1_114' title="bbox 2037 5409 3638 5486">
     <span class='ocr_line' id='line_1_114' title="bbox 2037 5409 3638 5486; baseline -0.01 -8"><span class='ocrx_word' id='word_1_854' title='bbox 2037 5438 2104 5478; x_wconf 77' lang='lat' dir='ltr'><strong>ex</strong></span> <span class='ocrx_word' id='word_1_855' title='bbox 2150 5421 2471 5478; x_wconf 86' lang='lat' dir='ltr'><strong>Woveriano</strong></span> <span class='ocrx_word' id='word_1_856' title='bbox 2516 5417 2738 5482; x_wconf 62' lang='lat' dir='ltr'><strong>adice,</strong></span> <span class='ocrx_word' id='word_1_857' title='bbox 2783 5425 2838 5470; x_wconf 89' lang='lat' dir='ltr'><strong>et</strong></span> <span class='ocrx_word' id='word_1_858' title='bbox 2883 5413 3198 5486; x_wconf 69' lang='lat' dir='ltr'><strong>quibusdam</strong></span> <span class='ocrx_word' id='word_1_859' title='bbox 3247 5409 3638 5466; x_wconf 86' lang='lat' dir='ltr'><strong>recentioribus</strong></span> 
     </span>
    </p>
   </div>
   <div class='ocr_carea' id='block_1_115' title="bbox 2036 5496 3636 5578">
    <p class='ocr_par' dir='ltr' id='par_1_115' title="bbox 2036 5496 3636 5578">
     <span class='ocr_line' id='line_1_115' title="bbox 2036 5496 3636 5578; baseline -0.009 -8"><span class='ocrx_word' id='word_1_860' title='bbox 2036 5496 2384 5570; x_wconf 79' lang='lat' dir='ltr'><strong>editionibus.</strong></span> <span class='ocrx_word' id='word_1_861' title='bbox 2419 5512 2472 5566; x_wconf 91' lang='lat' dir='ltr'><strong>In</strong></span> <span class='ocrx_word' id='word_1_862' title='bbox 2501 5509 2894 5578; x_wconf 87' lang='lat' dir='ltr'><strong>antiquioribus</strong></span> <span class='ocrx_word' id='word_1_863' title='bbox 2923 5523 3052 5563; x_wconf 85' lang='lat' dir='ltr'><strong>vero</strong></span> <span class='ocrx_word' id='word_1_864' title='bbox 3082 5547 3098 5571; x_wconf 87' lang='lat'><strong>,</strong></span> <span class='ocrx_word' id='word_1_865' title='bbox 3129 5513 3184 5560; x_wconf 89' lang='lat' dir='ltr'><strong>et</strong></span> <span class='ocrx_word' id='word_1_866' title='bbox 3214 5504 3411 5558; x_wconf 87' lang='lat' dir='ltr'><strong>nostris</strong></span> <span class='ocrx_word' id='word_1_867' title='bbox 3438 5501 3636 5556; x_wconf 80' lang='lat' dir='ltr'><strong>codici-</strong></span> 
     </span>
    </p>
   </div>
   <div class='ocr_carea' id='block_1_116' title="bbox 2036 5595 3632 5674">
    <p class='ocr_par' dir='ltr' id='par_1_116' title="bbox 2036 5595 3632 5674">
     <span class='ocr_line' id='line_1_116' title="bbox 2036 5595 3632 5674; baseline -0.011 -8"><span class='ocrx_word' id='word_1_868' title='bbox 2036 5609 2136 5666; x_wconf 82' lang='lat' dir='ltr'><strong>bus</strong></span> <span class='ocrx_word' id='word_1_869' title='bbox 2166 5606 2538 5673; x_wconf 85' lang='lat' dir='ltr'><strong>manuscriptis</strong></span> <span class='ocrx_word' id='word_1_870' title='bbox 2568 5605 2781 5674; x_wconf 89' lang='lat' dir='ltr'><strong>legitur,</strong></span> <span class='ocrx_word' id='word_1_871' title='bbox 2817 5603 2882 5657; x_wconf 83' lang='lat' dir='ltr'><strong>iis</strong></span> <span class='ocrx_word' id='word_1_872' title='bbox 2908 5601 3128 5655; x_wconf 79' lang='lat' dir='ltr'><strong>moribus</strong></span> <span class='ocrx_word' id='word_1_873' title='bbox 3149 5641 3162 5663; x_wconf 91' lang='lat'><strong>,</strong></span> <span class='ocrx_word' id='word_1_874' title='bbox 3187 5597 3365 5670; x_wconf 78' lang='lat' dir='ltr'><strong>quibus</strong></span> <span class='ocrx_word' id='word_1_875' title='bbox 3389 5595 3632 5650; x_wconf 80' lang='lat' dir='ltr'><strong>divinitas</strong></span> 
     </span>
    </p>
   </div>
   <div class='ocr_carea' id='block_1_117' title="bbox 2034 5686 3638 5772">
    <p class='ocr_par' dir='ltr' id='par_1_117' title="bbox 2034 5686 3638 5772">
     <span class='ocr_line' id='line_1_117' title="bbox 2034 5686 3638 5772; baseline -0.011 -14"><span class='ocrx_word' id='word_1_876' title='bbox 2034 5705 2270 5772; x_wconf 85' lang='lat' dir='ltr'><strong>imperat,</strong></span> <span class='ocrx_word' id='word_1_877' title='bbox 2301 5711 2403 5754; x_wconf 87' lang='lat' dir='ltr'><strong>tant</strong></span> <span class='ocrx_word' id='word_1_878' title='bbox 2429 5715 2560 5763; x_wconf 82' lang='lat' dir='ltr'><strong>vere,</strong></span> <span class='ocrx_word' id='word_1_879' title='bbox 2587 5713 2736 5763; x_wconf 84' lang='lat' dir='ltr'><strong>quant</strong></span> <span class='ocrx_word' id='word_1_880' title='bbox 2760 5696 2898 5750; x_wconf 85' lang='lat' dir='ltr'><strong>circa</strong></span> <span class='ocrx_word' id='word_1_881' title='bbox 2923 5708 3115 5757; x_wconf 79' lang='lat' dir='ltr'><strong>omnes,</strong></span> <span class='ocrx_word' id='word_1_882' title='bbox 3139 5688 3467 5760; x_wconf 88' lang='lat' dir='ltr'><strong>etc.(lbid.).</strong></span> <span class='ocrx_word' id='word_1_883' title='bbox 3493 5686 3638 5742; x_wconf 87' lang='lat' dir='ltr'><strong>Nou-</strong></span> 
     </span>
    </p>
   </div>
   <div class='ocr_carea' id='block_1_118' title="bbox 2038 5778 3638 5855">
    <p class='ocr_par' dir='ltr' id='par_1_118' title="bbox 2038 5778 3638 5855">
     <span class='ocr_line' id='line_1_118' title="bbox 2038 5778 3638 5855; baseline -0.01 -4"><span class='ocrx_word' id='word_1_884' title='bbox 2038 5809 2106 5852; x_wconf 87' lang='lat' dir='ltr'><strong>uc</strong></span> <span class='ocrx_word' id='word_1_885' title='bbox 2134 5802 2310 5850; x_wconf 89' lang='lat' dir='ltr'><strong>autem</strong></span> <span class='ocrx_word' id='word_1_886' title='bbox 2360 5801 2438 5848; x_wconf 92' lang='lat' dir='ltr'><strong>tot</strong></span> <span class='ocrx_word' id='word_1_887' title='bbox 2476 5789 2787 5846; x_wconf 84' lang='lat' dir='ltr'><strong>vetustioris</strong></span> <span class='ocrx_word' id='word_1_888' title='bbox 2825 5784 3167 5855; x_wconf 85' lang='lat' dir='ltr'><strong>meliorisque</strong></span> <span class='ocrx_word' id='word_1_889' title='bbox 3212 5792 3350 5838; x_wconf 75' lang='lat' dir='ltr'><strong>notae</strong></span> <span class='ocrx_word' id='word_1_890' title='bbox 3393 5778 3638 5837; x_wconf 86' lang='lat' dir='ltr'><strong>codicum</strong></span> 
     </span>
    </p>
   </div>
   <div class='ocr_carea' id='block_1_119' title="bbox 2037 5877 3642 5959">
    <p class='ocr_par' dir='ltr' id='par_1_119' title="bbox 2037 5877 3642 5959">
     <span class='ocr_line' id='line_1_119' title="bbox 2037 5877 3642 5959; baseline -0.011 -11"><span class='ocrx_word' id='word_1_891' title='bbox 2037 5888 2327 5948; x_wconf 70' lang='lat' dir='ltr'><strong>auctoritas</strong></span> <span class='ocrx_word' id='word_1_892' title='bbox 2357 5883 2608 5959; x_wconf 82' lang='lat' dir='ltr'><strong>majoris,</strong></span> <span class='ocrx_word' id='word_1_893' title='bbox 2641 5898 2802 5958; x_wconf 87' lang='lat' dir='ltr'><strong>quam</strong></span> <span class='ocrx_word' id='word_1_894' title='bbox 2833 5881 2991 5940; x_wconf 81' lang='lat' dir='ltr'><strong>unius</strong></span> <span class='ocrx_word' id='word_1_895' title='bbox 3027 5877 3362 5949; x_wconf 80' lang='lat' dir='ltr'><strong>Woveriani,</strong></span> <span class='ocrx_word' id='word_1_896' title='bbox 3395 5884 3480 5934; x_wconf 79' lang='lat' dir='ltr'><strong>est</strong></span> <span class='ocrx_word' id='word_1_897' title='bbox 3509 5887 3642 5949; x_wconf 51' lang='lat' dir='ltr'><strong>pen.</strong></span> 
     </span>
    </p>
   </div>
  </div>
