4212 6262
576 391 722 449 4065

583 505 771 564 deris?
804 501 987 572 Neque
1013 492 1214 550 dixeris
1244 502 1441 546 nomen
1470 483 1710 548 civililas,
1739 495 1846 550 quo
1874 477 2069 534 civium
2095 488 2184 529 so-

585 601 750 656 cietas
802 604 857 650 et
903 569 1190 646 concordia
1243 581 1614 652 significatur,
1668 573 1839 645 magis
1886 569 2177 626 convenire

584 685 901 747 Tertulliani
932 680 1229 753 proposito.
1254 677 1326 731 De
1354 673 1595 728 moribus
1642 669 1918 725 enimvero
1945 663 2179 741 loquitur

587 802 618 842 a
650 784 761 839 Deo
789 776 1064 851 imperatis
1084 817 1099 842 ,
1131 773 1326 844 quibus
1354 765 1541 837 religio
1571 774 1628 820 et
1668 764 1837 835 pictas
1865 760 1917 812 in
1950 759 2181 826 impera—

590 887 762 934 torem
816 845 1111 938 omnesque
1178 863 1316 918 alios
1369 857 1608 915 exhiberi
1655 854 1833 910 debet.
1876 850 2008 907 Nam
2057 845 2181 902 inde

588 970 752 1027 etiam
782 963 1089 1022 evidentius
1116 958 1514 1014 demonstratur
1557 946 1892 1005 Christianos
1914 985 1932 1011 ,
1963 942 2052 1013 qui
2089 940 2180 994 Dei

589 1063 670 1125 sui
692 1058 899 1131 legibus
928 1070 1031 1110 non
1061 1064 1249 1123 parere
1270 1045 1420 1103 nefas
1445 1042 1731 1104 ducebant,
1758 1039 1974 1092 sincero
2001 1031 2183 1087 animo

590 1155 968 1224 imperatorem
1015 1140 1403 1204 honoravissc,
1459 1150 1523 1190 ac
1582 1129 1804 1204 proinde
1857 1141 1956 1182 nec
2001 1125 2184 1179 hostes

598 1245 766 1304 fuisse
794 1242 1036 1313 publicos
1061 1279 1077 1307 ,
1109 1251 1209 1292 nec
1237 1249 1358 1291 reos
1383 1219 1529 1286 laesa:
1552 1223 1848 1296 majestatis
1876 1220 2145 1275 humanae.

1228 1382 1524 1428 ARTICULUS
1570 1380 1625 1419 ν.

592 1504 719 1573 Qute
742 1501 842 1558 sint
870 1495 1064 1553 illicita:
1087 1489 1330 1565 {actiones
1349 1528 1364 1548 .
1391 1500 1451 1538 ac
1476 1488 1723 1553 quantutn
1757 1474 1819 1530 ab
1840 1474 1912 1529 eis
1941 1472 2188 1541 discrepet

662 1599 749 1670 pia
777 1590 972 1651 vivendi
994 1563 1124 1643 ratio
1151 1580 1582 1641 Christianorum,
1606 1573 1689 1645 qui
1714 1569 1962 1624 immerito
1989 1563 2190 1638 factiosi

662 1662 956 1749 dicebantur
976 1726 991 1751 ,
1022 1682 1141 1755 quia
1166 1673 1566 1749 spectaculorum
1593 1665 1851 1741 fugiebant
1876 1662 2185 1728 voluptates,

662 1796 862 1855 tantque
886 1751 1049 1834 licitas
1068 1770 1404 1834 sectabantur,
1431 1778 1585 1835 quam
1609 1761 1727 1816 aliis
1753 1755 2019 1830 prohibitis
2060 1751 2189 1823 Epi-

661 1875 800 1934 curei
828 1881 874 1928 et
903 1869 993 1925 alii
1020 1860 1370 1935 indulgebant.

668 1988 838 2047 Nullis
868 1996 1100 2055 unquam
1149 1973 1444 2033 rationibus
1469 2012 1485 2038 ,
1517 1969 1678 2025 etiam
1713 1964 2071 2040 validissimis,
2105 1974 2191 2016 se-

593 2085 708 2143 dari
732 2081 906 2154 potuit
920 2054 1255 2146 implacabile
1270 2066 1548 2139 gentilium
1567 2060 1964 2117 inChristianos
1985 2054 2186 2109 odium:

594 2177 690 2235 sed
721 2148 889 2243 magis
926 2166 1200 2237 magisque
1238 2157 1586 2214 clamitabant
1614 2152 1826 2208 illorum
1864 2148 2148 2203 factionem
2171 2182 2188 2209 ,

595 2279 648 2326 et
700 2238 1116 2338 imperatoribus
1158 2264 1213 2311 et
1256 2250 1565 2321 reipublicae
1620 2245 1777 2317 plane
1820 2238 2142 2296 contrariam
2172 2276 2190 2305 ,

592 2329 925 2419 evellendam
955 2366 1077 2408 esse
1111 2345 1384 2403 radicitus.
1426 2340 1543 2397 Non
1581 2338 1811 2393 obscure
1853 2342 2033 2387 autem
2060 2329 2193 2384 Ter-

572 2450 852 2510 ltullianus
873 2444 1045 2501 innttit
1068 2437 1316 2496 [actionis
1342 2449 1539 2491 nomen
1573 2432 1624 2485 in
1654 2433 1848 2485 bonam
1879 2425 2188 2494 malamque

595 2554 800 2617 partem
826 2539 993 2607 accipi
1019 2528 1372 2607 (Tertullian.,
1395 2524 1690 2597 Apologet.,
1707 2535 1823 2590 cap.
1842 2517 1934 2585 58,
1959 2534 2012 2588 p.
2035 2513 2191 2585 464).

594 2604 788 2693 ίθθειυε
829 2604 1082 2701 quoque,
1142 2620 1321 2677 Factio
1353 2660 1370 2688 ,
1422 2615 1624 2685 inquit,
1668 2622 1717 2666 ct
1758 2609 2003 2681 factiosus
2044 2604 2194 2660 initio

596 2727 807 2783 honesta
843 2697 1089 2777 vocabula
1130 2725 1295 2772 erant.
1337 2709 1485 2767 Unde
1515 2706 1663 2761 etiam
1704 2702 1949 2777 factiones
1986 2697 2193 2752 histrio-

595 2836 718 2876 num
736 2827 782 2873 et
801 2816 1164 2888 quadrigarum
1190 2810 1446 2863 dicuntur.
1477 2801 1634 2857 Modo
1659 2808 1827 2852 autem
1854 2792 2055 2849 nomine
2081 2790 2195 2861 fac-

598 2910 751 2969 tionis
776 2879 1058 2974 seditio,'et
1084 2920 1230 2960 arma
1257 2908 1503 2956 vocantur
1527 2890 1791 2968 (Fest.,de
1831 2886 2024 2959 Signif.
2054 2879 2195 2937 verb.

598 2982 715 3078 cap.
744 3003 782 3058 2
800 3042 815 3070 ,
841 3000 909 3055 ad
934 3017 982 3055 v.
1013 2994 1200 3053 Factio
1223 2994 1262 3065 ).
1312 2987 1646 3047 Circensium
1673 2982 1834 3039 etiam
1864 2978 2154 3034 factionum
2179 3013 2195 3040 ,

598 3066 733 3172 quas
758 3093 957 3153 ethnici
983 3089 1149 3146 malas
1169 3101 1292 3143 esse
1318 3098 1422 3139 non
1449 3081 1740 3153 putabant,
1772 3071 1973 3130 mentio
2000 3066 2198 3136 sapius

599 3158 737 3248 facta
763 3198 847 3246 est
875 3187 927 3241 in
952 3181 1192 3240 Suetonii
1224 3177 1488 3252 (Sueton.,
1516 3172 1603 3227 lib.
1636 3169 1703 3236 V,
1734 3169 1797 3222 de
1826 3162 2034 3229 Claud.,
2065 3158 2094 3233 §
2125 3160 2159 3216 5
2179 3200 2196 3227 ,

1666 366 1733 424 IN
1762 337 2233 424 aerisonum
2268 345 2802 412 APOLOGETICUM

2212 471 2266 533 Α
2290 465 2608 541 tiqnioribus
2636 461 2793 518 editis
2816 456 3045 528 legimus
3064 495 3078 519 ,
3109 454 3172 508 de
3205 446 3524 523 providentia
3556 454 3604 501 et
3633 445 3888 501 modestia

3742 329 3893 388 {06$

2282 562 2503 633 publica.
2551 554 2657 613 Sed
2702 569 2808 608 non
2840 552 2909 607 ita
2953 550 3128 610 bene,
3175 543 3389 616 quando
3434 540 3651 612 quidem
3682 540 3892 594 Auctor

2283 666 2464 710 noster
2505 641 3209 717 declaratprohibendarum
3232 633 3526 692 factionum
3557 634 3697 690 hanc
3718 648 3885 689 caus-

2282 763 2397 804 sam
2425 760 2564 809 csse,
2589 756 2646 798 ut
2672 739 2951 797 modestia:
2974 734 3203 807 publica:
3227 729 3573 803 providentur
3596 742 3660 783 ac
3684 742 3887 783 censue

2284 841 2442 896 latur.
2477 835 2735 894 Modestia
2775 846 2906 887 vero
2948 845 2979 883 a
3014 827 3181 882 latino
3209 824 3438 879 Oratore
3469 820 3550 875 sic
3587 818 3841 875 delinitur
3872 835 3889 873 :

2286 933 2516 989 Scientia
2551 944 2724 984 eorum
2753 940 2925 980 rerum
2945 964 2959 987 ,
2997 935 3110 989 qua:
3148 929 3358 989 agentur
3382 922 3468 967 aut
3496 913 3750 977 dicentur,
3774 911 3891 965 loco

2285 1042 2379 1081 suo
2399 1020 2831 1078 collocandarum.
2863 1014 3043 1085 Itaque
3071 1010 3267 1066 videtur
3293 1006 3475 1063 eadem
3496 1005 3568 1059 vis
3595 1003 3813 1065 ordinis,
3837 1009 3893 1055 et

2286 1115 2635 1172 collocationis
2657 1116 2835 1184 fore...
2864 1105 3013 1164 Sicut
3042 1102 3290 1159 modestia
3303 1101 3432 1162 lucc,
3462 1114 3610 1169 quant
3629 1097 3891 1166 interpre-

2288 1218 2477 1275 tamur,
2498 1219 2551 1262 ut
2572 1207 2682 1261 dixi
2697 1247 2713 1273 ,
2752 1201 2964 1258 scientia
2986 1199 3050 1255 sit
3075 1192 3474 1268 opportunitatis
3491 1190 3785 1244 idoneorum
3810 1187 3890 1242 ad

2289 1302 2541 1374 agendum
2581 1309 2860 1368 temporum
2888 1291 3099 1366 (Cicon,
3135 1288 3224 1342 lib.
3256 1284 3277 1340 ι
3330 1285 3395 1339 de
3413 1283 3573 1358 Οθῐε..
3602 1299 3719 1355 pag.
3747 1282 3886 1346 ὅτι).

2292 1373 2384 1450 lin.
2416 1394 2485 1448 47
2528 1401 2575 1446 et
2616 1407 2734 1462 seqq
2764 1389 2805 1460 ).
2857 1386 2937 1441 Eo
2976 1391 3153 1439 autem
3189 1394 3351 1435 sensu
3379 1392 3570 1431 nomen
3607 1373 3888 1429 modestia:

2290 1494 2563 1558 sumptum
2593 1482 2804 1539 videtur
2853 1495 2885 1535 a
2926 1474 3257 1533 Tertulliano
3295 1478 3506 1534 nostro,
3552 1468 3643 1538 qui
3682 1467 3889 1522 idcirco

2292 1580 2460 1638 malas
2484 1577 2741 1633 factiones
2770 1572 2963 1627 vetitas
2982 1582 3103 1624 esse
3129 1571 3422 1629 aSseverat,
3457 1576 3524 1616 ne
3553 1559 3769 1615 turbato
3794 1573 3891 1612 or-

2292 1675 2418 1733 dine
2447 1686 2651 1737 rerum,
2680 1668 2800 1723 loco
2824 1672 3138 1733 ettempore
3162 1657 3494 1729 agendarum
3524 1662 3615 1708 aut
3636 1650 3894 1708 dicenda-

2295 1763 2640 1831 rutn,civitas
2681 1757 2958 1815 scindatur
3003 1755 3058 1809 in
3102 1764 3301 1824 partes.
3346 1747 3477 1804 Nam
3509 1761 3573 1801 ea
3602 1744 3798 1801 divisio
3829 1758 3897 1800 ac

2218 1869 2269 1931 Β
2294 1855 2561 1915 dissensio
2583 1854 2858 1926 inquietat,
2890 1849 2967 1905 uti
2996 1847 3250 1918 loquitur,
3277 1842 3392 1897 sive
3423 1838 3701 1911 perturbat
3730 1837 3895 1892 comi-

2292 1953 2393 2019 tia,
2434 1949 2488 2005 id
2528 1959 2610 2004 est
2635 1987 2651 2012 ,
2702 1942 2984 2015 generales
3026 1937 3270 1994 omniunt
3310 1932 3560 1989 ordinum
3604 1938 3809 1995 ccetus,
3841 1935 3901 1983 et

2292 2044 2507 2104 concilia
2562 2038 2895 2113 (Tertullian.
2968 2031 3263 2104 Apologet.,
3290 2044 3408 2094 cap.
3448 2026 3541 2090 58,
3573 2041 3694 2096 pag.
3736 2022 3894 2092 464),

2294 2141 2397 2195 hoc
2437 2145 2550 2203 est,
2581 2134 2796 2190 illorum
2840 2138 3043 2200 partem
3074 2130 3473 2195 congregatam.
3510 2116 3708 2174 Laelius
3741 2118 3894 2173 enim

2292 2231 2443 2289 Felix
2478 2233 2546 2286 ab
2582 2227 2721 2283 Aulo
2751 2222 2929 2279 Gellio
2955 2220 3149 2276 citatus
3183 2215 3275 2270 :ls
3294 2258 3308 2280 ,
3334 2203 3526 2284 inquit.
3547 2210 3633 2281 qui
3656 2225 3756 2264 non
3780 2207 3901 2262 uni-

2293 2339 2490 2380 versum
2518 2318 2764 2392 populum
2787 2357 2803 2383 ,
2830 2313 2917 2368 sed
2939 2321 3131 2383 partem
3156 2307 3382 2378 aliquam
3409 2303 3588 2358 adesse
3600 2302 3769 2374 jubet,
3793 2315 3900 2354 non

2295 2389 2659 2478 cornitia,rton
2682 2403 2955 2462 concilium
2978 2401 3216 2455 adhibere
3238 2396 3393 2469 jubet
3423 2391 3616 2464 (Gell,
3650 2392 3739 2446 lib.
3800 2389 3897 2446 XV

2298 2508 2454 2565 Noct.
2483 2506 2621 2569 atti.,
2673 2519 2791 2573 cap.
2823 2500 2877 2566 7,
2917 2515 3039 2571 pag.
3073 2494 3223 2565 847).
3268 2491 3474 2548 Turbat
3510 2491 3668 2545 etiam
3705 2488 3899 2553 curias,

2296 2602 2491 2685 quibus
2530 2598 2657 2654 olim
2707 2594 3039 2658 sacerdotes,
3081 2600 3138 2644 ut
3188 2587 3362 2643 Varro
3391 2586 3646 2640 observat
3680 2580 3897 2651 (Varr.,

2299 2678 2389 2750 lib.
2410 2692 2477 2748 IV
2499 2692 2561 2747 de
2576 2690 2730 2762 Ling.
2757 2688 2928 2749 latim,
2952 2701 3073 2755 pag.
3096 2681 3214 2753 51),
3238 2694 3328 2736 res
3349 2678 3579 2743 divinas,
3607 2683 3902 2731 etsenatus

2299 2789 2561 2844 humanas
2576 2784 2876 2848 curabant;
2904 2781 3079 2835 turbat
3106 2776 3394 2840 conciones,
3412 2774 3525 2829 sive
3552 2771 3900 2844 publicaspa-

2300 2891 2573 2940 tronnrum
2591 2878 2883 2938 orationes,
2902 2884 2955 2928 ct
2970 2872 3035 2928 ad
3053 2886 3146 2927 eas
3163 2867 3455 2923 audiendas
3475 2864 3751 2920 hominum
3768 2878 3903 2919 con-

2300 2987 2493 3034 ventus
2510 2972 2771 3043 ;denique
2793 2968 2967 3024 turbat
2979 2962 3286 3036 spectacula,
3303 2959 3613 3016 circensium
3638 2956 3902 3012 aliorum—

2299 3086 2404 3144 quc
2432 3067 2678 3124 ludorum
2709 3063 3066 3136 publicorum,
3106 3057 3181 3112 uti
3208 3053 3362 3128 paulo
3381 3065 3533 3107 antea
3558 3050 3899 3105 dicebamus.

2375 3164 2442 3218 At
2465 3176 2529 3217 ea
2547 3159 2747 3223 omnia,
2775 3155 2946 3227 pergit
2983 3149 3361 3209 Tertullianus,
3392 3155 3514 3198 tunc
3536 3140 3892 3212 potissimum

598 3295 646 3341 ει
667 3284 756 3339 llb-
779 3279 920 3347 Vl“.
942 3278 1005 3333 ἀι
1030 3234 1358 3340 Dom's‘cap-
1389 3234 1787 3338 7lv'C355i0‘l0'l
1809 3253 2088 3328 ((Ῑαεδίοάσο
2106 3250 2194 3347 “ll-
2226 3261 2272 3328 C
2305 3253 2539 3312 timenda
2567 3258 2743 3314 erant,
2774 3264 2886 3304 cum
2901 3246 3016 3316 jam
3034 3254 3081 3298 et
3108 3243 3161 3297 in
3199 3249 3391 3311 questu
3421 3236 3597 3290 habere
3622 3234 3897 3303 coepissent

599 3377 668 3435 ΙΙΙ
705 3343 947 3441 νανὶατξ,
974 3372 1118 3443 epist.
1147 3368 1239 3433 41,
1264 3380 1384 3437 pag.
1417 3361 1505 3426 56,
1538 3356 1639 3415 col.
1663 3355 1744 3427 Ξ),
1771 3353 2106 3420 aliorumque
2135 3343 2204 3400 li-

601 3471 737 3539 bris,
757 3477 815 3524 et
841 3464 1069 3522 diversis
1092 3457 1555 3530 inscriptionibus.

674 3564 1034 3622 Tertullianus
1063 3561 1242 3629 itaque
1266 3552 1509 3609 ethnicos
1536 3545 1866 3621 gravissimis
1897 3540 2046 3598 hisce
2069 3552 2194 3593 ver-

602 3659 688 3717 bis
713 3656 975 3725 castigat:
1006 3649 1234 3706 Proinde
1259 3663 1348 3701 nec
1374 3645 1529 3717 paulo
1553 3641 1717 3696 lenius
1743 3640 1875 3693 inter
1897 3635 2061 3690 licitas
2083 3631 2205 3702 fac-

606 3751 766 3806 tiones
797 3756 984 3803 sectam
1011 3745 1164 3798 istam
1190 3741 1616 3795 Christianorum
1643 3734 1878 3806 deputari
1903 3726 2205 3803 oportebat,

608 3863 641 3902 tt
668 3864 769 3918 qua
793 3844 923 3900 niltil
950 3842 1049 3897 tale
1072 3833 1574 3905 contntittitur,quale
1599 3832 1663 3886 de
1687 3826 1879 3883 illicitis
1905 3819 2209 3896 [actionibus

610 3911 774 3998 ιεηὶενί
809 3939 934 3995 solet
962 3933 1316 4009 (Tertullian.,
1336 3926 1625 3999 Apologet.,
1664 3936 1782 3993 cap.
1813 3919 1927 3984 ss,
1967 3934 2019 3986 p.
2051 3911 2208 3980 tot).

612 4032 876 4092 lleraldus
902 4036 1081 4085 autem
1109 4034 1296 4081 contra
1321 4020 1560 4077 omnium
1581 4058 1597 4083 ,
1623 4015 1743 4068 sive
1775 4008 2071 4072 editorum,
2097 4003 2211 4057 sive

612 4126 1096 4194 manuscriptorum
1149 4115 1393 4173 codicum
1438 4105 1877 4167 reclamationem
1926 4094 2209 4167 legendum

615 4227 904 4289 anguratur
927 4216 1268 4273 illicitas.non
1294 4223 1420 4263 vero
1444 4205 1610 4260 licitas
1628 4197 1906 4255 factiones.
1931 4190 2046 4247 Non
2068 4188 2211 4243 enim

616 4312 792 4379 aliud,
828 4308 1028 4379 inquit,
1060 4305 1162 4362 sibi
1192 4299 1557 4371 Tertullianus
1583 4292 1779 4366 voluit,
1814 4287 1915 4343 nisi
1950 4282 2212 4340 leniorem

618 4405 787 4463 videri
816 4400 1168 4473 quorumdam
1199 4394 1537 4451 ethnicorum
1568 4378 2004 4449 sententiam,qni
2031 4371 2212 4431 existi-

620 4468 1279 4554 tnabantChristianorum
1296 4493 1498 4541 sectam
1516 4480 1933 4550 Iegibus,coutra
1956 4468 2214 4525 factiones

623 4587 1007 4664 promulgatis,
1040 4580 1346 4655 prohiberi;
1375 4579 1429 4633 in
1459 4575 1563 4631 hoc
1595 4582 1775 4627 tamen
1810 4567 1930 4623 illos
1963 4576 2212 4628 errasse,

620 4662 764 4756 quod
808 4681 947 4736 hanc
976 4685 1177 4733 sectam
1219 4673 1271 4728 in
1312 4670 1600 4725 factionum
1644 4662 1948 4719 illicitarum
1993 4668 2217 4710 numero

622 4747 980 4833 collocabant.
1005 4770 1110 4827 Sed
1141 4767 1269 4839 quid
1297 4765 1499 4821 audeas
1527 4767 1712 4815 contra
1743 4753 2050 4809 unanimem
2068 4747 2217 4802 codi-

623 4884 746 4924 cum
786 4866 1025 4923 omnium
1056 4855 1421 4917 consensum?
1449 4852 1587 4922 Quid
1615 4863 1772 4913 vero,
1806 4848 1850 4902 si
1895 4841 2216 4911 transposita

624 4960 697 5016 sit
722 4956 980 5030 particula
1010 4970 1100 5009 nec
1121 4995 1137 5019 ,
1159 4960 1252 5005 aut
1282 4945 1563 5005 referenda
1592 4941 1659 4997 ad
1689 4952 1886 4995 nomen
1916 4935 2081 4990 licitas
2102 4975 2118 5000 ,
2146 4933 2217 4987 ita

626 5060 684 5107 ut
718 5052 786 5107 sit
815 5048 902 5104 hic
926 5043 1176 5103 Auctoris
1211 5040 1378 5097 nostri
1416 5049 1609 5093 sensus
1639 5052 1651 5088 :
1684 5030 1891 5087 Ethnici
1932 5024 2219 5081 falsissime

625 5142 959 5200 Christianos
981 5139 1159 5193 hostes
1181 5132 1422 5205 publicos
1446 5143 1566 5186 esse
1588 5124 1910 5183 clamabant.
1928 5119 2039 5176 Nec
2063 5117 2220 5189 paulo

628 5237 804 5293 lenius
829 5234 863 5289 ii
890 5246 1012 5293 cum
1044 5229 1150 5285 illis
1175 5226 1439 5298 agebant,
1468 5237 1501 5278 a
1529 5220 1722 5292 quibus
1759 5228 1985 5271 numero
2020 5209 2222 5266 adscri-

628 5331 893 5388 bcbantur
919 5343 1026 5386 non
1057 5324 1322 5381 licitarum
1363 5317 1653 5375 factionum
1677 5354 1693 5379 ,
1730 5310 2050 5382 quibuscum
2088 5302 2221 5359 nihil

629 5422 898 5481 habebant
935 5429 1256 5479 commune,
1296 5421 1353 5469 et
1388 5426 1419 5466 a
1458 5407 1652 5481 quibus
1679 5401 1820 5459 nihil
1861 5399 1963 5454 tale
1994 5395 2221 5453 commit-

630 5520 772 5583 liiur,
798 5514 946 5588 quale
976 5511 1039 5566 de
1064 5509 1258 5565 illicitis
1284 5501 1585 5576 {actionibus
1619 5496 1787 5552 timeri
1809 5493 1935 5550 solet
1959 5489 2099 5564 (Ibid
2110 5488 2172 5559 .).

701 5609 819 5677 Quo
855 5616 1033 5661 autem
1078 5600 1239 5656 modo
1266 5605 1466 5653 sectam
1508 5588 1937 5648 Christianorum
1960 5598 2065 5637 non
2098 5591 2220 5636 esse

632 5702 871 5760 illicitum
911 5692 1240 5769 probaverit,
1270 5688 1673 5746 consideremus
1704 5699 1720 5736 :
1753 5676 2223 5741 Prohibendarum,

634 5795 726 5854 ait,
756 5765 1034 5858 [actionum
1079 5801 1260 5840 caussa
1287 5783 1351 5837 de
1375 5777 1691 5852 providentia
1727 5779 1919 5829 constat
1961 5765 2226 5823 modestia:

635 5879 872 5948 publicas,
896 5892 961 5931 ne
978 5875 1153 5930 civitas
1179 5875 1233 5931 in
1261 5883 1427 5943 partes
1452 5867 1764 5926 scinderetur
1788 5862 1836 5936 (l
1847 5863 1931 5919 bid
1938 5860 2002 5932 .).
2030 5859 2088 5915 In
2127 5873 2225 5914 an-

2307 3348 2535 3405 venalem
2560 3353 2608 3399 et
2646 3339 3008 3397 mercenariam
3036 3334 3288 3389 violentia:
3304 3346 3410 3386 sua:
3445 3345 3648 3401 operam
3675 3324 3911 3397 (Tertul-

2310 3432 2437 3503 lian.
2462 3442 2561 3498 loc.
2591 3439 2730 3510 cit.),
2759 3436 2824 3492 ad
2860 3430 3174 3491 excitandas
3208 3428 3465 3483 adversus
3498 3427 3906 3496 imperatorem,

2309 3530 2759 3610 quemadmodum
2803 3523 3298 3584 animadvertimus,
3337 3516 3518 3572 turbas
3576 3525 3735 3584 atque
3763 3512 3906 3567 sedi-

2310 3606 2508 3687 tiones.
2549 3625 2743 3681 Contra
2772 3621 2916 3676 illutn
2957 3617 3153 3689 quippe
3173 3609 3436 3681 coniurati
3456 3651 3473 3676 ,
3503 3607 3638 3662 alios
3668 3606 3909 3677 perditos

2312 3722 2559 3779 homines
2588 3716 2761 3788 pretio
2789 3727 2853 3767 ac
2877 3707 3127 3767 mercede
3154 3707 3207 3761 in
3239 3712 3415 3775 partes
3448 3700 3733 3756 trahebant
3751 3712 3903 3753 suas.

2382 3812 2527 3870 Nihil
2560 3820 2739 3866 autem
2770 3809 2895 3877 tale,
2934 3804 3020 3861 vel
3048 3802 3177 3874 quid
3207 3800 3292 3856 his
3335 3797 3614 3856 minimum
3647 3794 3820 3851 simile
3874 3808 3909 3848 a

2311 3902 2631 3964 Christianis
2681 3899 2973 3955 timendum
3019 3904 3156 3950 erat.
3205 3892 3384 3948 Primo
3419 3890 3564 3945 enint
3588 3887 3639 3943 in
3679 3884 3917 3957 publicis

2313 3998 2426 4054 suis
2445 3992 2734 4068 synasibus
2762 3989 2893 4044 nihil
2927 3986 3205 4057 agebatur,
3235 3983 3336 4038 nisi
3369 3983 3534 4052 piutn,
3563 3986 3616 4034 et
3640 3986 3910 4042 sanctum;

2314 4101 2474 4160 atque
2505 4086 2573 4141 ibi
2601 4126 2616 4149 ,
2644 4083 2786 4139 sicut
2814 4080 2972 4144 alibi,
3008 4077 3177 4132 Deum
3218 4082 3331 4129 toto
3355 4071 3521 4128 corde
3551 4070 3776 4124 orabant
3805 4079 3904 4137 pro

2316 4159 2757 4250 imperatoribus,
2790 4171 3076 4242 tranquillo
3103 4166 3312 4239 imperii
3342 4174 3482 4221 statu
3503 4205 3520 4229 ,
3550 4177 3647 4233 pro
3668 4161 3777 4216 suis
3804 4159 3918 4215 ini-

2317 4272 2489 4337 micis,
2520 4285 2583 4325 ac
2611 4267 2822 4324 caeteris
2840 4262 3110 4321 omnibus.
3134 4259 3185 4332 (1
3195 4259 3320 4323 bid..
3347 4274 3465 4327 cap.
3494 4255 3586 4321 59,
3614 4271 3734 4327 pag.
3755 4250 3915 4323 468).

2315 4366 2447 4436 Qua-
2472 4362 2691 4443 quidem
2719 4360 2897 4416 omnia
2924 4357 3035 4429 jam
3065 4373 3094 4409 a
3124 4353 3277 4409 nobis
3302 4350 3516 4408 abunde
3540 4349 3919 4405 demonstrata

2224 4461 2231 4471 ’
2318 4465 2445 4513 sunt
2469 4437 2679 4529 (Soph,
2707 4468 2823 4523 cap.
2851 4450 2939 4517 ll,
2962 4457 3062 4503 art.
3088 4448 3145 4510 5,
3168 4454 3214 4499 et
3233 4460 3349 4514 cap.
3369 4442 3431 4497 2|
3450 4484 3462 4508 ,
3489 4452 3589 4496 art.
3622 4437 3699 4512 1).

2392 4546 2640 4604 Secundo
2673 4544 2755 4599 his
2799 4542 2869 4597 ab
2906 4540 3051 4595 omni
3096 4536 3418 4601 ambitione,
3467 4548 3534 4589 ac
3565 4533 3918 4603 dignitatum,

2240 4655 2298 4718 Ῑ)
2324 4641 2694 4711 honorumque
2722 4635 3012 4708 cupiditate
3062 4646 3280 4706 prersus
3314 4626 3758 4689 abhorrentibus,
3802 4622 3924 4677 sive

2320 4732 2643 4791 utAuctoris
2670 4729 2836 4784 nostri
2864 4726 3042 4782 verbis
3067 4734 3299 4790 utamur,
3326 4720 3472 4776 nobis
3497 4717 3559 4774 ab
3575 4718 3714 4773 ontni
3741 4714 3926 4786 gloria:

2321 4841 2366 4886 et
2392 4826 2653 4897 dignitatis
2677 4822 2859 4899 ardore
2884 4817 3182 4893 {rigentibus
3208 4816 3353 4871 nulla
3380 4823 3455 4869 est
3472 4811 3741 4868 necessitas
3762 4819 3926 4863 costus

2322 4919 2652 4992 (Tertullian.
2694 4915 2870 4984 ibid.),
2904 4913 2954 4969 id
2984 4921 3099 4978 est,
3128 4921 3185 4966 ut
3222 4906 3534 4965 memoratis
3576 4903 3925 4961 ethnicorum

2321 5011 2550 5069 coetibus
2574 5008 2914 5073 intersimus,
2963 5003 3053 5059 ubi
3097 5000 3419 5073 dignitates.
3461 4997 3838 5068 magistratus,
3867 4999 3931 5050 et

2323 5103 2589 5160 honorum
2616 5098 2845 5171 insignia
2889 5094 3101 5166 cupidis
3129 5091 3536 5162 atnbitiosisque
3581 5086 3741 5144 tribui
3770 5083 3925 5141 sole~

2324 5197 2474 5254 bant.
2501 5193 2580 5249 Ad
2619 5192 2736 5248 hinc
2765 5206 2916 5256 vero,
2944 5188 3013 5243 ab
3039 5187 3247 5243 actibus
3276 5183 3503 5255 publicis
3544 5180 3723 5245 alieni,
3756 5193 3929 5235 unam

2323 5288 2581 5346 duntaxat
2626 5282 2969 5354 agnoscimus
3013 5278 3253 5335 omnium
3297 5274 3575 5331 hominum
3619 5268 3929 5345 retnpublig

2318 5392 2442 5438 ‘cam
2473 5421 2490 5449 ,
2542 5378 2790 5435 videlicet
2847 5372 3103 5429 mundum
3125 5412 3138 5436 ,
3170 5385 3328 5443 quem
3361 5365 3703 5438 tranquillum
3729 5372 3784 5419 et
3825 5378 3934 5436 pa-

2326 5482 2504 5531 catum
2543 5482 2811 5543 optamus.
2862 5465 2918 5520 ln
2959 5478 3119 5521 unam
3161 5462 3321 5533 igitur
3364 5470 3569 5531 partem
3601 5472 3709 5513 non
3752 5455 3934 5527 magis

2326 5564 2570 5623 inclinati
2611 5576 2771 5633 quam
2801 5560 3051 5626 alteram,
3084 5554 3268 5627 procul
3294 5553 3363 5607 ab
3387 5552 3533 5607 omni
3558 5550 3782 5605 omnino
3808 5555 3933 5604 tur-

2330 5660 2571 5725 bulenta,
2599 5653 2877 5721 seditiosa,
2906 5663 2961 5708 et
2989 5650 3171 5707 illicita
3199 5647 3431 5709 factione
3450 5646 3733 5702 absumus.

2292 5768 2313 5776 ‘
2403 5754 2669 5809 Pratterea
2685 5747 2972 5805 Christiani
3002 5744 3215 5817 publica
3240 5743 3574 5800 ethnicorum
3598 5736 3935 5809 spectacula,

2332 5863 2455 5921 qua:
2492 5843 2923 5918 frequentissima
2977 5838 3267 5897 factionum
3321 5834 3670 5893 incitamenta
3726 5840 3895 5889 erant
3922 5866 3947 5903 ,
