4170 6264
279 327 426 387 1065

1425 326 1875 386 DISSERTATIO
1911 329 1974 386 D.
2013 329 2103 387 LE
2137 327 2438 386 NOURRY.

3445 329 3584 394 1066

281 442 445 513 plane
493 441 812 516 penitusque
859 439 1132 513 fugiebant
1181 449 1237 498 et
1288 441 1713 499 detestabantur.
1765 443 1880 500 Non
1906 447 1961 508 Α
1984 459 2103 501 esse
2126 446 2293 501 voluit
2329 461 2390 502 se
2428 445 2569 503 hanc
2591 447 3022 504 emendationem
3062 451 3128 506 ab
3159 451 3223 507 iis
3257 453 3570 526 collegisse,

281 537 439 590 aliam
463 537 659 607 quippe
691 534 782 590 illa
823 533 1023 591 habent
1050 535 1310 607 originem
1333 578 1347 605 ,
1388 537 1490 592 nisi
1532 537 1600 593 de
1629 537 1878 608 supersti-

282 629 450 694 tione,
491 630 566 684 uti
599 630 700 693 ait,
739 627 857 685 sive
895 629 1059 699 impio
1099 627 1357 686 falsorum
1385 631 1669 686 numinum
1697 632 1872 698 cultu,

281 721 423 776 sicut
449 721 554 776 alio
568 721 682 792 ipse
700 722 752 777 in
777 722 913 778 libro
933 721 1100 778 fusius
1117 733 1172 779 et
1195 723 1500 794 singulatim
1520 726 1876 782 demonstrat.

283 812 450 870 Recte
476 829 605 885 ergo
635 814 688 869 in
716 814 1064 886 Apologetico
1098 829 1198 870 suo
1226 814 1365 872 hanc
1415 817 1537 872 inde
1561 817 1707 872 elicit
1743 833 1878 872 con-

281 907 578 978 clusionem
611 923 625 960 :
658 904 811 961 Nihil
847 915 922 961 est
959 907 1100 962 nobis
1131 909 1296 975 dictu,
1338 909 1446 963 visu
1466 951 1482 978 ,
1514 911 1724 976 auditu,
1764 926 1879 980 cum

279 999 483 1054 insania
509 1000 660 1065 circi,
694 1017 810 1055 cum
848 1001 1168 1070 impudicitia
1201 1003 1419 1070 theatri,
1460 1019 1574 1057 cum
1617 1003 1880 1058 atrocitate

281 1099 476 1154 arente,
508 1107 623 1145 cum
650 1089 805 1162 Χεμιὶ
833 1093 1073 1147 vanitate.
1105 1094 1278 1163 Atque
1304 1093 1374 1147 ita
1403 1092 1455 1148 in
1485 1094 1734 1149 omnibus
1761 1111 1876 1148 ina-

281 1182 570 1252 nuscriptis
593 1182 904 1248 codicibus,
937 1191 993 1238 et
1039 1184 1275 1254 antiquis
1301 1183 1628 1241 editionibus
1659 1201 1672 1237 :
1705 1185 1799 1241 sed
1847 1200 1878 1240 a

281 1263 514 1345 Rigaltio
555 1272 777 1344 ejusque
813 1273 1135 1344 sequacibus
1164 1275 1280 1330 haec
1317 1277 1480 1332 verba
1513 1276 1652 1330 dictu
1675 1317 1688 1339 ,
1728 1277 1836 1330 visu
1859 1319 1874 1343 ,

282 1367 482 1433 auditu,
511 1366 721 1423 sublata
746 1377 890 1434 sunt,
909 1383 976 1422 an
1004 1377 1170 1435 recte,
1189 1377 1254 1425 -te
1278 1367 1513 1440 judicem
1543 1370 1778 1442 appello.
1805 1370 1879 1425 Ea

282 1461 428 1514 enim
455 1458 684 1527 genuina
711 1467 763 1514 et
783 1459 1180 1516 consultissime
1208 1461 1275 1517 ab
1306 1461 1397 1516 illo
1422 1461 1602 1518 addita
1631 1471 1789 1528 sunt,
1823 1472 1881 1516 ut

281 1554 594 1612 ostenderet
618 1552 734 1608 hznc
759 1553 1063 1623 spectacula
1093 1552 1214 1609 ideo
1243 1554 1604 1612 aCbristianis
1625 1558 1875 1630 devitari,

283 1649 407 1720 quia
427 1657 623 1718 praeter
658 1645 974 1702 idololatria:
1003 1647 1206 1703 crimen
1236 1649 1387 1704 nefas
1411 1649 1679 1707 ducebant
1714 1654 1877 1711 illici-

283 1752 366 1800 tas
393 1743 556 1809 dictu,
576 1744 712 1808 visu,
733 1751 788 1798 et
809 1742 996 1797 auditu
1009 1757 1202 1813 capere
1221 1744 1524 1815 voluptates
1542 1745 1875 1819 (Tertullian.

1982 538 2071 608 qui
2102 537 2421 594 Fuldensem
2449 539 2690 596 codicem
2721 540 2986 597 viderant.
3018 541 3122 598 Sed
3159 545 3258 598 etsi
3291 562 3376 601 res
3411 549 3480 602 ita
3509 564 3569 604 se

1982 626 2196 694 habeat,
2231 628 2488 701 numquid
2518 629 2717 686 idcirco
2746 631 2901 688 unius
2929 632 3210 689 Fuldensis
3233 634 3355 689 libri
3385 649 3577 692 aucto-

1981 720 2111 775 ritas
2137 722 2347 776 caneris
2374 722 2642 789 omnibus,
2677 739 2900 793 quorum
2934 724 3111 795 plures
3143 726 3300 798 longe
3329 730 3580 784 vetustio-

1981 826 2070 866 res
2100 821 2245 874 sunt,
2273 812 2458 868 debuit
2484 813 2764 870 anteferri?
2787 813 2977 871 Nonne
2997 832 3058 871 ea
3087 817 3274 883 verba,
3305 819 3350 873 si
3381 834 3578 876 nomen

1981 901 2298 969 christiante,
2327 903 2778 974 quemadmodum
2808 906 3072 976 diximus,
3105 918 3356 979 tanquam
3383 925 3579 980 super-

1981 991 2146 1048 fluum
2173 993 2476 1064 ademeris,
2507 998 2757 1053 Auctoris
2803 996 2975 1055 nostri
3017 1001 3293 1070 proposito
3317 1016 3380 1057 ac
3415 1005 3583 1061 menti

1981 1085 2112 1139 satis
2139 1085 2277 1142 belle
2302 1087 2671 1144 conveniunt?

2051 1176 2192 1233 Eum
2245 1180 2520 1237 enimvero
2570 1183 2622 1236 in
2673 1182 2892 1239 modum
2943 1196 3350 1256 argumentatur
3401 1206 3414 1242 :
3471 1189 3584 1246 Cur

1982 1271 2288 1328 christianis
2327 1288 2437 1327 non
2481 1273 2671 1342 liceat,
2704 1291 2865 1345 quam
2903 1276 3184 1332 honestam
3235 1279 3578 1351 existimant,

1981 1365 2133 1435 sequi
2158 1365 2488 1436 voluptatem
2512 1409 2527 1434 ,
2557 1381 2681 1423 cum
2720 1371 2987 1438 epicureis
3029 1370 3240 1427 licuerit
3268 1374 3416 1429 illam
3455 1377 3584 1431 seli-

1981 1470 2131 1526 gere,
2154 1471 2274 1527 qua:
2304 1468 2522 1528 przestat
2549 1461 2709 1514 animi
2734 1464 3040 1532 (equitatem,
3064 1465 3178 1520 sive
3203 1466 3380 1535 potius
3403 1482 3584 1537 aequa-

1982 1549 2242 1606 bilitatem
2282 1561 2336 1607 et
2384 1553 2858 1624 tranquillitatem,
2914 1574 3033 1628 qua:
3077 1560 3222 1614 nullo
3253 1571 3400 1617 motu
3445 1563 3586 1634 inju-

1981 1643 2178 1707 cundo,
2208 1659 2305 1699 nec
2328 1645 2520 1714 amplis
2545 1647 2772 1715 negotiis
2794 1650 3073 1704 turbetur?
3097 1650 3230 1705 Nam
3254 1669 3471 1720 summa,
3497 1649 3584 1709 in-

1982 1736 2201 1804 quiebat
2227 1733 2447 1802 Cicero,
2481 1738 2713 1808 voluptas
2747 1750 2819 1792 est
2838 1781 2853 1807 ,
2884 1751 2937 1793 ut
2975 1739 3201 1810 Epicuro
3232 1745 3422 1813 placet,
3452 1746 3586 1800 nihil

283 1836 383 1890 loc.
417 1837 501 1889 cit.
526 1845 572 1888 et
599 1834 689 1890 lib.
712 1834 776 1888 de
801 1832 1069 1905 Spectac.,
1099 1851 1213 1906 cap.
1245 1835 1279 1890 6
1300 1847 1346 1890 et
1376 1837 1406 1890 7
1438 1847 1485 1892 et
1510 1840 1674 1909 seqq.)
1705 1840 1878 1908 Quam

1986 1825 2154 1880 dolere
2181 1827 2390 1897 (Cicer.,
2421 1827 2508 1882 lib.
2545 1829 2560 1882 I
2591 1831 2654 1883 de
2686 1829 2883 1898 Finib.,
2916 1849 3036 1902 pag.
3077 1834 3182 1900 45,
3217 1833 3309 1891 lin.
3339 1835 3467 1907 28),
3498 1837 3584 1893 vel

281 1938 458 1983 autem
489 1927 604 1982 ista:
629 1925 806 1982 noxiae
829 1940 892 1981 ac
917 1926 1185 1997 pestiferae
1209 1937 1411 1994 essent,
1444 1929 1528 1984 his
1558 1930 1734 1988 disces
1757 1934 1878 2004 ejus

282 2019 478 2086 verbis,
503 2018 697 2089 quibus
726 2017 849 2074 illas
875 2018 1004 2074 alibi
1032 2019 1306 2090 appellat:
1341 2019 1614 2077 Solenmes
1640 2024 1879 2095 volupta-

280 2121 351 2166 tes
371 2112 493 2165 circi
512 2111 747 2180 furentis,
767 2120 815 2165 et
837 2127 1006 2168 caveae
1029 2114 1299 2182 sternentis,
1327 2124 1374 2168 et
1391 2132 1553 2171 scenae
1572 2117 1878 2174 lascivientis

281 2200 452 2274 (Idem
472 2243 489 2269 ,
521 2201 610 2256 lib.
641 2199 665 2255 Ι
700 2202 901 2257 advers.
929 2203 1214 2272 Marciam,
1235 2220 1353 2270 cap.
1383 2203 1498 2277 9.7).
1532 2207 1674 2262 Alibi
1702 2224 1829 2263 vero
1860 2227 1874 2264 :

279 2293 458 2362 Perit,
505 2303 553 2350 et
606 2293 778 2364 ﬁdelis
829 2296 1030 2364 elapsus
1086 2298 1139 2350 in
1178 2298 1519 2368 spectaculum
1562 2301 1878 2372 quadrigarii

278 2388 467 2458 furoris
493 2397 539 2440 et
564 2385 860 2458 gladiatorii
906 2389 1134 2472 φωνὴ,
1171 2398 1219 2442 et
1267 2391 1480 2449 scenicte
1507 2393 1772 2462 foeditatis,
1828 2403 1875 2448 et

277 2481 488 2551 mystica:
531 2480 766 2534 vanitatis
817 2477 1008 2552 (Idem,
1059 2482 1148 2536 (ib.
1209 2483 1272 2536 de
1321 2481 1574 2554 Pudicit.,
1624 2502 1741 2554 cap.
1792 2487 1871 2556 7).

278 2569 387 2626 Sed
415 2569 494 2626 de
518 2569 602 2626 bis
624 2571 773 2641 plura
801 2571 854 2624 in
884 2571 1020 2626 libro
1062 2571 1130 2627 de
1178 2571 1529 2644 Spectaculis,
1567 2591 1772 2648 uosque
1817 2578 1872 2634 in

279 2663 378 2719 hae
405 2674 457 2719 et
485 2664 606 2719 aliis
631 2664 1093 2720 dissertationibus
1121 2665 1342 2722 nostris.

349 2758 682 2828 Objiciebant
731 2767 904 2814 tamen
959 2760 1184 2829 gentiles
1223 2759 1310 2816 vel
1355 2776 1422 2817 eo
1486 2763 1604 2832 ipso
1654 2764 1873 2822 nomine

279 2849 666 2921 prohibendam
695 2849 1161 2920 damnandamque
1186 2849 1614 2908 Christianorum
1645 2864 1870 2922 sectam,

279 2945 422 3014 quod
449 2944 519 2999 illi
539 2953 858 3000 cancrorum
887 2943 1162 2998 hominum
1189 2953 1365 2998 cretus
1393 2943 1874 3014 adSpernarentur,

279 3051 343 3090 ac
375 3037 704 3106 publicorum
742 3035 1168 3107 spectaculorum
1209 3037 1605 3092 oblectamenta
1629 3081 1644 3107 ,
1686 3039 1879 3109 quibus

280 3129 372 3200 iml
393 3142 652 3191 crateres,
681 3129 1116 3200 antiquioresque
1146 3129 1394 3184 humana:
1425 3129 1571 3200 leges
1601 3130 1876 3198 favebant,

1988 1916 2145 1972 sicuti
2184 1919 2399 1972 tradidit
2440 1918 2840 1988 Theodoretus,
2868 1937 2932 1978 ea
2959 1923 3204 1994 voluptas
3224 1967 3240 1992 ,
3275 1942 3392 1996 qua:
3422 1943 3590 1984 omne

1987 2025 2233 2066 curarum
2265 2011 2568 2083 fastidiique
2607 2028 2775 2085 genus
2810 2031 2872 2071 ac
2910 2019 3134 2087 proinde
3170 2021 3346 2087 ampla
3384 2024 3620 2100 negotiis‘

1985 2101 2214 2156 excludit
2238 2101 2588 2172 (Tlteodoret.,
2616 2122 2768 2160 serui.
2793 2106 2859 2160 12
2875 2107 2938 2161 de
2967 2107 3068 2164 Vit.
3100 2109 3272 2178 Beat.,
3292 2130 3412 2184 pag.
3433 2113 3587 2184 675).

1984 2194 2043 2249 Si
2072 2205 2250 2249 autem
2282 2193 2369 2250 hic
2390 2195 2504 2266 ipse
2524 2205 2605 2252 est
2634 2197 2943 2254 Tertulliani
2974 2217 3185 2271 sensus,
3220 2204 3271 2259 in
3294 2206 3410 2274 ejus
3437 2216 3586 2264 textu

1983 2287 2143 2342 scribi
2171 2287 2332 2343 debet
2354 2304 2466 2356 nec,
2509 2304 2616 2345 non
2639 2305 2787 2359 vero,
2819 2303 2865 2346 et
2892 2295 3066 2365 ampla
3093 2299 3315 2368 negotia,
3349 2300 3450 2354 nisi
3481 2301 3586 2356 hoc

1981 2379 2200 2435 nomine
2221 2396 2285 2436 ea
2311 2381 2521 2451 negotia
2550 2382 2902 2451 intellexerit,
2930 2403 3050 2456 qua:
3089 2390 3450 2460 amplitudine
3478 2410 3580 2450 sua

1980 2472 2178 2527 nullam
2231 2487 2574 2532 commovent
2624 2477 2788 2533 animi
2839 2482 3314 2550 perturbatioiiem.
3366 2485 3445 2543 De
3496 2489 3587 2543 illa

1980 2581 2140 2637 porro
2171 2567 2383 2637 Epicuri
2409 2576 2843 2641 sectatorumque
2864 2573 2981 2642 ejus
3010 2574 3261 2644 opinione
3287 2577 3432 2644 alibi,
3475 2594 3577 2635 nec

1977 2662 2144 2717 semel
2165 2662 2572 2733 disputavimus.
2614 2665 2970 2722 Tertullianus
2993 2684 3150 2738 porro
3179 2685 3245 2725 ex
3277 2672 3358 2725 his
3388 2675 3574 2727 omni-

1979 2751 2079 2808 bus
2097 2755 2364 2808 rationum
2379 2756 2664 2810 momentis
2681 2765 2830 2810 recte
2847 2757 3582 2831 concluditChristianorum,

1982 2849 2072 2918 qui
2101 2849 2313 2905 illicitas
2337 2851 2614 2920 gentilium
2638 2851 2942 2922 voluptates
2973 2855 3358 2924 repudiabant,
3383 2869 3585 2914 sectam
3673 2857 3684 2866 ’

1980 2955 2087 2995 non
2125 2958 2246 2997 esse
2281 2942 2564 2998 factionem
2605 2943 2842 2999 illicitam
2907 2961 2972 3000 ac
3017 2949 3436 3018 prohibendam,
3492 2955 3587 3010 sed

1982 3034 2235 3102 optimam
2269 3050 2399 3090 sane
2433 3044 2489 3090 et
2506 3036 2624 3090 aliis
2645 3038 2892 3093 omnibus
2911 3042 3360 3110 praestantiorem.
3385 3043 3587 3100 Contra

1983 3138 2112 3180 vero
2139 3124 2346 3180 factiosi
2385 3126 2542 3197 plane
2583 3136 2638 3181 et
2664 3127 2904 3184 seditiosi
2930 3140 3084 3184 erant
3112 3133 3355 3201 gentiles,
3386 3135 3498 3205 qui,
3531 3147 3590 3190 ut

281 3238 388 3277 non
437 3238 593 3277 secus
629 3237 693 3277 ac
731 3231 937 3292 pestem
989 3222 1254 3292 publicam
1283 3222 1608 3280 devitarent.
1651 3223 1757 3281 Sed
1799 3225 1881 3281 his
1909 3229 1953 3293 ρ
1985 3217 2223 3273 articulis
2249 3220 2613 3288 superioribus
2633 3221 2884 3288 vidimus,
2911 3223 3263 3292 imperatores
3283 3241 3411 3280 suos
3431 3243 3585 3282 scur-

282 3315 638 3372 Tertullianus
661 3317 1104 3388 respondet:Esto
1125 3327 1232 3374 tam
1256 3319 1436 3387 licitae,
1457 3337 1616 3390 quam
1641 3320 1881 3386 nefariae,

280 3409 390 3463 sint
420 3411 502 3463 IKB
545 3409 848 3480 voluptates
875 3428 886 3461 :
920 3405 1032 3474 Quo
1057 3426 1174 3478 vos,
1221 3411 1426 3483 inquit,
1467 3411 1811 3478 offendimus,
1841 3415 1885 3468 si

280 3503 412 3556 alias
442 3503 798 3571 prtesumimus
821 3512 1194 3573 sectamurque
1219 3503 1502 3573 voluptates
1519 3503 1545 3556 ?
1571 3503 1708 3571 Quid
1735 3519 1881 3574 vero,

280 3598 324 3650 si
354 3595 594 3650 obiectari
622 3596 817 3650 novisse
843 3597 1078 3649 nolumus
1097 3637 1114 3664 ,
1149 3611 1214 3651 ac
1253 3610 1414 3652 omne
1451 3600 1759 3666 respuimus
1788 3613 1884 3653 vo-

283 3689 504 3759 luptatis
543 3689 746 3758 genus?
781 3687 943 3744 Certe
969 3699 1141 3744 nostra
1175 3691 1372 3751 iniuria
1395 3699 1503 3756 est,
1535 3692 1579 3744 si
1620 3694 1752 3762 forte
1782 3709 1884 3746 non

283 3795 447 3838 vestra
475 3782 684 3855 (Idem,
717 3783 1007 3855 Apologet.,
1035 3799 1150 3854 cap.
1181 3783 1278 3849 38,
1302 3801 1422 3855 pag.
1453 3784 1603 3854 467),
1641 3783 1744 3839 hoc
1771 3796 1878 3851 est,

286 3876 439 3929 nobis
470 3873 841 3930 tantummodo
873 3875 1126 3930 damnum
1177 3875 1460 3930 inferimus
1480 3917 1496 3944 ,
1544 3891 1884 3946 nequaquam

286 3978 467 4021 autem
485 3968 654 4030 vobis,
677 3968 774 4020 nisi
795 3965 932 4022 forte
957 3977 1012 4021 et
1037 3977 1272 4022 vestrum
1289 3967 1543 4021 damnum
1566 3966 1638 4022 sit
1659 3979 1763 4022 tam
1789 3983 1886 4023 ne-

286 4055 435 4110 fariis
463 4074 552 4111 vos
579 4067 718 4112 totos
739 4056 938 4113 dedere
970 4057 1354 4128 voluptatibus.

358 4147 541 4218 Neque
569 4150 798 4220 urgeatis
824 4164 886 4202 ea
919 4163 1016 4203 nos
1047 4150 1358 4219 reprobare,
1379 4164 1494 4220 qute
1519 4149 1722 4218 placent
1749 4149 1886 4203 vobis

291 4238 499 4309 (lbid.).
531 4239 644 4294 Non
670 4239 960 4296 diflitemur
1003 4242 1183 4306 enim,
1238 4243 1347 4294 imo
1407 4241 1531 4294 inde
1571 4242 1883 4311 gloriamur.

291 4331 396 4387 Sed
424 4332 550 4402 quid
589 4345 766 4387 veStra
797 4331 926 4386 illud
967 4332 1227 4386 interest?
1268 4331 1456 4385 Nonne
1493 4334 1654 4386 etiam
1685 4347 1774 4385 nec
1801 4348 1887 4386 vos

293 4436 465 4478 nostra
522 4424 812 4479 delectant?
858 4425 914 4479 Si
961 4441 1088 4494 ergo
1136 4435 1347 4479 nostras
1387 4424 1560 4478 licitas
1603 4434 1887 4494 castasque

293 4516 677 4594 delectationes
706 4516 1033 4588 repudiatis,
1073 4532 1170 4572 cur
1203 4528 1407 4571 vestras
1450 4517 1605 4586 plane
1633 4517 1886 4571 libidino-

1989 3307 2072 3362 rili
2100 3307 2409 3378 dicacitate,
2441 3310 2697 3365 conviciis
2751 3327 2816 3368 ae
2866 3315 3206 3370 contumeliis
3234 3317 3406 3386 palam
3447 3319 3589 3374 inse-

1987 3401 2324 3470 quebantur,
2374 3411 2601 3457 mortem
2643 3415 2831 3458 eorum
2873 3406 3167 3474 optabant,
3225 3421 3409 3464 contra
3465 3411 3590 3467 illos

1986 3494 2382 3564 conspirabant,
2409 3496 2770 3568 violentasque
2795 3497 2874 3553 eis
2899 3498 3194 3556 inferebant
3223 3518 3428 3559 manus.

2523 3609 2778 3680 chrur
2820 3611 3012 3667 xxut.

2059 3725 2374 3781 Christianos
2403 3724 2722 3794 publicarum
2749 3726 2974 3780 cladium
2999 3744 3100 3782 non
3129 3746 3237 3786 esse
3255 3750 3513 3793 caussam.

2529 3857 2818 3898 ARTICULUS
2856 3857 3065 3898 PRIMUS.

1991 3929 2121 3998 Qua:
2148 3933 2248 3987 sint
2283 3933 2499 4003 publica:
2529 3934 2700 3988 clades
2719 3975 2733 4000 ,
2776 3951 2992 4004 quarum
3027 3933 3340 3992 Christianos
3360 3952 3595 3998 auctores

2055 4041 2167 4080 esse
2195 4035 2297 4078 tam
2318 4041 2451 4093 δωρον
2487 4041 2638 4092 quam
2668 4027 2802 4097 falso
2831 4027 3017 4080 ethnici
3043 4032 3496 4098 conquerebantur,
3527 4050 3590 4086 ac

2061 4117 2313 4184 quomodo
2338 4114 2679 4171 Tertullianus
2703 4133 2785 4170 eos
2809 4119 3029 4187 refellat.

2063 4231 2413 4285 Observatum
2431 4246 2461 4283 a
2490 4231 2644 4284 nobis
2670 4230 2842 4283 fuitin
2872 4231 3236 4300 superioribus
3257 4235 3588 4295 dissertatio-

1990 4323 2147 4378 nibus
2180 4324 2378 4378 nostris
2401 4322 2688 4392 (Dissertat.
2724 4325 2774 4375 in
2801 4323 2990 4377 Arnob.
3019 4340 3135 4396 cap.
3165 4325 3220 4394 6,
3249 4341 3348 4383 art.
3378 4332 3399 4384 1
3433 4343 3480 4385 et
3506 4333 3585 4404 2),

1992 4413 2192 4466 nullam
2210 4413 2373 4467 fuisse
2409 4413 2833 4468 criminationem
2859 4430 2921 4468 ea
2944 4418 3141 4486 saepius
3162 4422 3585 4493 repetitam,qua

1991 4504 2190 4560 ethnici
2227 4505 2690 4574 conquerebantur
2731 4505 3068 4563 Christianos
3094 4512 3288 4577 omnis,
3339 4513 3478 4568 sicut
3511 4517 3587 4571 ait

293 4624 401 4677 Sas,
429 4595 588 4680 atque
610 4611 824 4666 homine
849 4611 1072 4666 rationis
1099 4619 1347 4680 compote
1377 4625 1597 4680 prorsus
1622 4609 1882 4681 indignas,

1995 4595 2356 4651 Tertullianus
2386 4595 2602 4666 publica:
2632 4597 2824 4666 cladis,
2875 4601 3038 4653 omnis
3082 4603 3346 4670 papularis
3389 4607 3593 4661 incom-

294 4703 516 4773 rejicere
543 4705 695 4761 nobis
723 4721 829 4760 non
862 4704 1084 4760 licebit?

366 4797 712 4868 Prosequitur
751 4796 1146 4862 Tertullianus,
1180 4795 1413 4866 illudque
1456 4795 1738 4852 confirmat
1765 4795 1890 4866 Epi-

294 4903 577 4944 cureorum
621 4891 900 4961 exemplo,
933 4889 1074 4960 quod
1106 4888 1189 4943 his
1229 4889 1452 4944 totidem
1483 4888 1732 4944 codicum
1762 4902 1890 4943 nos-

297 4991 499 5038 trorum
532 4986 709 5040 verbis
739 4983 988 5054 preponit
1020 4998 1033 5034 :
1064 4981 1228 5036 Licuit
1256 4979 1524 5052 Epicureis
1550 4981 1776 5051 aliquam
1805 4981 1892 5035 de.

296 5091 498 5132 cernere
525 5077 795 5148 voluptatis
824 5076 1112 5139 veritatem,
1141 5074 1194 5129 id
1219 5083 1300 5130 est
1319 5115 1334 5139 ,
1363 5073 1527 5128 animi
1552 5073 1854 5144 aequitatem
1877 5113 1892 5139 ,

297 5177 343 5222 et
369 5167 542 5240 ampla
568 5169 769 5240 negotia
799 5167 1084 5222 christiana:
1111 5164 1324 5238 (Ibid.).
1357 5165 1560 5220 Eadem
1590 5179 1803 5235 quoque
1839 5164 1890 5217 iu

305 5260 538 5331 antiquis
567 5257 894 5314 editionibus
922 5256 1205 5327 habentur,
1237 5258 1282 5314 si
1311 5267 1495 5311 tamen
1519 5255 1757 5325 excipias
1782 5255 1900 5309 ulti-

298 5367 444 5407 nuun
491 5371 685 5412 nomen
729 5355 1053 5419 christiana;
1101 5350 1244 5423 quod
1288 5349 1504 5420 quidem
1549 5347 1892 5403 librariorum

298 5450 581 5505 oscitantia
609 5448 877 5520 adjectum
921 5461 1079 5502 nemo
1103 5460 1234 5500 sane
1263 5443 1555 5512 negaverit.
1583 5440 1781 5497 Verum
1800 5440 1892 5494 Ri-

299 5542 524 5611 galtius,
549 5541 643 5602 .uti
686 5555 850 5611 supra
884 5539 1189 5593 monuimus
1229 5537 1370 5607 (cap.
1403 5535 1476 5602 3,
1518 5542 1620 5586 art.
1666 5531 1742 5601 l),
1779 5532 1895 5586 huic

301 5642 505 5688 tantum
542 5634 760 5690 retinuit
798 5650 810 5686 :
868 5629 1035 5685 Licuit
1077 5629 1323 5699 epicureis
1369 5627 1593 5697 aliquam
1629 5625 1896 5680 decernere

299 5729 573 5796 voluptatis
594 5728 874 5790 veritatem,
904 5739 1074 5796 eaque
1103 5723 1222 5777 loco
1252 5737 1350 5776 suo
1376 5730 1522 5776 mota
1553 5721 1669 5775 istis
1700 5732 1897 5788 praepo-

299 5820 450 5876 suit:
493 5818 607 5887 Quo
651 5836 738 5874 vos
799 5816 1124 5885 o/feudimus.
1169 5813 1279 5872 Nos
1322 5824 1501 5870 autem
1546 5812 1617 5868 ibi
1663 5811 1901 5868 monitos

582 5913 1018 5975 'l‘ttn'ruuum
1061 5909 1112 5973 Ι.

1990 4697 2128 4752 modi
2152 4705 2260 4744 esse
2303 4703 2552 4742 caussam.
2611 4687 2854 4745 Taederet
2901 4705 3000 4744 nos
3034 4704 3164 4746 sane
3185 4694 3436 4750 cramben
3482 4705 3590 4754 tam

1990 4803 2136 4860 saepe
2178 4794 2479 4850 recoctam,
2522 4782 2715 4836 iterum
2758 4795 3082 4851 recoquere,
3115 4781 3252 4837 hanc
3291 4800 3476 4841 rursus
3503 4803 3594 4844 re-

1993 4881 2225 4939 fellendo
2254 4877 2507 4934 insulsam
2529 4874 2750 4930 omnino
2778 4875 3313 4946 argumentationem,
3337 4878 3382 4932 si
3411 4879 3592 4935 ethni-

1994 4990 2085 5030 cos
2114 4973 2254 5028 illam
2283 4981 2388 5026 tam
2411 4970 2590 5038 inepte
2610 4965 2895 5022 obtrudere
2914 4966 3201 5038 aliquando
3227 4971 3587 5038 ptenituisset.

1993 5068 2100 5126 Sed
2140 5065 2387 5121 homines
2416 5061 2632 5126 vesani,
2671 5059 2996 5130 immanique
3019 5060 3070 5114 in
3098 5051 3429 5118 Christianos
3464 5064 3594 5120 odio

1993 5161 2256 5224 furentes,
2284 5158 2370 5212 vix
2393 5152 2538 5210 aliud
2578 5151 2647 5207 ad
2684 5149 2987 5222 perdendos
3011 5149 3345 5207 Christianos
3375 5156 3474 5210 hac
3501 5171 3591 5211 ca-

1995 5251 2198 5309 lumnia
2230 5248 2407 5320 aptius
2445 5242 2779 5313 excogitasse
2825 5242 3220 5298 arbitrabantur
3248 5243 3592 5315 (Tertullian.

1999 5343 2296 5413 Apologet.,
2338 5354 2453 5407 cap.
2495 5334 2602 5400 40,
2647 5350 2767 5405 pag.
2805 5333 2930 5398 479,
2975 5341 3020 5387 et
3047 5333 3136 5387 lib.
3182 5334 3206 5388 ι
3247 5336 3316 5389 ad
3345 5336 3592 5408 Nation.,

1997 5454 2114 5507 cap.
2148 5435 2204 5501 9,
2234 5450 2352 5504 pag.
2380 5426 2910 5500 57!).Quantobrem
2932 5425 3318 5483 'l‘ertullianum
3350 5441 3594 5487 nostrum

1998 5542 2305 5599 sequamur,
2332 5540 2392 5579 ac
2426 5521 2551 5593 quid
2581 5535 2699 5574 eam
2723 5517 3062 5588 exponendo,
3093 5529 3255 5590 atque
3275 5526 3589 5591 evertenda,

1999 5633 2090 5676 aut
2115 5619 2413 5688 singulare,
2441 5621 2532 5668 aut
2561 5611 2719 5683 paulo
2745 5611 3027 5666 obscurius
3050 5611 3276 5680 dixerit,
3307 5617 3596 5674 enucleare

2002 5721 2288 5770 teulcuius.

2076 5807 2121 5860 Α
2165 5800 2423 5859 Romanis
2481 5806 2662 5857 autem
2717 5798 2796 5854 sic
2849 5797 2940 5852 ille
2977 5795 3224 5852 orditur:
3285 5797 3348 5852 Si
3394 5797 3602 5857 Tiberis

2758 5891 3318 5975 (Trentc-quatre.)
