4212 6262
352 301 379 359 1
388 303 497 360 069

356 520 404 564 et
427 511 647 575 ,thodos
673 513 931 565 memoria:
958 504 1247 581 produntur
1281 527 1468 572 enatat.
1510 516 1704 574 Postea
1730 523 1958 579 minores

356 604 496 658 ultra
520 602 691 657 Melon
720 602 968 672 Anaphe;
1008 607 1140 660 inter
1168 606 1417 663 ‘Lemmtm
1453 621 1500 664 et
1540 610 1954 684 Hellespontum,

359 694 501 763 Neo;
528 698 660 750 inter
684 695 920 752 Lebedon
968 708 1015 752 et
1042 696 1183 754 Teon
1206 742 1220 765 ,
1260 700 1500 768 Hanelo;
1531 706 1663 759 inter
1692 706 1959 778 Cycladas

359 789 669 859 Olympiadis
696 790 826 855 135,
846 807 983 845 anno
1000 804 1206 862 quarto,
1243 792 1411 850 Tltera
1434 806 1482 851 et
1511 796 1789 863 Theresia;
1828 802 1959 855 inter

360 881 561 934 easdem
604 892 719 951 post
767 898 929 937 annos
970 884 1093 949 l50,
1146 883 1308 940 Hiera
1359 888 1633 960 eademque
1689 892 1961 949 Automdte

361 971 556 1044 (Plin.,
600 975 689 1029 lib.
722 974 766 1029 Il
802 976 955 1043 ibid.,
995 994 1111 1050 cap.
1144 981 1213 1035 87
1237 1021 1252 1044 ,
1278 996 1405 1053 pag.
1434 982 1587 1057 256).
1631 984 1749 1041 Huc
1794 987 1957 1043 etiam

359 1065 564 1121 accedit
604 1067 921 1122 Ammianus
958 1068 1341 1140 Marcellinus,
1382 1075 1470 1129 ubi
1508 1085 1751 1132 motuum
1800 1089 1958 1136 terrae

360 1172 550 1222 causas
572 1159 858 1231 investigat
890 1178 903 1215 :
930 1161 1240 1220 ’Brasmatia:
1258 1206 1274 1232 ,
1300 1167 1396 1233 ait,
1414 1169 1508 1239 qui
1528 1170 1747 1226 'Intmum
1773 1175 1958 1229 moles-

363 1251 459 1306 tius
487 1253 789 1307 suscitantes
830 1256 1122 1326 propellunt
1164 1258 1565 1316 immanissimus
1594 1265 1761 1319 moles
1782 1308 1796 1332 ,
1822 1275 1881 1321 ut
1906 1267 1958 1321 in

361 1343 486 1398 Asia
527 1343 682 1399 Delos
722 1347 948 1414 emersit,
977 1355 1022 1401 et
1050 1348 1217 1403 Hiera
1243 1392 1257 1414 ,
1287 1359 1333 1405 et
1360 1351 1646 1423 Antiphane
1667 1354 1955 1425 (Marcell.,

362 1437 450 1491 lib.
479 1436 640 1501 XVII,
679 1455 794 1508 cap.
813 1440 867 1505 7,
896 1456 1016 1511 pag.
1044 1441 1198 1515 456).
1236 1444 1472 1501 Videsne
1503 1449 1554 1501 in
1576 1446 1812 1504 hislocis
1841 1465 1956 1506 me-

361 1529 563 1583 morari
593 1529 778 1596 Delon,
806 1542 860 1585 et
882 1530 1137 1600 Rhodon,
1158 1536 1702 1604 quemadmodum'ab
1725 1540 1961 1611 ipsumet

364 1618 730 1675 'l‘ertnlliano?
770 1620 959 1678 Nonne
1011 1633 1192 1679 autem
1248 1628 1544 1697 suspicioni
1598 1629 1749 1685 locus
1802 1631 1961 1687 datur

362 1710 664 1766 extduabus
691 1712 813 1768 aliis
840 1714 1037 1770 insulis
1068 1716 1230 1771 Hiera
1256 1729 1320 1774 et
1351 1720 1569 1789 Anaphe
1593 1761 1607 1788 ,
1640 1722 1797 1778 sicuti
1844 1722 1957 1778 Pii-

363 1802 507 1869 nius,
538 1805 623 1859 vel
653 1803 813 1859 Hiera
839 1815 893 1861 et
941 1808 1254 1877 Antiphane,
1283 1820 1343 1865 ut
1372 1810 1718 1868 Marcellinus
1744 1814 1948 1882 scribit,
1984 1825 2031 1885 Β

362 1886 559 1953 factum
589 1897 755 1953 fuisse
798 1900 867 1955 ab
894 1901 1155 1970 imperitis
1195 1904 1432 1961 librariis
1472 1916 1788 1978 corruptum
1816 1908 1949 1964 illud

358 1989 678 2044 vocabulum
710 1990 1098 2063 Hierannapen.
1131 1994 1335 2067 Verum
1375 1999 1440 2054 iis
1471 1998 1627 2057 facile
1671 2002 1949 2069 cedemus,

359 2080 448 2151 qui
464 2081 697 2137 meliora
728 2085 1118 2153 suggesserim.
1148 2139 1154 2145 ,
1643 2147 1649 2154 ,

424 2174 690 2244 Superest
721 2176 904 2232 ultima
934 2179 1109 2235 insula
1131 2195 1163 2234 a
1187 2181 1525 2249 Tertulliano
1553 2188 1827 2242 nominata
1858 2187 1951 2256 Co,

361 2271 446 2326 vel
472 2270 600 2333 Cito,
631 2280 689 2326 ut
718 2270 771 2327 in
811 2274 1019 2329 nostris
1048 2276 1326 2333 codicibus
1346 2321 1360 2346 ,
1399 2293 1462 2334 ac
1481 2279 1592 2349 jam
1621 2280 1787 2336 citato
1818 2282 1958 2337 libro

360 2362 533 2431 primo
555 2362 623 2417 ad
652 2361 931 2432 Nationes,
962 2374 1056 2421 aut
1085 2366 1217 2421 Coro
1238 2408 1253 2433 ,
1287 2369 1452 2424 veluti
1491 2371 1543 2424 in
1572 2371 1811 2442 antiquis
1839 2372 1955 2428 edi-

362 2456 616 2524 tionibns,
644 2461 729 2515 vel
754 2461 917 2529 Coon,
944 2464 1083 2520 sicut
1121 2464 1174 2520 in
1199 2465 1432 2522 editione
1457 2467 1699 2522 Heraldi.
1729 2470 1799 2523 At
1840 2468 1951 2524 Pa-

359 2548 553 2605 melius
596 2552 968 2623 corrigendum
996 2565 1239 2613 autumat
1278 2557 1425 2625 Coo;
1466 2560 1591 2629 quia
1638 2559 1688 2615 in
1730 2560 1958 2617 Eusebii

360 2637 627 2697 Chronico
660 2643 921 2715 legimus:
949 2648 1193 2704 ininsula
1219 2649 1320 2703 Coo
1357 2656 1507 2704 teﬂoe
1542 2658 1691 2704 motu
1731 2652 1959 2722 plurima

362 2734 686 2789 conciderunt
732 2736 962 2808 (Chron.
1016 2738 1227 2806 Euseb.,
1256 2741 1344 2796 ad.
1391 2741 1460 2796 58
1511 2757 1634 2796 ann.
1682 2741 1952 2815 August.)

361 2821 478 2879 Non
510 2828 729 2882 omnino
757 2829 978 2886 forsitan
1016 2831 1192 2898 male;
1223 2832 1571 2889 nam‘Strabo
1613 2834 1956 2892 mentionem

363 2917 489 2974 facit
517 2919 702 2978 insulae
729 2931 838 2986 Κῶς
856 2925 1093 2999 (Strab.,
1121 2928 1210 2981 lib.
1250 2927 1295 2982 II
1327 2926 1539 3003 Geogr.,
1567 2947 1690 3003 pag.
1738 2930 1870 3003 124,
1893 2941 1950 2989 et

367 3008 454 3064 lib.
485 3009 555 3079 X,
581 3029 702 3085 pag.
742 3016 868 3087 489)
892 3058 905 3082 ,
951 3018 1089 3072 sicut
1129 3025 1184 3073 et
1219 3019 1329 3073 alii.
1362 3018 1562 3076 Verum
1605 3022 1829 3093 quidam
1858 3038 1959 3079 nos

362 3116 688 3162 monuerunt
716 3106 769 3162 in
808 3108 1096 3165 Eusebiani
1118 3107 1368 3169 Chronici
1400 3120 1546 3169 textu
1576 3115 1834 3186 scriptum
1857 3158 1872 3185 ,
1900 3116 1956 3171 in

365 3194 555 3268 Cypro,
578 3199 739 3270 idque
764 3200 984 3258 Seneca:
1010 3204 1316 3261 testimonio
1342 3206 1663 3264 confirmare
1692 3210 1955 3265 nituntur.
1987 3202 2032 3278 ε

366 3290 606 3361 Denique
623 3294 838 3363 quidam
859 3300 1112 3368 suspicati
1132 3299 1655 3357 suntTertulliauum
1675 3303 1960 3375 scripsisse

369 3383 489 3451 Cea,
516 3385 758 3458 hancque
786 3390 1218 3447 emendationem
1239 3394 1453 3463 probari
1480 3409 1637 3466 posse
1658 3406 1849 3467 pntant
1877 3398 1961 3453 his

367 3477 526 3535 Plinii
576 3482 773 3550 verbis,
815 3499 878 3538 ea;
924 3483 1094 3539 insula
1132 3485 1233 3541 Cea
1282 3488 1503 3559 amplius
1542 3490 1748 3562 triginta
1798 3491 1965 3545 millia

370 3591 610 3646 passuum
635 3576 851 3649 abrupta
877 3582 1040 3635 subito
1061 3597 1174 3636 cum
1200 3583 1435 3653 plurimis
1460 3585 1755 3638 mortalium
1788 3584 1963 3655 rapuit

376 3666 566 3737 (‘Plin.,
590 3668 678 3722 lib.
706 3668 749 3723 Il
778 3669 968 3726 Natur.
997 3672 1157 3739 Hist.,
1186 3690 1301 3743 cap.
1330 3674 1421 3743 92,
1449 3692 1568 3747 pag.
1593 3675 1743 3747 259).
1768 3675 1960 3733 Nonne

370 3770 551 3815 autem
587 3760 711 3817 huic
730 3764 1056 3834 conjectum
1095 3766 1305 3822 roboris
1332 3768 1529 3839 aliquid
1571 3768 1693 3825 inde
1718 3771 1961 3836 accedet,

369 3853 513 3925 quod
552 3864 737 3925 postea
782 3856 924 3912 idem
953 3857 1156 3913 Plinius
1195 3859 1441 3917 observat
1470 3860 1571 3917 Cos
1589 3904 1606 3930 ,
1635 3878 1664 3917 a
1694 3862 1983 3938 Staphyla

373 3945 537 4004 Ceam
574 3949 829 4019 appellari
868 3949 1055 4023 (Ibid,
1099 3950 1187 4006 lib.
1226 3950 1289 4021 ν,
1326 3970 1440 4025 cap.
1491 3953 1588 4026 9)?
1614 3954 1717 4013 Sed
1764 3960 1966 4014 certius

373 4046 559 4115 procul
586 4046 749 4101 dubio
784 4045 834 4101 id
873 4046 1193 4113 stabilietur,
1224 4048 1269 4102 si
1305 4049 1518 4118 probari
1547 4051 1720 4122 possit
1751 4050 1967 4107 Tertul-

374 4136 575 4195 lianum
601 4139 669 4194 ad
699 4139 857 4195 Plinii
882 4142 1184 4210 respexisse
1209 4140 1394 4197 libros.

447 4233 518 4285 At
553 4242 702 4287 certe
744 4232 812 4286 ad
849 4247 971 4287 eum
1011 4232 1329 4288 collineasse
1376 4233 1590 4289 videtur
1626 4250 1752 4291 cum
1781 4236 1919 4292 dixit
1950 4253 1964 4291 ε

376 4321 629 4379 Memorat
693 4323 848 4379 Plato
900 4327 1149 4396 majorem
1204 4326 1338 4379 Asia:
1402 4328 1481 4380 uel
1537 4327 1727 4396 Africa:
1780 4338 1971 4382 terram

374 4414 630 4469 Atlantico
650 4417 780 4471 mari
794 4429 1018 4489 ereptam
1044 4415 1396 4488 (Tertullian.,
1415 4418 1706 4487 Apologet.,
1735 4434 1852 4487 cap.
1873 4417 1967 4486 40,

376 4522 498 4578 pag.
528 4506 680 4580 481).
712 4511 779 4564 Et
805 4510 912 4565 alio
931 4525 1118 4565 rursus
1142 4509 1344 4564 inlibro
1363 4525 1381 4562 :
1406 4507 1560 4563 Plato
1588 4516 1829 4563 memorat
1855 4525 1968 4562 ma-
1997 4569 2000 4573 ,

1440 384 1445 391 ί
1494 308 1944 373 DISSERTATtO
1983 318 2045 374 ι).
2086 284 2175 376 LE
2216 319 2517 379 NOURRY.

354 418 723 475 sulisdisserit
748 435 760 472 ς
796 418 983 487 Clarae,
1010 419 1202 491 inquit,
1225 425 1340 494 jam
1360 426 1561 495 pridem
1587 429 1770 483 insula:
1797 430 1955 487 Delos
1982 433 2035 493 Α

3521 340 3660 398 1070

2056 433 2165 504 jam
2192 436 2475 504 probatum
2499 438 2703 494 dixeris
2722 438 3058 498 Christianos
3086 445 3415 515 publicarum
3440 452 3657 510 calami-

2064 537 2231 583 tatum
2262 545 2507 587 caussam
2541 549 2646 588 non
2679 532 2865 599 fuisse,
2901 545 3057 606 teque
3090 540 3210 594 aliis
3240 542 3415 599 adhuc
3438 529 3657 615 probari

2061 638 2168 678 non
2202 624 2412 680 tradeat.
2475 627 2654 699 Pergit
2692 638 2870 685 autem
2906 631 3023 695 ille,
3066 642 3121 688 et
3142 634 3216 687 ait
3245 653 3257 688 :
3294 632 3440 693 Mare
3474 639 3656 698 Corin-

2063 717 2398 773 tltiumterra:
2426 729 2591 776 motus
2636 720 2784 776 ebibit
2822 721 3190 797 A(Tertullian.,
3234 727 3323 781 lib.
3378 730 3441 783 de
3489 724 3657 801 Pall.,

2063 824 2195 878 cap-
2221 809 2255 863 2
2287 810 2324 882 );
2357 820 2412 866 et
2455 813 2508 865 in
2557 812 2705 868 libro
2734 814 2802 867 ad
2828 812 3079 870 Nationes
3100 832 3118 869 :
3147 817 3322 873 Terrae
3349 830 3490 874 motu
3518 839 3659 890 mare

2062 900 2379 957 Corinthium
2422 910 2649 976 ereptum
2679 918 2772 961 est.
2802 906 3100 978 Opinantur
3142 912 3387 968 nonnulli
3425 928 3548 970 eum
3580 915 3655 971 ibi

2061 992 2310 1050 allusisse
2340 995 2410 1051 ad
2443 997 2649 1052 urbium
2670 1000 2855 1055 Elices
2880 1010 2935 1056 et
2968 1000 3125 1057 Burte
3152 1005 3362 1059 ruinam
3384 1047 3400 1072 ,
3430 1006 3498 1062 de
3533 1007 3660 1076 qui-
3706 1048 3713 1055 .

2061 1086 2160 1142 bus
2182 1103 2397 1143 rursum
2432 1089 2635 1146 Plinius
2665 1111 2677 1146 :
2710 1090 2911 1147 Pontus
2937 1094 3141 1149 abstulit
3173 1095 3368 1152 Elicem
3389 1108 3436 1152 et
3467 1097 3662 1155 Buram

2062 1178 2116 1232 in
2164 1179 2280 1233 sinu
2328 1180 2613 1244 Corinthio,
2659 1200 2875 1253 quorum
2904 1185 2955 1239 in
2999 1186 3104 1240 alto
3150 1188 3360 1258 uestigia
3408 1200 3662 1260 apparent

2067 1267 2256 1340 (Plin.,
2315 1271 2406 1326 lib.
2463 1272 2505 1327 ll
2548 1272 2739 1341 Nalur.
2780 1274 2958 1339 Ilist.,
3022 1293 3140 1347 cap.
3192 1276 3284 1343 92,
3331 1296 3453 1351 pag.
3503 1279 3662 1351 259).

2063 1361 2223 1416 Plura
2265 1363 2309 1418 si
2353 1363 2509 1431 velis,
2550 1367 2774 1422 consule
2821 1367 3143 1423 Strabonem
3192 1368 3435 1439 (Strab.,
3493 1372 3584 1426 lib.
3640 1372 3662 1429 Ι

2065 1452 2275 1525 Ceogr.,
2324 1471 2448 1526 pag.
2503 1456 2619 1526 59),
2678 1457 2996 1513 Pausaniam
3044 1460 3303 1529 (Pausan.
3338 1503 3354 1529 ,
3407 1462 3496 1517 lib.
3546 1462 3661 1531 VII,

2063 1562 2184 1616 pag.
2213 1545 2321 1601 212
2347 1555 2393 1600 et
2439 1546 2606 1618 251),
2651 1547 2909 1604 Senecam
2953 1548 3189 1624 (Senec.,
3237 1552 3328 1607 lib.
3356 1550 3424 1607 Vl
3466 1551 3659 1610 Natur.

2067 1635 2284 1703 autem,
2315 1653 2432 1708 cap.
2456 1637 2546 1703 25,
2575 1627 2698 1710 pbg.
2730 1638 2881 1712 895),
2906 1656 2968 1696 ac
2994 1643 3176 1700 missis
3216 1643 3357 1712 aliis,
3388 1642 3660 1713 Ovidium,

2066 1731 2151 1801 qui
2178 1731 2406 1787 canebat
2435 1749 2448 1785 :

2214 1844 2267 1912 Si
2291 1857 2481 1912 quieras
2499 1844 2728 1912 Helicem
2748 1855 2798 1897 et
2814 1846 3013 1912 Buram,
3038 1848 3286 1899 Acbeidas
3305 1850 3473 1912 urbes,

2216 1905 2452 1971 Invenies
2475 1910 2567 1957 sub
2589 1910 2755 1971 aquis;
2785 1915 2838 1959 et
2868 1910 3029 1960 adhuc
3051 1912 3321 1962 ostendere
3345 1905 3507 1963 nautea

2218 1967 2453 2021 Inclinata
2476 1967 2647 2020 solent
2663 1967 2772 2020 cum
2794 1974 3039 2022 moenibus
3058 1974 3236 2036 Oppida
3258 1976 3477 2025 summis.

2445 2050 2606 2115 (Ovid.
2634 2054 2957 2118 Metamorph.
2985 2052 3069 2107 lib.
3090 2063 3184 2117 xv,
3211 2069 3254 2107 υ.
3281 2057 3394 2119 295,
3423 2058 3567 2132 βία),

2020 2194 2024 2202 ι
2060 2146 2129 2209 At
2156 2157 2315 2226 paulo
2352 2166 2509 2213 antea
2539 2159 2628 2214 ille
2658 2174 2764 2215 non
2793 2161 3010 2231 quidem
3038 2162 3107 2218 de
3148 2164 3405 2231 urbibus,
3445 2163 3541 2221 sed
3586 2165 3655 2221 de

2061 2248 2220 2303 terris
2244 2290 2259 2315 ,
2299 2262 2433 2320 quas
2480 2249 2688 2306 Auctor
2719 2261 2904 2308 noster
2943 2254 3278 2321 nominavit,
3318 2255 3491 2313 hosce
3534 2255 3658 2314 fecit

2060 2353 2256 2395 VOI‘SIIS
2285 2357 2299 2394 ζ

2153 2430 2267 2501 Χὶάἰ
2292 2444 2406 2501 ego,
2430 2433 2561 2495 quod
2579 2431 2748 2501 fuerat.
2769 2436 3012 2498 quondam
3035 2435 3325 2488 solidissima
3348 2439 3497 2492 tellus
3519 2478 3534 2501 ,

2151 2492 2278 2564 Esse
2292 2492 2491 2564 fretum,
2519 2495 2612 2564 vidi
2638 2492 2875 2564 factas'ex
2902 2510 3110 2564 aequore
3130 2508 3313 2564 terras;

2153 2555 2216 2621 Et
2241 2556 2404 2618 procul
2425 2570 2454 2605 a
2478 2555 2656 2619 pelago
2677 2559 2878 2609 conchae
2895 2555 3104 2621 jac'uere
3129 2555 3349 2621 marinae,

2154 2615 2216 2667 Et
2240 2615 2382 2668 vetus
2404 2615 2615 2669 inv-eula'
2626 2627 2703 2671 est
2726 2622 2777 2671 in
2799 2615 3045 2673 montibus
3062 2624 3274 2674 anchora
3288 2615 3508 2677 summis.

2061 2721 2272 2799 Videsis
2314 2740 2432 2794 quae
2477 2727 2529 2781 in
2577 2728 2858 2797 superiore
2911 2727 3291 2785 dissertatione
3335 2747 3365 2786 a
3402 2732 3562 2788 nobis
3603 2733 3658 2790 in

2062 2815 2357 2871 Arnobium
2388 2826 2637 2872 annotata
2666 2828 2791 2873 sunt
2818 2818 3114 2890 (Dissertat.
3136 2822 3189 2877 in
3211 2823 3427 2891 Arnob,
3457 2841 3574 2897 cap.
3603 2827 3661 2895 6,

2063 2916 2165 2962 art.
2206 2908 2283 2977 5).
2326 2908 2434 2964 Sed
2479 2920 2669 2980 arguet
2703 2912 2900 2983 aliquis
2930 2912 3047 2969 haec
3075 2915 3142 2969 ad
3174 2916 3489 2973 Tertulliani
3537 2934 3667 2988 pro-

2063 2999 2293 3066 positum
2326 3014 2431 3053 non
2461 3000 2731 3064 sufﬁcere.
2763 3004 2864 3057 nisi
2896 3005 3108 3061 ratione
3136 3008 3311 3077 aliqua
3352 3008 3666 3066 ostendatur

2062 3102 2214 3144 mare
2243 3088 2602 3158 Corinthium,
2622 3094 2773 3150 sicut
2800 3095 2890 3151 ille
2912 3097 3010 3163 ait,
3035 3107 3183 3153 motu
3213 3109 3374 3156 terrae
3390 3110 3663 3171 ereptum,

2065 3189 2120 3236 et
2161 3192 2400 3252 epotum.
2441 3185 2515 3240 At
2559 3184 2683 3242 huic
2731 3187 2891 3257 plene
2928 3189 3225 3246 satisfaciet
3265 3192 3376 3262 jam
3402 3194 3602 3248 citatus
3630 3208 3663 3247 a

2067 3276 2223 3333 nobis
2268 3286 2386 3348 post
2416 3276 2673 3335 Senecam
2717 3279 3229 3353 Callisthenes,squi
3284 3284 3448 3339 docet
3497 3285 3660 3341 urbes

2068 3380 2348 3443 terrasque
2375 3373 2444 3429 ab
2472 3373 2869 3431 exundantibus
2907 3377 3060 3447 aquis
3090 3393 3252 3447 posse
3286 3378 3442 3435 Facile
3466 3379 3660 3435 absor-

2067 3462 2202 3530 beri,
2224 3472 2345 3518 cum
2367 3465 2585 3535 Spiritus
2624 3481 2723 3537 per
2747 3468 2954 3522 occulta
2982 3468 3244 3523 foramina
3275 3471 3518 3541 illapsus,
3553 3478 3666 3526 ter-

2068 3568 2183 3609 ram
2211 3558 2448 3611 concutit
2474 3557 2709 3629 (Senec.,
2731 3560 2820 3613 lib.
2857 3559 2918 3615 Vl
2946 3572 3118 3615 natur.
3162 3563 3383 3631 Qutest.,
3422 3581 3538 3634 cap.
3568 3564 3659 3632 85,

2069 3662 2188 3718 pag.
2220 3646 2369 3720 895).
2400 3647 2536 3703 Tum
2566 3650 2765 3705 etenim
2808 3652 2868 3705 lit
2914 3651 3118 3717 hiatus,
3156 3669 3263 3724 quo
3296 3656 3476 3710 omnia
3504 3656 3666 3711 absu-

2068 3750 2306 3796 muntur.
2362 3742 2699 3814 Quapropter
2747 3743 2888 3799 idem
2955 3746 3159 3802 Seneca
3216 3764 3403 3805 rursus
3465 3750 3664 3806 dixit':

2081 3830 2235 3888 Vasta
2261 3838 2523 3890 concussio
2553 3834 2685 3889 duas
2708 3838 2990 3907 suppressit
3017 3826 3163 3892 urbes
3204 3838 3436 3894 Helicen:
3475 3851 3521 3896 et
3542 3841 3661 3895 Bu-

2070 3926 2186 3979 rim.
2236 3925 2309 3979 At
2355 3925 2511 3981 Buris
2538 3937 2594 3981 et
2622 3926 2804 3982 l‘lelice
2852 3926 3032 3983 isthmi
3079 3929 3539 4000 Peloponnesiaci,
3568 3948 3667 3988 seu

2070 4016 2359 4083 Corinthii,
2391 4018 2550 4073 urbes
2593 4029 2767 4086 erant,
2797 4036 2918 4090 qua:
2945 4022 3096 4091 aquis
3125 4024 3293 4093 mergi
3332 4039 3435 4077 non
3479 4035 3667 4092 potue-

2072 4118 2218 4176 runt,
2246 4110 2376 4180 quin
2405 4110 2567 4164 simili
2612 4126 2744 4166 casu
2794 4126 2942 4165 mare
2973 4111 3308 4166 Corinthium
3352 4114 3667 4184 absorptum

2072 4200 2252 4257 fuerit.
2300 4201 2416 4257 Non
2446 4212 2617 4258 totum
2643 4211 2821 4257 tamen
2867 4203 3177 4272 absorptum
3201 4212 3313 4271 est,
3343 4205 3437 4261 sed
3466 4206 3665 4278 duplex

2074 4293 2248 4349 ell‘ecit
2278 4311 2426 4350 mare
2446 4295 2515 4350 de
2543 4310 2647 4363 quo
2676 4295 2895 4350 Ovidius
2922 4312 2933 4347 :

2168 4410 2361 4472 Quique
2387 4409 2535 4458 maris
2555 4409 2741 4469 gemini
2765 4408 2971 4457 distinct
2997 4409 3202 4459 isthmos
3225 4423 3392 4472 aquas.

2180 4498 2189 4507 '
2854 4487 3020 4554 (Ouid.
3046 4489 3186 4556 epist.
3208 4492 3284 4554 12,
3308 4505 3352 4543 υ.
3381 4491 3514 4555 104.)

370 4602 540 4673 jorem
576 4603 749 4657 Asiam
795 4612 885 4656 aut
921 4603 1152 4674 Africam
1193 4603 1249 4657 in
1287 4602 1541 4656 Atlantico
1579 4602 1711 4655 mari
1751 4616 1969 4657 mersam
1995 4606 2051 4667 1)
2171 4599 2418 4656 Lucanus
2450 4617 2463 4653 :

381 4694 493 4765 (lib.
525 4694 634 4749 lad
656 4693 871 4751 Nation.
891 4737 905 4761 ,
940 4712 1054 4766 cap.
1084 4694 1135 4762 9,
1174 4710 1295 4767 pag.
1317 4693 1467 4767 571).
1499 4694 1769 4765 Scriptum
1800 4694 1973 4766 siqui-

380 4786 505 4842 dem
536 4788 604 4842 ab
628 4789 821 4843 eodem
848 4789 1023 4844 Plinio
1056 4788 1290 4845 vidimus
1314 4804 1331 4842 :
1357 4787 1426 4843 In
1452 4797 1610 4843 totum
1635 4787 1845 4842 abstulit
1866 4798 1970 4843 ter-

379 4894 488 4946 ras,
521 4882 742 4952 primum
764 4889 1011 4949 omnium,
1042 4883 1127 4938 ubi
1156 4884 1468 4939 Atlanticum
1489 4898 1628 4938 mare
1654 4892 1745 4952 est,
1770 4884 1815 4937 si
1844 4881 1975 4937 Pla-

378 4977 491 5030 toni
535 4977 820 5042 credimus,
868 4978 1112 5031 inimenso
1166 4973 1330 5047 spatio
1370 4976 1564 5047 (Plinz,
1608 4977 1696 5032 lib.
1735 4974 1783 5032 ll
1836 4973 1971 5029 Hist.

383 5079 584 5137 unum,
613 5086 733 5139 cap.
766 5070 857 5133 90,
888 5088 1006 5142 pag.
1036 5069 1188 5137 2'58).
1217 5066 1422 5127 Citatus
1460 5084 1621 5141 porro
1651 5069 1720 5124 ab
1749 5078 1977 5140 utroque

379 5160 626 5219 Platonis
647 5164 795 5219 locus
822 5164 874 5217 in
900 5163 1017 5233 ejus
1040 5162 1243 5217 Timteo
1268 5162 1541 5217 invenitur
1563 5158 1790 5233 (‘Plato.,
1811 5158 1969 5230 Tinn,

389 5262 509 5309 to’m.
542 5253 631 5319 ΙΙΙ,
650 5273 769 5327 pag.
802 5255 923 5327 25),
951 5254 1397 5327 quemadmodum
1421 5255 1544 5311 alibi
1573 5255 1981 5311 observavimus

392 5345 686 5419 (Disseruit.
722 5352 779 5405 in
816 5351 1034 5416 Arnob"
1067 5366 1181 5421 cap.
1225 5348 1293 5413 6,
1329 5356 1429 5401 art.
1463 5347 1540 5417 5).
1565 5347 1829 5403 Ctetcrum
1875 5346 1973 5402 ets'i

386 5438 749 5499 Tertullianus
778 5444 909 5499 nihil
942 5456 1176 5516 unquam
1217 5445 1286 5501 de
1312 5442 1496 5500 'Plinio
1524 5443 1651 5499 haec
1678 5443 1969 5499 scribendo

382 5536 712 5606 cogitasset,
739 5551 843 5593 non
871 5524 1045 5593 minus
1070 5548 1246 5594 tamen
1277 5537 1401 5594 inde
1420 5535 1790 5605 confirmatur,
1834 5534 1977 5607 quod

388 5626 481 5683 ille
505 5629 632 5686 alibi
659 5628 834 5686 adhuc
856 5632 1049 5702 repetit
1074 5630 1130 5687 in
1159 5631 1428 5687 Atlantico
1453 5630 1593 5687 mari“
1623 5630 1742 5687 adre
1756 5632 1979 5703 quatam

385 5715 611 5791 Libyam
637 5731 730 5776 aut
754 5723 957 5779 ‘Asiam.

426 5811 567 5871 Sed
588 5826 712 5873 eum
740 5812 916 5873 adhuc
955 5824 1262 5889 sequamur,
1289 5812 1394 5874 nisi
1436 5822 1518 5873 tot
1544 5810 1814 5888 exemplis
1852 5813 1987 5873 satis

2177 4731 2190 4743 .
2290 4730 2303 4744 .
2403 4728 2417 4742 .
2518 4731 2529 4741 .
2634 4728 2646 4740 .
2744 4688 2966 4751 Qualiter
2988 4691 3145 4742 undas

2173 4756 2263 4815 Qui
2278 4762 2440 4814 secat,
2468 4760 2523 4805 et.
2556 4754 2805 4815 geminum
2831 4754 3044 4816 graciles
3067 4766 3200 4802 mare
3227 4756 3423 4816 separat
3442 4751 3664 4816 isthmos,

2172 4814 2278 4882 Nec
2298 4818 2481 4882 patittn'
2503 4814 2725 4882 conferre
2750 4814 2949 4875 fretum,
2968 4819 3012 4866 si
3034 4822 3169 4866 terra
3200 4814 3403 4866 recedat

2171 4876 2391 4932 Ionicum
2415 4876 2583 4943 Egon)
2606 4878 2802 4941 franget
2825 4892 2977 4929 mare.
3048 4916 3060 4928 .
3130 4915 3142 4928 .
3210 4913 3224 4927 .
3295 4911 3309 4924 .

2887 4962 3089 5025 (Lucan.
3113 4957 3196 5014 lib.
3221 4968 3275 5021 ll,
3300 4974 3343 5012 υ.
3362 4962 3467 5025 99.)

2153 5069 2415 5126 Omnibus
2434 5084 2597 5141 porro
2616 5085 2679 5125 ea
2698 5070 2912 5141 cognitu
2937 5069 3093 5141 longe
3120 5068 3354 5125 faciliora
3379 5080 3523 5136 sunt,
3547 5086 3669 5143 quzn

2085 5162 2443 5218 Tertullianus
2473 5162 2783 5234 subjunxit:
2824 5160 2913 5216 Vis
2942 5162 3199 5215 undarum
3242 5160 3525 5217 Lucaniam
3565 5162 3682 5218 Ita.
3712 5174 3723 5185 '

2088 5254 2171 5311 lia:
2197 5242 2494 5321 abscissam,
2545 5257 2601 5310 in
2630 5255 2828 5311 Sicilia:
2854 5271 3037 5309 nomen
3073 5254 3314 5326 relegavit
3345 5253 3678 5329 (Tertullian.

2088 5347 2357 5420 Apologet.
2387 5365 2503 5418 cap.
2538 5347 2628 5414 40,
2659 5366 2780 5420 pag.
2809 5347 2963 5418 481).
2986 5347 3150 5403 Paulo
3175 5358 3354 5403 autem
3384 5349 3683 5420 iusinsalio

2090 5441 2143 5496 in
2189 5439 2323 5496 libro
2353 5459 2366 5496 :
2398 5439 2569 5495 Italiae
2594 5442 2849 5511 quondam
2900 5440 3054 5505 latus,
3105 5440 3272 5495 Adria
3318 5440 3680 5512 Tyrrhenoque

2089 5539 2460 5609 quassantibus,
2496 5537 2808 5592 mediotenus
2853 5536 3205 5607 interceptum,
3269 5535 3510 5605 reliquias
3550 5534 3689 5590 Sici-

2088 5631 2209 5685 liam
2238 5631 2380 5703 facit,
2428 5647 2545 5684 cum
2584 5639 2689 5684 tota
2733 5628 2829 5683 illa
2874 5628 3029 5700 plaga
3086 5627 3299 5683 discidii
3345 5628 3688 5683 contentiosos

2088 5738 2352 5792 (equorum
2398 5722 2558 5777 coitus
2586 5721 2813 5793 angustis
2858 5731 3175 5792 retorquens,
3207 5735 3391 5775 novum
3425 5720 3532 5774 uitii
3563 5717 3693 5772 mari

2086 5814 2273 5885 induit,
2301 5831 2403 5873 non
2432 5815 2723 5890 exspuentis
2747 5814 3045 5888 naufragia,
3072 5812 3162 5871 sed
3183 5812 3472 5872 devorantis
3493 5808 3691 5885 (Idem,
