2085 3132
267 154 337 185 1071

811 150 843 178 I‘N
864 147 1095 178 TEliTULLlANl
1114 144 1380 175 APOLOGETICUM

1845 135 1917 164 1072

267 214 311 241 lib.
327 214 358 241 de
387 212 456 240 Pall.
486 218 544 246 cap.
564 207 603 245 Ξ).
625 209 690 243 Quae
711 208 818 244 quidem
842 217 857 235 a
883 207 1065 242 compluribus
1078 206 1105 236 Α
1152 205 1268 232 excitata:
1288 208 1347 231 sunt
1365 203 1423 237 igne
1444 200 1548 233 ctelesti,
1572 202 1595 226 et
1614 198 1745 225 hominum
1766 195 1847 223 annis
1864 203 1873 221 :
1887 195 1919 221 de

268 259 440 295 geograpltis,
463 258 549 293 poetis
571 255 683 290 aliisque
706 255 843 282 memorim
868 253 973 295 prodita
994 256 1065 280 suttt.

268 290 379 332 bvidius
403 307 490 331 autem
506 300 612 332 eodem,
634 307 713 335 quem
739 300 818 335 paulo
840 290 902 327 ante
916 298 1067 332 citavimus,

268 350 329 378 loco
340 349 374 378 de
386 348 485 376 Zancle
499 355 550 375 una
563 346 662 374 Sicilia:
675 346 870 376 urbecantavit
885 353 892 372 :

365 425 371 430 .
421 424 426 430 .
478 425 484 430 .
533 404 622 429 Zancle
633 411 733 436 quoque
742 403 826 434 juncta
838 403 913 429 fuisse

362 436 459 462 Dicitur
470 436 557 466 italiae,
570 435 649 460 donec
660 435 763 460 conﬁnia
773 440 861 466 pontus

362 468 480 499 Abstulit,
494 471 520 493 et
527 465 607 492 media
620 466 734 492 tellurem
746 465 854 498 reppulit
863 465 934 490 unda.

538 507 629 540 (Ovid.,
642 506 684 533 lib.
702 511 737 532 xv
756 509 911 532 Metamor.v.
923 505 992 537 290.)

309 562 443 590 Laudatus
455 561 535 589 etiam
546 569 561 588 a
577 560 654 588 nobis
667 559 790 587 Lucanus
804 558 898 586 eadem
913 557 947 585 de
961 561 1016 584 tota
1029 555 1071 583 Si-

273 610 345 642 cilia,
358 617 408 636 nec
420 608 502 636 semel
511 606 619 643 quidem
634 606 730 634 cecinit
745 604 855 641 (Lucan.
869 604 913 631 lib.
930 603 961 635 ll,
972 611 996 630 υ.
1006 603 1071 635 515,

273 661 297 683 et
309 655 353 682 lib.
367 654 410 688 ill,
424 663 448 682 υ.
460 654 494 682 58
510 659 531 681 et
543 651 637 688 seqq),
654 650 878 687 quemadmodum
894 649 1020 684 Virgilius
1030 647 1072 675 Itis

275 702 397 730 versibus
413 710 419 728 :

319 758 379 783 Haec
390 757 442 783 ioca
454 758 476 782 vi
487 757 607 784 (incutiam
620 761 646 781 et
663 759 729 781 vasta
741 754 855 780 convulsa
864 755 943 784 ruina,

322 790 426 814 Tantum
438 789 482 813 alvi
494 787 624 819 longinqua
635 787 700 811 valet
711 790 807 819 mutare
820 789 937 819 vetustas.

321 811 469 856 piéiiriiséé'
476 811 631 856 dimidim
641 819 750 856 protinus
762 811 950 856 udaque-tellus

324 850 377 875 Una
386 851 459 881 foret,
472 850 628 875 vettitutedio
638 846 659 873 ἐι
673 852 768 881 pontus,
780 851 804 872 ct
817 846 889 871 tindis

322 877 471 913 Hesperium
479 881 560 905 Siculo
571 881 635 904 latus
645 877 757 913 abscidit.
772 885 878 913 arvaque
890 880 916 902 et
928 877 1012 905 urbes,

325 910 420 938 Littbre
432 912 550 937 deductas
563 915 667 940 angusto
679 910 789 934 interluit
801 913 872 934 testu.

464 951 577 984 (Virgil.,
587 950 628 976 lib.
642 955 666 975 ιιι
675 950 779 980 inciti,
792 957 814 975 υ.
828 950 874 974 614
885 953 908 975 et
919 948 995 981 seqq.)

275 1007 369 1034 Citatis
383 1010 471 1033 autent
493 1005 535 1032 Itis
550 1004 671 1032 versibus
697 1004 798 1031 Seneca
823 1002 942 1029 addidit:
964 1001 1010 1029 Sic
1029 1000 1077 1027 hac

277 1052 454 1084 inundatione,
464 1060 538 1086 quant
550 1055 680 1086 poetarum
694 1049 799 1076 maximi
807 1048 944 1080 celebrant,
954 1048 985 1074 ab
997 1046 1077 1072 Italia

278 1098 369 1126 Sicilia
379 1098 473 1132 rejecta
481 1102 515 1124 est
527 1097 641 1131 (Senec.,
653 1095 696 1122 lib.
707 1095 739 1122 lV
750 1100 835 1121 natur.
844 1094 952 1126 (ἐκεῖθι,
962 1100 1019 1127 cap.
1030 1091 1076 1124 29,

281 1152 343 1180 pag.
360 1144 432 1176 898).
448 1142 554 1170 Videsis
568 1142 681 1169 Plinium
698 1140 792 1173 (Plin.,
807 1139 850 1166 lib.
866 1139 888 1166 Il
903 1144 988 1166 natur.
1006 1137 1076 1165 Hist.

277 1198 336 1224 cap.
351 1190 396 1222 87,
409 1197 469 1224 pag.
482 1188 559 1222 255),
571 1187 685 1215 Statium
699 1186 795 1220 (Slat.,
812 1186 856 1212 lib.
873 1185 904 1212 Ill
919 1184 1042 1212 Thebaid.
1054 1188 1078 1211 et

279 1235 323 1263 lib.
339 1235 349 1261 Ι
364 1234 490 1270 Sglvar.).
507 1233 602 1260 Silium
616 1233 749 1265 Italicum,
765 1232 921 1259 Cluveriunt
936 1236 963 1258 et
982 1231 1059 1257 alios.

315 1280 384 1314 Quid
400 1280 492 1314 plura!
510 1280 578 1306 Ante
595 1279 738 1306 Saturnum
755 1279 875 1312 aliosque
899 1284 995 1305 omnes
1014 1284 1079 1312 gett-

280 1327 367 1355 tilium
386 1327 453 1354 deos
467 1331 594 1354 evenerat
618 1326 649 1358 is,
674 1325 718 1359 qni
743 1329 822 1351 totum
837 1325 933 1356 orbem,
958 1324 1028 1350 sicut
1043 1323 1080 1350 ait

279 1372 472 1404 Tertullianus,
480 1371 650 1406 cataclysmus
658 1370 773 1403 aboleuit,
785 1369 835 1400 vel,
847 1374 872 1396 ut
884 1368 960 1396 Plato
971 1368 1078 1404 putavit,

280 1423 420 1452 campestre
433 1416 590 1443 solummodo
606 1414 772 1451 (Tertullian.
790 1415 936 1450 Apologet.,
953 1422 1012 1449 cap.
1033 1413 1079 1447 40,

256 1458 259 1460 ’
281 1471 309 1496 p.
323 1461 374 1489 481
389 1462 409 1496 ).
422 1461 533 1489 Brevius
556 1462 582 1488 in
602 1461 670 1488 libro
685 1461 717 1488 ad
732 1460 876 1488 Nationes:
892 1459 986 1486 Totum
997 1459 1082 1486 orbem

281 1507 451 1542 cataclysmus
461 1507 567 1533 abolevit
577 1506 633 1540 (lib.
648 1505 656 1532 Ι
671 1506 705 1532 ad
717 1505 824 1532 Nation.
847 1513 904 1540 cap.
916 1504 944 1537 9,
962 1513 988 1539 p.
1001 1503 1080 1539 571);

281 1552 331 1580 sed
344 1553 452 1580 uberius
465 1552 517 1579 alio
531 1552 557 1578 in
571 1551 641 1579 libro
651 1560 658 1578 :
668 1551 758 1577 Adhuc
768 1550 846 1578 maris
856 1550 969 1582 conc/ne,
985 1549 1080 1584 inquit,

1157 251 1270 280 Sodoma
1291 255 1315 277 et
1329 248 1471 277 Gomorrha
1492 247 1596 278 exustis,
1620 249 1693 280 atque
1711 244 1815 271 illorum
1836 247 1918 274 terra,

1155 306 1212 333 qute
1223 303 1346 324 conantur
1361 302 1487 331 poma,ac
1501 292 1592 320 deinde
1609 295 1725 318 contacta
1740 290 1920 319 cinerescunt;

1157 345 1189 371 de
1204 342 1333 374 Volsiniis,
1343 340 1486 375 Pompeiis,
1500 347 1543 366 seu
1556 337 1671 372 Tarpeiis
1684 336 1743 371 igne
1756 333 1920 368 absumptis,-

1157 391 1188 418 de
1201 390 1273 417 clade
1292 388 1420 416 Cannensi
1434 391 1488 422 post
1509 393 1586 420 quant
1609 382 1718 410 Annibal
1743 381 1922 408 Romanorum

1157 437 1236 463 credes
1250 439 1381 470 raptorum
1393 432 1546 464 annulorum
1559 430 1644 457 modio
1658 436 1759 456 mensus
1775 433 1822 460 est,
1837 434 1869 453 ac
1889 426 1923 453 de

1157 481 1284 517 Capitolio
1298 490 1315 508 a
1327 479 1470 508 Senonibus
1485 482 1621 512 occupato.

1161 529 1201 556 Ad
1223 528 1290 555 alias
1304 526 1395 554 clades
1420 526 1480 560 igne
1495 522 1610 556 caelesti,
1626 526 1654 550 et
1673 521 1813 548 hominum
1836 519 1923 547 armis

1122 575 1251 603 excitatas
1274 573 1347 601 venit
1370 571 1561 601 Tertullianus,
1577 577 1608 596 ac
1631 568 1755 600 Sodoma,
1778 566 1876 602 inquit,
1897 570 1923 593 et

1124 620 1267 648 Gomorr/ta
1276 619 1364 654 igneus
1378 618 1458 645 imber
1480 616 1576 644 exussit
1592 614 1758 649 (Tertullian.
1784 612 1918 647 Apologet.

1124 677 1181 704 cap.
1194 667 1241 699 40,
1258 676 1284 702 p.
1306 665 1384 701 482),
1399 669 1543 698 antequam
1558 661 1687 689 Israelita:
1697 668 1729 687 ex
1742 659 1854 695 Egypto
1868 659 1922 686 mi-

1124 717 1247 749 grassent
1268 712 1295 739 itt
1310 711 1491 742 Palaestinam,
1508 716 1539 736 ac
1562 706 1676 743 proinde
1698 706 1777 740 longe
1800 704 1922 740 pluribus

1126 759 1243 792 saeculis,
1258 758 1331 793 prius
1344 763 1423 791 quam
1434 753 1587 785 Christiani,
1602 760 1634 779 ex
1650 752 1703 779 illis
1714 750 1927 783 orti,venissent

1127 806 1152 833 in
1174 804 1311 832 muridum.
1327 802 1474 836 Utriusque
1489 806 1578 827 autem
1591 799 1670 833 hujus
1679 798 1755 825 urbis
1769 797 1846 824 ruina
1862 803 1928 823 cer-

1127 852 1230 879 tissimo
1257 858 1341 877 sacra:
1376 849 1522 883 Scripturze
1557 846 1710 873 testimonio
1733 842 1931 879 comprobatur

1129 897 1233 934 (Cenes.
1246 904 1304 932 cap.
1317 894 1390 928 XlX,
1404 903 1428 921 ιι.
1442 894 1499 928 24).
1510 892 1562 920 Sed
1574 891 1697 927 quamvis
1710 890 1774 917 illud
1787 890 1868 917 nobis
1880 889 1931 916 de-

1128 948 1210 977 esset,
1226 942 1310 970 cladis
1326 942 1396 968 illius
1411 939 1539 967 indicium
1554 937 1624 965 baud
1639 937 1750 964 dubium
1771 936 1830 970 ipsa
1845 934 1931 962 etiam

1128 990 1214 1023 daret,
1231 997 1290 1024 qua:
1312 988 1348 1014 uti
1361 985 1542 1014 Tcrtulliattus
1568 983 1639 1018 loqui
1656 987 1746 1009 autat:
1764 980 1823 1008 Olet
1834 980 1927 1007 adhuc

1128 1036 1244 1064 incendio
1258 1040 1341 1066 terra;
1354 1037 1377 1059 et
1389 1033 1410 1059 si
1423 1040 1474 1066 qua
1488 1031 1545 1057 illic,
1561 1029 1680 1056 arborum
1702 1036 1777 1062 ponto
1799 1031 1932 1053 conantur

1129 1082 1208 1110 oculis
1222 1087 1304 1113 tenus,
1319 1083 1435 1117 ueterum
1449 1080 1566 1103 contacta
1580 1076 1735 1101 cinerescunt
1746 1072 1929 1109 (Tertullian.,

1129 1129 1179 1156 loc.
1204 1127 1271 1162 cit.).
1298 1125 1335 1152 ita
1363 1124 1469 1159 quidem
1493 1122 1518 1149 in
1547 1119 1736 1154 manuscriptis
1758 1118 1862 1145 nostris
1886 1125 1934 1144 co-

1129 1174 1231 1202 dicibus
1254 1176 1281 1200 et
1306 1171 1374 1198 aliis.
1398 1170 1466 1197 Male
1480 1176 1543 1195 vero
1568 1168 1593 1194 iit
1618 1165 1789 1202 quibusdam,
1812 1165 1933 1191 oriuntur

1130 1224 1157 1247 et
1169 1223 1314 1246 cernuntur.
1332 1216 1398 1243 Nam
1424 1214 1526 1249 ellipsis
1541 1217 1594 1247 est,
1609 1217 1636 1240 et
1657 1212 1691 1238 ἰιιὶ
1713 1209 1931 1238 subaudiendum

1130 1271 1296 1293 maturescere
1313 1268 1446 1290 conantur.
1470 1261 1530 1288 Alio
1550 1264 1638 1287 autent
1657 1258 1682 1285 in
1698 1258 1768 1285 libro
1781 1267 1788 1284 :
1803 1256 1931 1290 Impietas

1131 1312 1226 1346 inquit.
1242 1311 1340 1346 ignium
1362 1308 1451 1335 meruit
1474 1306 1575 1333 imbres.
1604 1304 1737 1331 Hactenus
1761 1303 1882 1334 Sodoma,
1902 1305 1929 1328 et

1132 1357 1203 1385 nulla
1217 1355 1374 1388 Gomorrlta,
1391 1360 1413 1381 et
1435 1353 1498 1380 cinis
1521 1352 1621 1384 omnia,
1638 1356 1660 1376 et
1683 1349 1857 1384 propinquitas
1871 1356 1931 1374 nta-

1132 1403 1177 1435 ris,
1187 1403 1266 1438 juxta
1287 1409 1344 1428 cum
1363 1399 1418 1427 solo
1439 1403 1544 1425 mortem
1566 1397 1624 1423 vivit
1640 1395 1735 1431 (Idem,
1752 1395 1795 1421 lib.
1811 1393 1842 1420 de
1858 1392 1933 1419 Pali.

1132 1458 1189 1484 cap.
1210 1448 1251 1483 2).
1269 1446 1506 1475 \‘erutneniutvero
1526 1448 1616 1471 narrat
1636 1441 1769 1476 Iosephus
1793 1441 1827 1466 ibi
1841 1439 1931 1466 adhuc

1133 1496 1217 1523 videri
1233 1494 1359 1529 reliquias
1381 1492 1449 1527 ignis
1465 1490 1561 1523 divini,
1578 1496 1604 1516 ct
1625 1489 1743 1523 quinque
1764 1487 1928 1521 oppidorum

1134 1541 1265 1576 imagines
1284 1541 1442 1574 cineresque
1465 1541 1638 1565 renaSeentes
1664 1543 1698 1562 es
1722 1532 1929 1566 fructibus,gqui

282 1604 306 1625 et
316 1596 431 1627 bucciute
443 1598 640 1633 peregrinantur
652 1597 678 1623 in
691 1596 826 1628 montibus,
836 1596 964 1631 cupientes
978 1594 1083 1622 Platoni

1136 1588 1240 1616 tametsi
1255 1585 1378 1623 edulibus
1390 1584 1503 1615 similes,
1521 1582 1643 1610 manibus
1660 1586 1748 1608 tamen
1775 1578 1862 1605 attacti
1876 1598 1883 1609 ,
1898 1578 1928 1604 in

284 1645 392 1680 probare
414 1645 490 1671 etiant
514 1643 596 1671 ardua
618 1644 732 1678 fluitasse
757 1642 864 1678 (Idetn,
889 1641 933 1668 lib.
957 1641 989 1668 de
1012 1640 1081 1668 Pall.

284 1701 343 1728 cap.
358 1692 399 1728 2).
415 1691 500 1719 Nemo
513 1695 554 1719 est
567 1695 670 1722 autem,
686 1689 731 1724 qui
746 1696 800 1716 non
816 1687 946 1723 intelligat
959 1687 1033 1714 illum
1047 1687 1084 1715 ibi

283 1738 358 1774 loqui
373 1738 407 1766 de
420 1737 522 1765 diluvio
537 1737 692 1768 universali,
715 1735 787 1771 quod
812 1737 837 1762 in
852 1742 929 1762 sacro
948 1733 1085 1762 Getteseos

285 1783 355 1811 libro
374 1783 536 1810 describitur
557 1781 674 1817 (ὤκει,
690 1790 748 1815 cap.
766 1780 798 1807 γι
813 1785 837 1807 et
859 1780 922 1815 ιιι).
948 1780 1084 1807 Platonem

286 1835 352 1856 vero
363 1828 398 1855 ibi
410 1828 532 1862 corripit,
546 1828 590 1862 qui
603 1829 746 1854 arbitratus
757 1831 798 1853 est
810 1826 889 1861 hujus
899 1826 989 1853 diluvii
1003 1833 1086 1861 aquas

288 1874 322 1901 ad
347 1882 451 1901 summa
475 1881 527 1900 non
553 1873 708 1908 pervenisse
733 1873 863 1899 montium
882 1872 1032 1905 cacumina,
1060 1872 1085 1899 in

287 1927 358 1954 quas,
373 1919 410 1946 uti
427 1919 471 1946 ille
494 1919 686 1949 somniavcrut,
713 1922 833 1952 pastores
861 1917 968 1952 plurimi
983 1925 1085 1944 convo-

288 1966 386 1998 lattles,
400 1972 461 1992 cum
475 1964 534 1991 aliis
550 1972 601 1991 non
614 1964 700 1991 fecere
712 1964 877 1998 naufragium
893 1963 1010 1995 (Platon.
1025 1968 1085 1991 lout.

288 2010 322 2042 Il,
334 2010 379 2038 lib.
390 2009 461 2038 lllde
473 2010 549 2045 legib.
565 2018 625 2044 pag.
639 2009 700 2041 677;
712 2014 736 2036 et
748 2015 809 2036 tom.
826 2009 859 2036 lli
875 2009 940 2036 Tun.
958 2018 1017 2045 pag.
1029 2009 1087 2045 22).

291 2056 397 2084 Falsaut
420 2065 484 2084 vero
496 2056 564 2083 hanc
577 2056 729 2090 opinionem
747 2055 808 2083 inde
822 2057 922 2083 Auctor
937 2062 1028 2083 noster
1044 2064 1088 2084 re-

286 2103 367 2135 fellit,
392 2103 506 2138 quodin
533 2102 669 2130 montibus
695 2103 810 2130 inventae
835 2102 933 2130 iuerint
948 2103 1053 2129 conc/ta:
1067 2108 1089 2129 et

292 2150 412 2181 bnct't'na',
438 2150 492 2175 sive
509 2149 629 2181 buccina,
647 2154 673 2175 ut
687 2149 724 2175 ait
740 2149 850 2181 l'liniu~',
868 2149 912 2183 qui
928 2149 1027 2175 ibtdcttt
1043 2149 1089 2175 oh-

293 2201 381 2223 scrvut
397 2197 447 2222 hoc
461 2196 549 2222 ltlittus
560 2203 619 2222 esse
633 2196 794 2222 COllCIILll‘lllll
818 2204 910 2229 genus,
936 2196 961 2222 in
983 2196 1086 2223 huccini

293 2251 339 2269 seu
352 2243 420 2270 tubic
435 2242 734 2275 sintilitudiuenuI’lin.,
747 2243 789 2268 lib.
805 2242 838 2268 lx
852 2248 935 2269 naltu‘.
949 2242 1017 2269 Ilist.
1031 2251 1089 2277 cap.

1135 1635 1237 1662 fumum
1253 1637 1281 1660 et
1292 1633 1411 1660 cinerem
1435 1629 1618 1663 dissolvuntur
1643 1627 1763 1662 (Ioseph.
1790 1624 1869 1653 ωλι(
1896 1625 1931 1651 de

1135 1681 1207 1709 Bello
1230 1679 1350 1707 Iudaico.
1386 1686 1444 1710 cap.
1480 1676 1508 1707 5,
1537 1684 1596 1710 pag.
1622 1674 1705 1708 892).
1743 1672 1816 1706 Quin
1852 1671 1934 1699 etiam

1135 1728 1298 1763 Augustinus
1317 1725 1414 1753 asset-it
1427 1723 1492 1751 illud
1515 1721 1652 1757 gentilium
1677 1720 1842 1754 sotiptorum
1864 1724 1930 1744 auc-

1136 1775 1243 1802 toritate
1274 1770 1439 1799 corroborari
1474 1770 1592 1805 (August.
1619 1767 1663 1794 lib.
1695 1765 1767 1797 XXI,
1794 1764 1826 1790 de
1855 1763 1934 1791 Civil.

1137 1829 1194 1855 cap.
1221 1821 1248 1853 5,
1265 1828 1324 1855 pag.
1341 1818 1415 1854 629).
1439 1816 1467 1844 Si
1494 1816 1554 1851 quis
1574 1822 1637 1842 vero
1652 1814 1766 1848 aliquem
1782 1812 1834 1839 sibi
1856 1810 1937 1838 citari

1138 1867 1213 1900 velit,
1240 1868 1293 1894 cito
1326 1865 1434 1900 quidem
1460 1863 1583 1890 dabimus
1617 1859 1770 1888 Cornelium
1797 1858 1930 1890 Tacitum,

1138 1914 1214 1950 cujus
1228 1914 1286 1941 base
1300 1917 1363 1940 sunt
1378 1911 1461 1939 verba
1476 1919 1482 1936 2
1506 1908 1584 1936 [laud
1607 1907 1695 1943 procul
1717 1905 1787 1939 inde,
1803 1913 1818 1931 a
1832 1904 1939 1931 Mortuo

1139 1961 1241 1989 scilicet
1256 1960 1333 1991 mari,
1350 1957 1433 1993 campi
1441 1964 1503 1992 quos
1517 1958 1600 1992 ferunt
1612 1955 1671 1981 olim
1682 1953 1779 1986 uberes,
1791 1952 1942 1988 magnisque

1140 2007 1242 2035 urbibus
1256 2007 1390 2038 habitatos,
1411 2004 1547 2039 fulminum
1565 2003 1639 2037 jactu
1662 2003 1764 2033 arsisse,
1787 2004 1811 2026 et
1833 2005 1941 2025 manere

1140 2054 1254 2089 vestigia,
1270 2058 1410 2087 terramque
1431 2051 1512 2084 specie
1525 2048 1648 2075 torridam
1658 2048 1705 2073 vim
1718 2046 1871 2082 frugiferam
1884 2052 1947 2079 per-

1141 2101 1236 2128 didisse
1247 2122 1254 2132 ,
1267 2108 1326 2126 nattt
1345 2103 1436 2126 cuncta
1458 2103 1547 2132 sponte
1562 2095 1638 2128 edita,
1655 2099 1699 2121 aut
1715 2102 1793 2120 manu
1809 2097 1875 2124 sata,
1889 2092 1944 2119 sine

1143 2148 1218 2174 herba
1230 2153 1311 2179 lenus,
1327 2151 1369 2172 aut
1382 2146 1455 2180 ﬂore,
1469 2152 1512 2170 seu
1525 2143 1625 2170 solitam
1640 2142 1665 2168 in
1677 2141 1785 2176 speciem
1795 2138 1941 2170 adolevere,

1143 2199 1197 2220 atra
1210 2198 1231 2219 et
1246 2193 1331 2219 inania
1346 2192 1411 2218 velut
1425 2192 1450 2217 in
1463 2191 1570 2217 cinerem
1586 2193 1721 2215 vanescunt
1737 2188 1746 2222 (
1759 2186 1842 2214 Tacil.
1858 2184 1903 2212 ιῑιν.
1918 2181 1944 2210 Υ

1146 2239 1243 2266 Ilislor.
1258 2239 1333 2272 paulo
1344 2243 1398 2272 post
1413 2236 1491 2272 init.).
1505 2236 1557 2264 Sed
1567 2236 1691 2263 ethnicus
1708 2235 1802 2266 homo,
1815 2238 1842 2261 et
1854 2238 1945 2260 sacra:

294 2288 338 2318 36,
356 2296 414 2322 pag.
434 2287 497 2319 540,
513 2292 534 2313 et
548 2296 604 2322 cap.
620 2288 662 2319 55,
691 2296 749 2322 pag.
765 2287 840 2322 3'28).
856 2288 889 2314 At
911 2288 989 2322 patilo
1011 2293 1089 2314 antea
1104 2286 1129 2314 D
1143 2285 1287 2319 Scripturte
1324 2285 1439 2319 ignarus,
1475 2282 1543 2309 hanc
1565 2282 1696 2309 fructuum
1721 2278 1947 2308 intutaturitalem

293 2334 415 2361 Ovidium
430 2334 579 2365 citavintus,
593 2334 637 2368 qui
653 2334 769 2360 eonehas
783 2339 808 2360 ct
819 2335 966 2361 :tneltoram
980 2335 1005 2361 itt
1016 2342 1090 2361 Stltit—

294 2379 346 2406 mis
360 2380 492 2406 utentibus
504 2379 626 2405 inventus
641 2378 719 2405 fuisse
733 2380 900 2406 testiﬁcatur.
918 2380 994 2414 Atqui
1005 2387 1089 2414 gene-

295 2426 359 2451 ralis
382 2425 454 2451 illius
477 2424 568 2451 diluvii
586 2429 705 2458 tempore
732 2425 850 2451 nondum
867 2430 942 2451 erant
958 2424 1090 2452 Saturnius

296 2472 393 2506 aliique
417 2471 452 2498 dii
480 2471 513 2497 ab
530 2470 643 2498 ethnicis
665 2472 792 2505 deinceps
814 2471 934 2504 conﬁcti,
951 2472 987 2498 uti
1012 2471 1089 2505 plane

296 2518 481 2545 demonstrant
517 2518 596 2544 urbes
619 2517 652 2544 ab
675 2516 707 2544 iis
727 2517 851 2548 Conditio,
881 2522 926 2543 aut
948 2517 973 2543 itt
996 2517 1092 2552 quibus

300 2565 353 2591 nati
367 2568 393 2590 et
410 2562 518 2596 tnortui,
535 2563 575 2589 vel
592 2562 668 2589 sicuti
687 2563 711 2589 in
728 2563 795 2589 libro
821 2562 854 2588 ad
876 2561 1012 2595 Nationes,
1028 2563 1092 2595 nati,

298 2610 387 2636 morati
408 2615 431 2636 et
447 2608 539 2642 sepulti
566 2613 622 2634 sunt
649 2607 813 2642 (Tet'tullian.
839 2608 887 2635 loc.
905 2607 973 2643 cit.).
992 2608 1029 2634 De
1053 2607 1095 2634 itis

299 2663 426 2691 porro,ac
437 2655 470 2681 de
481 2654 592 2681 deorum
602 2658 629 2680 et
644 2654 803 2680 idololatria:
816 2653 926 2688 origine,
940 2654 1095 2688 insuperio-

299 2702 372 2728 ribus
387 2699 621 2727 dissertationibus
644 2699 848 2734 disputavimus,
866 2704 891 2726 ct
905 2699 992 2727 adhuc
1007 2699 1094 2734 aliqua

301 2747 413 2774 inferius
426 2746 559 2774 dicentur.

590 2822 735 2843 ARTICCLUS
748 2823 784 2842 ΙΙΙ.

303 2882 342 2909 De
360 2884 481 2917 cladibus,
498 2893 553 2918 φίλι·
568 2890 625 2912 ante
648 2885 792 2912 r/n'istiana’
812 2885 939 2919 religionis
961 2885 1100 2920 primordia

1142 2332 1206 2359 oriri
1223 2332 1372 2365 suspicatur
1386 2339 1418 2357 ex
1432 2330 1503 2356 lacus
1515 2328 1608 2359 halitu,
1621 2335 1673 2362 quo
1687 2326 1845 2361 superfusus
1857 2330 1944 2352 terra
1964 2320 1965 2326 “

1143 2378 1262 2412 spiritus,
1278 2377 1391 2412 primum
1406 2374 1598 2409 corrumpitur,
1615 2379 1766 2407 terramque
1780 2371 1965 2411 deiitdecnh)

1144 2424 1252 2458 rumpit.
1269 2422 1323 2450 Nec
1337 2423 1425 2449 minus
1437 2421 1535 2448 erravit
1545 2421 1662 2452 Solinus,
1676 2419 1720 2454 qui
1737 2418 1863 2446 similiter
1872 2417 1951 2446 hunc

1144 2471 1240 2498 divinm
1251 2469 1374 2496 vindicta:
1389 2468 1513 2495 ell‘ectum
1528 2467 1577 2493 soli
1593 2466 1685 2493 tribuit
1698 2464 1812 2497 ctelesti,
1823 2470 1878 2498 quo
1890 2467 1955 2491 Uer-
1964 2464 1973 2499 ξε

1145 2524 1201 2543 ratu
1218 2516 1285 2542 hanc
1302 2519 1397 2541 tactam
1414 2514 1495 2540 luisse
1508 2513 1546 2539 sic
1560 2516 1683 2539 enarrat:
1700 2509 1789 2546 Longo
1802 2510 1834 2536 ab

1146 2562 1248 2596 solymis
1266 2568 1374 2591 recessu,
1393 2560 1471 2586 tristis
1489 2559 1560 2585 sinus
1584 2557 1717 2593 panditur,
1741 2564 1816 2592 quem
1831 2556 1864 2584 de
1881 2554 1951 2583 celo

1148 2573 1248 2596 satymts
1267 2573 1374 2591 retenti,
1393 2573 1471 2586 utan.)
1489 2573 1560 2585 aut".
1584 2573 1717 2593 μιυιιιιιιιιι,
1741 2573 1816 2592 quam
1831 2573 1863 2584 ιιι
1881 2573 1950 2583 ιιι-ιν

1148 2614 1242 2635 tactum
1256 2612 1360 2633 testatur
1373 2607 1464 2632 [iunius
1475 2606 1558 2641 nigra,
1572 2610 1595 2631 el
1609 2605 1635 2631 in
1650 2604 1759 2631 cinerem
1772 2602 1869 2631 soluta.
1885 2599 1950 2629 Duo

1147 2655 1182 2681 ibi
1196 2654 1291 2689 oppida
1306 2653 1445 2680 Sodomunt
1460 2651 1628 2683 nominatum,
1641 2650 1749 2677 alterum
1759 2647 1949 2682 Gomorrhlll.

1151 2700 1220 2735 apud
1246 2708 1303 2734 qua:
1319 2707 1422 2734 pontum
1442 2698 1509 2732 quod
1524 2697 1648 2733 gignitur,
1662 2695 1753 2723 habeat
1765 2695 1825 2722 licet

1150 2746 1314 2777 maturitatis,
1330 2744 1418 2771 ntandi
1435 2749 1517 2770 tamen
1530 2751 1581 2770 non
1596 2747 1686 2778 potest,
1705 2741 1837 2778 fuliginem
1851 2739 1954 2768 intrin-

1150 2801 1221 2820 secus
1233 2791 1389 2827 favillaciam
1402 2789 1506 2817 ambitio
1523 2793 1620 2817 tantum
1640 2789 1741 2815 extimtz
1752 2787 1821 2815 cutis

1153 2840 1266 2874 quagvel
1286 2838 1333 2865 levi
1354 2845 1441 2872 pressa
1455 2841 1533 2869 tactu,
1552 2838 1650 2871 fumum
1663 2834 1765 2862 exhalat
1775 2838 1798 2862 et
1811 2833 1907 2870 fatiscit
1919 2832 1955 2860 is

1152 2892 1243 2920 vagum
1257 2884 1384 2919 pulverem
1399 2883 1495 2918 (Solin.
1510 2881 1718 2918 Polgltist.,cap.
1731 2880 1778 2916 35,
1792 2888 1854 2918 m-
1869 2878 1936 2916 σε).

1964 2797 1975 2848 i
