4212 6262
392 358 539 415 1075

1538 361 1986 420 DISSERTATIO
2024 364 2088 421 D.
2127 360 2216 422 LE
2254 368 2581 426 NOURRY.-

3563 382 3703 439 1074

466 473 662 543 Postea
694 486 822 526 vero
862 470 1223 527 Tertullianus
1252 492 1264 529 :
1296 474 1404 530 Sed
1429 491 1517 530 nec
1558 475 1766 544 Tuscia,
1794 477 1988 547 inquit,
2017 480 2072 537 Α
2168 480 2342 536 Minor
2372 498 2536 551 porro
2560 485 2850 544 (Ιὶΐίῑοιιιιειε
2877 497 2958 545 est
2988 489 3054 545 de
3079 490 3359 558 Vulsiniis,
3391 460 3504 551 sive
3521 494 3700 552 Volsi-

380 566 499 637 jam
516 574 637 619 tunc
656 574 806 635 atque
825 565 1106 634 Campania
1126 566 1188 619 de
1210 565 1513 622 Christianis
1539 569 1857 637 querebatur,
1876 586 1991 623 cum

399 656 663 712 Vulsinios
701 657 765 710 de
805 657 961 723 calo,
993 656 1267 727 Pompeios
1317 659 1381 714 de
1426 676 1520 714 suo
1550 671 1720 715 monte
1766 662 1991 733 perfudit

389 751 565 822 ignis(
597 748 898 804 Tertullian.
923 749 1216 822 Apologet.,
1240 768 1354 824 cap.
1384 753 1471 818 ω,
1507 771 1560 823 ρ.
1590 754 1699 809 485
1718 754 1759 822 ).
1785 755 1991 811 Rursus

388 854 568 898 autem
598 842 705 897 alio
748 843 800 896 in
832 842 1013 897 libro:
1058 844 1142 900 Ex
1178 845 1472 916 hujusmodi
1498 847 1690 915 nubilo,
1728 858 1773 902 et
1806 847 1989 904 Tuscia

398 935 657 990 Vulsinios
682 934 921 1005 pristinos
947 936 1146 1003 deusta,
1177 954 1277 1006 quo
1305 939 1467 1008 magis
1494 939 1557 993 de
1594 940 1845 994 montibus
1883 943 1990 995 suis

385 1026 671 1097 Campania
716 1036 903 1097 speret,
954 1040 1126 1097 erepta
1173 1027 1446 1099 Pompeios
1494 1030 1621 1102 (lib.
1671 1031 1735 1085 de
1793 1031 1985 1098 Pallio,

386 1136 508 1191 cap.
534 1121 631 1192 2).
659 1120 763 1176 Sed
800 1120 915 1176 haec
953 1120 1264 1178 dillicultate
1309 1137 1403 1177 sua
1450 1138 1554 1178 non
1594 1133 1801 1180 carent.
1850 1125 1985 1181 Nam

386 1210 441 1265 in
497 1211 637 1266 libro
689 1209 759 1263 ad
805 1208 1056 1266 Nationes
1104 1211 1372 1282 legimus:
1406 1212 1668 1269 Vulsinios
1714 1216 1780 1271 de
1826 1218 1982 1279 ctelo,

390 1300 636 1371 Tarpeios
691 1301 754 1355 de
800 1317 893 1355 suo
922 1312 1089 1357 monte
1141 1305 1370 1376 perfudit
1419 1306 1550 1376 ignis
1593 1304 1810 1375 (Idem,
1846 1307 1984 1363 lib.l

383 1395 453 1449 ad
500 1394 679 1449 Natio.
736 1410 850 1463 cap.
903 1392 957 1449 9.
1002 1411 1123 1466 pag.
1180 1395 1310 1465 54).
1361 1397 1463 1465 Qui
1515 1398 1660 1453 enim
1714 1398 1786 1453 ibi
1865 1398 1987 1454 Tar-

384 1489 487 1558 peii
507 1529 521 1553 ,
557 1486 610 1541 hi
650 1486 705 1541 in
733 1486 853 1541 aliis
885 1485 1096 1540 duobus
1125 1486 1275 1541 libris
1307 1486 1542 1557 Pompeii
1582 1499 1874 1557 vocantur;
1908 1501 1985 1545 ta-

383 1578 544 1634 metsi
571 1577 934 1633 Tertullianus
954 1578 1201 1633 videatur
1226 1578 1294 1634 de
1324 1579 1511 1636 iisdem
1555 1581 1765 1652 populis
1804 1581 1983 1639 facere

383 1683 715 1726 sermonem.
744 1671 811 1723 At
838 1669 1079 1740 Pompeii
1101 1684 1205 1724 non
1243 1686 1428 1740 parum
1476 1672 1748 1729 distabant
1785 1691 1813 1729 a
1851 1675 1982 1731 Tar-

384 1762 541 1832 peiis,
572 1761 663 1831 qui
681 1760 965 1829 Tarpeium
993 1775 1059 1815 ex
1088 1769 1294 1831 septem
1318 1762 1502 1819 Romae
1526 1765 1798 1820 montibus
1818 1782 1979 1822 unum

384 1852 715 1908 incolebant.
748 1851 824 1907 De
856 1852 957 1908 hoc
982 1860 1161 1908 autem
1190 1864 1378 1911 monte
1403 1857 1546 1911 canit
1576 1856 1820 1928 Virgilius
1845 1874 1859 1912 :

536 1987 665 2054 Hinc
686 1988 744 2036 ad
762 1987 1023 2054 Tarpeiam
1047 1990 1218 2054 sedem
1242 1997 1295 2041 et
1317 1991 1549 2054 Capitolia
1571 1995 1725 2052 ducit.

541 2050 709 2100 Aurea
727 2050 873 2110 nunc,
896 2051 1011 2101 olim
1031 2053 1353 2117 sylvestribus
1368 2050 1563 2105 horrida
1583 2050 1759 2108 dumis.

950 2132 1182 2202 (Virgil,
1216 2132 1300 2188 lib.
1328 2144 1400 2187 vn
1416 2138 1601 2191 leneid.
1627 2143 1825 2206 c.1547.)

381 2260 445 2317 Ει
471 2276 683 2319 rursum
714 2273 899 2333 postea
928 2282 945 2320 :

534 2396 589 2465 l_n
613 2409 802 2465 summo
824 2406 989 2465 custos
1009 2399 1236 2465 Tarpeia
1266 2403 1470 2454 Manlius
1494 2409 1617 2458 arcis

534 2459 702 2508 Stabat
725 2473 814 2524 pro
830 2461 1029 2525 templo,
1059 2459 1363 2527 et'Capitolia
1386 2466 1517 2516 celsa
1539 2472 1759 2520 tenebat.

1376 2553 1533 2618 (Ibid.
1554 2570 1597 2607 υ.
1624 2557 1760 2620 652.)

449 2673 698 2730 Ovidium
727 2675 922 2749 (Ovid.
950 2679 1040 2734 lib.
1093 2678 1113 2733 l
1160 2679 1390 2747 Fastor.,
1420 2699 1468 2737 υ.
1499 2683 1873 2758 79)aliosque
1923 2688 1974 2743 in

381 2780 440 2821 re
470 2767 604 2822 satis
635 2779 760 2822 nota
790 2770 961 2826 citare
991 2771 1122 2829 nihil
1152 2788 1378 2829 necesse
1407 2784 1510 2830 est.

451 2860 697 2929 Pompeii
741 2878 871 2921 vero
926 2864 1182 2936 oppidum
1233 2876 1346 2921 erat
1391 2866 1445 2922 in
1490 2882 1583 2922 ora
1626 2866 1974 2941 Canipanize:

385 2948 540 3004 llaud
564 2951 765 3021 procul,
798 2954 969 3024 inquit
995 2956 1220 3023 Plinius,
1254 2957 1582 3027 adspectunte
1609 2970 1775 3015 monte
1817 2961 1974 3017 Vesu-

379 3045 743 3128 vio‘alluente
789 3062 905 3102 vero
948 3047 1118 3104 Sarno
1159 3067 1310 3105 amne
1342 3050 1526 3122 (Plin.
1558 3052 1646 3106 lib.
1695 3052 1756 3108 ΙΙΙ
1800 3065 1971 3110 natur.

377 3134 519 3201 Hist.
549 3153 665 3206 cap.
699 3139 753 3193 4.
789 3154 908 3210 pag.
941 3139 1090 3210 327).
1122 3140 1297 3197 Plinio
1333 3142 1655 3214 sulfragatur
1677 3145 1822 3201 hisce
1848 3163 1974 3202 ver-

2095 573 2219 641 niis,
2242 590 2377 646 quos
2403 576 2528 633 alibi
2558 576 2888 652 (Tertullian.
2918 582 3180 655 Apologet.
3203 602 3250 641 c.
3273 585 3367 653 24,
3384 602 3438 658 p.
3456 588 3587 657 421)
3616 591 3695 645 uti

2094 663 2233 720 infra
2263 667 2504 722 dicemus
2527 669 2546 739 (
2572 669 2714 742 lnfr.
2743 688 2860 746 cap.
2904 674 2996 729 27.
3043 685 3143 747 art.
3183 674 3287 748 2),
3326 676 3696 739 Volsinienses
3772 758 3777 761 ν

2095 758 2411 815 nominavit.
2444 760 2519 816 De
2550 761 2633 817 his
2662 764 2926 835 siquidem
2959 767 3106 823 canit
3127 767 3446 827 Juvenalis:

2247 871 2365 946 Quis
2391 874 2534 946 timet
2558 881 2645 925 aut
2668 878 3015 946 timuit‘gelid‘a
3036 880 3526 946 Przgnestegruinam,

2247 934 2346 983 Aut
2367 936 2541 998 positis
2558 950 2814 989 nemorosa
2838 934 2968 991 inter
2982 941 3104 1006 juga
3125 942 3375 995 Volsiniis.

2866 1023 3117 1079 Juvenal..
3134 1025 3272 1078 satir.
3298 1027 3347 1089 5,
3371 1039 3417 1078 υ.
3440 1027 3571 1094 181.)

2091 1118 2357 1191 Oppidum
2380 1131 2556 1178 autem
2580 1125 2792 1181 illorum
2807 1142 2832 1179 a
2855 1127 3123 1186 Strabone
3140 1129 3694 1202 appellaturot’nctmu

2090 1213 2256 1282 quod,
2297 1213 2437 1269 sicut
2465 1218 2540 1271 ait
2565 1216 2930 1277 Tertullianus
2954 1264 2968 1286 ,
3018 1223 3140 1294 igne
3168 1225 3440 1294 perfusum
3481 1226 3565 1281 bis
3589 1227 3695 1283 Pli-

2090 1304 2210 1359 nius
2256 1307 2585 1378 totidemque
2627 1312 2802 1366 verbis
2849 1324 3152 1370 memorat:
3185 1314 3402 1372 Volsinii
3445 1318 3691 1392 oppidum

2089 1392 2372 1451 Tuscorum
2424 1399 2794 1455 nobilissimum
2862 1416 3234 1461 concrematam
3308 1418 3381 1463 est
3451 1411 3690 1481 fulmine.

2090 1488 2109 1561 (
2132 1487 2299 1558 Plin.,
2329 1491 2415 1544 lib.
2442 1492 2484 1547 ll
2508 1504 2678 1549 natur.
2710 1494 2873 1563 Hist.,
2904 1515 3021 1570 cap.
3064 1499 3154 1554 52.
3173 1516 3294 1572 pag.
3317 1500 3489 1571 207).
3522 1503 3690 1559 Tacet

2091 1589 2268 1639 tamen
2302 1584 2373 1639 ibi
2405 1600 2512 1655 quo
2540 1595 2782 1658 tempore
2810 1589 2859 1643 id
2888 1591 3173 1662 contigerit
3201 1609 3215 1645 :
3249 1572 3345 1648 sed
3376 1608 3689 1663 persuasum

2087 1673 2329 1745 plerique
2354 1691 2542 1733 omnes
2586 1676 2784 1734 habent
2822 1690 3107 1753 utrumque
3155 1682 3224 1740 de
3264 1683 3454 1741 eodem
3498 1685 3695 1742 intelli-

2084 1767 2315 1838 gendum
2345 1769 2771 1842 ineeudio,quod
2788 1781 2912 1829 ante
2942 1783 3089 1829 ortos
3108 1775 3688 1856 cbristianpscontigit.

2008 1863 2056 1922 B
2154 1861 2321 1916 instat
2367 1861 2541 1917 adhuc
2580 1861 2969 1930 Tertullianus,
3003 1865 3217 1934 alioque
3270 1867 3553 1923 notissimo
3578 1884 3691 1925 om-

2086 1951 2242 2007 nibus
2265 1952 2786 2030 exemplo'ethuicos
2807 1954 2883 2008 sic
2913 1964 3069 2025 urget
3094 1972 3108 2010 :
3137 1954 3301 2010 Nemo
3319 1957 3490 2011 adhuc
3519 1958 3693 2013 Roma:

2083 2040 2247 2097 Deum
2292 2059 2464 2098 verum
2523 2045 2805 2111 adorabat,
2857 2061 2972 2099 cum
3021 2045 3244 2102 Annibal
3288 2049 3428 2121 apud
3484 2047 3690 2103 Cannas

2083 2152 2172 2207 per
2223 2135 2483 2191 Romanos
2532 2138 2749 2192 annulos
2796 2139 2959 2194 aedes
3011 2157 3133 2194 suas
3182 2141 3351 2194 modio
3394 2140 3691 2195 metiebatur

2083 2228 2101 2296 (
2127 2225 2346 2280 Tertull.
2378 2227 2667 2300 Apologet..
2698 2247 2744 2282 ε.
2770 2229 2862 2296 40,
2890 2246 2940 2300 p.
2969 2229 3119 2300 485).
3143 2230 3302 2287 Eccui
3332 2231 3475 2286 enim
3507 2232 3685 2301 ignota

2083 2327 2165 2372 est
2189 2315 2484 2374 Cannensis
2516 2334 2712 2389 pugna,
2755 2331 2874 2389 post
2904 2336 3064 2390 quam
3115 2321 3286 2376 victor
3330 2320 3581 2386 Annibal,
3613 2325 3689 2377 uti

2084 2419 2266 2463 narrat
2294 2408 2496 2473 Livius,
2526 2409 2724 2478 e/[undi
2752 2411 2805 2465 ia
2836 2411 3077 2466 vestibulo
3104 2412 3265 2465 curia:
3282 2411 3443 2481 jussit
3470 2413 3688 2467 annulos

2081 2516 2279 2557 aureos.
2315 2501 2401 2566 qui
2423 2509 2591 2554 tantus
2623 2518 2838 2555 acervus
2857 2503 2972 2573 fuit,
2998 2512 3053 2555 ut
3080 2501 3393 2557 metientibus
3418 2502 3691 2555 dimidium

2080 2608 2234 2662 super
2274 2603 2373 2647 tres
2394 2592 2588 2648 modios
2621 2595 2849 2666 explesse
2874 2596 2972 2649 sint
2998 2595 3205 2665 quidam
3240 2604 3492 2649 auctores.
3524 2593 3690 2649 Fama

2080 2685 2261 2752 tenuit,
2308 2701 2428 2755 quia
2486 2688 2696 2758 propior
2737 2704 2852 2740 vero
2881 2697 2973 2748 est.
3024 2687 3164 2740 haud
3192 2687 3308 2758 plus
3337 2690 3493 2757 fuisse
3517 2689 3688 2741 modio

1982 2807 1990 2815 ~
2081 2778 2100 2847 (
2129 2776 2267 2844 Liv.,
2295 2778 2382 2833 lib.
2403 2777 2569 2833 XXIII
2598 2820 2611 2842 ,
2647 2778 2675 2851 §
2708 2780 2777 2833 l2
2802 2778 2842 2849 ).
2872 2778 2974 2834 Sed
3004 2780 3103 2835 etsi
3128 2766 3291 2834 uuinu
3316 2779 3690 2834 tantummodo

2079 2870 2318 2925 modium
2345 2869 2552 2936 fuisset,
2580 2872 2629 2925 id
2658 2871 2797 2925 ltaud
2817 2871 2978 2926 dubie
3002 2872 3216 2936 sullicit,
3245 2883 3303 2927 ut
3324 2874 3423 2928 hos
3439 2874 3687 2942 annulus,

2079 2963 2309 3018 sicutait
2336 2967 2538 3017 Auctor
2560 2972 2763 3028 uoster,
2791 2963 2970 3017 modio
3002 2965 3341 3023 metirentur.
3372 2965 3578 3021 Plinius
3607 2974 3684 3020 ta-

2078 3070 2202 3109 men
2252 3056 2440 3109 scribit
2485 3055 2728 3109 trimodio
2774 3058 3093 3110 annulortuu
3119 3056 3186 3111 ab
3225 3057 3487 3113 Annibale
3515 3059 3678 3112 missa

2079 3146 2455 3217 Carthaginem
2487 3152 2505 3215 (
2536 3145 2708 3212 Plin.,
2756 3147 2843 3200 lib.
2887 3146 3107 3202 XXXIII
3151 3159 3324 3202 natur.
3372 3148 3535 3213 Hist.,
3566 3165 3683 3221 cap.

380 3226 462 3281 bis
494 3228 820 3297 Pomponius
846 3229 979 3283 Mela
1010 3248 1024 3286 :
1064 3229 1266 3286 Vesuvii
1301 3234 1486 3289 montis
1510 3234 1777 3305 adspectus
1820 3235 1979 3291 Pom-
2008 3240 2053 3303 C
2089 3239 2141 3293 1.
2170 3254 2292 3309 pag.
2317 3236 2386 3291 l2
2411 3238 2454 3308 ),
2486 3238 2813 3309 totidemque
2845 3240 3176 3309 Augustinus
3198 3236 3217 3310 (
3243 3240 3482 3311 August.,
3506 3240 3596 3293 lib.
3622 3238 3689 3294 Ill

377 3318 501 3389 peii,
538 3318 808 3390 Neapolis,
854 3320 1060 3377 Puteoli
1081 3324 1099 3395 (
1135 3323 1261 3379 Mel.
1302 3325 1365 3378 de
1394 3325 1496 3381 Sit.
1522 3327 1631 3382 orb.
1653 3328 1740 3382 lib.
1778 3328 1974 3402 ξλεαρ.

379 3411 434 3474 4,
472 3409 500 3478 §
534 3409 603 3465 65
635 3412 674 3480 ).
705 3411 908 3467 Eadem
961 3416 1122 3470 etiam
1171 3415 1389 3472 tradunt
1411 3417 1602 3472 Strabo
1629 3419 1649 3491 (
1678 3419 1851 3474 Strab.
1885 3422 1973 3479 lib.

380 3499 423 3553 ν
446 3499 658 3571 Geogr.,
690 3519 810 3574 pag.
840 3503 986 3576 247)
1028 3507 1223 3577 aliique
1245 3509 1554 3579 geographi.
1578 3511 1778 3568 Seneca
1798 3524 1977 3571 autem

381 3609 489 3649 non
518 3596 690 3649 solum
720 3595 878 3665 hujus
907 3597 1055 3652 urbis
1086 3599 1384 3665 situm,sed
1427 3601 1565 3657 illius
1606 3618 1821 3675 quoque
1864 3607 1979 3660 rui-

386 3703 509 3741 nam
531 3689 608 3743 sic
633 3688 914 3761 descripsit
946 3708 957 3743 :
985 3690 1261 3761 Pompeios
1289 3692 1526 3748 celebrem
1561 3693 1857 3765 Campania:
1892 3715 1978 3753 ur-

379 3780 508 3846 bem,
535 3782 587 3837 in
613 3800 763 3853 quant
795 3782 855 3835 ab
882 3784 1044 3837 altera
1070 3794 1212 3853 parte
1237 3785 1570 3840 Surentinum
1611 3788 1978 3855 Sabinianum-

380 3890 475 3944 que
495 3875 658 3940 littus,
685 3876 748 3928 ab
776 3874 938 3928 altera
965 3874 1344 3930 Herculanense
1374 3879 1696 3943 conveniunt,
1743 3898 1980 3949 vitareque

383 3980 446 4018 ex
468 3975 644 4034 aperto
663 3966 965 4019 conductum
991 3968 1169 4038 cingit,
1197 3968 1449 4024 desedisse
1473 3980 1622 4025 terra:
1644 3982 1801 4034 motu,
1828 3990 1980 4028 vexa-

382 4058 444 4111 tis
507 4075 835 4131 qmecumque
870 4059 1170 4130 adjacebant
1216 4062 1540 4131 regionibus,
1582 4064 1903 4130 audivimus,
1932 4075 1980 4121 et

378 4148 578 4217 quidem
616 4150 793 4203 diebus
827 4148 1060 4220 bybernis
1102 4151 1250 4204 nonis
1275 4151 1520 4222 februarii
1554 4163 1716 4207 motus
1738 4156 1841 4223 ltic,
1876 4156 1979 4211 Re-

378 4238 498 4309 gulo
537 4250 583 4293 et
646 4237 877 4310 Virginio
911 4240 1197 4296 consulibus
1227 4243 1245 4311 (
1275 4242 1481 4309 Senec.,
1510 4244 1598 4298 lib.
1633 4244 1700 4301 VI
1748 4247 1977 4301 natural.

387 4332 582 4400 Quazst.
608 4350 725 4402 cap.
752 4334 803 4387 l.
837 4350 956 4404 pag.
989 4334 1084 4388 88l
1121 4335 1160 4403 ).
1195 4334 1542 4390 Paneioribus
1568 4336 1778 4391 tandem
1804 4339 1983 4393 verbis

385 4422 669 4478 Cornelius
697 4423 933 4487 Tacitus,
968 4425 1057 4478 ubi
1097 4425 1163 4479 de
1184 4423 1398 4479 Nerone
1442 4425 1764 4493 imperatore
1792 4446 1808 4481 ς
1836 4426 1981 4480 Motu

354 4522 530 4567 terra:
573 4515 766 4569 celebre
805 4515 1104 4586 Campania:
1144 4515 1391 4583 oppidum
1432 4513 1666 4585 Pompeii
1705 4533 1889 4586 magna
1921 4533 1984 4572 ea:

2083 3331 2147 3385 de
2175 3331 2321 3385 (linit.
2352 3349 2467 3403 cap.
2497 3332 2607 3400 19).

2158 3425 2226 3476 At
2247 3422 2334 3476 hic
2359 3434 2540 3478 tacere
2567 3423 2787 3477 omnino
2818 3436 2923 3477 non
2954 3435 3237 3491 possumus
3267 3421 3319 3476 in
3347 3419 3561 3490 Rigaltii
3583 3420 3689 3476 edi-

2082 3512 2230 3567 tione
2258 3522 2445 3568 contra
2474 3512 2719 3569 codicum
2764 3521 3093 3579 nostrorum,
3125 3521 3179 3567 et
3208 3512 3546 3584 antiquorum
3576 3509 3690 3567 edi-

2084 3609 2265 3657 torum
2296 3605 2666 3658 auctoritatetn
2698 3606 2747 3656 in
2780 3603 3090 3657 Tertulliani
3119 3612 3266 3659 textu
3290 3603 3548 3657 omissum
3576 3619 3687 3674 per,

2081 3701 2137 3750 et
2166 3693 2424 3764 scriptum
2450 3696 2590 3748 crede
2637 3712 2752 3749 sua.
2774 3694 2889 3763 Qua
2908 3705 3084 3749 autem
3110 3693 3335 3758 ratione.
3359 3694 3575 3764 penitus
3597 3692 3691 3749 ille

2082 3784 2249 3841 siluit.
2280 3785 2453 3852 Quam
2487 3786 2630 3840 enim
2682 3785 2880 3840 habere
2925 3784 3191 3855 poterat?‘
3223 3783 3412 3840 Nonne
3455 3784 3584 3838 satis
3617 3783 3689 3838 ibi

2081 3878 2505 3948 deprehenditur
2536 3878 2849 3934 Tertulliani
2880 3879 3068 3951 stylns,
3100 3888 3156 3935 et
3182 3876 3269 3934 hic
3296 3878 3413 3950 ejus
3449 3892 3638 3933 sensus
3672 3896 3687 3931 :

2082 3970 2314 4026 Annibal
2381 3979 2507 4041 post
2562 3971 2842 4026 Victoriam
2885 3985 3165 4025 numerum
3224 3970 3588 4024 Romanorum
3636 3970 3687 4023 in

2085 4062 2272 4132 praelia
2295 4064 2599 4116 occisorutn
2626 4062 2930 4130 singulatim
2964 4077 3067 4115 non
3096 4060 3401 4125 recensuit,
3434 4059 3527 4113 sed
3569 4073 3687 4112 mo-

2082 4153 2173 4207 dio
2201 4168 2296 4223 per
2324 4168 2510 4207 eorum
2551 4154 2779 4206 annulos
2811 4150 3165 4205 metiebatur?
3211 4150 3546 4219 Quapropter
3576 4149 3686 4217 jam

2083 4243 2332 4300 laudatus
2363 4260 2393 4298 a
2425 4244 2582 4299 nobis
2613 4244 2939 4314 Augustinus
2971 4261 2984 4296 :
3020 4241 3143 4296 Tres
3168 4243 3363 4296 modios
3384 4242 3690 4297 aunulorum

2083 4351 2377 4398 aureorum,
2404 4334 2596 4404 inquit,
2621 4332 2982 4402 Carthaginem
3022 4333 3178 4398 misit,
3221 4350 3321 4402 quo
3351 4333 3691 4405 intelligerent

2084 4433 2280 4479 tantum
2322 4427 2376 4479 in
2401 4426 2490 4479 illo
2530 4424 2707 4497 praelia
2749 4424 3046 4495 dignitatem
3088 4426 3328 4480 cecidisse
3372 4441 3680 4489 romanam,

2087 4526 2139 4569 ut
2166 4517 2373 4586 {acilius
2400 4532 2511 4571 eam
2536 4530 2734 4589 caperet
2766 4532 3028 4583 mensura,
3058 4533 3208 4587 quant
3230 4532 3474 4570 numerus
3497 4531 3516 4570 :
3539 4526 3690 4585 atque

381 4599 526 4674 parte
545 4608 740 4678 proruit
764 4611 782 4680 (
810 4608 999 4676 Tacit.,
1028 4607 1118 4664 lib.
1142 4606 1238 4665 XV
1260 4606 1448 4661 Annal.
1478 4607 1619 4679 long.
1646 4618 1756 4678 post
1788 4609 1902 4661 init.
1933 4609 1978 4681 ).
2011 4622 2066 4682 D
2092 4610 2210 4662 hinc
2234 4619 2431 4679 strages
2473 4607 2632 4662 turba:
2658 4618 2854 4663 cratera:
2899 4617 3038 4661 tanto
3075 4608 3246 4676 utique
3304 4607 3689 4671 numerosioris,

383 4700 580 4756 Verum
611 4701 726 4757 haec
754 4719 859 4757 non
891 4704 1047 4773 plane
1076 4702 1381 4757 conducunt
1417 4700 1484 4755 ad
1512 4699 1829 4757 Tertulliani
1861 4717 1986 4772 pro-

387 4794 644 4863 positum,
674 4796 762 4865 qui
804 4796 960 4865 bujns
1000 4796 1146 4849 urbis
1180 4793 1445 4850 excidium
1489 4809 1594 4849 non
1627 4804 1784 4849 terra:
1815 4804 1983 4862 motu,

387 4883 480 4938 sed
508 4884 666 4956 igne;
699 4900 797 4940 nec
824 4896 1079 4955 regnante
1106 4884 1339 4950 Nerone,
1362 4884 1454 4940 sed
1480 4894 1606 4940 ante
1625 4883 1823 4941 Christi
1854 4893 1988 4941 temé

383 4988 512 5042 pora
536 4973 828 5045 contigisse
879 4974 1093 5031 asserit.
1120 4973 1457 5044 Quapropter
1485 4975 1528 5029 si
1561 4975 1679 5046 quis
1702 4975 1848 5031 illum
1877 4992 1982 5031 non

384 5063 452 5119 de
480 5064 584 5121 hoc
621 5065 998 5135 Pompeiorum
1044 5065 1272 5137 oppido,
1318 5066 1412 5122 sed
1449 5066 1517 5122 de
1560 5067 1783 5138 Tarpeia
1824 5084 1981 5136 arce,

382 5156 587 5212 caelesti
629 5157 748 5231 igne
781 5173 966 5214 eversa
989 5198 1004 5223 ,
1049 5159 1295 5213 loculum
1361 5174 1484 5215 esse
1512 5158 1981 5228 demonstraverit,

384 5264 490 5302 non
541 5249 769 5305 multum
827 5249 1041 5320 quidem
1099 5251 1530 5306 reclamabimns.
1582 5252 1686 5308 Sed
1736 5255 1982 5319 observa,

384 5355 589 5411 quarso,
630 5343 1002 5412 Pompeiorum
1036 5342 1224 5398 urbem
1269 5344 1321 5398 in
1352 5344 1537 5409 altero,
1568 5360 1728 5413 quam
1754 5344 1984 5401 Vesuvio

382 5440 567 5486 monte
606 5430 772 5488 fuisse
820 5434 1069 5504 positam.
1099 5435 1258 5504 Atqui
1298 5435 1344 5488 si
1381 5434 1781 5503 erumpentibus
1803 5450 1867 5490 ex
1896 5437 1983 5492 illo

387 5520 623 5578 Vesuvio
654 5534 836 5581 monte
861 5526 1113 5593 llatnmis,
1143 5537 1267 5581 ante
1290 5526 1609 5595 divulgatum
1636 5524 1981 5584 Christianam

384 5615 698 5687 religionem
725 5616 1014 5689 aliquando
1034 5628 1220 5675 exusta
1244 5628 1347 5682 est,
1377 5632 1556 5673 nonne
1583 5616 1688 5672 hoc
1736 5627 1984 5688 tanquam

388 5711 875 5776 extraordinarium
917 5716 1116 5778 factum
1150 5729 1180 5769 a
1208 5713 1537 5775 Tertulliano
1576 5723 1763 5771 nostro
1813 5716 1987 5777 notari

386 5804 592 5879 potuit?

2090 4709 2279 4774 quanto
2298 4701 2592 4771 iii/imioris,
2616 4701 2866 4757 videlicet
2884 4701 3182 4763 hominum,
3212 4715 3326 4768 quae
3351 4701 3461 4754 sine
3483 4699 3693 4754 annalis

2058 4792 2309 4867 ‘jacebat,
2340 4793 2663 4860 conjicienda
2684 4792 2871 4865 potius,
2902 4808 3053 4861 quam
3084 4790 3402 4845 numeranda
3428 4800 3693 4863 putaretur

2090 4885 2108 4954 (
2140 4885 2378 4957 August,
2409 4886 2506 4940 lac.
2539 4889 2627 4939 cit.
2660 4888 2699 4953 ).
2731 4885 2834 4940 Sed
2877 4894 2929 4937 te
2975 4899 3081 4938 non
3116 4884 3289 4954 pigeat
3317 4884 3456 4937 hunc
3485 4889 3694 4953 Augus-

2092 4977 2188 5034 tini
2216 4979 2366 5034 adire
2390 4980 2605 5043 lilnum,
2638 4979 2730 5034 ubi
2762 4994 2827 5034 ex
2856 4977 2956 5033 hac
2988 4989 3042 5032 et
3072 4980 3191 5032 altis
3221 4978 3463 5031 cladibus
3491 4978 3541 5029 in
3571 4975 3694 5030 eth-

2088 5073 2279 5139 nicos,
2347 5070 2796 5140 quemadmodum
2854 5071 3060 5125 Auctor
3115 5076 3339 5136 noster,
3404 5081 3691 5137 argumen-

2088 5172 2246 5220 tatur.

2160 5256 2444 5326 Antiquior
2487 5271 2639 5321 sane,
2683 5253 2774 5308 sed
2820 5268 2927 5306 non
2968 5250 3147 5306 minus
3189 5248 3418 5304 celebris
3457 5255 3692 5317 notaque

2087 5348 2337 5404 omnibus
2364 5348 2460 5402 luit
2486 5348 2588 5400 alia
2609 5346 2970 5399 Roumnorum
2995 5342 3198 5408 clades,
3225 5356 3339 5395 cum
3357 5338 3687 5411 Capitolium,

2085 5450 2145 5495 ut
2173 5454 2386 5495 rursum
2419 5438 2777 5493 Tertullianus
2816 5436 3021 5500 scribit,
3058 5435 3284 5489 Senones
3314 5438 3690 5502 occupaverunt

2090 5532 2111 5601 (
2141 5529 2447 5585 Tertullian.
2480 5529 2772 5603 Apologet..,
2794 5545 2910 5601 cap.
2938 5528 3011 5583 40
3040 5527 3083 5598 ),
3120 5527 3232 5581 sive
3260 5525 3390 5578 utin
3416 5522 3693 5578 codicibus

2087 5627 2289 5683 nostris
2312 5626 2541 5697 legimus
2566 5634 2954 5699 occupauerant.
2996 5622 3102 5681 Sed
3128 5620 3255 5693 quid
3287 5620 3410 5686 sibi,
3458 5618 3690 5688 inquies.

2086 5717 2200 5774 vult
2247 5733 2368 5776 cum
2417 5718 2571 5785 dixit,
2621 5716 3040 5791 occupaverunt?
3083 5714 3273 5770 Nonne
3323 5709 3689 5782 Livius(Liv.

2088 5812 2179 5871 lib.
2208 5811 2335 5888 V,§
2387 5814 2451 5872 ιι
2488 5823 2533 5870 et
2563 5828 2667 5884 seq.
2696 5811 2740 5887 ),
2788 5809 3119 5886 Augustinus
3171 5806 3461 5883 (August.,
3511 5803 3599 5864 lib.
3646 5800 3693 5863 ll
