4212 6262
339 272 483 353 tor:

1484 280 1933 342 DISSERTATIO
1969 283 2036 340 Ι).
2072 287 2165 346 LE
2201 290 2513 352 NOURRY.

3512 316 3654 375 1078

340 406 446 463 pus
491 392 721 493 solemni
1003 405 1307 487 crematum
1347 405 1434 456 est
1462 418 1490 493 7:
1539 401 1815 474 Reliquias,
1864 405 1941 460 uti
1966 401 2020 464 Α
2044 405 2177 466 dere
2223 411 2400 468 obruti
2445 415 2705 486 gentiles,
2753 419 2887 475 mira
2936 425 3227 493 pertinacia
3274 429 3469 486 cedere
3510 447 3652 488 nun-

339 493 527 543 narrat
573 485 859 545 Suetonius
878 528 895 555 ,
922 487 1151 559 legerunt
1180 476 1427 562 primores
1456 492 1715 565 'equestris
1756 498 1951 555 ordinis

341 578 576 645 tunicati,
603 593 650 633 et
676 579 933 648 discincti,
962 582 1266 654 pedibusque
1294 586 1447 642 nudis
1466 628 1482 655 ,
1508 604 1571 642 ac
1598 589 1654 643 in
1688 590 1950 646 ntausoleo

341 668 674 726 condiderunt
713 670 953 742 (Sueten.
999 674 1090 729 lib.
1139 674 1203 742 ll,
1237 677 1289 731 in
1329 676 1430 732 Vit.
1478 678 1693 749 August.
1736 680 1946 754 §100).

341 759 571 833 Quidam
601 761 821 834 insuper
846 764 1048 834 opinati
1075 774 1200 822 sunt
1225 769 1292 822 ad
1319 767 1463 824 hunc
1490 771 1651 825 ritum
1674 783 1950 842 spectasse

342 850 686 921 Juvenatem,
714 854 806 915 ubi
848 854 916 914 de
941 856 1095 928 gallis
1143 856 1332 915 Μαικία
1382 860 1545 917 deum
1582 864 1950 922 sacerdotibus

342 941 457 1000 haec
482 944 681 1003 cecinit
712 965 725 1001 :

1253 1043 1378 1096 Inde
1393 1049 1601 1112 superbi

531 1074 544 1086 ο
678 1073 691 1087 ο
821 1074 834 1087 ο
967 1074 980 1090 ι
1112 1080 1122 1091 ο
1253 1073 1378 1096 nunc
1393 1073 1601 1112 θυμω-ιιι

524 1098 702 1175 lotum
724 1101 865 1175 regis
886 1112 1078 1175 agrum,
1109 1105 1239 1157 nuda
1264 1120 1322 1163 ac
1341 1111 1673 1164 tremebunda
1696 1113 1919 1175 cruentis

522 1159 764 1225 Erumpet
785 1159 1017 1226 genibus.

1061 1248 1311 1311 (Juvenal.
1337 1251 1478 1306 satir.
1502 1254 1551 1314 6,
1570 1268 1613 1305 υ.
1638 1254 1772 1319 466.)

336 1325 512 1383 Simili
549 1322 763 1398 quoque
809 1328 972 1386 modo
1017 1332 1218 1389 Seneca
1262 1335 1466 1406 scripto
1504 1331 1736 1394 tradidit
1768 1360 1781 1395 :
1812 1339 1948 1396 Cum

334 1419 543 1475 sistrum
586 1420 772 1493 aliquis
810 1425 1101 1480 concutiens
1175 1442 1239 1481 ea:
1274 1428 1488 1499 imperia
1538 1434 1801 1501 mentitur,
1835 1451 1952 1488 cum

335 1510 523 1580 aliquis
547 1512 753 1565 secandi
779 1512 993 1569 lacertos
1028 1532 1147 1570 suos
1204 1519 1392 1589 artifex
1435 1520 1643 1575 brachia
1678 1532 1824 1593 atque
1851 1523 1948 1578 ltu-

336 1618 504 1658 meros
529 1619 776 1673 suspensa
803 1621 959 1660 manu
982 1616 1232 1672 cruentat,
1262 1626 1376 1664 eum
1412 1613 1585 1682 aliqua
1609 1614 1820 1683 genibus
1862 1632 1954 1686 per

335 1692 468 1748 uiam
493 1709 672 1763 repens
700 1695 865 1750 ululat
893 1696 1126 1769 (Senec.,
1157 1698 1246 1753 lib.
1280 1701 1343 1755 de
1381 1700 1486 1756 Vit.
1518 1702 1673 1771 beat.,
1705 1721 1822 1775 cap.
1854 1704 1948 1770 27,

2052 516 2213 572 quam
2244 504 2529 571 volebant;
2552 507 2648 564 sed
2678 509 2874 567 intorta
2905 528 2934 568 a
2955 512 3270 573 Christianis
3298 521 3403 575 tela
3432 523 3483 576 in
3510 523 3654 592 ipsos

2052 600 2368 683 retorquere
2411 612 2626 668 quoquo
2666 601 2828 657 modo
2855 604 3206 661 conabantur.
3234 607 3291 664 Si
3321 608 3606 669 Christiani
3634 658 3650 683 ,

2054 680 2386 751 inquiehant,
2416 687 2749 755 publicarum
2777 690 3010 748 cladium
3036 710 3140 750 non
3163 706 3287 752 sunt
3311 714 3496 769 revera
3525 680 3651 760 auc;

2052 781 2220 841 tores,
2249 791 2347 832 cur
2376 774 2592 836 illoruni
2616 781 2757 838 Deus
2782 825 2796 849 ,
2825 786 2869 840 si
2897 787 3236 857 omnipotens
3262 786 3333 846 sit
3360 801 3415 848 et
3436 791 3612 864 justus
3637 840 3652 865 ,

2052 867 2190 925 adeo
2218 873 2504 942 tranquille
2543 876 2740 945 patitur
2774 890 2869 933 eos
2900 879 3088 936 iisdem
3135 882 3529 943 calamitatibus
3551 930 3567 956 ,
3594 906 3656 946 ac

2052 968 2279 1018 caeteros
2311 962 2554 1020 homines
2584 968 2781 1023 noxios
2809 982 2871 1024 ac
2909 971 3220 1041 sceleratos,
3273 979 3478 1045 vexari,
3532 980 3653 1035 laedi

2052 1060 2108 1107 et
2131 1053 2400 1122 opprimit
2421 1054 2729 1126 Respondet
2759 1057 3118 1115 Tertullianus
3147 1047 3249 1119 hoc
3287 1066 3449 1123 telum
3479 1078 3655 1124 retor-

2057 1145 2209 1214 queri
2254 1144 2504 1215 plumbea
2554 1148 2711 1217 plane
2752 1157 2808 1203 et
2848 1149 3026 1206 hebeti
3058 1155 3451 1211 caecuticntium
3486 1159 3658 1215 homi-

2054 1250 2181 1290 num
2208 1250 2367 1290 manu
2389 1278 2403 1300 ,
2431 1236 2523 1307 qui
2549 1247 2781 1296 aeternas
2809 1243 3003 1296 summi
3032 1243 3126 1298 Dei
3153 1246 3510 1315 dispositiones
3541 1263 3658 1304 om-

2054 1328 2183 1383 nino
2213 1329 2530 1399 ignorabant
2556 1330 2793 1401 (Tertull.
2827 1334 3096 1405 Apologet.
3122 1354 3236 1409 cap.
3258 1339 3376 1410 Μ).
3405 1342 3538 1397 Nam
3570 1343 3657 1399 hic

2054 1434 2310 1489 supremo
2348 1430 2470 1490 post
2497 1414 2681 1478 mundi
2713 1424 2874 1480 linem
2898 1426 3103 1496 judicio
3129 1429 3301 1485 bonos
3329 1431 3600 1489 discernet
3624 1451 3654 1489 a

2054 1511 2213 1567 malis
2236 1554 2252 1580 ,
2286 1513 2492 1584 hosque
2522 1530 2622 1583 pro
2654 1516 2848 1572 merito
2876 1518 3220 1589 sempiternis
3260 1534 3351 1577 aut
3380 1526 3657 1596 suppliciis

2054 1613 2149 1660 aut
2189 1607 2425 1675 praemiis
2472 1607 2691 1663 afﬁciet.
2741 1608 2959 1668 Interim
3005 1628 3138 1668 vero
3170 1615 3352 1669 voluit
3407 1619 3657 1675 omnibus

2054 1697 2359 1753 communia
2386 1712 2507 1753 esse
2542 1698 2702 1768 hujus
2734 1701 2859 1755 vitae
2888 1704 3170 1765 commoda
3195 1715 3249 1760 et
3275 1706 3612 1765 incommoda
3642 1728 3655 1764 :

338 1802 462 1857 pag.
491 1785 640 1855 640).
672 1786 779 1842 Sed
810 1787 918 1856 hic,
947 1781 1400 1861 'sicutJuvenalis,
1434 1794 1501 1851 de
1529 1796 1593 1851 iis
1622 1798 1799 1867 potius
1830 1798 1942 1854 dis-

2070 1798 2103 1843 tt
2132 1788 2267 1859 pari,
2290 1788 2481 1859 inquit,
2506 1792 2761 1845 consortio
2780 1808 2951 1850 omnes
2974 1796 3543 1872 experirentur(lbid.),
3564 1813 3656 1857 aut

336 1878 497 1942 serit,
530 1881 619 1948 qui
648 1880 877 1949 genibus
934 1883 1042 1937 nixi
1090 1884 1500 1955 gradiebantur,
1534 1904 1691 1958 quam
1723 1890 1812 1961 qui
1846 1906 1939 1961 pe-

338 1968 498 2026 dibus
524 1970 683 2027 nndis
712 1972 860 2028 ibant
887 1974 942 2029 in
975 1977 1261 2047 templum,
1294 1978 1384 2034 ubi
1424 1980 1556 2036 deos
1584 1996 1712 2037 suos
1753 1997 1944 2053 preca-

2050 1882 2329 1938 lenitatem
2357 1880 2477 1951 ejus
2504 1891 2595 1936 aut
2625 1883 2962 1939 severitatem
2985 1927 3000 1950 ,
3037 1886 3289 1957 illamque
3330 1888 3655 1961 diligerent,

2046 1982 2102 2030 et
2131 1974 2268 2041 hanc
2293 1981 2616 2029 metuerent.
2648 1974 2885 2031 Publica;
2926 1977 3085 2047 igitur
3134 1978 3463 2036 calamitates
3504 1982 3661 2038 Chri-

338 2070 547 2116 rentur.
572 2061 744 2135 Magis
768 2064 930 2136 igitur
951 2067 1017 2123 ad
1045 2068 1365 2127 Tertulliani
1410 2074 1745 2146 prepositum
1783 2076 1945 2132 citam
2048 2066 2250 2121 stianis
2278 2074 2434 2120 erant
2458 2066 2512 2120 in
2540 2065 2960 2123 admonitionem
2983 2068 3169 2135 officii,
3192 2070 3421 2127 ethnicis
3447 2087 3579 2129 vero
3603 2074 3659 2130 in

341 2151 515 2210 Ovidii
542 2156 703 2210 verba
734 2158 1059 2216 conducunt.

2052 2158 2331 2215 scelerum
2361 2156 2789 2228 castigationem.
2838 2158 2949 2214 Nec
2992 2174 3185 2230 urgere
3215 2160 3269 2216 bi
3312 2171 3559 2233 poterant
3604 2164 3659 2221 id

414 2244 586 2301 Nudis
614 2248 796 2319 itaque
823 2250 1047 2320 pedibus
1071 2253 1383 2312 incedentes
1405 2258 1627 2330 ethnici,
1656 2261 1944 2317 veniebant

2070 2252 2120 2308 tb
2144 2250 2276 2324 ipsis
2304 2250 2616 2306 christianis
2643 2265 2925 2321 perperam
2958 2252 3156 2308 ﬂetum.
3184 2253 3319 2309 Nam
3361 2256 3469 2312 Iure
3492 2300 3506 2325 ,
3536 2273 3660 2328 per-

344 2340 400 2396 in
443 2338 783 2410 Capitolium,
841 2344 917 2398 ait
968 2344 1355 2429 Tertullianus,
1412 2349 1465 2404 id
1523 2361 1635 2419 est,
1690 2352 1946 2423 templum

2070 2346 2129 2416 git
2161 2344 2273 2410 ille,
2295 2343 2369 2397 ita
2411 2342 2686 2398 didicimus
2728 2344 2867 2416 apud
2905 2345 3071 2417 ipsum
3101 2346 3268 2401 Deum
3312 2348 3525 2421 (lbid.),
3558 2351 3662 2407 Itoc

345 2432 494 2489 Jovis
532 2434 852 2504 Capitolini,
881 2436 1059 2508 ibique
1087 2440 1399 2508 qumrebant
1445 2442 1629 2496 caelum
1672 2442 1906 2514 pluvium
1929 2485 1946 2511 ,

348 2540 414 2582 ac
481 2526 665 2581 nebula
730 2526 999 2584 foecundis
1058 2529 1319 2586 imbribus
1383 2532 1602 2603 gravida
1670 2543 1951 2605 eXSpecta-

2055 2446 2158 2501 est,
2182 2436 2236 2490 in
2253 2436 2426 2491 sacris
2441 2435 2656 2491 Veteris
2680 2443 2735 2490 et
2750 2435 2885 2491 Novi
2913 2436 3241 2493 Testamenti
3260 2439 3410 2494 libris
3440 2440 3659 2510 (Matth.

2056 2543 2171 2601 cap.
2192 2527 2258 2583 ν.
2286 2543 2335 2582 u.
2357 2527 2450 2593 45,
2479 2536 2525 2581 et
2553 2543 2673 2599 cap.
2701 2526 2842 2581 XIII.
2862 2544 2911 2583 υ.
2934 2528 3023 2595 49,
3046 2539 3096 2584 et
3115 2546 3231 2602 cap.
3260 2529 3425 2587 XXV.
3447 2548 3495 2587 υ.
3520 2533 3589 2589 52
3616 2542 3664 2588 et

347 2617 480 2674 bant
524 2618 589 2674 de
629 2618 953 2691 laquearibus
995 2622 1138 2677 illius
1184 2623 1435 2678 nimirum
1481 2625 1702 2695 templi,
1748 2625 1801 2680 in
1846 2639 1954 2697 quo
2056 2619 2245 2693 seqq),
2269 2633 2497 2691 quorum
2524 2634 2810 2684 summam,
2845 2628 2903 2674 ut
2928 2621 3181 2689 superius
3204 2622 3437 2677 vidimus
3468 2624 3655 2695 (Supr.

353 2725 620 2766 summum
668 2710 856 2767 Jovem
905 2726 1059 2768 suum
1107 2712 1352 2770 habitare
1395 2730 1679 2785 perperam
1726 2716 1955 2773 arbitra-

355 2800 570 2858 bantur.
872 2786 911 2857 .’
1827 2810 1833 2816 ’

426 2895 683 2963 Quamvis
718 2904 897 2954 autem
929 2896 1003 2952 ibi
1031 2897 1237 2968 Auctor
1259 2906 1445 2969 noster
1483 2897 1679 2954 dixerit
1708 2898 1812 2955 hoc
1839 2898 1958 2970 ipso

355 2982 679 3042 calamitosa
722 2997 967 3059 tempore
1014 2989 1219 3042 nullum
1269 2989 1336 3043 ab
1382 2989 1492 3044 illis
1536 2991 1957 3060 praetermissum

354 3078 781 3148 intemperantiae
825 3079 1169 3151 libidinisque
1198 3079 1437 3145 crimen;
1468 3080 1574 3134 alio
1609 3080 1959 3135 nihilominus

2059 2732 2176 2788 cap.
2206 2713 2259 2768 8.
2291 2721 2392 2766 art.
2428 2714 2451 2767 l
2488 2720 2534 2766 et
2563 2713 2646 2783 5),
2676 2712 3143 2775 demonstraverat
3171 2716 3570 2771 auctoritatem.

2130 2804 2380 2862 Secundo
2408 2805 2700 2879 respondet
2726 2802 3063 2860 Christianos
3084 2806 3246 2861 nullis
3276 2808 3438 2863 rebus
3467 2809 3659 2875 advers-

2062 2898 2136 2956 sis
2167 2900 2219 2954 in
2250 2898 2353 2953 hoc
2378 2899 2577 2952 mundo
2603 2895 2870 2964 afﬂictari,
2895 2896 2989 2952 sed
3021 2900 3196 2969 potius
3218 2900 3387 2955 laetari
3417 2900 3659 2977 (Tertull.

2064 2991 2164 3045 loc.
2194 2989 2344 3059 cit);
2380 2986 2811 3057 quandoquidem
2844 2988 2975 3043 nihil
3021 2990 3226 3060 gratius
3252 2993 3536 3064 cariusque
3564 2998 3659 3050 ha-

2063 3081 2281 3146 bebant,
2308 3094 2466 3150 quam
2493 3079 2560 3134 de
2587 3078 2691 3136 hoc
2714 3078 2919 3143 mundo.
2941 3081 3109 3148 “ire,
3136 3092 3192 3136 ut
3219 3082 3378 3139 citius
3408 3095 3661 3141 mtcrnam

357 3171 413 3227 in
437 3170 576 3227 libro
596 3172 911 3227 testiﬁcatur
932 3172 1192 3243 quosdam
1210 3186 1317 3226 non
1339 3171 1515 3227 solum
1533 3171 1759 3241 pedibus
1780 3171 1957 3240 nudis,
1986 3177 2031 3240 (ς
2065 3174 2211 3241 illam
2235 3182 2693 3247 consequerentur
2721 3171 3052 3242 felicitatem,
3076 3189 3238 3246 quam
3266 3177 3580 3235 certissimis
3600 3192 3665 3239 ac

358 3279 547 3322 verum
575 3267 762 3336 positis
787 3266 949 3321 etiam
977 3266 1294 3336 dignitatum
1323 3264 1643 3336 insignibus,
1671 3267 1958 3336 quamdam

360 3354 477 3429 pra
501 3372 563 3413 se
583 3357 771 3413 tulisse
794 3357 1126 3429 pauitantia:
1152 3358 1407 3427 speciem.
1433 3355 1564 3411 Nam
1586 3356 1692 3411 alio
1714 3358 1769 3411 in
1792 3356 1962 3436 libro:

362 3448 496 3506 Cum
524 3458 715 3520 stupet,
746 3448 938 3519 inquit,
969 3450 1173 3512 ctzlunt,
1211 3457 1257 3503 et
1283 3458 1390 3503 aret
1419 3464 1605 3517 annus,
1634 3448 1969 3519 nudipedalia

365 3540 746 3607 denuntiantur,
776 3542 1104 3612 magistratus
1129 3556 1386 3613 purpuras
1412 3548 1630 3612 ponunt,
1655 3542 1816 3611 fasces
1836 3548 1968 3594 retro

365 3630 615 3699 auertunt,
634 3648 833 3701 precem
858 3633 1150 3704 indigitant,
1174 3632 1393 3687 hostium
1415 3632 1701 3686 instaurant
1725 3630 1966 3702 (Tertull.

367 3724 459 3782 lib.
488 3725 550 3779 de
575 3722 756 3795 Jejun.
782 3740 897 3795 cap.
925 3724 1035 3794 16).

441 3821 643 3878 Verum
667 3820 753 3876 his
796 3821 1117 3877 idololatriae
1158 3820 1414 3891 operibus
1451 3820 1585 3876 nihil
1624 3820 1784 3891 plane
1814 3834 1915 3875 nec
1940 3835 1972 3875 a

369 3915 474 3970 diis
501 3916 612 3971 suis
632 3957 646 3981 ,
676 3916 766 3986 qui
790 3914 920 3970 nulli
949 3923 1137 3981 erant,
1176 3929 1279 3970 nec
1304 3932 1335 3968 a
1362 3929 1491 3970 vero
1517 3924 1571 3969 et
1603 3915 1973 3984 omnipotente

375 4008 487 4063 Deo
507 4049 523 4074 ,
548 4007 639 4079 qui
669 4007 818 4061 solus
844 4007 1083 4062 omnium
1113 4007 1377 4061 bonorum
1403 4007 1626 4078 largitor
1651 4016 1732 4062 est
1752 4049 1765 4073 ,
1798 4006 1972 4077 impe—

316 4140 322 4144 η
376 4107 519 4154 trare
546 4114 783 4169 unquam
831 4106 1097 4167 poterant.
1130 4089 1261 4166 Quis
1287 4109 1466 4153 autem
1493 4099 1603 4168 jam
1647 4113 1753 4152 non
1780 4097 1977 4153 intelli-

372 4194 448 4264 git
466 4207 625 4264 quam
649 4207 773 4248 vera
796 4201 1049 4262 certaque
1075 4192 1144 4247 sit
1172 4191 1487 4247 Tertulliani
1520 4191 1726 4258 nostri,
1756 4190 1975 4247 eosdem

373 4287 605 4358 gentiles
642 4286 981 4357 alloquentis,
1038 4284 1353 4340 conclusio:
1393 4282 1495 4338 Vos
1517 4284 1673 4355 igitur
1698 4283 1977 4355 importuni

375 4383 524 4438 rebus
550 4385 807 4448 humanis,
827 4400 915 4439 uos
937 4384 1012 4438 rei
1052 4382 1372 4453 publicorum
1416 4379 1852 4435 incommodorum
1890 4395 1978 4433 vos

379 4475 633 4529 malorum
687 4475 849 4530 illices
904 4491 1125 4544 semper,
1173 4472 1317 4543 apud
1346 4487 1472 4542 quos
1516 4471 1656 4525 Deus
1694 4471 1976 4539 spernitur,

2068 3264 2264 3333 divinis
2293 3265 2527 3333 oraculis
2563 3264 2664 3331 sibi
2700 3279 2799 3331 nec
2833 3264 2953 3339 aliis
2982 3266 3300 3341 promissam
3322 3265 3489 3325 fuisse
3516 3278 3667 3324 certo
3692 3274 3703 3277 ‘

2068 3357 2267 3413 certius
2289 3363 2564 3411 noverant.
2590 3354 2805 3423 Lthnici
2839 3370 2969 3417 vero
3007 3356 3301 3428 nequibant
3321 3358 3482 3423 simili
3502 3359 3665 3425 modo

2070 3447 2230 3517 hujus
2256 3447 2553 3516 argumenti
2577 3489 2592 3512 ,
2626 3445 2771 3516 quod
2798 3448 2852 3502 in
2877 3461 2972 3503 eos
3000 3447 3146 3503 solos
3174 3448 3405 3517 valebat,
3437 3450 3541 3507 vim
3569 3468 3669 3513 un—

2071 3554 2230 3611 quam
2259 3536 2550 3593 inﬂrmarc.
2578 3536 2711 3592 Nam
2739 3537 2782 3592 si
2811 3536 3028 3593 illorum
3059 3538 3132 3593 dii
3159 3538 3418 3603 mundum
3448 3551 3665 3612 propter

2071 3624 2428 3698 Christianos,
2453 3629 2638 3685 hostes
2665 3642 2816 3696 suos,
2850 3629 3078 3698 publicis
3108 3630 3426 3701 premebant
3450 3632 3671 3688 calami-

2074 3723 2297 3789 tatibus,
2330 3737 2437 3776 non
2464 3721 2582 3776 sine
2609 3719 2801 3791 ingrati
2832 3718 2996 3774 animi
3024 3719 3153 3774 vitio
3182 3720 3519 3793 patiebantur
3548 3723 3670 3781 illos

2073 3816 2311 3871 cultores
2337 3827 2464 3867 suos
2490 3811 2681 3867 iisdem
2706 3809 2948 3866 cladibus
2974 3811 3175 3866 involvi
3208 3827 3224 3865 ε
3255 3811 3415 3878 Quos,
3441 3822 3499 3868 ut
3524 3824 3671 3871 recte

2074 3908 2152 3962 ait
2176 3906 2221 3961 Τ
2224 3904 2559 3969 ertullianus,
2589 3919 2828 3975 separare
2855 3902 3123 3958 debebant
3148 3919 3181 3957 a
3208 3904 3403 3960 meritis
3424 3904 3673 3969 Christiq-

2077 4013 2259 4051 norum
2284 3995 2523 4068 (Tertull.
2551 3991 2725 4067 ibid.)
2751 3993 3041 4064 Postquam
3056 4009 3185 4049 vero
3213 3997 3484 4064 expositas
3509 4011 3542 4050 a
3570 4011 3671 4052 no-

2076 4089 2160 4146 bis
2197 4090 2250 4144 in
2304 4086 2619 4145 eorumdem
2682 4087 3109 4142 Christianorum
3164 4087 3390 4156 gratiam
3439 4086 3673 4144 rationes

2078 4181 2330 4254 protulit,
2361 4178 2608 4237 ethnicos
2636 4177 2721 4232 his
2748 4175 2943 4232 ali‘atur
2985 4175 3164 4230 verbis
3192 4192 3205 4228 :
3238 4176 3300 4231 Si
3328 4192 3441 4231 vero
3474 4178 3537 4232 ab
3563 4179 3634 4233 eis
3654 4221 3670 4247 ,
3700 4202 3705 4205 τ

2080 4289 2206 4343 quos
2240 4272 2426 4339 colitis,
2456 4272 2629 4323 omnia
2656 4267 2795 4321 vobis
2833 4265 2969 4319 ntala
3004 4265 3236 4321 eveniunt
3264 4269 3421 4323 nostri
3451 4272 3665 4339 caussa,

2081 4362 2203 4434 quid
2226 4361 2388 4415 colere
2415 4358 2746 4431 perseveratis
2771 4365 2875 4410 tam
2913 4356 3161 4426 ingratos,
3193 4367 3297 4412 tam
3322 4360 3559 4429 injustas,
3588 4363 3678 4432 qui

2082 4453 2246 4559 rna’gis
2273 4468 2358 4506 vos
2394 4452 2447 4505 in
2473 4450 2701 4504 dolorem
2728 4447 2904 4519 (MSS.
2934 4448 3182 4559 nostri’in
3207 4450 3400 4518 dolore)
3424 4449 3678 4505 Cirristia-

379 4576 562 4620 statuar
597 4566 877 4629 adorantur
907 4534 1392 4635 (Idem.'Apologel.
1424 4579 1540 4633 cap.
1567 4562 1658 4631 41.
1674 4534 1795 4643 pag.
1823 4534 1966 4637 488)..

2085 4534 2267 4600 noi’um
2307 4544 2555 4609 adiurare
2590 4551 2638 4596 et
2676 4558 2901 4597 asserere
2939 4534 3238 4609 debuerunt,
3278 4559 3404 4612 quos
3444 4560 3682 4616 separare

383 4655 442 4712 In
470 4657 787 4728 quibusdam
843 4656 1168 4725 editionibus
1214 4673 1229 4708 :
1283 4655 1421 4709 ilices
1487 4670 1703 4724 semper.
1761 4652 1982 4719 Summa
2026 4642 2036 4649 ’

385 4750 669 4807 enimvero
699 4749 974 4820 impietate
1005 4747 1169 4803 falsos
1193 4746 1345 4813 deos,
1379 4754 1694 4819 statuasque
1721 4745 1980 4813 adoratis,

384 4857 449 4897 ac
474 4856 659 4898 verum
696 4841 987 4917 repudiatis
1022 4842 1212 4914 Deum,
1246 4842 1339 4913 qui
1387 4839 1580 4911 impios
1608 4849 1660 4903 et
1691 4840 1986 4897 sceleratos

386 4932 634 4989 homines
662 4934 888 5003 publicis
931 4932 1319 4989 calamitatibus
1358 4930 1549 4999 merito
1574 4930 1819 5001 castigat.
1847 4925 1987 5011 I‘psié

390 5036 502 5083 met
524 5042 652 5098 ergo
680 5026 879 5082 ethnici
908 5027 1239 5096 publicarum
1267 5024 1631 5080 calamitatum
1672 5038 1859 5080 revera
1888 5038 1988 5078 aue

392 5130 574 5177 ctores
623 5129 820 5185 erant,
878 5119 1101 5174 minime
1145 5131 1277 5173 vero
1330 5116 1609 5172 christiani
1660 5116 1753 5186 qui
1807 5129 1988 5171 verum

391 5214 565 5270 Deum
590 5212 899 5280 adorantes,
927 5218 1173 5283 poterant
1200 5210 1385 5279 utique
1413 5209 1482 5265 ab
1509 5223 1579 5264 eo
1605 5206 1872 5279 postulata
1895 5206 1992 5262 ob-

394 5307 584 5364 sinere.

1015 5388 1308 5433 AI'HGULUS
1330 5388 1383 5429 ν.

396 5470 779 5529 Eatantinautur
818 5469 992 5527 allata
1035 5485 1067 5523 a
1117 5466 1431 5529 Tertulliano
1470 5463 1726 5530 rationes,
1773 5461 1838 5518 ob
1867 5477 1999 5532 quas

471 5563 614 5623 Deus
635 5564 825 5635 patitur
838 5560 1155 5621 Christianos
1174 5555 1393 5627 publicis
1411 5553 1789 5617 calamitatibus
1806 5553 2001 5625 afﬂigi,

473 5669 525 5714 ct
551 5675 644 5714 cur
667 5674 741 5715 ea
765 5674 859 5728 pro
887 5653 1101 5711 ethnicis
1116 5650 1285 5706 valere
1310 5666 1415 5711 non
1435 5648 1651 5722 possint.

475 5772 805 5831 Gravissimo
845 5778 924 5828 tot
964 5775 1347 5840 tantorumque
1382 5772 1826 5838 argumentorum
1865 5778 2000 5835 pou.

2087 4639 2401 4694 deberent‘a
2441 4636 2633 4692 meritis
2660 4634 3065 4691 Christianorum
3113 4633 3326 4706 (Ibid)
3358 4635 3517 4693 Vides
3562 4638 3680 4694 haec

2089 4734 2386 4805 posteriora
2436 4731 2602 4787 verba
2648 4729 2731 4785 bis
2769 4728 2959 4798 repeti,
3009 4743 3129 4798 quae
3173 4729 3370 4784 idcirco
3419 4730 3681 4802 Rigaltius

2092 4834 2348 4895 tanquam
2384 4831 2715 4893 prapostere
2756 4818 2957 4884 addita,
2988 4818 3043 4874 in
3084 4833 3181 4873 sua
3214 4818 3451 4877 editione
3496 4833 3684 4879 contra

2090 4916 2337 4972 codicum
2364 4914 2605 4971 omnium
2624 4953 2639 4978 ,
2665 4911 2782 4967 sive
2811 4910 3078 4969 editurum
3095 4951 3113 4977 ,
3145 4909 3261 4966 sive
3289 4914 3687 4983 manuscripts.

2093 5024 2215 5066 rem
2238 5008 2421 5073 ﬁdem,
2450 5004 2664 5077 penitus
2678 5002 2919 5060 abstulit.
2945 5001 3146 5058 Verum
3181 5003 3312 5073 quid
3329 5046 3344 5070 ,
3369 5005 3562 5060 amabo
3590 5013 3647 5061 te
3667 5048 3684 5073 ,

2093 5100 2367 5173 prohibuit
2409 5098 2698 5170 quominus
2744 5092 3104 5150 Tertullianua
3145 5094 3404 5150 adversus
3444 5095 3691 5154 ethnicos

2095 5192 2419 5266 disptttando
2441 5232 2457 5259 ,
2488 5188 2679 5248 eadem
2710 5188 2907 5253 verba,
2928 5185 3125 5257 quibus
3151 5185 3345 5241 thesim
3375 5201 3528 5243 suam
3565 5204 3688 5259 pro-

2096 5286 2311 5358 posuit,
2345 5290 2466 5355 post
2510 5281 2698 5337 allatas
2722 5278 2791 5334 ad
2820 5292 2943 5334 eam
2968 5277 3299 5349 probandam
3324 5280 3563 5335 rationes
3592 5280 3692 5336 ite-

2096 5394 2217 5435 rum
2242 5376 2554 5449 repeteret?

2171 5472 2243 5526 At
2280 5468 2431 5535 haec,
2460 5466 2667 5538 inquiet
2690 5465 2918 5535 aliquis,
2947 5466 3077 5520 tanti
3102 5480 3208 5521 non
3239 5474 3364 5522 sunt
3399 5468 3692 5533 momenti,

2107 5561 2460 5638 quanti-scire
2490 5563 2716 5618 interest
2739 5558 2882 5617 unde
2905 5557 2999 5617 ille
3017 5558 3283 5616 coniicere
3305 5560 3542 5630 potuerit
3568 5559 3701 5616 deos

2108 5658 2410 5732 gentilium,
2444 5656 2491 5713 si
2520 5656 2641 5728 quis
2673 5655 2730 5711 in
2763 5654 2845 5712 eis
2869 5654 3007 5726 grati
3039 5662 3095 5710 et
3131 5655 3269 5725 aequi
3303 5653 3466 5710 animi
3509 5666 3701 5710 sensus

2108 5751 2329 5822 luisset,
2361 5749 2613 5809 debuisse
2650 5747 2777 5807 illos
2796 5789 2813 5818 ,
2843 5747 2899 5805 ia
2928 5746 3159 5818 publicis
3184 5745 3690 5805 calamitatibusse-
