4212 6262
558 269 698 327 mo
734 238 741 241 ”

1638 276 1706 333 ΙΝ
1744 276 2208 336 TERTULLIANI
2243 275 2772 339 APOLOGETICUM

3716 291 3863 352 1080

514 416 523 425 η
556 399 784 440 cernere
809 399 839 439 a
866 385 1204 442 Christianis.
1228 386 1332 444 Sed
1359 387 1412 444 id
1443 388 1567 445 inde
1590 390 1660 445 ab
1680 405 1747 447 eo
1767 399 1916 447 recte
1949 393 2154 465 colligi-
2177 397 2232 454 A
2258 394 2632 460 brachmanes,
2662 372 2872 453 abialiis
2892 398 3201 457 hominibus
3229 400 3479 473 sejuncti,
3509 402 3858 464 durissimam

541 486 667 542 -tur,
698 481 818 549 quia
852 480 1078 534 ethnicis
1117 479 1260 534 nulla
1284 482 1439 551 plane
1466 491 1614 539 certa
1645 486 1780 539 ratio
1808 486 2151 557 suppetebat,

554 586 662 639 qua
705 584 924 640 sperare
974 582 1190 641 possent
1227 572 1363 640 fore,
1405 585 1465 631 ut
1502 587 1781 649 postquam
1807 595 1874 635 ex
1920 581 2018 636 hac
2048 581 2155 637 vita

552 665 953 732 excessissent,
981 676 1238 722 aeternam
1282 683 1312 722 a
1351 669 1454 725 diis
1492 671 1626 739 suis,
1659 673 1749 741 qui
1788 673 2187 751 nulli'eranth

554 758 863 826 acciperent
905 758 1158 814 virtutum
1209 775 1425 816 suarum
1479 764 1805 820 mercedem.
1863 765 2155 822 Christiani

554 862 686 902 vero
740 848 906 916 illam,
960 861 1023 908 ut
1062 852 1341 917 diximus“
1363 853 1432 906 ab
1484 855 1851 924 omnipotente
1892 856 2002 912 Deo
2053 870 2153 913 suo

555 940 858 997 certissime
885 928 1290 1015 exspectabant:
1318 945 1438 1002 Non
1471 945 1738 1002 debebant
1765 949 1923 1019 igitur
1952 949 2154 1005 ethnici

556 1032 657 1088 hos
681 1033 812 1089 deos
837 1036 1040 1103 colere,
1072 1038 1117 1092 si
1146 1054 1457 1111 persuasum
1481 1039 1749 1095 habebant
1773 1054 1832 1095 se
1854 1040 1923 1095 ab
1950 1040 2056 1095 illis
2080 1039 2153 1096 ob

553 1125 895 1185 Christianos
945 1131 1172 1200 publicis
1216 1132 1608 1188 calamitatibus
1654 1135 1857 1189 vexari.
1910 1134 1965 1188 Si
2007 1135 2149 1189 enim

553 1220 854 1276 cultoribus
874 1223 1007 1291 suis,
1033 1225 1122 1293 qui
1144 1225 1369 1280 aliorum
1398 1241 1584 1281 caussa
1611 1226 1850 1296 publicas
1871 1227 2148 1283 calamita-

552 1316 637 1363 tes
662 1310 715 1363 in
738 1309 837 1367 hac
862 1313 967 1367 vita
997 1316 1237 1384 perpessi
1265 1324 1410 1377 sunt.
1444 1308 1730 1387 niliil'post
1759 1330 1987 1375 mortem
2016 1334 2151 1374 con-

552 1396 693 1454 ferre
720 1402 944 1471 possint,
972 1404 1159 1475 ingrati
1189 1416 1483 1475 prorsuset
1508 1407 1688 1479 iujusti
1717 1420 1860 1473 sunt,
1884 1421 1976 1465 aut
2001 1420 2150 1468 certe

551 1491 775 1561 inﬁrmi,
807 1510 870 1551 ac
899 1498 1123 1566 proinde
1152 1500 1447 1555 divinitatis
1476 1517 1692 1571 prorsus
1721 1514 1987 1572 expertes.
2017 1504 2150 1558 Ter-

549 1585 806 1645 tullianus
836 1590 1013 1661 itaque
1042 1574 1188 1648 recte
1217 1595 1488 1649 concludit
1512 1595 1703 1651 horum
1728 1596 1951 1653 deorum
1977 1600 2149 1657 culto-

551 1693 662 1743 res,
686 1681 906 1737 minime
927 1684 1759 1757 veroCitristianos.pnblicarnm
1785 1690 2147 1746 calamitatum

2259 487 2714 543 consectabantur
2760 489 2972 546 vivendi
2998 533 3013 555 ,
3042 501 3097 548 et
3122 507 3151 545 a
3183 492 3320 548 cibis
3348 492 3660 553 abstinendi
3687 501 3861 554 ratio.

2259 592 2413 644 nem,
2436 594 2466 634 a
2496 580 2651 636 nobis
2679 581 2800 637 loco
2825 581 2936 652 jam
2962 582 3126 638 citato
3154 585 3496 655 explicatam.

2327 667 2434 724 Sed
2464 668 2622 740 longe
2650 669 2963 740 dissimilis,
2996 680 3055 727 ut
3092 682 3238 730 recte
3277 674 3644 734 Tertullianus
3671 692 3862 740 noster

2254 772 2559 826 asseverat,
2590 772 2708 818 erat
2730 764 3051 820 abstinentia
3078 764 3535 849 Christianorum,
3566 772 3659 843 qui
3705 774 3860 833 cibos

2254 851 2357 908 sibi
2399 867 2432 906 a
2476 853 2587 908 Deo
2624 852 2778 909 datos
2820 869 2942 910 cum
2979 857 3268 927 gratiarum
3300 858 3513 916 actione
3547 865 3853 932 sumebant,

2255 942 2350 998 sed
2375 943 2840 1033 servatis‘semper
2861 949 3228 1017 temperantia:
3250 949 3475 1021 legibus.
3500 951 3684 1023 Neque
3707 956 3855 1012 enim

2256 1035 2417 1091 ullum
2448 1038 2669 1107 fructum
2691 1078 2706 1103 ,
2739 1039 2909 1109 inquit
2944 1039 3034 1095 ille
3058 1081 3072 1105 ,
3105 1057 3317 1109 operum
3357 1041 3456 1097 Dei
3483 1045 3808 1118 repudiamus
3829 1065 3853 1114 ;

2253 1129 2406 1201 plane
2449 1138 2806 1202 temperamus,
2854 1147 2917 1186 ne
2985 1131 3121 1186 ultra
3173 1133 3407 1200 modum,
3449 1145 3535 1190 aut
3581 1154 3851 1211 perperam

2254 1219 2711 1291 utamur-(Tertull.
2737 1222 3004 1295 Apologet.
3027 1238 3141 1294 cap.
3159 1223 3277 1295 42).
3300 1224 3486 1297 Neque
3503 1230 3659 1284 etiam
3681 1229 3848 1286 iidem

2250 1310 2715 1369 Cltristianierant
2738 1314 3009 1385 sylvarum
3038 1315 3226 1370 incolae
3248 1357 3263 1379 ,
3291 1330 3356 1372 ac
3381 1318 3540 1373 veluti
3567 1320 3852 1378 brachma-

2252 1417 2350 1459 nes
2372 1414 2426 1458 et
2449 1405 2924 1476 gymnosopliisue,
2946 1407 3146 1461 exsules
3179 1408 3296 1463 vitta
3312 1411 3608 1467 communis
3635 1412 3851 1485 (lbid.),

2251 1504 2306 1547 et
2330 1509 2359 1547 a
2386 1505 2702 1551 cancrorum
2726 1496 3006 1553 hominum
3028 1500 3305 1554 consortio
3332 1502 3490 1570 plane
3518 1506 3769 1572 separati.
3797 1507 3857 1562 In

2251 1586 2461 1655 Oppidis
2486 1587 2751 1658 siquidem
2782 1584 2855 1645 'et
2900 1589 3121 1646 urbibus
3143 1606 3267 1647 cum
3291 1592 3523 1650 ethnicis
3539 1635 3557 1660 ,
3585 1597 3726 1651 sicut
3745 1597 3860 1667 jam

2250 1676 2502 1742 diximus,
2551 1680 3198 1751 commisti'habitabant,
3244 1700 3308 1740 ac
3378 1701 3696 1744 communes
3732 1706 3878 1747 cum.

552 1784 674 1825 esse
702 1783 973 1831 auctores.
1001 1775 1183 1831 Palam
1211 1792 1339 1831 vero
1369 1794 1468 1833 nos
1495 1780 1621 1835 alibi
1648 1778 1875 1836 iecimus
1904 1781 2143 1853 (Dissert.
2177 1783 2225 1843 B
2254 1768 2356 1825 “"5
2385 1770 2582 1841 ubique
2602 1771 2905 1841 .miscebam
2934 1788 3144 1844 operas:
3173 1776 3228 1830 ίη
3253 1780 3388 1848 [οῖον
3410 1780 3647 1845 "multa.
3670 1782 3863 1836 ναυηδὶ-

549 1865 607 1918 in
630 1866 822 1923 Arnob.
855 1884 971 1941 cap.
1003 1869 1056 1923 6.
1082 1881 1182 1925 art.
1212 1872 1246 1926 4
1271 1882 1317 1926 et
1340 1876 1502 1944 seqq.)
1532 1875 1802 1944 quomodo
1832 1876 1946 1933 haec
1968 1879 2151 1933 crimi-

551 1957 701 2011 natio
728 1965 834 2012 tam
863 1973 1029 2029 saipe,
1055 1976 1214 2030 quam
1238 1963 1440 2019 insulse
1463 1964 1537 2018 ab
1562 1965 1789 2021 ethnicis
1811 1968 2058 2037 repetita,
2081 1969 2150 2024 ab

553 2048 796 2103 Arnobio
863 2052 1135 2107 confutata
1195 2054 1391 2124 fuerit,
1431 2040 1513 2111 'ac
1570 2058 1840 2127 quomodo
1896 2059 2149 2118 Minutius

554 2138 708 2194 Felix
747 2149 804 2196 et
849 2141 1159 2199 Lactantius
1191 2146 1563 2203 demonstrent
1592 2148 1856 2204 imbecilla
1895 2150 2059 2222 plane
2095 2162 2151 2209 et

552 2229 728 2288 iutilia
757 2249 879 2291 esse
905 2237 1117 2292 illorum
1146 2248 1480 2310 argumenta,
1506 2241 1597 2311 qui
1623 2241 1747 2297 inde
1770 2242 2005 2298 divinam
2033 2260 2149 2315 pro-

552 2325 842 2382 videntiam
887 2328 1212 2386 labefactare
1235 2333 1412 2387 conati
1438 2342 1562 2387 sunt
1592 2332 1833 2405 (Dissert.
1860 2336 1914 2390 in
1954 2336 2147 2396 Minut.

550 2432 665 2489 cap.
689 2418 743 2473 6.
770 2428 871 2474 art.
904 2422 958 2486 5,
989 2432 1036 2476 et
1079 2425 1131 2476 in
1160 2421 1375 2478 Lactan.
1398 2441 1515 2493 cap.
1541 2424 1630 2480 M.
1652 2436 1752 2480 art.
1783 2426 1862 2498 3).
1907 2428 2016 2484 Sed
2035 2430 2148 2500 jam

550 2510 619 2566 ad
649 2513 894 2569 ultimum
932 2517 1244 2573 eorumdem
1282 2519 1592 2590 gentilium,
1623 2528 1812 2576 contra
1840 2521 2149 2581 christiana:

553 2603 831 2676 religionis
859 2610 1173 2677 veritatem,
1195 2621 1565 2681 argumentum
1593 2613 1931 2670 accedamus.

1119 2718 1346 2778 CAPUT
1382 2722 1576 2781 XXIV.

553 2851 722 2920 Quam
743 2855 965 2912 absurde
1002 2858 1190 2914 ethnici
1224 2862 1657 2930 conquerebantur
1693 2863 2007 2923 Christianos
2042 2869 2147 2941 rei-

624 2947 845 3015 publica:
871 2967 978 3007 esse
1001 2952 1227 3019 inutiles,
1253 2965 1406 3027 atque
1427 2958 1619 3016 idcirco
1645 2963 2071 3043 easterntinandos.

1071 3101 1362 3145 AB‘I’ICULUS
1399 3106 1609 3149 PRIIUS.

551 3191 819 3260 Quomodo
848 3195 1191 3255 Tertullianus
1219 3204 1503 3271 probaverit
1531 3203 1845 3263 Christianos
1864 3225 1967 3265 non
1990 3211 2150 3282 fuisse

623 3289 960 3346 braclmtanas
980 3334 993 3358 ,
1026 3309 1117 3348 nec
1142 3293 1395 3351 Indorum
1421 3301 1891 3372 gymnosophistas,
1919 3320 2014 3360 nec
2036 3308 2144 3379 syl-

621 3381 831 3449 uicolas,
859 3383 951 3438 sed
976 3384 1266 3455 reipublicae
1289 3388 1567 3458 plurimum
1594 3391 1767 3453 utiles.

617 3495 853 3566 Ethnici,
888 3499 1091 3555 nullum
1131 3516 1237 3557 non
1269 3513 1550 3561 moventes
1580 3504 1983 3567 iuChristianos
2009 3510 2144 3583 lapi-

543 3585 691 3654 dem,
717 3589 893 3643 adhuc
921 3591 1264 3662 objectabant
1288 3594 1408 3649 illos
1435 3597 1745 3667 reipublica:
1770 3614 1992 3671 prorsus
2020 3618 2142 3660 esse

542 3680 761 3735 inutiles
779 3722 795 3748 ,
823 3697 996 3753 eoque
1024 3686 1142 3740 solo
1170 3688 1389 3744 nomine
1423 3693 1636 3759 penitus
1674 3696 2135 3755 exterminandos.

540 3770 647 3827 Sed
677 3772 752 3840 hi,
784 3775 953 3844 inquit
974 3776 1356 3846 Tertullianus,
1380 3799 1540 3851 neque
1566 3786 1905 3855 brae/imane,
1933 3802 2020 3845 aut
2046 3792 2140 3847 ln-

540 3863 724 3917 dorum
762 3867 1193 3937 gytnnosOpltista:
1214 3911 1229 3936 ,
1260 3871 1546 3941 sylvicolae,
1579 3884 1626 3929 et
1655 3878 1853 3934 exsules
1878 3881 1994 3935 vita:
2017 3894 2133 3937 sunt

538 3951 781 4025 (Tertull.
810 3954 1076 4028 Apologet.
1108 3975 1221 4032 cap.
1250 3963 1369 4033 42).
1401 3966 1506 4020 Sed
1534 3968 1772 4037 quinam,
1802 3972 2006 4041 inquiet
2035 3973 2135 4030 for-

538 4054 680 4102 tasse
695 4047 906 4118 aliquis,
927 4059 1083 4105 erant
1100 4051 1172 4105 illi
1194 4052 1531 4112 braclimanae
1549 4068 1606 4114 et
1640 4051 2133 4135 gymnosophistae?

533 4137 802 4209 Numquid
828 4140 1014 4209 iidem,
1047 4153 1140 4199 aut
1166 4143 1362 4201 diversi
1391 4164 1420 4201 a
1446 4162 1506 4205 se
1533 4151 1766 4207 invicem
1796 4156 1980 4226 p0puli
2011 4158 2127 4214 lue-

533 4239 658 4283 runt
680 4231 704 4283 ?
730 4230 863 4287 Nam
894 4235 1207 4303 Apollonius
1233 4232 1498 4310 Tyatﬁeus
1525 4250 1584 4298 et
1620 4244 1867 4303 Damides
1887 4289 1903 4315 ,
1932 4248 1964 4303 ὸ
2003 4250 2129 4306 ΡΙιί-

528 4322 759 4379 lostrato
784 4325 931 4382 citati
961 4328 1204 4399 (Pliilost.
1234 4333 1323 4388 lib.
1357 4331 1424 4388 ΙΙΙ
1442 4334 1505 4389 de
1532 4334 1644 4389 Vita
1667 4336 1907 4410 Apollon.
1931 4355 2047 4412 cap.
2066 4341 2123 4397 4.

532 4436 657 4492 pag.
698 4422 826 4479 119.
855 4436 903 4479 et
949 4422 1038 4478 lib.
1070 4423 1157 4478 Vl.
1198 4440 1316 4497 cap.
1343 4427 1396 4480 1.
1443 4427 1773 4499 ρασμὲϐὅ),
1810 4441 2124 4488 asseverant

434 4540 444 4549 -
526 4515 887 4576 brachmanes
935 4519 1096 4577 Indiae
1138 4523 1341 4578 incolas
1388 4523 1584 4591 fuisse,
1610 4540 1848 4597 eosque,
1879 4526 1956 4581 uti
1993 4525 2118 4582 alibi
2142 4548 2200 4611 D

531 4607 686 4676 dixit,
710 4609 1139 4684 )upuoiicOludOS)
1169 4627 1263 4669 seu
1289 4615 1764 4687 gymnOSOphistas
1791 4617 1986 4673 collem
2017 4617 2115 4673 ha-

520 4699 754 4758 bitantes
782 4720 967 4774 parum
998 4720 1027 4759 a
1046 4706 1146 4761 Nili
1168 4708 1296 4778 ripis
1322 4708 1631 4790 distantem.
1677 4710 1762 4765 Ab
1791 4710 2118 4783 Hieronymo

519 4807 701 4853 autem
729 4799 961 4867 alicubi,
986 4800 1236 4857 Indorum
1276 4804 1598 4863 brae/immite
1620 4850 1636 4875 ,
1665 4816 1713 4862 et
1741 4807 2117 4881 zEggptiorunt

518 4893 949 4963 gymnosopltistte
995 4894 1344 4970 (Hierongm.
1392 4902 1541 4969 epist.
1585 4903 1653 4958 57
1683 4943 1700 4970 ,
1757 4904 1827 4957 ttd
1873 4902 2005 4959 Last.
2070 4909 2118 4958 et

518 4986 610 5041 lib.
648 4986 669 5041 l
703 4988 823 5043 adu.
857 4987 1031 5044 Jovin.
1059 4991 1102 5062 ),
1148 4991 1272 5046 alibi
1303 5007 1451 5061 vero,
1482 5002 1539 5050 et
1574 4994 1645 5050 ab
1694 4995 1823 5062 illo,
1869 5005 1927 5053 et
1970 4996 2112 5062 aliis,

514 5094 650 5148 quos
676 5080 780 5136 alia
825 5081 879 5136 in
924 5081 1301 5140 dissertatione
1329 5085 1630 5155 citavimus,
1653 5078 2109 5160 gimnosophistas

514 5172 679 5229 ludia:
774 5176 1111 5246 appellantur
1168 5177 1364 5249 (Tom.
1445 5180 1764 5255 lApparat.
1835 5184 1925 5240 lib.
2013 5185 2102 5241 ΙΙΙ.

526 5265 731 5321 dissert.
768 5266 837 5323 2.'
878 5284 995 5340 cap.
1042 5268 1131 5326 19.
1177 5280 1277 5324 art.
1337 5273 1391 5328 1.
1447 5290 1568 5349 pag.
1636 5276 1777 5333 1160
1819 5287 1866 5331 et
1916 5278 2103 5350 seqq.).

514 5359 587 5413 At
612 5359 807 5416 ibidem
840 5361 1059 5434 insuper
1088 5366 1459 5422 annotavimus
1487 5368 1680 5439 duplex
1707 5369 1897 5426 saltem
1938 5371 2104 5429 fuisse

513 5449 724 5514 illorum
767 5467 957 5525 genus.
1008 5456 1064 5514 Si
1115 5458 1235 5528 quis
1279 5475 1440 5530 porro
1483 5463 1792 5533 probaverit
1831 5467 1951 5524 illos
1996 5484 2101 5524 non

510 5540 684 5599 solum
735 5545 787 5600 in
839 5546 1004 5613 India,
1052 5550 1145 5605 sed
1194 5550 1428 5624 Egypto
1471 5555 1634 5611 etiam
1680 5572 1806 5614 suas
1860 5562 2102 5630 posuisse

510 5635 688 5703 sedes,
722 5639 769 5696 is
812 5639 966 5699 facile
1001 5641 1391 5702 Tertullianum
1430 5648 1672 5720 aliosque
1712 5664 1744 5705 a
1771 5650 2098 5710 Philostrato

2255 1861 2367 1927 nis,
2398 1862 2557 1933 agris,
2583 1863 2796 1931 balneis,
2829 1865 3047 1921 tabernis
3078 1865 3291 1937 (lbid.),
3323 1885 3428 1924 non
3457 1872 3674 1942 quidem
3704 1875 3862 1929 vina-

2254 1950 2368 2017 riis,
2415 1952 2508 2007 sed
2544 1954 2805 2020 aediliciis,
2853 1972 2994 2025 qum,
3046 1966 3103 2011 ut
3141 1957 3451 2016 aiLFestns
3490 1961 3681 2033 (Fest.
3710 1967 3782 2019 ad
3806 1983 3856 2022 υ.

2253 2040 2664 2115 Tabernacula),
2688 2062 2749 2102 ex
2772 2046 2968 2103 tabulis
2990 2057 3319 2117 constructa,
3337 2053 3477 2118 usui,
3506 2055 3858 2123 testeNnnio,

2251 2144 2406 2187 erant
2448 2137 2682 2208 populari
2721 2136 2949 2210 (Nonius
2986 2140 3052 2193 ad
3100 2155 3147 2194 υ.
3182 2141 3428 2212 Taber.).
3480 2146 3641 2202 Artes
3687 2151 3861 2209 etiam

2251 2239 2376 2281 snas
2403 2229 2724 2283 exercebant
2751 2230 2804 2284 in
2848 2232 3071 2302 officinis
3146 2234 3368 2290 cuilibet
3417 2240 3722 2305 patentibus
3743 2282 3763 2308 ,
3791 2257 3859 2299 ac

2251 2321 2722 2377 commorabantur
2750 2324 2799 2378 in
2828 2324 3040 2379 stabulis
3066 2326 3306 2396 (Tertull.
3334 2329 3509 2400 ibid.),
3545 2346 3642 2388 seu
3672 2333 3861 2392 divero

2250 2410 2409 2465 soriis
2455 2423 2508 2466 et
2536 2412 2801 2483 hosiiitiis,
2832 2415 2919 2470 ubi
2934 2412 3178 2486 hOSpites
3198 2429 3251 2474 et
3278 2423 3590 2493 peregrinos
3618 2429 3855 2498 excipie-

2194 2504 2201 2507 “
2253 2503 2380 2563 bant
2401 2545 2417 2571 ,
2448 2518 2544 2561 seu
2576 2508 2752 2578 potius
2778 2507 3197 2582 habitat'pnibns
3215 2554 3232 2579 ,
3260 2523 3317 2569 et
3346 2517 3567 2585 privatis
3591 2534 3853 2589 quorum-

2251 2597 2395 2667 dam,
2424 2600 2587 2656 veluti
2618 2601 3271 2674 agricolarum,domibus,
3296 2606 3366 2664 de
3392 2609 3587 2681 quibus
3611 2612 3678 2668 ita
3701 2615 3851 2671 canit

2251 2689 2504 2764 Virgilius
2533 2713 2547 2750 :

2437 2807 2600 2875 ardua
2624 2815 2753 2875 tecta
2778 2813 2905 2875 petit
2940 2813 3123 2864 stabuli
3150 2822 3203 2866 et
3215 2815 3280 2867 de
3300 2815 3516 2869 culmine
3536 2832 3723 2873 summo

2437 2868 2690 2922 Pastorale
2705 2868 2837 2924 canit
2855 2875 3070 2936 signum.

2839 2954 3072 3024 (vagit,
3094 2956 3178 3010 lib.
3204 2967 3277 3010 vn
3301 2962 3487 3014 dineid.
3508 2977 3550 3015 υ.
3573 2966 3715 3028 διε.)
3848 3021 3858 3031 ,

2252 3058 2424 3130 Atque
2452 3058 2523 3115 ita
2554 3059 2863 3129 Christiani,
2893 3066 2968 3121 ait
2994 3068 3196 3124 Auctor
3222 3080 3425 3138 noster,
3456 3072 3843 3134 cobabitabant

2173 3165 2219 3229 ο
2252 3150 2348 3207 hoc
2374 3154 2639 3222 steculum,
2668 3157 2803 3225 sive,
2831 3157 2971 3216 sicut
2995 3160 3050 3217 in
3076 3164 3447 3237 ntanuscriptis
3475 3168 3668 3223 nostris
3694 3168 3845 3241 legi-

2253 3250 2358 3310 tur,
2386 3244 2440 3298 in
2461 3246 2557 3301 hoc
2582 3249 2789 3304 saeculo.

2319 3335 2678 3402 Quamobrem
2712 3344 2941 3413 gentiles
2983 3346 3129 3416 ipsos
3170 3348 3249 3405 sic
3296 3360 3491 3422 uiget:
3523 3350 3849 3425 Navigamus

2248 3434 2293 3481 et
2319 3443 2411 3482 nos
2438 3430 2716 3497 uobiscum,
2749 3443 2797 3488 et
2831 3435 3090 3492 vobiscum
3116 3428 3245 3509 (hoc
3271 3440 3516 3497 ultimum
3547 3445 3775 3501 verbum
3812 3462 3847 3502 a

2247 3516 2625 3592 inanuscriptis
2653 3525 2851 3581 nostris
2880 3526 3033 3583 libris
3057 3528 3233 3603 abest)
3256 3532 3535 3589 militamus
3558 3577 3574 3599 ,
3603 3544 3650 3589 ct
3676 3539 3847 3593 rusti-

2243 3624 2442 3679 camur,
2480 3623 2526 3667 et
2570 3630 2873 3681 mercamur,
2901 3620 3116 3690 proinde
3159 3622 3426 3680 miscemus
3465 3636 3617 3693 artes,
3660 3645 3847 3698 operas

2244 3714 2442 3760 nostras
2478 3706 2850 3779 (manuscripti
2894 3720 2949 3766 et
2987 3724 3112 3767 ante
3142 3714 3427 3786 Rigaltiutn
3456 3719 3585 3773 editi
3625 3721 3843 3779 codices

2240 3812 2395 3868 opera
2416 3799 2613 3870 nostra)
2644 3801 2963 3873 publicamus
2990 3806 3104 3860 usui
3123 3817 3303 3872 uestro,
3334 3819 3497 3880 atque
3538 3812 3612 3866 ita
3639 3814 3842 3870 mutuis

2237 3887 2492 3956 operibus
2520 3905 2616 3944 nos
2649 3890 2878 3947 invicem
2909 3894 3246 3964 adjuvamus.
3276 3899 3436 3969 Atqui
3467 3915 3530 3955 ea
3560 3904 3738 3957 omnia
3767 3919 3842 3960 eo

2238 3976 2495 4047 majorem
2541 3979 2638 4034 toti
2682 3983 2988 4053 reipublicae
3035 3986 3334 4043 allerebant
3374 3990 3679 4058 utilitatem,
3727 4010 3841 4062 quo

2236 4069 2405 4140 major
2421 4080 2569 4139 tunc,
2589 4074 2726 4128 sicut
2751 4087 2907 4133 antea
2932 4078 3183 4145 vidimus,
3204 4091 3320 4136 erat
3345 4084 3656 4139 eorumdem
3679 4085 3838 4142 Chri-

2235 4162 2498 4217 tianornm
2545 4180 2819 4223 numerus.
2846 4168 2989 4224 Nihil
3031 4186 3158 4242 ergo
3182 4188 3213 4227 a
3249 4173 3476 4229 veritate
3503 4177 3672 4247 magis
3696 4177 3841 4236 alie-

2233 4270 2361 4310 num
2386 4258 2673 4328 excogitari
2701 4261 2891 4330 potuit,
2912 4279 3071 4334 quam
3097 4263 3433 4324 Christianos
3470 4268 3698 4339 publicis
3730 4286 3831 4328 re-

2231 4348 2330 4408 bus
2354 4363 2476 4407 esse
2504 4350 2741 4410 inutiles.

2833 4485 3126 4529 Αιιτιαυιυε
3162 4490 3223 4531 ll.

2224 4594 2446 4653 Nullum
2486 4600 2775 4671 reipublij
2816 4604 3060 4659 damnum
3098 4607 3279 4679 inferri
3311 4625 3344 4662 a
3380 4609 3703 4679 Christianis,
3738 4613 3835 4684 qui

2292 4690 2604 4744 ethnicorum
2624 4695 2949 4751 caeremonias
2973 4684 3073 4751 non
3097 4700 3497 4769 frequentabant,
3545 4719 3634 4757 nec
3653 4714 3830 4757 satur-

2291 4781 2490 4836 nalibus
2505 4783 2739 4839 levabant
2756 4786 2998 4853 diluculo,
3026 4789 3117 4843 sed
3132 4791 3258 4845 liora
3286 4793 3469 4860 debita,
3490 4809 3581 4850 nec
3594 4793 3823 4848 liberali-

2292 4873 2382 4929 bus
2400 4872 2776 4930 discumbebant
2793 4878 2844 4931 in
2863 4864 3086 4950 publico,
3106 4881 3234 4937 sicut
3253 4882 3508 4939 bestiariis
3529 4899 3828 4957 supremum

2289 4967 2601 5049 coenantibus
2630 4985 2738 5023 nios
2772 4978 2866 5024 est.

2280 5101 2633 5167 Quantumvis
2659 5103 2803 5158 clare
2823 5112 2879 5160 et
2905 5106 3054 5160 certo
3080 5105 3443 5163 Tertullianus
3469 5107 3815 5166 demonstra-

2209 5195 2348 5274 verit
2367 5193 2706 5251 ChriSIianos
2736 5195 2897 5251 rebus
2919 5196 3145 5266 publicis
3166 5201 3417 5255 maxima
3436 5214 3558 5256 esse
3581 5200 3823 5274 utilitati;

2205 5268 2432 5358 gentiles
2460 5298 2635 5342 tamen
2662 5298 2851 5343 contra
2879 5288 3177 5345 reclamare
3207 5306 3310 5344 non
3338 5290 3664 5347 verebantur
3690 5291 3822 5348 illos

2207 5377 2518 5447 reipublica:
2548 5377 2669 5432 ideo
2699 5394 2806 5433 non
2842 5394 2963 5435 esse
2996 5378 3301 5436 fructuosos
3325 5422 3340 5447 ,
3366 5382 3487 5453 quia
3513 5396 3707 5437 omnes
3734 5382 3819 5454 ip-

2206 5481 2386 5524 snrum
2414 5471 2765 5525 cazremonias
2790 5512 2806 5538 ,
2857 5472 3289 5542 sacratioresque
3339 5474 3615 5544 religionis
3658 5484 3816 5532 actus

2204 5562 2532 5631 adspernati,
2557 5564 2623 5618 iis
2649 5564 2911 5621 interesse
2936 5564 3091 5635 plane
3117 5567 3438 5635 penitusque
3461 5566 3814 5626 recusabant.

2202 5651 2308 5710 Sed
2336 5653 2438 5711 hoc
2465 5655 2823 5712 Tertullianus
2850 5671 3131 5722 concesso,
3156 5672 3380 5731 prorsus
3404 5667 3566 5731 negat
3585 5656 3813 5719 eosdem

510 5723 755 5785 laudatos
783 5730 923 5789 inter
947 5748 1007 5790 se
1033 5736 1358 5801 conciliabit.
1394 5738 1661 5798 Caeterum
1707 5742 1815 5814 illi,
1844 5744 2001 5806 sicuti
2040 5753 2099 5805 et
2199 5744 2532 5810 Christianos
2553 5748 2685 5811 nulli
2707 5749 2907 5811 idcirco
2932 5723 3241 5827 reipublica:
3267 5768 3389 5815 esse
3414 5753 3533 5815 usui
3560 5761 3617 5818 et
3642 5768 3799 5817 ento-
3898 5802 3921 5819 .
