4170 6264
267 324 402 381 i081

1394 334 1843 394 DlSSERTATlO
1874 337 1941 394 D.
1981 339 2069 398 LE
2105 344 2406 407 NOURRY.

3425 369 3570 429 1082

264 438 855 508 lumento.Quemlibet
882 442 1062 516 itaque
1079 447 1334 517 gentilem
1355 450 1434 506 sic
1453 454 1947 523 compellat:SiA
1976 460 2221 531 perdere,
2267 477 2371 523 tam
2409 471 2572 541 impia
2626 474 2757 532 festa
2804 480 3146 540 celebrando.
3201 487 3562 555 Quamobrem

264 535 596 588 ctrremonias
619 544 731 589 tuas
751 552 852 589 non
882 537 1164 608 frequento,
1193 552 1416 598 attamen
1437 555 1482 599 et
1504 545 1594 599 illa
1615 547 1697 600 die
1717 549 1867 603 homo

263 640 379 679 sum
405 624 670 694 (Tertull.,
711 627 950 698 Apolog.,
978 646 1092 703 cap.
1121 633 1234 703 42),
1270 636 1359 705 qui
1388 636 1626 706 quidem,
1657 648 1712 693 ut
1742 655 1864 695 mox

264 715 466 771 dictum
498 726 599 784 est,
625 732 727 772 una
757 734 878 773 emn
907 721 1135 778 ethnicis
1164 725 1413 792 vivendo,
1440 743 1692 799 measque
1718 746 1866 786 com-

264 808 541 864 miscendo
569 819 711 865 artes
734 851 748 873 ,
783 811 875 865 tibi
915 812 1142 884 aliisque
1174 817 1401 885 plurima
1429 861 1444 883 ,
1475 835 1594 888 qua:
1619 821 1686 874 ad
1719 831 1861 878 luam

263 913 324 954 ac
344 911 656 954 czeterorum
681 901 956 957 hominum
976 907 1135 960 vitam
1159 917 1212 962 et
1227 911 1536 964 societatem
1561 915 1860 969 necessaria

261 1001 420 1056 sunt,
451 993 521 1046 ita
552 994 872 1064 suppedito,
903 1007 959 1050 ut
994 999 1285 1054 maximum
1318 1017 1380 1054 ex
1429 1004 1682 1074 operibus
1725 1007 1862 1062 meis

262 1081 492 1140 fructum
520 1087 886 1156 unusquisque
931 1091 1211 1159 percipiat.

330 1176 501 1232 Nemo
522 1187 606 1233 est
633 1187 830 1244 autem,
859 1182 949 1250 qui
983 1199 1088 1237 nou
1119 1185 1348 1241 fateatur
1377 1189 1478 1245 hoc
1517 1206 1692 1248 cuneo
1741 1193 1858 1249 l'un-

258 1267 402 1323 ditus
421 1270 586 1324 everti
613 1270 866 1325 insulsam
884 1275 1104 1328 omnino
1124 1278 1400 1347 gentilium
1428 1284 1853 1340 accusationem.

258 1359 636 1414 Verumtamen
669 1361 1028 1419 Tertullianus
1068 1367 1227 1432 ultra,
1277 1386 1434 1439 quam
1463 1373 1590 1427 satis
1617 1374 1703 1439 sit,
1738 1392 1854 1430 ma-

256 1450 504 1507 nifestum
525 1453 763 1522 pluribus
777 1457 1035 1525 exemplis
1051 1459 1270 1516 cuilibet
1294 1461 1434 1530 facit,
1457 1480 1485 1517 a
1510 1463 1849 1534 Christianis,

254 1541 464 1598 etiamsi
517 1543 790 1612 gentilium
842 1549 1109 1618 mysteriis
1147 1551 1551 1618 nouall’uerint,
1604 1566 1695 1611 aut
1721 1559 1854 1614 nihil

255 1634 380 1690 inde
408 1634 714 1691 detrimenti
749 1638 909 1695 rebus
939 1643 1213 1710 importari
1247 1645 1490 1713 publicis,
1522 1659 1613 1702 aut
1638 1652 1680 1702 si
1710 1652 1853 1720 quod

256 1725 618 1795 importatmn,
668 1730 881 1785 aliunde
935 1733 1068 1787 illud
1103 1734 1260 1790 abiis
1303 1737 1502 1794 alfatim
1535 1743 1848 1799 resarcitum

251 1818 437 1873 fuisse.

323 1911 427 1966 Sed
468 1911 637 1979 illum,
690 1914 733 1968 si
774 1914 954 1982 Iubet,
1009 1933 1039 1971 a
1091 1921 1450 1976 saturnalibus
1500 1925 1841 1982 ethnicorum

248 2001 402 2058 festis
424 2004 764 2073 incipientem
793 2008 1073 2065 audiamus
1105 2029 1117 2064 :
1149 2011 1260 2066 Non
1292 2015 1454 2081 lat-or,
1491 2017 1678 2087 inquit,
1709 2021 1847 2072 dilu-

245 2093 363 2146 culo
400 2095 768 2162 saturnalibus,
788 2114 850 2151 ne
873 2108 918 2152 ct
936 2111 1131 2154 noctem
1161 2114 1208 2157 ct
1236 2105 1370 2158 diem
1397 2106 1608 2176 perdam
1629 2106 1838 2181 (Ibid.),

245 2188 420 2257 Atque
449 2189 516 2241 ita
543 2188 759 2257 quidem
804 2191 920 2246 haec
949 2195 1110 2248 verba
1135 2195 1185 2249 in
1214 2199 1418 2253 nostris
1446 2201 1844 2270 exemplaribus

249 2280 627 2349 manuscriptis
657 2291 711 2336 et
735 2283 893 2339 editis
921 2287 1309 2356 antiquioribus
1353 2290 1694 2348 exhibentur.
1729 2294 1842 2349 Ve-

244 2386 362 2425 rum
403 2370 664 2442 Rigaltius
716 2374 903 2444 rejecit
956 2377 1270 2433 adverbium
1320 2381 1654 2454 diluculo,et
1681 2386 1841 2441 scribi

239 2462 421 2532 jussit,
450 2464 618 2520 Lavor
641 2468 733 2521 sub
761 2478 954 2522 noctem
982 2487 1000 2523 :
1026 2472 1121 2526 sed
1161 2489 1337 2527 meras
1367 2491 1556 2545 nugas,
1609 2479 1843 2547 genuino

249 2556 496 2609 Auctoris
537 2557 703 2610 nastri
731 2559 894 2614 textui
935 2559 1236 2630 (Idemﬂib.
1269 2564 1332 2618 de
1357 2565 1582 2632 Idolol.,
1607 2584 1723 2640 cap.
1749 2570 1839 2642 10)

243 2646 517 2717 mentique
550 2661 929 2720 repugnantes,
985 2653 1139 2708 nobis
1202 2656 1406 2711 vendit.
1456 2659 1540 2714 Ab
1591 2663 1841 2718 omnibus

243 2747 467 2801 autem,
530 2749 586 2792 ut
668 2741 872 2795 facilius
949 2743 999 2798 id
1066 2746 1309 2817 dignosci
1381 2753 1587 2818 queatl,
1648 2753 1840 2809 obser-

242 2827 471 2884 vandum
525 2840 609 2886 est
647 2835 935 2887 saturnalia
988 2835 1144 2902 festa,
1181 2847 1238 2892 ut
1282 2841 1394 2908 ipse
1431 2843 1556 2896 alibi
1585 2852 1638 2898 et
1672 2843 1841 2901 Varro

245 2919 430 2990 (Varr.
465 2922 551 2975 lib.
605 2923 665 2976 V.
718 2926 782 2978 de
833 2925 983 2998 Ling.
1015 2929 1108 2981 lat.
1143 2948 1194 2998 p.
1225 2931 1343 3000 51.)
1366 2948 1425 2987 ac
1449 2933 1640 2989 Festus
1669 2935 1837 3006 (Fest.

247 3013 317 3066 ad
341 3029 390 3067 υ.
420 3013 663 3070 Saturnia
696 3019 716 3087 )
765 3019 1138 3087 testiﬁcantur,
1189 3013 1430 3079 instituta
1475 3025 1638 3082 fuisse
1665 3028 1716 3080 in
1744 3030 1841 3084 Sa-

245 3107 407 3173 turni,
463 3124 733 3179 agrorum,
779 3112 933 3166 sicuti
957 3114 1335 3184 opinabantur,
1368 3119 1634 3186 prmsidis,
1669 3119 1840 3176 hono-

1971 568 2073 605 non
2106 551 2239 621 lavo,
2274 558 2443 636 inquit
2471 563 2833 626 Tertullianus
2865 614 2880 636 ,
2923 574 3150 630 diluculo
3209 551 3566 638 saturnalibus

1971 643 2308 713 (Tcrtullian.
2333 655 2606 729 Apologet.
2630 677 2675 714 c.
2707 662 2796 716 4'2.
2823 683 2875 734 p.
2907 665 3059 739 689.),
3085 677 3137 720 ιιι
3161 671 3226 722 ad
3243 671 3329 726 illa
3356 675 3561 744 agenda

1945 743 2054 793 'me
2079 755 2400 813 przeparem.
2431 748 2561 817 Quis
2589 753 2732 808 enim
2762 759 2966 812 nesciat
2993 775 3198 816 morem
3223 743 3562 822 ethnicorum

1965 829 2132 887 fuisse
2159 849 2219 890 se
2246 848 2370 894 ante
2395 845 2701 900 convivium
2733 847 2952 904 lavandi
2980 852 3003 905 ?
3030 851 3135 906 Sed
3166 852 3451 909 Christiani
3481 857 3558 912 l‘as

1964 925 2063 982 sibi
2099 943 2218 983 esse
2245 947 2352 987 non
2380 935 2672 993 credebant
2713 955 2833 997 sese
2858 942 2924 996 ad
2953 943 3036 998 illa
3061 945 3284 1000 nefanda
3312 949 3558 1003 convivia

1962 1026 2014 1070 et
2074 1022 2332 1091 mysteria
2372 1028 2574 1095 agenda
2603 1031 2854 1099 diluculo,
2886 1049 3005 1088 eum
3037 1035 3225 1108 hyems
3253 1039 3508 1094 sreviebat
3538 1083 3554 1107 ,

1963 1109 2014 1163 in
2045 1116 2361 1182 tempestivo
2391 1118 2585 1176 balneo
2617 1137 2940 1192 prteparare.

2037 1202 2246 1258 Nullum
2281 1218 2457 1264 tamen
2488 1213 2651 1268 rebus
2676 1216 2903 1286 publicis
2940 1219 3322 1276 detrimentum
3352 1224 3557 1280 idcirco

1962 1295 2336 1365 irnportabant.
2371 1301 2580 1357 Etenim
2612 1305 2750 1374 lavo,
2780 1310 2854 1362 ait
2884 1311 3087 1379 Auctor
3112 1323 3314 1381 uoster,
3345 1315 3556 1371 Itoncsta

1959 1389 2086 1442 hora
2108 1399 2153 1443 et
2178 1395 2392 1450 salubri.
2421 1395 2685 1468 Rigaltius
2735 1417 2864 1457 vero
2904 1406 3065 1461 scribi
3122 1409 3310 1462 maluit
3363 1411 3557 1475 debita,

1957 1497 2116 1553 quam
2146 1487 2356 1544 honesta
2386 1493 2513 1546 liora
2541 1510 2561 1546 :
2590 1493 2688 1548 sed
2711 1507 2897 1550 contra
2919 1500 3170 1555 codicum
3200 1505 3437 1558 omnium
3469 1522 3554 1560 re-

1957 1576 2351 1635 clamationem.
2415 1582 2608 1639 Nonne
2651 1595 2829 1641 autem
2885 1593 3089 1646 Auctor
3137 1603 3320 1649 noster
3369 1595 3552 1651 dicere

1957 1670 2129 1736 potuit
2155 1668 2493 1729 Christianos
2520 1693 2623 1731 non
2667 1683 2939 1750 respuisse
2987 1685 3227 1748 balneas,
3271 1688 3366 1741 sed
3403 1689 3549 1742 lava-

1956 1768 2066 1815 tum
2083 1763 2280 1819 abiisse
2310 1765 2435 1820 liora
2465 1769 2674 1824 honesta
2703 1783 2751 1825 et
2779 1775 2990 1840 salubri,
3019 1791 3118 1846 qua
3149 1778 3398 1834 videlicet
3423 1796 3544 1836 cum

1877 1846 1924 1906 B
1954 1851 2240 1911 honestate
2267 1867 2322 1911 et
2347 1860 2658 1916 salubritate
2704 1878 2891 1919 omnes
2929 1883 2987 1920 se
3033 1869 3210 1925 lavare
3251 1886 3550 1928 consueveo

1947 1955 2087 1998 rant.
2122 1947 2248 2004 llaec
2293 1958 2471 2004 autem
2519 1952 2713 2021 hyeme,
2748 1966 2803 2007 ut
2845 1956 2920 2010 ait
2973 1957 3208 2024 Plinius,
3267 1973 3374 2015 erat
3414 1969 3550 2018 nona

1951 2037 2099 2102 liora,
2127 2050 2301 2094 testate
2324 2053 2502 2097 octava
2531 2044 2698 2117 (Plin.
2732 2047 2818 2101 lib.
2853 2049 2940 2102 111.
2978 2052 3128 2120 epist.
3163 2054 3210 2106 1.
3243 2071 3361 2124 pag.
3405 2055 3546 2128 90.),

1946 2139 2038 2184 aut
2062 2141 2119 2184 ut
2148 2133 2236 2188 alii
2263 2134 2574 2204 observant,
2624 2153 2651 2192 a
2686 2142 2912 2198 meridie
2942 2144 3008 2198 ad
3042 2161 3344 2216 vesperam.
3375 2149 3546 2204 Hora-

1946 2222 2053 2277 tius
2081 2234 2258 2278 autem
2284 2227 2511 2282 canebat
2537 2247 2550 2284 :

2159 2339 2248 2404 Ast
2271 2340 2352 2388 ubi
2375 2354 2454 2392 me
2481 2341 2659 2394 fessum
2685 2347 2754 2396 sol
2775 2351 2932 2400 acrior
2953 2352 3025 2400 ire
3050 2353 3260 2404 lavatum

2168 2400 2448 2463 Admonuit,
2476 2405 2609 2470 fugio
2632 2411 2807 2460 rabiosi
2835 2421 3058 2476 tempora
3079 2400 3228 2477 signi;

2530 2490 2748 2552 (Horat.,
2774 2491 2855 2545 lib.
2882 2501 2916 2554 l,
2942 2494 3082 2548 satir.
3102 2498 3152 2558 6,
3173 2512 3216 2548 υ.
3246 2499 3377 2563 123.)

1943 2585 2137 2643 Nonne
2162 2603 2295 2662 ergo
2320 2591 2682 2649 Tertullianus
2708 2597 2992 2667 designare
3030 2601 3246 2656 videtur
3284 2605 3539 2660 meridia-

1943 2693 2067 2733 nam
2094 2681 2300 2747 horam,
2342 2701 2461 2752 qum
2495 2703 2679 2742 mense
2719 2690 3019 2757 decembri,
3093 2710 3199 2762 quo
3243 2699 3538 2752 saturnalia

1942 2771 2258 2839 agebantur,
2289 2775 2510 2829 honesta
2541 2787 2594 2832 et
2621 2779 2853 2833 salubris
2882 2793 3027 2846 erat;
3061 2794 3117 2836 ut
3155 2784 3298 2846 mihi,
3348 2787 3538 2853 inquit,

1943 2861 2184 2924 calorem,
2215 2873 2262 2916 et
2287 2867 2585 2933 sanguinem
2630 2879 2810 2923 servet.
2849 2869 2963 2924 Non
2993 2873 3076 2926 his
3107 2874 3266 2943 igitur
3299 2875 3500 2945 frigidis
3521 2919 3536 2942 ,

1946 2954 2114 3022 pergit
2141 2953 2250 3015 ille,
2285 2956 2571 3022 impiorum
2603 2961 3020 3016 saturnaliorutu
3073 2965 3262 3019 diebus
3305 2968 3416 3020 lavo
3447 2970 3531 3020 (ll-

1943 3041 2137 3109 luculo,
2167 3045 2384 3114 quando
2405 3049 2626 3117 quidem
2654 3053 2818 3123 rigere
2841 3064 2886 3107 et
2917 3056 3110 3124 pallere
3140 3069 3252 3125 post
3277 3059 3541 3114 lavacrum

1944 3145 2174 3190 mortuus
2205 3127 2429 3207 possum.
2463 3140 2666 3208 Quibus
2693 3144 2785 3199 ille
2808 3147 2986 3202 verbis
3012 3148 3203 3203 alludit
3233 3135 3415 3219 procul
3441 3152 3538 3206 du-

240 3215 374 3256 rem.
405 3200 586 3256 Livius
615 3219 742 3256 vrro
769 3204 977 3258 illorum
1005 3205 1357 3276 originem,et
1373 3217 1627 3264 statutum
1649 3227 1834 3267 eorum

1948 3225 2037 3281 bio
2091 3228 2157 3283 ad
2203 3230 2369 3284 alium
2418 3234 2698 3303 antiquum
2748 3251 2952 3292 morem
3004 3249 3211 3293 mortua
3261 3241 3540 3296 hominum

240 3291 684 3349 celebrandarum
737 3296 878 3350 diem
931 3298 1012 3351 his
1065 3298 1246 3366 pandit
1301 3302 1524 3358 verbis:
1573 3302 1837 3360 Decembri

231 3385 346 3454 jam
394 3402 564 3440 mense
609 3387 678 3439 ad
724 3390 886 3442 a'dem
925 3387 1143 3444 Saturni
1185 3391 1368 3446 Roma:
1394 3393 1713 3450 immolatum
1740 3408 1833 3468 est,

237 3477 696 3548 lectisterniumque
738 3479 1066 3549 imperatum,
1117 3491 1163 3537 et
1201 3485 1313 3536 eum
1363 3484 1545 3539 lectum
1579 3498 1836 3544 senatores

234 3577 541 3633 straverunt,
575 3580 623 3622 et
661 3573 948 3625 convivium
990 3575 1267 3642 publicum,
1295 3593 1355 3630 ac
1394 3593 1484 3646 per
1514 3577 1700 3634 Urbem
1728 3580 1836 3635 Sa-

249 3659 481 3712 turnalia
509 3659 642 3712 diem
679 3677 739 3714 ac
780 3672 974 3716 noctem
1029 3665 1339 3734 clamatum,
1374 3671 1694 3741 populusque
1720 3689 1835 3727 eum

205 3753 374 3808 'diem
425 3754 609 3822 festum
660 3755 847 3810 habere
875 3773 934 3810 ac
963 3775 1163 3812 servare
1214 3761 1268 3814 in
1312 3772 1614 3831 perpetuum
1655 3766 1835 3835 jussus

244 3841 514 3913 (Liv.,lib.
555 3844 618 3899 ll.
668 3844 695 3916 §
735 3846 808 3916 1).
860 3846 966 3902 Sed
997 3849 1297 3906 Macrobius
1326 3851 1610 3922 (Macrob,
1657 3856 1749 3910 lib.
1809 3857 1831 3911 Ι

239 3934 510 3988 Saturnal.
538 3951 585 3987 c.
620 3936 653 3991 8
679 3947 725 3990 ct
753 3938 866 4007 10),
895 3954 959 3993 ac
983 3949 1164 4009 postea
1193 3941 1406 4011 Lipsius
1449 3944 1641 4016 (Lips.,
1687 3947 1776 4002 lib.
1811 3949 1830 4003 1

238 4026 454 4082 Saturn.
492 4045 538 4082 c.
571 4031 634 4093 3,
668 4041 788 4085 tom.
823 4032 884 4086 Ill
914 4032 933 4104 )
971 4033 1313 4105 disputarunt
1365 4048 1542 4092 utrum
1585 4041 1697 4096 haec
1725 4058 1830 4099 uno

235 4117 513 4185 duntaxat,
537 4138 603 4174 an
630 4133 858 4191 septem,
895 4134 950 4179 ut
978 4129 1304 4196 probabilius
1324 4139 1537 4200 putant,
1559 4135 1828 4190 coutinuis

234 4211 420 4267 diebus
449 4225 752 4283 agerentur.
779 4216 911 4270 Tum
935 4229 1134 4285 autem,
1161 4230 1294 4277 teste
1321 4222 1555 4279 Luciano
1582 4225 1822 4296 (Lucian.

234 4305 374 4359 Dial.
399 4306 610 4362 Saturn.
633 4327 687 4379 p.
715 4309 902 4378 1021),
927 4327 1030 4364 non
1054 4313 1244 4367 licebat
1263 4316 1461 4372 serium
1479 4318 1690 4388 aliquod
1710 4321 1825 4391 pri-

232 4406 411 4452 vatum
465 4408 556 4453 aut
596 4402 863 4469 publicum
894 4404 1161 4472 negotium
1210 4406 1449 4476 transigi,
1490 4409 1583 4462 sed
1618 4419 1822 4478 potare,

231 4489 503 4555 inebriari,
535 4493 838 4557 vociferari,
875 4493 1077 4556 ludere,
1126 4505 1336 4550 certare
1376 4500 1618 4562 tesseris,
1652 4502 1826 4558 nudos

228 4597 442 4648 canere,
483 4586 675 4641 saltare
709 4587 912 4642 lascivo
954 4589 1195 4658 corporis
1237 4601 1384 4644 motu
1423 4630 1438 4656 ,
1497 4606 1625 4648 sese

232 4676 452 4748 fuligine
475 4680 643 4733 oblito
703 4683 754 4734 in
786 4697 976 4752 aquam
1008 4683 1298 4752 aliquando
1325 4685 1475 4753 dare,
1508 4703 1570 4743 ac
1600 4688 1826 4750 famulos

230 4770 488 4828 adbibere
538 4774 588 4828 in
632 4777 958 4837 convivium,
993 4779 1443 4847 tpxcmadmodum
1467 4784 1660 4839 Accius
1691 4786 1774 4842 his
1797 4806 1825 4843 a

227 4864 498 4923 Ilacrobio
522 4869 859 4940 transcriptis
881 4871 1122 4926 versibus
1152 4873 1347 4927 cecinit
1375 4891 1389 4929 :

321 4981 530 5049 Maxima
549 4997 662 5046 pars
684 4983 886 5034 Graium
909 4985 1143 5049 Saturno,
1172 4995 1226 5037 et
1247 4988 1460 5039 maxime
1481 4989 1708 5049 Athenae,

321 5044 772 5111 Cortﬁt-iutitgsacra,
789 5062 900 5110 qua:
924 5048 1094 5097 Crouia
1123 5044 1365 5098 iterantur
1388 5052 1449 5100 ab
1476 5053 1597 5111 illis;

321 5105 541 5169 Cumque
579 5109 712 5157 diem
757 5105 1050 5168 celebrant,
1091 5124 1181 5172 per
1219 5123 1383 5173 agros,
1431 5105 1682 5177 urbesque
1719 5115 1826 5168 fere

1434 5188 1613 5226 omnes

318 5229 572 5296 Exercent
597 5231 758 5294 epulis
779 5233 897 5293 laeti,
926 5232 1224 5296 famulosque
1260 5245 1517 5296 procurant

322 5295 540 5358 Quisque
579 5307 712 5353 suos,
732 5304 1006 5358 nostrisque
1027 5295 1198 5358 itidem
1223 5295 1273 5345 ct
1299 5311 1402 5346 mos
1427 5299 1632 5347 traditus
1661 5299 1792 5351 illinc

321 5353 440 5416 lste,
461 5353 522 5404 ut
541 5370 652 5405 cum
670 5359 881 5406 dominis
897 5353 1058 5406 tantuli
1083 5365 1183 5407 tum
1204 5359 1476 5421 epulcntur
1501 5361 1700 5409 ibidem.

738 5438 959 5503 (Macrob
985 5479 997 5500 ,
1023 5436 1106 5490 lib.
1133 5447 1148 5488 ι
1173 5439 1445 5503 Saturual.,
1471 5457 1580 5506 cap.
1607 5443 1678 5507 7.)

297 5545 411 5602 Non
443 5549 634 5603 mirum
665 5549 842 5620 itaque
869 5549 912 5604 si
939 5549 1226 5605 Christiani
1258 5552 1354 5606 hos
1385 5553 1621 5607 nefarios
1645 5553 1814 5608 idolo-

223 5639 413 5704 latriae,
444 5641 701 5708 lasciviae,
752 5642 1051 5705 ebrietatis,
1094 5643 1358 5712 aliosque,
1390 5658 1522 5714 quos
1552 5658 1617 5698 ex
1647 5645 1822 5700 citatis

224 5737 471 5802 superius
549 5738 902 5808 scriptoribus
969 5739 1389 5805 recensuimus,
1469 5739 1818 5798 detestandos

223 5835 377 5884 actus
414 5827 848 5902 improbaverunt,
883 5830 1258 5907 noluerintque
1311 5841 1527 5893 noctem
1565 5842 1621 5895 ct
1668 5833 1812 5894 diem

1942 3332 2172 3388 corpora
2202 3321 2434 3388 lavandi,
2470 3340 2534 3380 ac
2562 3324 2700 3382 forte
2742 3327 2808 3382 ad
2856 3330 2970 3384 tunc
3001 3327 3208 3400 Virgilii
3237 3331 3306 3386 de
3351 3331 3541 3389 Miseni

1940 3408 2129 3467 funere
2158 3415 2395 3468 carmina
2424 3433 2446 3467 -:

2065 3527 2188 3578 Pars
2204 3530 2386 3580 calidos
2410 3530 2583 3582 latices
2607 3541 2659 3583 et
2683 3534 2840 3583 ahena
2864 3534 3096 3586 undantia
3120 3536 3328 3586 ﬂammis

2063 3590 2360 3654 Expediunt,
2383 3608 2661 3658 corpusque
2696 3598 2858 3647 lavant
2879 3597 3106 3660 frigentis
3139 3607 3190 3648 et
3213 3605 3418 3660 ungunt.

2371 3675 2598 3744 (VirgiL,
2628 3675 2710 3728 lib.
2740 3686 2791 3727 εἰ
2815 3679 3065 3732 diaetam.
3091 3681 3179 3731 217
3202 3689 3247 3732 et
3269 3680 3425 3749 seqq.)

1935 3779 2155 3836 Servius
2182 3798 2312 3839 vero
2341 3785 2394 3838 in
2425 3787 2539 3841 suis
2563 3787 2631 3842 ad
2661 3789 2785 3842 hmc
2830 3789 3071 3842 carmina
3118 3789 3568 3847 anitnadversio-'

1937 3875 2093 3930 nibus
2121 3878 2245 3930 citat
2279 3877 2404 3932 illud
2434 3880 2501 3933 ab
2537 3881 2716 3935 Ennio
2737 3882 3090 3950 compositum
3122 3902 3136 3938 :

2091 3993 2340 4057 Tarquinii
2368 4009 2546 4060 corpus
2569 3998 2694 4046 bona
2714 3996 2910 4047 fmmina
2934 3999 3070 4058 lavit,
3100 4005 3153 4050 et
3176 4003 3334 4048 unxit.

2869 4062 3051 4122 (Seria,
3075 4075 3188 4126 pag.
3214 4062 3344 4124 411.)

1935 4164 2069 4218 Dicit
2099 4163 2280 4236 itaque
2322 4166 2686 4222 Tertullianus
2715 4183 2872 4237 posse
2901 4167 3116 4237 quidem
3148 4176 3266 4236 post
3304 4177 3535 4223 mortem

1929 4270 1997 4310 eo
2026 4256 2234 4311 lavacro
2263 4259 2437 4328 rigere
2457 4270 2510 4313 et
2541 4259 2761 4328 pallere,
2789 4258 2929 4312 nolle
2954 4267 3132 4311 autem
3158 4259 3284 4312 dum
3307 4260 3531 4326 viveret,

1932 4348 2058 4402 illud
2111 4361 2437 4418 pra'vertere
2491 4349 2872 4418 intempestivo
2908 4349 3138 4422 hyemali
3173 4352 3385 4418 balneo,
3425 4367 3532 4420 quo

1930 4444 2220 4495 saturnalia
2275 4442 2684 4497 inclmabautnr.
2719 4443 2974 4508 Quamvis
3017 4454 3196 4498 autem
3243 4445 3356 4499 lucc
3398 4447 3534 4500 ratio

1929 4531 1999 4584 sit
2027 4546 2173 4586 mere
2204 4533 2484 4596 naturalis,
2519 4549 2584 4586 eo
2633 4543 2807 4588 tamen
2842 4535 3019 4589 acrius
3045 4535 3533 4605 ethnicospungc-

1674 4597 1822 4653 νυιιυ
1851 4611 1904 4670 Ι)
1933 4621 2044 4686 bat,
2077 4639 2182 4691 quo
2223 4623 2505 4677 absurdius
2556 4625 3234 4694 objiciebautChristianos
3265 4625 3385 4680 ideo
3417 4627 3521 4681 rci-

1934 4716 2158 4785 publica:
2189 4731 2311 4770 esse
2353 4717 2598 4782 inutiles;
2631 4718 2751 4787 quia
2784 4717 2883 4770 hoc
2931 4717 3200 4781 balneum,
3231 4727 3392 4788 atque
3434 4721 3532 4772 im-

1938 4809 2052 4876 pias
2097 4809 2476 4874 caeremonias,
2510 4807 2638 4862 illud
2693 4808 3107 4879 subsequentes,
3185 4809 3531 4866 meritirsimo

1932 4901 2056 4969 jure
2088 4899 2356 4968 fugiebant
2379 4910 2435 4956 et
2455 4900 2896 4955 essecrabautur.

2005 4995 2084 5051 Ad
2154 4995 2390 5050 liberalia
2421 4995 2638 5066 deinde,
2685 4997 2800 5052 sive
2847 4997 2912 5051 ad
2957 4997 3074 5052 dies
3131 4997 3392 5068 ludosque
3433 4999 3528 5054 Li-

1934 5087 2085 5152 bero,
2102 5090 2215 5144 sive
2233 5089 2468 5152 Baccho,
2493 5089 2718 5152 dicatos,
2741 5090 2820 5144 sic
2851 5091 3039 5144 transit
3068 5107 3081 5144 :
3109 5089 3231 5145 Non
3257 5093 3307 5145 in
3329 5093 3529 5162 publica

1934 5181 2224 5235 liberalibus
2267 5182 2528 5236 discumbo
2576 5181 2594 5253 (
2625 5182 2930 5238 Tertulliani.
2985 5184 3253 5256 Apolagct.
3284 5200 3400 5255 cap.
3431 5183 3520 5238 42.

1931 5293 2053 5346 pag.
2085 5275 2241 5346 499.).
2275 5275 2557 5330 Rationem
2584 5276 2650 5329 ab
2696 5291 2765 5328 eo
2811 5276 2854 5330 si
2875 5277 3130 5346 postules,
3165 5277 3270 5330 alio
3297 5277 3350 5331 in
3384 5279 3528 5331 libro

1932 5383 2050 5422 eam
2083 5367 2166 5420 his
2202 5366 2380 5420 verbis
2405 5367 2585 5420 datam
2617 5366 2821 5421 videbis
2855 5386 2866 5421 :
2901 5367 3028 5420 Cum
3081 5368 3364 5429 promiscue
3419 5369 3528 5421 ludi

1932 5457 2186 5512 Liberalia
2214 5471 2527 5522 vocarentur,
2565 5459 2804 5512 honorem
2843 5459 3010 5514 Liberi
3048 5462 3210 5529 patris
3260 5463 3528 5531 manifeste

1930 5551 2197 5605 sonabant.
2228 5549 2410 5604 Libero
2440 5552 2572 5604 enim
2616 5569 2648 5604 a
2686 5552 2889 5604 rusticis
2920 5552 3085 5621 primo
3117 5554 3324 5620 ﬁebant,
3355 5553 3415 5606 ob
3444 5554 3528 5607 bc-

1927 5645 2161 5713 ne/icium
2208 5646 2343 5716 quod
2389 5645 2435 5698 ci
2477 5645 2790 5712 adscribunt,
2847 5646 3188 5699 demonstrata
3213 5648 3382 5717 gratia
3407 5648 3513 5701 vini

1925 5739 2118 5809 (Idem,
2148 5739 2235 5793 lib.
2265 5739 2329 5793 de
2369 5729 2608 5809 Spectac‘i
2651 5755 2766 5810 cap.
2793 5737 2872 5809 5).
2914 5740 3026 5807 Qua
3068 5739 3137 5796 de
3174 5755 3234 5795 re
3273 5754 3380 5795 non
3433 5755 3522 5796 se-

1921 5832 2026 5889 mel
2065 5831 2281 5905 quidem
2312 5829 2680 5889 disseruimus.
2721 5830 2985 5900 Quoniam
3039 5847 3166 5907 ergo
3214 5831 3329 5891 bace
3384 5834 3516 5893 testa
