2085 3132
307 168 381 199 ωϐδ

846 157 880 187 ΙΝ
899 152 1132 186 TERTULLIANI
1149 149 1416 182 APOLOGETIGUM

1886 144 1957 174 1081

309 225 403 256 infalsi
417 223 461 253 dei
474 223 619 254 honorem,
642 225 696 247 non
720 217 780 246 sine
805 214 966 246 idololatrias
991 213 1103 247 aliisque
1117 211 1144 242 Α
1192 211 1266 238 tilica
1285 212 1430 245 fructuosos
1452 215 1505 236 non
1519 214 1583 239 esu.
1598 206 1660 241 quiia
1686 212 1794 232 coronas
1814 211 1868 231 non
1890 211 1959 230 eane-

309 282 342 302 ae
378 271 546 309 potissimum
574 265 691 301 crapulae
727 268 757 293 et.
779 261 916 292 ebrietatis
936 258 1103 291 criminibus,

310 305 526 349 celebrabantur,
550 320 657 342 summo
685 309 847 339 Christianis
874 311 952 336 erant
986 305 1105 343 horrori.

312 364 423 395 Addidit
438 364 540 390 Auctor
563 363 677 388 noster:
694 357 757 385 Non
782 357 809 383 in
832 355 935 391 publica
963 352 1109 381 liberalibus

312 410 453 443 discumbo,
464 407 531 444 quod
546 406 670 434 bestiariis
682 411 827 439 supremum
837 400 993 430 ccenantibus
1006 407 1061 427 mos
1073 403 1109 427 est

312 457 409 492 (Idem,
427 454 560 490 Apologet.
576 453 625 480 lac.
637 450 707 486 cit).
720 449 766 477 Sic
779 452 869 476 autem
882 447 995 482 legimus
1008 445 1035 472 in
1050 451 1109 492 tua-

312 489 589 537 nuscriptoPuteano,
605 502 632 526 et
646 496 732 532 primo
744 493 918 526 Colbertino;
934 491 984 519 sed
998 491 1025 518 in
1038 489 1108 517 Har-

313 550 392 577 leano
404 535 438 575 iet
455 545 611 574 Colbertino
623 542 754 575 secundo,
775 547 930 576 supremam.
954 538 989 565 At
1013 535 1111 565 .lunius

314 596 442 630 scriptum
457 592 626 627 suspicatur,
646 589 691 617 sub
706 588 832 626 primum;
852 585 913 622 quia
927 583 1058 615 bestiarii,
1078 581 1111 609 de

314 629 412 678 quibus
439 643 516 666 antea
545 638 659 673 egimus,
685 634 808 666 meridie,
841 630 937 666 inquit,
963 629 1110 658 certabant.

314 674 481 722 liulengerus
495 691 559 712 vero
575 684 642 711 hanc
657 681 839 716 conjecturam
851 685 904 706 non
913 677 973 704 sine
982 675 1040 703 risu
1052 674 1116 702 ideo

317 721 439 768 explodit
453 731 573 767 (Buleng.
589 729 633 756 lib.
652 728 683 754 de
697 726 788 754 Venat.
807 724 875 752 Circ.
887 731 946 758 cap.
961 721 1008 768 54)
1024 742 1032 755 ,
1052 721 1116 755 quia

317 767 436 807 bestiarii
450 784 503 804 non
520 775 608 803 solum
617 773 730 801 meridie
744 770 906 807 pugnabant,
932 767 980 796 sed
995 772 1116 801 tempore

317 826 397 854 etiam
414 823 555 851 matutino.
569 821 639 856 Quid
651 820 724 848 enint
742 818 784 846 ltis
804 816 926 845 Suetonii
949 814 985 843 de
1005 812 1117 842 Claudio

317 873 482 906 imperatore
502 868 591 895 verbis
610 865 710 895 clarius
733 873 739 891 :
765 862 897 893 Bostiariis
921 858 1118 893 meridianisque

1194 257 1265 289 bant,
1289 255 1323 282 ad
1350 254 1495 290 spectacula
1519 260 1571 280 non
1595 250 1785 283 conveniebant,
1808 249 1886 276 thura
1910 258 1960 277 non

1195 300 1485 335 mercabantur,tantetsi
1497 299 1573 335 plura
1582 306 1612 325 ac
1621 296 1856 330 cariora,aSabwis
1864 300 1957 330 erupta,

1196 349 1222 375 in
1236 352 1394 375 mortuorum
1408 346 1566 381 sepulturam
1588 345 1751 376 inmitterent,
1764 350 1841 377 quam
1855 343 1961 377 gentiles

1196 395 1229 422 ad
1243 395 1302 422 deos
1315 402 1375 422 suos
1389 393 1562 429 fumigandos.

1197 452 1336 487 Frequens
1362 450 1455 486 procul
1479 449 1561 477 dubio
1576 452 1635 476 erat
1653 446 1813 475 Tertulliani
1837 450 1960 481 tempore

1162 506 1324 528 coronarum
1351 505 1415 525 usus
1438 505 1445 524 ε
1469 494 1686 532 quandoquidem
1713 492 1813 520 ethnici
1829 492 1864 520 de
1879 492 1924 519 illo
1945 500 1960 520 a

1163 544 1322 574 Christianis
1335 543 1446 578 rejecto,
1461 546 1587 576 tanquam
1608 547 1704 574 magno
1718 537 1876 573 reipublica:
1889 537 1963 565 dam-

1163 599 1210 624 no,
1225 589 1422 626 querimoniam
1438 587 1600 623 singularem
1627 585 1773 613 habebant.
1792 583 1889 611 Verum
1905 583 1963 611 cui-

1164 637 1230 664 libet
1243 634 1352 663 ethnico
1365 634 1404 661 sic
1414 633 1459 661 ille
1471 631 1617 667 respondet
1634 639 1641 657 :
1656 629 1718 657 Non
1732 637 1787 656 emo
1800 629 1876 663 capiti
1887 636 1963 656 cm-

1165 690 1245 715 nam;
1259 681 1305 709 sed
1315 680 1376 716 quid
1383 684 1426 706 tua
1434 678 1555 706 interest?
1570 676 1709 710 Quodnam
1725 676 1796 703 enim
1807 674 1865 702 inde
1880 674 1965 702 rebus

1166 727 1282 764 publicis
1299 726 1488 764 detrimentum
1499 724 1513 749 ’ἲ
1526 723 1634 750 Nullum
1662 722 1750 756 plane.
1763 720 1866 756 Emptis
1880 721 1963 755 siqui-

1167 763 1228 801 dem
1239 772 1352 800 ﬂoribus
1363 763 1433 803 utor,
1447 770 1533 805 inquit
1546 769 1602 802 ille,
1616 768 1664 796 sed
1675 768 1718 801 iis,
1735 771 1764 794 ut
1785 772 1857 801 puto,
1872 767 1967 801 gratius

1169 819 1265 853 liberis,
1279 822 1302 845 et
1314 817 1413 851 solutis,
1430 821 1453 844 et
1467 816 1579 850 undique
1586 813 1825 850 uagis(Tertttltian.
1837 813 1966 848 Apologet.

1168 874 1192 892 ο.
1206 865 1249 892 42.
1258 873 1284 900 p.
1294 864 1422 899 493),nec
1431 863 1576 897 compactis
1586 861 1611 888 in
1620 868 1758 888 coronam.
1770 859 1866 887 Nullus
1875 860 1967 895 quippe

319 904 383 945 adeo
397 915 580 947 delectabatur,
598 918 625 940 ut
648 913 723 940 etim"
736 910 818 946 prima
832 909 887 935 Ιυοε
898 907 932 934 ad
946 904 1119 941 δραιαιίιίυιη
1132 908 1157 938 Β
1171 910 1286 946 capillis,
1311 909 1357 937 sed
1373 908 1483 936 naribus
1499 911 1600 935 tantum
1616 906 1683 934 odor
1701 905 1798 933 ﬂorum
1817 906 1967 940 percipitur.

319 965 499 997 descenderet,
527 966 550 991 et
573 960 678 988 meridie
702 958 807 985 dimisso
832 955 945 991 populo,
975 951 1119 988 persederet

320 1013 439 1048 (Suetou.
455 1009 500 1037 lib.
512 1008 543 1036 V.
566 1009 594 1035 in
612 1007 671 1034 Vita
683 1005 775 1034 Claud.
791 1003 804 1039 ᾗ
825 1001 882 1038 54).
907 1001 1010 1030 Seneca
1031 1006 1116 1048 vero:

323 1044 402 1085 illane
415 1056 530 1083 leonibus
542 1059 566 1082 et
579 1053 646 1081 ursis
671 1051 795 1082 homines,
819 1047 923 1076 meridie
935 1044 1121 1082 spectatoribus

325 1105 376 1132 suis
389 1103 544 1135 obiiciuntur
557 1101 661 1136 (Seuec.
677 1099 750 1134 epist.
765 1096 809 1124 70.
835 1103 861 1130 ρ.
883 1093 958 1129 295).
986 1092 1070 1120 Visne
1091 1094 1121 1119 et

324 1151 374 1178 alia
391 1157 445 1177 non
461 1148 549 1176 minus
562 1145 703 1182 perspicua
727 1143 799 1171 illius
820 1140 918 1169 verba?
932 1139 974 1166 En
988 1138 1046 1165 lucc
1060 1136 1119 1171 ipsa

325 1200 387 1225 sunt
402 1204 407 1222 :
425 1194 491 1222 Casu
519 1194 546 1220 in
570 1191 741 1219 meridianum
754 1186 928 1223 spectaculum
940 1183 1028 1215 incidi,
1049 1183 1119 1209 lusus

328 1246 522 1277 exspectatum...
535 1239 612 1265 Mane
627 1236 750 1268 leonibus,
762 1238 785 1261 et
800 1233 866 1260 ursis
877 1231 1001 1261 homines,
1015 1226 1120 1254 meridie

327 1274 509 1324 spectatoribus
524 1286 576 1313 suis
590 1283 751 1319 objiciuntur.
762 1274 945 1313 Interfectores
953 1276 984 1304 ab
1000 1274 1120 1308 interfec-

328 1320 392 1363 turis
414 1334 537 1370 jubentur
563 1330 649 1365 objici,
674 1333 697 1356 et
723 1327 844 1354 victorem
867 1324 894 1350 in
916 1322 996 1350 aliam
1007 1320 1123 1348 delirum

325 1366 430 1410 mortem
443 1379 511 1415 (Lib.
529 1377 572 1404 [ΙΙ.
589 1376 620 1402 de
632 1376 682 1407 ira,
697 1381 754 1408 cap.
769 1372 817 1404 43,
829 1378 888 1405 pag.
915 1366 1124 1415 585).“Rursus

325 1428 387 1456 alibi
411 1435 418 1453 :
441 1409 532 1460 iVuper
553 1424 580 1450 in
597 1422 658 1449 ludo
682 1418 860 1446 bestiariorum
880 1422 949 1442 unus
963 1421 976 1440 e
988 1409 1124 1439 Germanis

326 1482 384 1502 cum
398 1474 431 1499 ad
444 1458 570 1499 matutina
582 1467 729 1503 spectacula
740 1469 885 1500 pararetur,
897 1461 998 1489 secessit
1021 1458 1047 1494 (I
1052 1458 1121 1490 dem,

329 1521 403 1556 epist.
418 1519 444 1547 7,
468 1526 528 1553 pag.
544 1516 597 1543 l'l‘l
610 1519 634 1542 et
647 1513 723 1549 175).
750 1511 870 1545 Denique
899 1509 942 1536 illa
965 1514 1016 1535 nec
1037 1504 1123 1533 semel

327 1570 434 1607 quidem
446 1572 524 1596 vocat
539 1566 662 1595 matutina
671 1572 757 1592 arente
769 1562 912 1599 spectacula
928 1561 997 1593 (Lib.
1014 1560 1047 1586 de
1063 1552 1122 1579 Ῑτασ

1169 956 1225 984 Nos
1239 962 1303 983 vero
1318 955 1375 982 haec
1397 954 1480 981 iusius
1505 953 1641 988 prosecuti
1660 959 1753 979 sumus
1766 952 1792 978 in
1808 951 1860 978 alia
1872 951 1966 978 disser-

1171 1001 1282 1033 tatione,
1305 1000 1350 1027 ubi
1367 1000 1497 1035 praeterea
1518 998 1686 1026 ostendimus
1704 997 1765 1024 ideo
1786 996 1969 1031 hujuscemodi

1171 1053 1333 1075 coronarum
1355 1052 1433 1073 usuin
1447 1053 1461 1071 a
1474 1043 1633 1072 Christianis
1651 1042 1800 1077 rejectum;
1822 1042 1884 1077 quia
1898 1049 1969 1069 suam

1172 1093 1206 1121 ab
1220 1092 1369 1121 idololatria
1387 1095 1504 1119 traxerat
1512 1091 1641 1126 originem
1656 1088 1808 1124 (Dissertat.
1831 1089 1858 1115 in
1875 1087 1959 1115 Minui

1172 1149 1231 1175 cap.
1248 1140 1289 1167 15.
1307 1143 1357 1165 art.
1373 1137 1412 1174 '5).

1209 1199 1347 1236 Urgebant
1378 1196 1477 1225 ethnici
1501 1195 1668 1224 Christianos
1693 1199 1791 1229 magno
1818 1191 1970 1229 reipublicat

1173 1244 1244 1279 malo
1259 1236 1376 1279 publicis
1388 1242 1550 1281 spectaculis
1566 1249 1619 1270 nou
1636 1239 1789 1269 interfuisse
1804 1238 1970 1274 (Tertullian.

1174 1291 1222 1318 loc.
1238 1291 1306 1327 cit.).
1319 1289 1427 1320 Grande
1445 1289 1549 1317 scilicet
1567 1287 1666 1315 malum
1681 1290 1735 1314 erat
1747 1293 1776 1313 ea
1792 1286 1893 1320 fugere,
1908 1291 1972 1320 qua:

1175 1336 1355 1366 Tcrtullianus
1374 1336 1429 1363 alio
1459 1336 1484 1362 in
1499 1335 1567 1362 libro
1582 1338 1641 1361 orta
1662 1340 1718 1360 esse
1733 1331 1823 1367 probat
1844 1331 1876 1357 de
1894 1335 1971 1356 reatu

1173 1382 1286 1422 generali
1312 1381 1465 1409 idololatriae
1495 1379 1625 1416 genitricis
1666 1386 1717 1405 sua:
1746 1376 1849 1412 (Idem,
1866 1376 1912 1402 lib.
1940 1375 1972 1402 de

1175 1429 1292 1465 Spectac.
1322 1436 1380 1461 cap.
1404 1427 1454 1463 7).
1479 1426 1545 1454 Aliis
1575 1430 1666 1452 autem
1688 1424 1716 1451 in
1739 1421 1970 1451 dissertationibus

1175 1474 1363 1503 annotavimus
1386 1473 1444 1501 hanc
1464 1472 1617 1508 spectacula
1637 1478 1690 1498 non
1712 1470 1770 1497 solo
1794 1468 1967 1500 idololatria,

1175 1521 1222 1549 sed
1245 1520 1367 1557 pluribus
1387 1520 1447 1547 aliis
1471 1518 1559 1546 adhuc
1580 1517 1751 1552 coinquinata
1777 1515 1859 1542 fuisse
1883 1513 1970 1541 crimi-

1177 1568 1272 1602 nibus,
1302 1574 1362 1602 quae
1386 1565 1531 1593 Christiani
1553 1572 1606 1591 non
1629 1571 1707 1591 secus
1733 1569 1766 1589 ac
1790 1566 1890 1597 pestem
1916 1568 1966 1596 pu-

328 1602 386 1652 cnp.
403 1616 447 1643 45.
465 1623 524 1651 pag.
540 1613 614 1648 585).
629 1612 682 1639 Nec
693 1610 802 1638 difﬁcile
824 1609 892 1635 foret
911 1607 962 1634 huc
979 1606 1055 1641 plura
1073 1604 1122 1631 alia

1178 1614 1275 1642 blicatn
1289 1614 1350 1649 jure
1366 1613 1462 1640 tnerito
1483 1611 1631 1648 fugiebant.
1656 1610 1722 1644 Quae
1744 1617 1810 1645 ergo
1832 1608 1891 1636 inde
1909 1607 1970 1640 boni

328 1650 476 1699 congerere
489 1670 495 1687 :
512 1660 558 1688 sed
574 1659 635 1694 quia
650 1659 706 1685 haec
719 1655 867 1689 sufficiunt,
880 1653 945 1681 nihil
960 1651 1032 1679 aliud
1045 1650 1127 1678 adde-

332 1718 402 1744 mus,
418 1710 468 1737 nisi
482 1709 534 1736 hoc
546 1706 673 1735 Martialis
687 1711 799 1733 carmen
818 1712 824 1728 :

454 1766 482 1801 ip
493 1765 611 1801 matutina
623 1770 702 1795 nuper
710 1763 834 1795 spectatus
844 1766 919 1785 arena

451 1796 553 1821 Mucius.

672 1822 791 1856 (Martial.
804 1822 847 1848 lib.
859 1827 887 1854 X,
900 1822 979 1856 epigr.
993 1821 1045 1852 25.)

311 1880 407 1910 'Nihil
419 1887 484 1916 ergo
498 1879 652 1907 mutandum
668 1879 695 1905 in
712 1882 785 1905 textu
800 1876 971 1907 Tertulliani,
992 1874 1039 1909 qui
1061 1872 1129 1901 scite

330 1936 488 1965 supremam,
497 1928 553 1954 sire
562 1926 681 1954 ultimam
690 1924 806 1960 appellat
818 1923 1005 1951 bestiariorum
1011 1928 1127 1954 coenam;

333 1976 393 2012 quia
426 1973 556 2010 postridie
584 1980 645 2000 cum
671 1972 732 1999 aliis
762 1969 928 2006 gladiatoriis
960 1973 1006 1995 aut
1036 1966 1129 1994 bestiis

331 2021 484 2059 pugnaturi,
507 2028 600 2048 necem
620 2019 718 2054 potius,
747 2024 826 2053 quam
850 2015 990 2043 victoriam
1018 2020 1127 2049 sperare

333 2069 476 2097 debebant.
492 2066 597 2095 Etenim
611 2064 791 2102 pugnantium,
806 2062 885 2098 sicuti
899 2066 991 2089 monet
1002 2061 1057 2096 jam
1070 2061 1129 2089 lau-

334 2115 412 2143 datus
421 2115 534 2146 Seneca,
547 2113 629 2140 exitus
642 2120 710 2139 mors
722 2115 756 2139 est
768 2109 872 2147 (Senec.
885 2109 958 2144 epist.
973 2109 1001 2136 7.
1012 2118 1038 2145 p.
1054 2102 1129 2143 {73).

334 2162 362 2190 Si
378 2162 423 2197 qui
438 2161 577 2188 enimvero
590 2160 651 2187 inde
667 2158 816 2186 incolumes
838 2155 1009 2189 evadebant,
1028 2156 1078 2187 hoc
1093 2159 1131 2182 ta-

334 2216 397 2236 men
420 2214 529 2242 sperare
550 2213 603 2233 non
628 2205 697 2239 ausi,
713 2211 857 2240 supremam
881 2210 989 2231 ccenam
1004 2201 1090 2237 pridie
1101 2208 1132 2231 se

334 2262 446 2289 carpere
472 2252 681 2280 arbitrabantur.
701 2251 743 2278 Ab
762 2255 873 2277 auctore
896 2256 982 2284 porro.
1003 2249 1131 2277 Actorum

1180 1661 1277 1697 publici
1287 1660 1412 1696 jactura?
1438 1659 1531 1696 Magna
1555 1657 1675 1694 quidem,
1686 1657 1843 1693 inquiebant
1853 1654 1969 1691 gentiles.

1179 1706 1209 1745 in
1227 1707 1336 1744 longum
1348 1706 1488 1734 enimvero
1509 1710 1612 1740 tempus
1634 1703 1785 1740 spectacula
1806 1702 1851 1729 illa
1880 1700 1972 1738 produ-

1180 1753 1323 1788 cebantur,
1343 1758 1423 1793 atque
1447 1753 1547 1780 idcirco
1567 1755 1732 1787 spectatores
1747 1750 1775 1777 in
1789 1747 1973 1784 amphitheatri

1180 1800 1254 1827 aditu
1274 1800 1350 1835 plura
1365 1799 1515 1826 cduliorutn
1537 1797 1664 1831 emebant
1680 1803 1789 1832 genera,
1806 1794 1905 1831 quibus
1919 1801 1973 1830 pos-

1180 1852 1241 1875 sent
1254 1846 1388 1874 interdum
1405 1846 1488 1874 reﬁci.
1508 1844 1656 1873 Christiani
1679 1844 1769 1879 itaque
1792 1842 1884 1870 nullos
1901 1842 1974 1877 plane

1180 1894 1314 1928 faciebant
1329 1892 1482 1934 huiusmodi
1497 1896 1629 1930 sumptus.

1216 1956 1268 1985 Sed
1291 1956 1315 1983 si
1340 1954 1418 1988 nihil,
1435 1953 1522 1989 inquit
1536 1951 1727 1985 Tertullianus,
1743 1951 1781 1979 ibi
1803 1956 1954 1978 mereamur
1967 1968 1974 1982 ,

1183 2004 1246 2037 Quae
1261 2008 1345 2030 tamen
1359 2001 1429 2036 apud
1443 2000 1502 2029 illos
1513 2006 1591 2027 cretus
1605 1999 1778 2032 vembtantur,
1805 1998 1827 2025 si
1851 1996 1974 2025 desidan-

1180 2057 1249 2082 uero,
1275 2048 1392 2076 liberum
1418 2048 1452 2075 de
1471 2047 1582 2082 propriis
1608 2045 1670 2074 locis
1691 2053 1789 2072 sumam
1816 2043 1974 2078 (Tertuli‘un.

1181 2095 1315 2130 Apologet.
1331 2103 1389 2131 cap.
1407 2094 1453 2122 42.
1467 2102 1525 2129 pag.
1547 2091 1623 2127 495).
1643 2091 1773 2124 Quaedam
1791 2091 1912 2125 antiqua:
1924 2087 1975 2118 οὔ·

1182 2143 1279 2175 tiones,
1303 2141 1465 2169 sumo:ali-.e
1490 2140 1613 2176 quaedam
1639 2139 1817 2171 recentiores,
1840 2140 1974 2165 sustentur.

1182 2189 1276 2217 Melius
1304 2189 1331 2216 in
1354 2188 1454 2216 nostris
1477 2186 1615 2215 codicibus
1635 2190 1662 2213 et
1685 2185 1789 2212 exteris
1806 2183 1973 2215 editiouibus.

1183 2244 1291 2262 sumunt.
1310 2235 1380 2262 Nihil
1396 2242 1458 2267 ergo
1483 2234 1516 2261 de
1543 2234 1613 2260 bono
1641 2231 1748 2267 publico
1762 2230 1942 2265 depetditum.
1955 2228 1974 2255 si

336 2277 774 2334 Vberp—e-tiiae—etwii'elicitatis
795 2277 924 2323 discimtis
943 2296 1012 2324 hanc
1026 2301 1130 2324 coenam
1144 2298 1171 2328 Β
1185 2282 1331 2309 Christiani
1347 2282 1406 2307 aliis
1421 2281 1501 2307 licitis
1524 2280 1573 2306 sibi
1598 2279 1624 2306 ill
1647 2279 1712 2305 locis
1726 2285 1757 2305 ca
1772 2277 1977 2310 emebantﬁul

337 2347 442 2374 liberam
466 2343 589 2377 vocitari,
601 2343 671 2370 haud
684 2342 764 2369 dubie
778 2341 840 2376 quia
864 2341 1011 2369 lautissima
1021 2347 1089 2375 erat,
1101 2350 1133 2371 ac

336 2392 499 2428 gladiatores
513 2391 580 2418 cibis
599 2390 635 2417 ad.
650 2388 753 2416 libitum
767 2387 898 2422 appositis
912 2395 972 2415 sese
986 2388 1134 2423 ingurgita-

336 2440 411 2466 bant.

373 2484 517 2515 Christiani
530 2490 595 2518 ergo
609 2482 731 2517 publicas
750 2481 809 2508 illas
830 2487 923 2508 coenas
942 2480 1040 2507 merito
1054 2487 1135 2515 repu-

337 2532 464 2563 diabant;
479 2535 572 2565 utpote
600 2536 660 2564 qua:
681 2528 707 2555 in
723 2526 821 2555 Bacchi
834 2526 974 2563 honorem,
989 2534 1021 2554 ac
1040 2527 1136 2554 intem-

338 2583 464 2615 peranter
490 2576 633 2603 dabantur.
661 2573 768 2602 Nullum
792 2577 883 2604 tamen
902 2571 1029 2599 damnum
1054 2572 1135 2599 rebus

337 2624 451 2660 publicis
465 2622 527 2650 inde
539 2621 694 2650 accedebat.
709 2619 775 2647 Nam
786 2619 828 2646 ubi
837 2618 890 2651 ubi,
903 2618 943 2645 sic
956 2618 1137 2645 Tertullianus

338 2669 485 2706 quemlibet
502 2667 639 2695 ethnicuut
653 2665 808 2699 alloquitur,
825 2665 857 2692 de
881 2664 962 2698 copiis
983 2663 1031 2690 tuis
1044 2670 1114 2690 emno
1128 2682 1135 2695 ,

338 2717 366 2745 id
382 2721 432 2749 est,
447 2715 526 2748 cibis,
550 2721 617 2749 quos
640 2721 656 2740 a
682 2713 733 2741 tuis
746 2711 890 2747 gentilibus
917 2711 943 2738 iit
966 2716 1137 2745 quocumque

339 2763 448 2799 publico
463 2762 532 2796 loco,
549 2761 624 2789 falsis
643 2760 694 2788 diis
714 2767 766 2786 tton
785 2761 952 2789 consecrato,
969 2764 1061 2787 emere
1072 2763 1136 2786 conr

339 2809 426 2838 sttevi.
945 2832 948 2834 ,
1001 2803 1003 2806 ’

637 2849 688 2869 ΛΚΤ
692 2848 783 2869 ιουιυε
802 2848 842 2868 Ill.

342 2898 426 2929 Quam
438 2897 532 2925 insulse
547 2897 641 2926 et/tm'ci
653 2898 790 2936 objtcercnt
802 2896 962 2929 Christianos
978 2896 1037 2926 ideo
1050 2896 1139 2931 reipup-

1186 2328 1256 2363 apnd
1272 2328 1441 2355 ethnicorum
1459 2326 1566 2353 illicitos
1586 2330 1673 2353 coetus
1692 2324 1913 2351 renditabantur.

1222 2386 1291 2413 Nihil
1306 2387 1397 2415 etiam,
1413 2384 1541 2418 quidquid
1558 2383 1645 2410 adhuc
1668 2382 1748 2409 iidem
1772 2384 1977 2412 causarentur,

1187 2432 1341 2466 reipublic-.1:
1356 2431 1471 2464 deperit,
1487 2431 1507 2456 si
1525 2429 1614 2460 thura,
1631 2428 1716 2463 inquit
1727 2427 1922 2460 Tertuiliantts,
1937 2432 1980 2452 non

1188 2480 1293 2505 emimus
1322 2477 1427 2511 (Ibltl.),
1456 2484 1514 2510 qua:
1539 2475 1639 2502 ethnici
1668 2474 1742 2501 falsis
1758 2473 1811 2501 diis
1829 2472 1979 2501 adolebant.

1188 2525 1254 2551 Nunt
1277 2524 1301 2550 id
1330 2524 1406 2550 nohis
1433 2523 1542 2550 otnnitto
1556 2521 1667 2548 vetitum
1691 2525 1758 2553 erat,
1776 2519 1982 2555 thurisquepre-

1190 2571 1255 2597 tittttt
1282 2571 1371 2597 minus
1397 2574 1463 2602 crat,
1488 2576 1567 2603 quam
1583 2567 1683 2594 ethnici
1703 2567 1737 2594 de
1760 2566 1811 2593 hoc
1824 2566 1982 2593 detrimento

1191 2618 1321 2652 conqueri
1336 2625 1452 2652 unquam
1476 2615 1626 2643 debuerint.
1646 2614 1751 2642 Etenim
1767 2612 1870 2640 Arabia
1881 2633 1889 2647 ,
1903 2610 1982 2648 pergit

1191 2665 1247 2696 illc,
1263 2663 1361 2698 potiori
1371 2663 1430 2697 jure
1443 2667 1590 2697 queruntur.
1599 2661 1700 2688 Verum
1713 2660 1737 2688 si
1749 2668 1809 2694 qua:
1820 2659 1858 2687 sit
1869 2658 1982 2689 Arabum

1196 2711 1229 2738 de
1249 2710 1352 2736 cat-iure
1371 2716 1419 2736 suo
1434 2709 1510 2736 thure
1522 2715 1574 2735 non
1585 2706 1693 2734 vendito
1704 2705 1882 2741 querimonia,
1898 2704 1981 2734 scient.

1192 2757 1238 2789 ait,
1255 2757 1311 2784 sive
1324 2763 1372 2790 pro
1387 2755 1463 2783 nobis
1476 2754 1676 2789 respondebunt
1692 2762 1698 2779 :
1713 2752 1799 2780 Sabaei
1811 2752 1893 2787 pluris
1907 2754 1983 2782 etca—

1189 2803 1263 2829 rioris
1291 2811 1351 2829 suus
1375 2809 1467 2828 merces
1493 2801 1638 2829 Christianis
1669 2798 1820 2835 sepeliendis
1842 2795 1990 2834 ρποβῃά,

1189 2858 1266 2883 quant
1281 2849 1330 2875 diis
1349 2849 1504 2884 [uittigtandis
1516 2847 1620 2883 (Ibid)
1634 2846 1672 2876 De
1691 2846 1786 2875 Sttme
1803 2849 1892 2874 autem
1911 2841 1983 2873 ιιλω

1191 2896 1316 2930 Virgilius
1334 2905 1340 2922 :
