4212 6262
293 328 436 394 1083

569 446 713 507 India
739 448 888 511 mittit
912 445 1057 510 ebur,
1083 447 1258 502 molles
1277 461 1373 503 sua
1390 452 1537 507 thura
1555 453 1734 507 Sabaei.

582 564 587 567 ς
928 530 1163 599 (Virgil.,
1188 530 1275 585 lib.
1306 535 1546 607 (Georg,
1563 552 1606 591 υ.
1638 539 1741 603 57.)

297 638 368 696 Et
388 640 495 699 alio
524 641 577 701 in
602 641 745 700 libre
766 642 835 703 de
858 643 1103 701 Venere:

454 789 507 825 .__
537 791 548 803 .
619 789 633 803 .
700 755 795 825 tibi
819 757 1056 821 templum
1076 756 1169 821 illi,
1192 767 1496 825 centumque
1518 721 1682 815 sabaeo

451 816 621 870 Thure
644 818 810 871 calent
831 816 946 870 arte".

969 880 1154 944 (Idem,
1178 879 1265 933 lib.
1283 890 1299 933 ι
1317 885 1532 949 aeneia,
1547 900 1591 938 υ.
1615 889 1755 957 42οά

295 1008 440 1078 Quos
459 1007 673 1080 quidem
701 1011 755 1067 in
786 1025 975 1068 versus
1001 1011 1117 1070 haec
1155 1028 1184 1068 a
1229 1013 1418 1073 Servio
1446 1026 1702 1075 notantur
1732 1034 1749 1074 :
1782 1020 1891 1077 Sa~

294 1102 390 1158 btei
416 1103 598 1173 papuli-
616 1112 734 1158 sunt
755 1104 910 1174 juxta
955 1102 1167 1175 Syriam
1196 1113 1245 1161 et
1269 1107 1512 1164 Arabiam
1529 1152 1544 1176 ,
1576 1110 1697 1166 dicti
1720 1112 1898 1170 δαίδωιί

298 1200 396 1250 οἱπὸ
430 1204 517 1252 τοῦ
539 1202 779 1263 σέϐεσθαι,
806 1195 946 1265 quod
964 1197 1105 1267 apud
1135 1212 1217 1253 eos
1240 1197 1356 1254 thus
1377 1200 1623 1271 nascitur,
1645 1219 1747 1275 quo
1772 1205 1895 1261 deos

296 1285 583 1355 placamus.

363 1376 551 1449 Neque
578 1392 739 1449 porro
760 1378 1121 1437 Tertullianus
1146 1381 1305 1452 hujus
1333 1389 1542 1441 tantum
1568 1385 1734 1443 sabaei
1772 1387 1894 1445 thu-

294 1469 390 1537 ris,
423 1469 490 1526 de
512 1485 620 1540 quo
640 1470 793 1539 plura
816 1471 1026 1529 Plinius
1052 1482 1318 1533 memorat
1337 1473 1530 1546 (Plin.,
1561 1477 1652 1531 lib.
1682 1477 1749 1533 Vl
1777 1487 1887 1536 nat.

297 1560 462 1629 Hist.,
481 1578 599 1632 cap.
624 1560 718 1629 28,
743 1579 861 1633 pag.
884 1563 1037 1636 726),
1054 1579 1359 1621 sermonem
1381 1565 1529 1635 fecit,
1553 1567 1887 1637 seddealiis,

295 1654 372 1710 uti
398 1669 462 1711 ex
492 1669 615 1711 mox
638 1654 880 1711 dicendis
908 1656 1130 1727 patebit,
1159 1659 1325 1714 etiam
1353 1659 1573 1717 illorum
1594 1662 1885 1733 mercibus,

295 1759 394 1802 seu
413 1744 762 1805 aromatibus.
794 1746 969 1803 Tanta
1022 1749 1299 1806 enimvero
1328 1751 1382 1807 in
1433 1766 1627 1808 eorum,
1667 1753 1893 1825 regione

294 1846 412 1894 erat
458 1838 647 1896 horum
675 1839 1000 1897 abundantia
1021 1883 1034 1909 ,
1065 1850 1123 1897 ut
1150 1844 1238 1911 iis,
1269 1845 1425 1900 sicuti
1458 1845 1654 1907 Strabo
1700 1858 1888 1907 narrat
1913 1857 1966 1919 Β

293 1935 498 2005 (Strab.
526 1938 615 1992 tib.
641 1936 760 1993 XVI
783 1937 995 2011 Geogr.,
1023 1957 1143 2012 pag.
1165 1939 1316 2014 776),
1349 1958 1448 2013 pro
1470 1947 1779 2016 sarmentis,
1800 1955 1884 2002 at-

289 2042 395 2098 que
421 2027 561 2097 ignis
580 2027 809 2085 faciendi
835 2032 1081 2099 materia,
1104 2034 1466 2102 ciunamomo,
1488 2037 1654 2107 casia,
1685 2047 1741 2097 et
1768 2038 1888 2097 aliis

289 2118 597 2190 huiusmodi
627 2136 790 2179 suave
815 2124 1085 2183 olentibus
1117 2136 1415 2183 uterentur.
1449 2129 1725 2201 Scriptum
1748 2144 1886 2203 quos

293 2226 397 2282 que
416 2227 447 2266 a
478 2212 650 2266 Plinio
679 2213 912 2281 legimus
942 2235 953 2269 :
985 2214 1132 2272 Cibos
1163 2218 1333 2274 Sabaei
1362 2232 1588 2293 coquunt
1627 2224 1793 2279 thuris
1821 2225 1886 2279 li-

293 2321 392 2375 gno
415 2303 611 2385 (Plin.,
627 2305 714 2363 lib.
735 2306 831 2365 XII
849 2308 1199 2377 αἰεωωιω..
1219 2329 1337 2384 cap.
1363 2315 1451 2381 η,
1478 2333 1530 2385 p.
1546 2314 1661 2386 52).
1678 2319 1747 2371 At
1764 2317 1891 2373 Ter-

296 2396 554 2453 tullianus
577 2409 759 2455 noster
772 2414 870 2455 suo
893 2416 999 2456 non
1018 2402 1194 2467 solum
1212 2404 1263 2457 in
1288 2404 1653 2485 Apologetico,
1669 2407 1765 2467 sed
1781 2408 1887 2465 alio

291 2491 459 2544 etiam
492 2492 544 2547 in
567 2492 702 2548 libro
731 2502 917 2564 aperte
940 2493 1179 2557 declarat
1202 2492 1517 2563 Sab‘morum
1550 2498 1671 2553 thus
1700 2499 1768 2555 ad
1796 2502 1885 2556 s‘e-

198 2589 211 2599 '
291 2583 532 2654 pellenda
561 2584 616 2639 in
662 2584 846 2657 primis
878 2594 1207 2641 mortuorum
1239 2602 1464 2658 corpora
1507 2604 1537 2644 a
1568 2589 1887 2658 Christianis

290 2675 585 2752 adhibitum
632 2676 929 2747 :Corpora,
968 2679 1164 2749 inquit,
1224 2681 1479 2735 medicata
1530 2684 1884 2753 condimentis,

291 2769 588 2837 sepulturae,
610 2770 881 2826 mausoleis
907 2782 951 2824 et
970 2773 1307 2826 monumentis
1330 2784 1746 2843 sequestrantur;
1766 2793 1886 2848 pro-

291 2875 495 2914 cessura
521 2861 641 2915 inde
666 2861 732 2916 ad
775 2861 1069 2918 secundum
1101 2864 1288 2930 vitam,
1315 2880 1433 2918 cum
1462 2867 1677 2936 jusserit
1708 2867 1889 2924 Denti-

293 2969 391 3009 nus
427 2952 777 3024 (Tertullian.,
821 2955 933 3024 lib”
965 2956 1027 3011 de
1066 2955 1357 3012 Resurrect.
1397 2974 1566 3027 carn.,
1615 2976 1731 3030 cap.
1773 2959 1885 3034 27).

290 3045 429 3101 Alibi
480 3062 610 3101 vero
664 3049 940 3119 magisque
993 3050 1059 3103 ad
1087 3060 1329 3105 nostrum
1365 3053 1697 3125 propositum
1738 3072 1751 3108 :
1794 3053 1888 3108 Vi-

290 3137 453 3192 derint
481 3137 701 3206 ethnici,
737 3140 928 3209 inquit,
962 3141 1004 3195 si
1034 3142 1222 3195 eadem
1270 3158 1458 3197 merces
1485 3183 1501 3208 ,
1556 3144 1707 3199 thura
1752 3144 1886 3214 dico,

290 3238 339 3284 et
367 3238 544 3283 ctetera
573 3231 944 3302 peregrinitatis
967 3231 1035 3284 ad
1073 3233 1386 3302 sacri/icium
1418 3232 1692 3300 idolorum,
1730 3236 1882 3289 etiam
1895 3241 1961 3304 .C

291 3322 579 3378 hantinibus
604 3324 673 3378 ad
698 3326 958 3396 pigmenta
979 3326 1325 3390 medicinalia,
1348 3327 1493 3382 nobis
1520 3344 1719 3400 quoque
1739 3330 1885 3389 insue

290 3431 381 3486 per
394 3414 940 3488 adsolatiasepulturw
958 3419 1074 3473 usui
1103 3418 1430 3491 sunt(Idem,
1454 3420 1540 3476 lib.
1575 3422 1637 3477 de
1677 3423 1881 3496 idolol.,

289 3527 405 3583 cap.
438 3512 551 3583 Η).

363 3603 515 3673 Esto,
545 3615 731 3676 arguet
755 3606 967 3678 aliquis,
1001 3621 1064 3662 ac
1089 3606 1384 3671 meridiana
1411 3611 1533 3667 luce
1566 3610 1762 3673 clarius
1789 3611 1879 3672 de-

288 3707 644 3756 menstratum
668 3699 927 3770 habeatur
947 3699 1286 3757 Christianos
1314 3717 1438 3760 usos
1465 3701 1627 3760 fuisse
1647 3706 1712 3761 ad
1731 3721 1884 3777 sepe-

288 3792 462 3849 lienda
515 3800 846 3848 mortuorum
903 3807 1129 3863 corpora
1196 3794 1374 3850 sabaeo
1415 3794 1571 3858 thure
1600 3838 1613 3864 ,
1656 3806 1885 3855 caetero-.

288 3899 409 3938 rum
459 3884 696 3939 omnium
729 3883 1155 3954 pretiosissimo;
1212 3885 1471 3955 numquid
1523 3886 1883 3947 Tertullianus

291 3990 484 4046 magna
513 3977 629 4031 sine
662 3975 957 4047 hyperbole
1009 3991 1256 4033 asserere
1301 3978 1471 4049 potuit
1513 3979 1733 4036 Sabazos
1756 3980 1881 4036 thu-

289 4066 369 4143 ris
383 4066 465 4121 sui
504 4083 689 4121 merces
713 4067 876 4139 pluris
904 4076 951 4122 et
976 4070 1190 4124 carioris
1215 4068 1281 4124 ad
1337 4071 1754 4127 christianorum
1793 4088 1882 4129 se-

288 4160 557 4230 pulturam
583 4160 912 4226 vendidisse,
945 4176 1104 4232 quam
1130 4163 1381 4232 gentibus
1404 4164 1470 4218 ad
1492 4165 1626 4220 deos
1654 4182 1780 4222 suos
1801 4166 1885 4221 fu-

288 4251 610 4322 migandos?
634 4251 823 4307 Nonne
855 4251 1089 4321 plurimi,
1118 4253 1356 4323 inquiet,
1383 4255 1611 4324 gentiles
1643 4257 1766 4313 thus
1793 4272 1882 4313 sa-

287 4342 461 4398 bacum
484 4344 642 4414 plena
672 4343 1000 4415 prodigaque
1022 4359 1180 4397 manu
1208 4344 1312 4397 diis
1341 4345 1452 4398 suis
1482 4346 1882 4413 incendebant?

289 4435 394 4491 Sed
416 4438 505 4508 qui
536 4436 652 4493 haec
680 4436 989 4507 objectabit,
1021 4435 1065 4491 is
1096 4435 1376 4491 advertere
1414 4436 1573 4491 debet
1618 4438 1718 4493 hos
1763 4439 1884 4493 aliis

287 4528 510 4584 ditiores
535 4529 722 4594 fuisse,
749 4538 802 4584 et
834 4530 989 4600 longe
1011 4529 1204 4583 minori
1234 4544 1478 4592 numero,
1510 4546 1668 4599 quam
1701 4532 1883 4587 cazteri

1388 335 1844 401 DISSERTATIO
1878 340 1944 401 β.
1979 342 2071 403 ιε
2107 343 2412 405 NDURRY.

3451 358 3596 424 1086

1916 462 1973 522 Δ
2066 463 2398 534 sufﬁciebant,
2427 481 2489 521 ac
2528 467 2803 539 uectigalia
2821 470 3079 527 solvebant
3101 481 3243 532 tanta
3262 493 3408 546 cura,
3432 496 3595 552 quan-

2070 556 2137 609 tis
2161 556 2295 611 dolis
2324 558 2389 612 ab
2430 560 2612 615 iisdem
2648 562 2862 619 ethnicis
2889 563 3266 633 fraudabantur
3299 575 3589 630 :neminem

2071 648 2136 703 de
2156 652 2844 710 sterilitateChristianorum
2867 659 3107 728 conqueri
3133 662 3373 730 potuisse,
3408 676 3591 735 prtem

2070 742 2291 813 infames
2317 744 2542 812 lenones,
2589 748 2933 819 perductores,
2988 753 3305 821 aquariolos,
3356 756 3588 827 sicarios,

2068 838 2376 906 uenerarios,
2398 856 2592 911 magos,
2624 844 2908 913 aruspices,
2931 845 3145 914 ariolos,
3167 849 3549 905 mathematicos
3571 868 3593 917 ,-

2067 946 2130 984 ac
2160 931 2203 985 si
2224 933 2349 1004 quid
2384 936 2514 1005 forte
2552 936 2744 990 malum
2764 939 3056 1008 reipublicae
3076 958 3107 995 a
3140 941 3442 999 Christianis
3472 945 3592 999 illa-

2068 1033 2171 1079 tum
2194 1028 2381 1097 fuerat,
2410 1028 2543 1083 illud
2561 1044 2678 1085 cum
2705 1035 2898 1102 [tenore
2917 1032 2978 1087 ab
3003 1034 3107 1089 illis
3127 1036 3336 1092 aliunde
3376 1038 3594 1093 resarci-

2055 1124 2199 1171 dum.

2066 1249 2204 1320 Quae
2226 1250 2485 1312 hactenus
2511 1256 2817 1328 retulimus,
2847 1262 3187 1331 quantumvis
3214 1264 3358 1322 clara
3404 1274 3458 1325 et
3484 1281 3594 1325 om-

1993 1342 2153 1400 nibus
2206 1347 2486 1416 perspicua
2531 1348 2660 1415 sint,
2709 1365 2817 1406 non
2870 1361 3161 1423 potuerunt
3196 1365 3373 1414 tamen
3416 1374 3592 1423 caecos

1993 1435 2352 1504 comprimere
2387 1437 2727 1497 ethnicorum
2760 1441 3011 1512 impetus,
3046 1460 3146 1502 nec
3167 1446 3505 1505 eifrmuatum
3537 1451 3589 1506 in

1992 1523 2326 1581 Christianos
2356 1526 2588 1583 furorem
2620 1531 2981 1603 exstinguere.
3010 1534 3202 1608 Magno
3240 1539 3382 1597 enim
3414 1540 3590 1596 adhuc

1992 1615 2228 1677 clamore
2252 1618 2446 1689 ubique
2468 1621 2902 1682 vociferabantur
2927 1626 3049 1683 illos
3069 1628 3119 1684 in
3154 1631 3463 1701 reipublica:
3492 1648 3584 1693 or-

1992 1716 2077 1779 tos
2105 1724 2228 1766 esse
2279 1714 2589 1779 perniciem.
2647 1715 2722 1770 Ex
2774 1732 2878 1789 quo
2910 1720 3057 1776 enim
3089 1736 3279 1778 eorum
3318 1725 3506 1796 religio
3535 1726 3588 1781 in

1991 1803 2248 1869 mundum
2268 1803 2612 1862 disseminata
2636 1817 2753 1864 est:
2780 1808 3130 1880 Temptarunt,
3152 1823 3480 1880 nostrorum,
3512 1817 3591 1873 in-

1991 1892 2266 1976 quiebant,
2315 1897 2584 1968 vectigalia
2623 1900 2846 1969 quotidie
2899 1898 3187 1973 decoquunt
3237 1903 3585 1976 (Tertullian.

1991 1984 2282 2059 Apologet.,
2307 2003 2421 2060 cap.
2445 1989 2537 2055 42,
2557 2008 2608 2060 p.
2651 1990 2803 2062 495),
2827 1991 2929 2049 hoc
2941 2002 3043 2060 est,
3069 1994 3325 2064 paulatim
3343 1997 3583 2055 minuun-

1991 2086 2097 2147 tur.
2129 2079 2358 2141 Cuilibet
2377 2081 2519 2143 enim
2546 2080 2865 2151 christiano,
2906 2086 2983 2139 uti
3012 2086 3242 2156 ipsemet
3293 2086 3584 2145 Tertullia-

1990 2185 2092 2233 n,us
2114 2168 2328 2237 fatetur,
2364 2172 2694 2242 prohibitum
2727 2184 2862 2243 erat,
2894 2193 2957 2232 ne
2985 2194 3135 2235 curas
3165 2180 3468 2250 templorum
3501 2183 3590 2237 de-

1992 2263 2141 2335 leget,
2194 2273 2281 2321 aut
2324 2265 2590 2337 uectigalia
2644 2283 2827 2323 eorum
2859 2281 3097 2339 procuret
3135 2271 3330 2344 (Ideni,
3383 2275 3470 2328 lib.
3527 2276 3591 2338 de

1991 2352 2263 2423 Idololat.,
2317 2374 2431 2428 cap.
2484 2359 2616 2429 17).
2671 2360 2807 2415 Cum
2859 2362 3030 2433 major
3080 2363 3304 2439 itaque,
3362 2367 3439 2422 uti
3482 2382 3588 2425 sat-

1990 2450 2111 2521 pius
2134 2449 2388 2517 diximus,
2414 2460 2561 2507 esset
2583 2452 3025 2521 Christianorum,
3062 2471 3221 2526 quam
3252 2457 3588 2517 ethnicorum

1991 2555 2270 2609 ntunerus,
2296 2541 2540 2611 profecto
2567 2548 2727 2623 longe
2756 2547 3042 2615 pauciores
3071 2544 3393 2620 templorum
3418 2552 3590 2615 vecti-

1990 2632 2129 2709 galia
2156 2632 2479 2710 pendebant.

2062 2721 2265 2797 Verum
2318 2725 2421 2780 etsi
2451 2740 2539 2780 res
2569 2724 2643 2779 ita
2674 2726 2765 2793 sit,
2797 2725 3027 2794 ethnici,
3057 2744 3165 2784 non
3191 2728 3259 2785 de
3281 2730 3589 2795 christianis

1991 2822 2222 2883 tantum,
2256 2815 2351 2871 sed
2382 2816 2451 2872 de
2481 2818 2593 2871 suis
2623 2817 2790 2872 etiam
2842 2820 3198 2879 sectatoribus
3245 2824 3592 2895 expostulare

1990 2905 2279 2962 debebant.
2330 2908 2411 2962 Ab
2451 2909 2531 2964 eis
2574 2911 2771 2985 quippe
2794 2910 3156 2970 Tertulliauus
3204 2916 3376 2986 petit:
3411 2917 3585 2988 Stipes

1990 3011 2174 3066 quotus
2197 3001 2407 3070 quisque
2422 3002 2535 3073 jam
2547 3004 2715 3072 jactat
2741 3001 2947 3073 (Idem,
2975 3006 3263 3077 Apologet.,
3290 3009 3390 3064 loc.
3419 3010 3534 3082 cit.)
3560 3010 3585 3064 t

1993 3091 2173 3162 Stipes
2202 3101 2383 3147 autem
2428 3105 2825 3157 nummuserat
2851 3097 3111 3167 signatus.
3155 3100 3255 3168 Qui
3304 3103 3447 3163 enim
3480 3102 3584 3167 diis,

1992 3200 2109 3238 cum
2152 3184 2425 3251 thesauris,
2472 3187 2547 3242 ait
2576 3186 2767 3253 Varro,
2826 3204 2963 3245 asses
2988 3188 3150 3258 dant,
3200 3195 3379 3265 stipem
3404 3195 3581 3249 dicunt

1987 3276 2200 3355 (γαίη,
2249 3278 2337 3332 lib.
2389 3278 2456 3337 ιν
2496 3278 2560 3332 de
2612 3279 2765 3357 Ling.
2813 3280 2985 3350 latim,
3190 3285 3352 3357 ﬁn.»
3390 3286 3586 3356 Quam-
3659 3301 3673 3310 ‘

1952 3416 1965 3425 ς
1987 3369 2180 3437 obrem
2211 3367 2432 3431 Ovidius
2461 3370 2689 3437 canebat
2722 3389 2734 3426 :

2142 3513 2360 3565 Contulit
2380 3527 2451 3564 res
2467 3529 2528 3578 po
2562 3515 2677 3566 ulus
2696 3515 2789 3565 :de
2809 3528 2909 3579 quo
2928 3514 3134 3566 delubra
3153 3516 3385 3568 Metellus

2205 3575 2364 3628 Fecit.
2390 3579 2458 3627 ait
2479 3591 2491 3625 :
2517 3530 2690 3628 dandae
2710 3592 2816 3628 mos
2839 3580 2979 3628 stinis
3000 3578 3114 3628 inde
3139 3589 3325 3628 manet.

2205 3575 2364 3636 Fecit,
2390 3575 2491 3627 ait':
2517 3575 2690 3633 dandae
2710 3575 2979 3643 mns'stipis
3000 3578 3114 3630 inde
3139 3589 3325 3633 manet.

2706 3659 2889 3724 (Ovid,
2910 3658 2991 3713 tib.
3017 3669 3071 3711 tv
3095 3663 3287 3715 Faster.
3312 3664 3429 3728 §5.}

1990 3786 2205 3843 Ethnici
2261 3802 2391 3859 ergo
2420 3787 2471 3843 si
2490 3788 2683 3861 stipem
2726 3789 2938 3863 templis
2966 3804 3072 3845 non
3098 3790 3316 3861 dabant,
3351 3808 3454 3846 non
3487 3792 3588 3847 mi-

1988 3894 2089 3934 nos
2136 3890 2284 3937 certe
2329 3895 2491 3952 quam
2518 3880 2799 3937 christ-iani
2830 3882 2923 3953 .iis
2966 3882 3235 3939 faciebant
3289 3883 3588 3940 detrimen-

1987 3979 2122 4028 tum.

2058 4067 2335 4123 lnstabant
2358 4068 2607 4139 gentiles,
2640 4077 2804 4139 atque
2830 4077 2890 4124 ut
2921 4069 2996 4123 ait
3034 4069 3321 4133 Arnobius,
3366 4069 3587 4138 conjec-

1989 4166 2157 4225 tores,
2187 4159 2364 4225 arioli,
2387 4169 2542 4214 vates
2568 4169 2623 4214 et
2652 4159 2743 4214 alii
2766 4160 3104 4214 amarissime
3128 4159 3482 4229 deplorabant
3532 4162 3587 4218 in

1987 4252 2202 4322 templis
2241 4251 2353 4307 suis
2376 4249 2637 4305 raritatem
2668 4251 2917 4323 (Arnob.,
2953 4250 3041 4304 lib.
3064 4250 3111 4304 ll
3149 4251 3352 4309 advers.
3384 4254 3576 4325 gena),

1986 4358 2051 4399 ac
2115 4359 2215 4399 nec
2268 4344 2489 4412 exiguas
2553 4340 2770 4409 quidem
2838 4341 3005 4411 stipes
3059 4358 3220 4413 posse
3295 4360 3326 4398 a
3382 4347 3588 4417 paucis-

1988 4438 2140 4493 simis
2203 4436 2606 4491 consultoribus
2672 4435 3001 4505 extorqueri.
3072 4435 3286 4491 Scimus
3362 4436 3582 4507 quidem

1988 4528 2218 4583 Plinium
2246 4526 2543 4607 secundum
2574 4526 2627 4580 in
2667 4539 2761 4579 sua
2780 4525 2849 4581 ad
2873 4525 3165 4597 Trajanum
3208 4526 3583 4595 imperatorem

234 4692 238 4696 θ
287 4623 669 4693 pauperiores,
699 4623 792 4693 qui
844 4622 968 4677 thus
1018 4621 1307 4678 adolebant
1335 4632 1428 4677 aut
1459 4622 1631 4678 tribus
1676 4633 1879 4679 tantum
1906 4632 1963 4692 1)
1988 4620 2214 4691 epistola
2263 4618 2545 4689 scripsisse
2572 4617 2766 4687 templa
2797 4625 2852 4673 et
2892 4632 3041 4671 sacra
3070 4615 3328 4671 solemnia
3356 4614 3587 4687 coepisse

286 4715 487 4784 digitis,
516 4724 608 4768 aut
633 4715 792 4770 unius
817 4714 977 4782 assis,
1009 4713 1465 4784 quemadmodum
1505 4715 1644 4771 infra
1673 4716 1883 4774 dicetur

286 4806 451 4879 (lnfr.
480 4823 596 4879 cap.
622 4807 717 4871 ω,
747 4814 847 4861 art.
873 4805 956 4878 Β).
1011 4806 1095 4861 Ad
1122 4806 1238 4862 haec
1268 4822 1433 4875 vero,
1471 4808 1881 4866 observavimus

289 4892 552 4972 majorem
584 4899 754 4955 fuisse
802 4898 1218 4955 christianorum
1248 4899 1670 4970 multitudinem,
1721 4918 1881 4973 quam

289 4995 591 5068 gentilium.
611 4991 902 5049 Christiani
917 4993 1098 5064 igitur,
1116 4993 1159 5047 si
1176 4993 1335 5049 thure
1348 4993 1529 5049 sabaeo
1551 5005 1882 5052 mortuorum

289 5089 613 5146 condiebant
640 5101 891 5157 corpora,
939 5085 1007 5141 ad
1034 5085 1136 5140 hoc
1172 5085 1386 5156 pietatis
1420 5086 1655 5143 cilicium
1704 5087 1883 5145 Sabaei

287 5183 556 5239 debebant
580 5181 732 5253 plura
756 5180 866 5236 illis
903 5194 999 5235 sua
1030 5179 1185 5235 thura
1226 5179 1481 5247 vendere,
1515 5195 1676 5250 quam
1706 5181 1885 5252 genti-

285 5274 448 5341 libus,
469 5288 698 5345 quorum
725 5271 951 5343 plurima
987 5284 1110 5341 pars
1156 5284 1321 5340 pauca
1352 5269 1643 5325 admodum
1673 5271 1882 5328 vilioris

286 5377 342 5428 et
367 5368 669 5428 communis
705 5381 873 5440 grana
900 5364 1010 5421 'diis
1033 5364 1145 5420 suis
1172 5363 1303 5420 dare
1331 5373 1703 5421 consueverat.

893 5516 1190 5575 inuentus
1239 5516 1312 5556 iv.

289 5646 456 5714 Quam
474 5642 725 5700 immerito
754 5641 944 5697 ethnici
966 5639 1403 5711 conquerebantur
1430 5640 1739 5710 templorum
1764 5658 1883 5698 suo-

358 5753 476 5791 rum
501 5736 766 5807 uectigalia
806 5733 1034 5805 decoqui,
1078 5747 1143 5787 ea
1164 5746 1266 5802 quo
1292 5730 1390 5785 orti
1418 5740 1561 5789 «aut
1587 5732 1876 5803 christiani,

284 5820 307 5897 ί,
359 5827 448 5899 qui
480 5827 575 5884 diis
606 5827 811 5885 illorum
847 5867 863 5898 ,
906 5825 1286 5896 hominibusque
1312 5824 1724 5893 mendicantibus
1772 5844 1875 5885 non

1983 4728 2084 4769 suo
2129 4722 2371 4781 tempore
2398 4710 2590 4780 repeti.
2621 4709 2867 4765 Totidem
2918 4707 3063 4763 enim
3106 4707 3223 4762 haec
3256 4707 3399 4763 illius
3419 4708 3584 4764 verba

1982 4806 2210 4876 legimus
2238 4822 2250 4859 :
2278 4800 2425 4860 Certe
2445 4803 2569 4858 satis
2588 4811 2786 4857 constat
2826 4816 2984 4874 prape
3000 4801 3116 4871 jam
3144 4800 3375 4854 desolata
3398 4800 3585 4874 templa
3638 4794 3641 4797 λ

1984 4899 2192 4972 coepisse
2219 4896 2482 4962 celebrari,
2513 4905 2561 4950 et
2586 4910 2733 4950 sacra
2764 4894 3011 4949 solemnia
3049 4893 3138 4947 diu
3166 4893 3453 4947 intermissa
3500 4910 3582 4947 re-

1983 4993 2085 5065 peti
2115 4992 2405 5065 passimque
2429 4989 2596 5044 venire
2635 4986 2886 5054 victimas,
2917 5001 3132 5056 quarum
3155 4985 3323 5039 adhuc
3370 4985 3579 5040 rarissi-

1986 5099 2100 5136 mus
2116 5090 2308 5154 emptor
2322 5079 2665 5135 invadebatur
2697 5076 2889 5152 (Plin.,
2917 5076 3004 5131 lib.
3041 5076 3106 5141 X,
3136 5077 3283 5149 epist.
3306 5077 3430 5141 101,
3456 5093 3579 5149 pag.

1988 5175 2140 5247 576).
2180 5174 2284 5231 Sed
2315 5173 2458 5244 quod
2504 5173 2701 5228 fatetur
2728 5185 2898 5243 prope
2943 5169 3185 5226 desolata
3208 5168 3374 5225 fuisse
3402 5167 3583 5224 ethni-

1987 5281 2175 5323 corum
2215 5264 2489 5336 templaet
2523 5279 2698 5330 sacra,
2756 5263 2858 5319 hoc
2901 5262 3244 5317 verissimum
3296 5266 3396 5315 est.
3427 5258 3582 5327 Quod

1987 5375 2117 5417 vero
2138 5359 2415 5430 subiungit
2444 5358 2532 5413 illa
2559 5357 2794 5430 cmpisse
2821 5354 3017 5425 repeti,
3064 5352 3151 5407 his
3193 5350 3374 5406 verbis
3404 5352 3584 5423 inepte

1989 5456 2236 5514 adulatus
2262 5459 2346 5508 est
2370 5451 2627 5523 Traiano,
2655 5450 2813 5520 cujus
2858 5444 3206 5502 clementiam
3263 5457 3359 5515 per
3396 5442 3475 5498 fas
3527 5450 3585 5498 et

1993 5549 2145 5608 nefas
2173 5547 2435 5605 extollere
2456 5544 2689 5600 volebat.
2730 5540 2859 5596 Nam
2883 5545 3165 5595 crescente
3193 5550 3422 5591 numero
3445 5534 3582 5590 chri-

1985 5643 2305 5707 stianorum,
2336 5638 2515 5693 minus
2538 5633 3011 5707 frequentabantur
3025 5628 3358 5687 ethnicorum
3381 5626 3578 5697 templa

1985 5737 2266 5807 minusque
2293 5729 2573 5803 vectigalia
2602 5727 2966 5783 solvebantur.

2055 5826 2412 5890 Tertullianus
2437 5824 2617 5894 itaque
2663 5818 2719 5880 id
2744 5819 2888 5878 ultro
2933 5816 3149 5886 fatetur,
3179 5821 3236 5871 et
3268 5809 3569 5885 gentilibus
