4212 6262
615 358 757 417 1087

1681 354 1752 411 IN
1789 348 2259 411 TERTULLIANI
2296 349 2833 410 APOLOGETICUM

3774 356 3919 413 1098

620 474 918 545 respondet
964 480 1457 543 quantumcumque
1507 468 1670 525 fuerit
1697 468 1825 525 illud
1851 468 2140 533 damnum,
2186 481 2217 522 a
2240 464 2299 525 Α
2325 468 2445 524 tiles
2469 469 2610 527 inter
2630 484 2689 525 se
2712 468 2956 537 contulit,
2984 467 3277 526 secundam
3307 469 3700 542 expositionem
3727 472 3922 542 praefe-

620 568 926 624 christianis
951 564 1165 627 abunde
1192 562 1423 619 restitui.
1465 562 1734 619 Nosenim
1767 576 1873 615 non
1895 560 2212 625 sufficimus,

629 659 833 730 inquit,
855 667 903 712 et
928 656 1212 712 hominibus
1241 666 1288 710 et
1313 656 1411 710 diis
1446 658 1621 711 vestris
1646 655 2045 710 mendicantibus
2069 664 2215 727 opem

630 749 1133 822 {erre(Tertullian.,
1154 749 1441 822 Apologet.,
1458 766 1573 821 cap.
1595 749 1688 812 b2,
1706 769 1758 821 p.
1783 748 1888 805 494
1915 750 1953 815 ),
1992 749 2093 804 hoc
2108 756 2213 815 est,

622 842 803 897 omnia
831 840 970 896 bona
997 849 1178 895 nostra
1207 855 1499 910 omnesque
1527 850 1726 896 nostr:e
1776 840 2059 896 facultates
2107 854 2215 895 non

622 931 915 998 sufficiunt,
951 942 1011 986 ιιι
1062 930 1496 988 mendicantibus
1539 932 1754 998 vestris,
1782 947 1904 987 eum
1944 931 2068 990 diis.
2104 941 2216 986 tum

623 1022 951 1089 hominibus,
979 1022 1049 1079 de
1076 1024 1270 1094 quibus
1297 1021 1424 1078 alibi
1461 1037 1490 1077 a
1520 1023 1673 1078 nobis
1715 1033 1892 1081 actum
1920 1032 2005 1078 est
2042 1021 2213 1089 (Tom.

625 1113 951 1186 lApparat.,
995 1131 1117 1186 pag.
1147 1112 1298 1183 786),
1330 1128 1488 1182 opem
1544 1112 1801 1170 feramus.
1855 1112 1913 1167 In
1965 1113 2218 1168 :erarium

625 1219 757 1276 ergo
809 1205 1131 1275 templorum
1173 1212 1499 1272 vestrorum,
1544 1205 1596 1259 in
1646 1220 1765 1276 qua:
1805 1220 1903 1260 nos
1941 1205 2219 1260 vobiscum

623 1296 915 1350 convenire
960 1293 1117 1365 nefas
1168 1304 1271 1359 cst,
1319 1296 1419 1351 etsi
1462 1295 1659 1350 nullam
1686 1297 1879 1365 stipem
1915 1297 2216 1366 jactemus,

624 1387 752 1443 alibi
793 1398 968 1441 tamen
1022 1387 1349 1457 quibuslibet
1391 1386 1701 1457 petentibus
1748 1389 1946 1459 sa‘pius
1966 1398 2019 1443 et
2064 1388 2221 1459 longe

626 1478 985 1533 abundantius
1008 1494 1126 1533 eam
1156 1479 1495 1548 impertitnur
1530 1478 1783 1550 (Dissert.
1813 1480 1866 1533 in
1895 1478 2084 1533 Minut.
2116 1478 2219 1535 Oc-

628 1579 755 1636 tav.,
777 1587 891 1643 cap.
920 1570 1011 1633 ‘20,
1036 1579 1137 1624 ort.
1160 1558 1281 1640 '36).
1314 1570 1439 1626 Plus
1467 1572 1767 1635 enimvero,
1790 1572 1865 1627 ait
1903 1572 2014 1635 ille,
2046 1581 2221 1627 nostra

628 1661 975 1715 misericordia
1027 1661 1232 1715 insumit
1263 1663 1488 1727 vicatim,
1522 1678 1617 1716 seu
1696 1663 1846 1730 plura
1896 1662 2224 1732 quibuslibet

629 1766 730 1822 per
755 1753 899 1806 vicos
924 1760 979 1807 et
1025 1752 1138 1807 vias
1180 1752 1453 1807 civitatum
1504 1753 1931 1809 mendicantibus
1977 1753 2218 1823 largitur,

2321 573 2430 624 ras,
2458 573 2552 630 per
2582 575 2681 616 nos
2709 561 2853 618 licet.

2390 652 2657 708 Caeterum
2686 662 2747 708 ut
2773 655 2971 709 Auctor
2987 662 3170 709 noster
3195 654 3440 711 ethnicos
3463 656 3707 727 pressius
3731 665 3922 728 urgeat

2325 743 2516 814 (Idem,
2541 746 2726 817 ibid.),
2756 746 2861 802 illis
2902 747 3043 802 ultro
3084 747 3334 803 concedit
3356 747 3618 818 quosdam
3643 749 3786 818 apud
3826 765 3919 805 eos

2321 821 2572 906 reperiri,
2604 837 2693 907 qui
2719 836 2787 894 de
2804 836 3253 904 ChriStianornm,
3284 845 3343 892 ut
3369 838 3484 908 ipse
3512 839 3609 905 ail,
3636 839 3921 895 sterilitate

2321 927 2805 997 conquerebantur.
2837 928 2942 985 Sed
2973 930 3211 998 quinam,
3244 929 3384 985 Deus
3412 929 3555 987 bone
3578 972 3594 996 ,
3637 931 3690 986 hi
3717 932 3920 987 erant?

2321 1016 2436 1074 Non
2464 1018 2553 1073 alii
2577 1019 2840 1088 profecto,
2863 1019 2964 1075 nisi
2992 1020 3248 1076 homines
3274 1021 3497 1091 perditi,
3538 1022 3650 1079 suis
3676 1023 3821 1079 vitiis
3865 1033 3925 1079 et

2320 1109 2618 1166 sceleribus
2648 1110 2895 1177 infames,
2937 1112 3132 1182 quibus
3176 1127 3277 1168 nec
3320 1112 3555 1182 placere,
3584 1128 3681 1169 nec
3726 1113 3925 1169 favere

2322 1216 2531 1257 summa
2576 1213 2662 1258 est
2689 1203 2999 1274 reipublictc
3029 1206 3249 1260 utilitas.
3279 1206 3566 1276 Triplicem
3607 1217 3787 1263 autem
3814 1223 3923 1263 eos

2324 1294 2603 1366 distinguit
2640 1297 2693 1350 in
2746 1298 2972 1352 classem
2993 1340 3007 1362 ,
3042 1314 3272 1369 quorum
3300 1299 3474 1371 prima
3503 1308 3620 1354 erat
3663 1300 3923 1369 turpissi-

2325 1402 2533 1443 morum
2550 1386 2793 1443 nefandae
2808 1387 3041 1444 libidinis
3055 1374 3538 1461 ntinistrorum,qui
3556 1391 3725 1445 abillo
3740 1392 3928 1462 appel-

2323 1480 2502 1535 lantur
2538 1480 2774 1547 lenones,
2813 1464 3157 1549 perductores,
3205 1482 3486 1552 aquarioli.
3543 1483 3685 1536 Duos
3738 1492 3924 1537 autem

2326 1573 2533 1642 priores
2559 1584 2943 1629 commemorat
2969 1574 3158 1630 Cicero
3179 1617 3194 1641 ,
3229 1575 3317 1630 ubi
3354 1585 3546 1631 contra
3588 1575 3815 1631 Verrem
3848 1576 3926 1631 sic

2325 1663 2598 1721 invehitur
2642 1683 2655 1719 :
2690 1664 2919 1721 Sileatur
2940 1666 3004 1720 de
3050 1669 3309 1720 nocturnis
3354 1669 3463 1735 eius
3509 1667 3927 1721 bacchationibus

2324 1765 2372 1810 et
2393 1756 2599 1826 vigiliis;
2613 1756 2870 1822 lenonum,
2896 1758 3181 1812 aleatorum
3211 1757 3574 1828 perductorutn
3615 1759 3765 1813 nulla
3788 1775 3932 1812 men-

627 1859 780 1910 quam
797 1854 959 1897 vestra
994 1843 1173 1913 religio
1220 1844 1496 1915 templatim
1527 1843 1880 1915 (Tertullian.,
1938 1846 2038 1899 loc.
2080 1845 2220 1915 cit.),
2251 1852 2301 1913 B
2329 1851 2399 1905 tio
2442 1851 2532 1920 ﬁat
2563 1849 2774 1921 (Cicer.,
2807 1851 2896 1905 lib.
2921 1850 2964 1905 ll
3003 1851 3055 1904 in
3095 1849 3263 1919 Verr.,
3304 1869 3422 1923 pag.
3452 1852 3544 1920 68,
3586 1852 3680 1906 lin.
3712 1854 3798 1923 5).
3825 1852 3932 1909 Le.

629 1934 745 1989 sive
774 1935 823 1987 in
850 1935 1074 2003 singulis
1103 1928 1316 2004 templis
1343 1937 1536 1989 vestris
1558 1936 1766 1992 tribuit.

705 2027 906 2082 Deinde
936 2044 1063 2082 vero
1093 2029 1389 2099 vectigalia,
1414 2029 1483 2083 ab
1506 2031 1920 2100 imperatoribus
1946 2012 2224 2100 imposita,

633 2120 924 2175 Christiani
949 2122 1115 2175 multo
1138 2123 1342 2191 majore
1368 2137 1519 2186 cura,
1550 2132 1606 2177 et
1654 2123 1859 2178 meliori
1896 2122 2021 2188 fide,
2063 2137 2226 2193 quam

633 2213 859 2282 gentiles
886 2215 1182 2270 solvebant.
1216 2216 1354 2283 Quin
1382 2217 1543 2269 etiam
1580 2218 1693 2271 haec
1722 2217 2009 2289 vectigalia,
2031 2216 2222 2286 inquit,

639 2304 831 2373 gratius
856 2316 1003 2375 agent
1019 2303 1323 2360 Christianis
1341 2323 1405 2360 ea:
1431 2307 1532 2374 [ide
1561 2307 1959 2379 dependentibus
1980 2307 2225 2373 debitum,

635 2412 736 2466 qua
761 2397 929 2451 alieno
975 2396 1267 2470 fraudando
1312 2401 1621 2455 abstinemus
1679 2400 1895 2473 (lbid.).-
1954 2402 2275 2457 Noverant‘

634 2488 828 2558 quippe
858 2488 983 2541 illud
1013 2488 1213 2545 Christi
1258 2502 1585 2562 pratccptum
1646 2511 1658 2545 :
1695 2492 1914 2548 Reddite
1956 2509 2070 2562 qua:
2110 2502 2230 2548 sunt

636 2578 851 2634 Cwsaris
867 2578 1056 2635 Casari
1073 2580 1310 2652 (ΜηιιΙι.,
1334 2600 1452 2653 cap.
1480 2583 1642 2649 XXII,
1667 2585 1783 2653 21).
1807 2588 1984 2656 Atque
2003 2585 2123 2640 inde
2138 2585 2232 2641 Ju-

634 2673 807 2727 stinus
862 2683 1067 2745 martyr
1108 2675 1335 2752 ethnicis
1397 2676 1567 2742 palam
1619 2676 1825 2731 dicebat

635 2768 853 2836 εἰσριρᾶς
877 2770 973 2827 ταῖς
1002 2767 1069 2835 ἐρ’
1110 2773 1234 2834 ὗμῧν
1282 2775 1581 2835 τεταγμένοις
1625 2775 1871 2838 narretst
1907 2778 1998 2838 πρὸ
2045 2774 2232 2825 πάντων

632 2864 907 2925 πειρώμεθα
959 2865 1135 2928 φὲρτιν,
1191 2856 1466 2930 Vectigalia
1516 2877 1638 2914 sane
1679 2872 1725 2913 et
1780 2860 2077 2914 collationes
2121 2863 2227 2926 eis,

635 2948 722 3017 qui
760 2965 791 3001 a
839 2948 977 3003 vobis
1020 2960 1135 3004 sunt
1200 2952 1420 3005 ordinati
1467 2955 1784 3007 exactoribus
1840 2968 1946 3023 prae
2002 2953 2233 3010 omnibus

636 3040 820 3110 ubique
861 3044 1051 3110 inlerre
1088 3046 1440 3100 contendimus
1485 3045 1700 3119 (Justin.
1744 3048 1962 3120 Apolog.
2015 3048 2082 3102 ad
2125 3051 2233 3103 An-

638 3129 793 3202 ton.).
847 3132 922 3186 Ea
975 3148 1103 3187 vero
1154 3133 1352 3190 ethnici
1374 3135 1454 3190 sic
1479 3134 1816 3203 fraudabant,
1851 3148 1906 3192 ut
1932 3141 1977 3193 si
1997 3140 2226 3213 ineatur,

1886 2696 1898 2731 ε
1948 2684 2117 2749 Φόρους
2144 2679 2230 2731 καὶ

2330 1959 2502 2000 nones
2532 1960 2659 2001 vero
2689 1945 2831 2001 inter
2860 1956 2914 2001 et
2947 1945 3295 2015 perductores
3325 1946 3427 2002 hoc
3466 1955 3584 2002 erat
3609 1946 3929 2013 discrimen,

2332 2038 2475 2108 quod
2509 2038 2666 2108 primi
2691 2038 2943 2094 nmlieres
2970 2053 3074 2093 non
3105 2039 3453 2107 reluctantes,
3482 2041 3707 2096 secundi
3739 2040 3934 2097 invitas

2330 2130 2398 2187 ad
2453 2139 2697 2202 stuprum
2740 2130 3088 2211 adducerent.
3134 2131 3479 2204 Quapropter
3531 2132 3731 2189 cecinit
3758 2132 3935 2189 Hora—

2333 2226 2438 2282 tius
2460 2241 2474 2277 :
2559 2290 2562 2293 λ

2455 2339 2693 2395 Laudato,
2721 2344 2959 2389 scortator
2982 2340 3069 2399 ait,
3095 2351 3219 2389 cave
3234 2347 3285 2390 te
3302 2344 3453 2401 roget
3470 2337 3619 2400 ultra,

2454 2400 2744 2463 Penelopen
2768 2401 2919 2450 facilis
2944 2402 3116 2463 potiori
3135 2401 3289 2451 trade.
3309 2400 3530 2451 Putasne

2455 2462 2668 2513 Perduci
2694 2467 2878 2526 poterit
2898 2462 2996 2512 tam
3018 2463 3168 2525 frugi,
3194 2471 3395 2527 tamque
3421 2463 3612 2526 pudica.

2737 2548 2932 2608 (Horat.
2959 2543 3040 2597 lib.
3066 2552 3118 2610 11,
3141 2546 3276 2598 satir.
3305 2548 3355 2607 5,
3378 2558 3423 2596 tt.
3448 2545 3513 2596 75
3531 2552 3578 2596 et
3599 2545 3749 2611 seqq.)

2334 2652 2590 2722 Ejusdem
2615 2652 2800 2707 farinae
2822 2662 2975 2709 erant
2994 2653 3268 2724 aquarioli,
3289 2652 3400 2722 qui,
3415 2660 3493 2722 ,μί
3511 2651 3581 2707 ait
3602 2651 3815 2716 Festus,
3837 2649 3932 2706 dio

2333 2746 2574 2799 cebantur
2601 2744 2871 2798 mulierum
2893 2745 3268 2813 impudicorum
3295 2743 3491 2798 sordidi
3516 2744 3722 2798 assele
3747 2740 3928 2810 (Fest.

2334 2838 2425 2893 lib.
2453 2835 2549 2893 XX
2571 2838 2632 2893 de
2655 2837 2893 2908 Signiﬁc.
2921 2837 3056 2891 verb.
3082 2835 3199 2890 udo.
3230 2833 3545 2907 Aquarioli).
3565 2835 3931 2902 Quamobrem

2334 2930 2402 2984 ab
2431 2930 2657 3001 Apuleio
2695 2940 3026 2985 memoratur
3070 2928 3398 2984 exacerbatus
3424 2929 3720 2997 aquariolus
3749 2932 3933 2984 uxoris

2335 3036 2443 3075 suae
2515 3021 2796 3091 impudica:
2848 3030 2903 3076 et
2961 3021 3263 3077 meretricis
3304 3020 3519 3093 (Apulei.
3547 3020 3769 3091 Apolog.
3803 3032 3936 3077 ante

2335 3111 2472 3166 med.
2506 3129 2629 3182 pag.
2662 3112 2809 3184 566).
2837 3113 3183 3183 Spurcissimi
3213 3121 3385 3168 autem
3419 3111 3717 3180 huiusmodi
3738 3113 3931 3168 homi-

636 3220 950 3279 Tertulliani
998 3228 1159 3281 verba
1209 3235 1369 3295 sunt,
1410 3239 1655 3298 quantum
1699 3231 2020 3301 vectigalibus
2062 3203 2233 3305 peredt
2259 3233 2305 3298 C
2338 3220 2436 3305 "cf
2483 3206 2796 3305 m'mf’rib'ﬁ
2825 3222 3016 3277 aqum"
3053 3205 3119 3260 ad
3147 3206 3336 3261 sordes
3381 3204 3667 3305 ?b‘_“e“.das
3690 3203 3933 3305 uiator-

636 3315 822 3386 fraude
882 3326 928 3370 et
964 3317 1228 3372 mendacio
1272 3328 1549 3373 vestrarum
1610 3321 2032 3390 professionum,
2084 3323 2237 3393 facile

635 3407 767 3461 ratio
792 3406 967 3462 haberi
1009 3409 1188 3481 possit,
1244 3410 1395 3464 unius
1440 3411 1624 3482 speciei
1670 3412 1875 3482 querela
1901 3424 2228 3487 compensata

642 3515 736 3571 pro
806 3499 1071 3553 commodo
1146 3510 1443 3555 cwterarum
1508 3504 1767 3558 rationum
1829 3503 2191 3576 (Tertullian.
2216 3547 2232 3575 ,

641 3590 932 3660 Apologet.,
970 3607 1087 3660 cap.
1132 3591 1222 3656 42,
1264 3609 1383 3664 pag.
1434 3594 1586 3665 495).
1637 3595 1712 3649 lbi
1752 3607 1901 3651 certe
1943 3597 2233 3666 professio-

644 3680 729 3734 nis
757 3696 951 3735 nomen
993 3681 1252 3750 accipitur
1280 3698 1376 3752 pro
1406 3686 1623 3753 publica
1657 3688 1918 3742 bonorum
1970 3691 2233 3758 omnium,

638 3786 761 3841 qum
788 3773 1151 3842 unusquisque
1175 3774 1480 3841 possidebat
1513 3815 1528 3838 ,
1558 3778 1893 3845 expositione
1939 3794 2034 3834 seu
2056 3782 2237 3837 decla-

649 3862 879 3917 ratione.
913 3862 1020 3917 Sed
1051 3878 1157 3917 non
1185 3864 1310 3918 inde
1354 3864 1556 3920 tollitur
1599 3876 1705 3921 tota
1736 3868 2023 3925 dilllcultas
2043 3871 2239 3928 obscu-

647 3953 805 4010 rioris
833 3953 1052 4025 hujusce
1085 3955 1311 4025 phrasis,
1342 3971 1462 4026 quae
1505 3958 1706 4029 duplici
1736 3960 1895 4013 modo
1923 3976 1952 4015 a
1993 3964 2237 4035 sagacio-

643 4049 792 4105 ribus
818 4049 1135 4119 explicatur.
1157 4049 1386 4119 Quidam
1404 4052 1548 4107 enim
1573 4062 1761 4124 putant
1791 4054 1932 4111 hunc
1962 4072 2084 4114 esse
2106 4059 2237 4115 Ter-

643 4141 848 4196 tulliani
864 4156 1081 4197 sensum
1112 4156 1126 4194 :
1156 4142 1200 4197 si
1222 4143 1579 4213 perpendatur
1603 4156 1859 4214 quantum
1878 4148 2108 4218 gentiles
2131 4166 2235 4206 ma-

645 4233 755 4286 lum
778 4234 1084 4303 reipublicae
1114 4236 1425 4307 importent,
1453 4238 1633 4309 fraude
1659 4248 1707 4294 et
1729 4241 1994 4297 mendacio
2033 4247 2235 4317 profes-

642 4323 842 4378 sionum
867 4323 1078 4396 (Ibid),
1118 4327 1235 4382 sive
1263 4327 1391 4383 falsa
1424 4329 1688 4386 bonorum
1736 4348 1959 4389 suorum
1988 4334 2235 4391 declara-

648 4417 814 4482 tione,
842 4416 1126 4472 confestim
1158 4420 1240 4474 vel
1272 4420 1372 4476 hac
1394 4424 1558 4495 specie
1579 4465 1595 4490 ,
1637 4425 1753 4479 sive
1775 4425 1876 4482 hoc
1897 4428 2015 4483 solo
2051 4445 2236 4485 exem-

651 4509 741 4577 plo
770 4518 1091 4581 agnoscelur
1120 4510 1249 4566 illud
1282 4513 1480 4569 malum
1511 4530 1633 4571 esse
1661 4517 1856 4588 majus,
1883 4536 2046 4589 quam
2073 4522 2234 4592 quid-

2341 3296 2544 3351 tabant.
2606 3299 2676 3352 At
2709 3296 2849 3361 vide,
2899 3312 3105 3368 quaeso,
3156 3305 3331 3353 utrum
3387 3296 3511 3351 huic
3564 3297 3937 3367 impurissimo

2341 3386 2626 3443 hominum
2654 3389 2800 3459 gregi
2825 3388 3209 3444 adscribendos
3241 3388 3657 3444 sitCommodus
3696 3390 3940 3461 impera-

2342 3488 2447 3544 tor,
2477 3480 2545 3535 de
2565 3495 2671 3550 quo
2698 3480 2813 3535 htec
2843 3480 3179 3550 Lampridius
3205 3481 3483 3537 memoria:
3513 3480 3747 3551 prodidit
3774 3480 3939 3536 τοια-

2341 3574 2620 3629 diatoribus
2667 3574 2912 3641 convixit,
2944 3590 3128 3645 aquam
3155 3575 3304 3645 gessit
3350 3584 3404 3628 ut
3433 3574 3670 3653 lenonum
3712 3574 3941 3630 minister

2341 3665 2656 3739 (Lamprid.,
2679 3669 2735 3722 in
2751 3665 2864 3721 Vita
2882 3666 3002 3721 Com
3012 3666 3145 3722 mod.
3159 3668 3200 3737 ).
3219 3666 3582 3735 Quorumdam
3608 3677 3786 3720 tamen
3815 3666 3941 3737 opi-

2341 3760 2433 3813 nio
2460 3768 2544 3813 cst
2568 3759 2828 3829 aquarioli
2857 3761 3088 3814 nomine
3128 3758 3411 3830 significari
3439 3758 3943 3828 balneatorem,qui

2342 3853 2635 3907 lavantium
2668 3856 2844 3908 v’cstes
2873 3852 3206 3909 custodiebat
3236 3867 3299 3907 ac
3354 3852 3778 3909 leuocinabatur.
3807 3850 3946 3908 Inde

2340 3944 2565 4001 canebat
2590 3944 2845 4000 Martialis
2874 3962 2886 3998 :

2494 4056 2614 4109 Cum
2635 4062 2688 4108 te
2726 4056 2925 4107 lucerna
2947 4056 3203 4108 balneator
3226 4058 3467 4108 exstincta

2495 4119 2731 4170 Admittat
2750 4120 2879 4170 inter
2903 4121 3179 4171 bustuarias
3200 4120 3434 4170 moechas.

2849 4201 3105 4267 (ἐναντίαι,
3130 4201 3212 4255 lib.
3240 4211 3311 4265 llt,
3336 4204 3575 4271 epigram.
3600 4204 3706 4268 62.)

2410 4312 2481 4365 At
2512 4310 2694 4365 talium
2719 4319 2865 4365 certe
2891 4309 3168 4366 hominum
3190 4310 3257 4366 de
3288 4310 3714 4366 Christianorum
3734 4309 3943 4366 sterili-

2341 4412 2451 4460 tate
2493 4412 2549 4459 et
2581 4404 2866 4459 inutilitate
2894 4403 3276 4477 espostulatio,
3306 4402 3505 4459 horum
3534 4411 3654 4459 erat
3679 4413 3733 4459 et
3758 4402 3942 4457 virtu-

2341 4494 2409 4550 tis
2436 4504 2491 4551 et
2518 4495 2767 4551 utilitatis
2795 4494 3190 4552 commendatio
3236 4510 3300 4551 ac
3326 4495 3678 4567 prmconium.

648 4601 775 4671 quid
803 4602 927 4656 lmni
952 4601 1072 4658 aliis
1103 4604 1401 4660 rationibus
1430 4604 1681 4662 afferunt.
1713 4582 1816 4663 Alii
1842 4582 1978 4665 vero
2018 4582 2236 4668 Te'rtul-
2264 4625 2319 4687 1)
2414 4610 2524 4667 Nec
2555 4610 2701 4668 aliud
2752 4626 2885 4667 sane
2936 4611 3061 4667 ferri
3101 4619 3277 4680 potest
3310 4609 3571 4680 judicium
3598 4582 3670 4665 de
3703 4605 3943 4674 sicariis.

644 4694 767 4751 liani
798 4706 1032 4752 mentem
1049 4699 1127 4753 sic
1147 4700 1413 4767 explicant
1440 4717 1453 4753 :
1485 4699 1773 4755 Christiani
1799 4710 1940 4757 tanta
1968 4718 2094 4759 cura
2118 4713 2237 4760 tan-

650 4796 808 4856 taque
838 4789 939 4841 fide
963 4790 1175 4843 solvunt
1203 4792 1421 4856 tributa,
1451 4791 1666 4861 quantis
1697 4792 1838 4848 dolis
1854 4809 1917 4849 ac
1945 4796 2240 4853 mendaciis

649 4893 678 4931 a
707 4880 993 4951 gentilibus
1033 4881 1349 4937 fraudantur
1370 4925 1382 4946 ,
1422 4884 1629 4955 hocque
1658 4887 1777 4940 solo
1801 4890 2053 4959 exemplo
2082 4890 2239 4959 plane

644 4975 939 5045 coniicitur
954 4974 1344 5044 iniquissimam
1366 4990 1486 5032 esse
1513 4976 1703 5033 horum
1728 4979 1793 5033 de
1808 4978 2237 5037 Christianorum

649 5069 935 5125 inutilitate
960 5069 1267 5138 querelam;
1296 5069 1419 5138 quia
1446 5071 1727 5141 vectigalia
1754 5072 1967 5127 eteteris
1987 5073 2240 5130 omnibus

647 5162 948 5217 accuratius
988 5161 1325 5231 pendebant,
1375 5175 1440 5216 ac
1468 5162 1513 5216 si
1564 5161 1692 5233 quid
1719 5162 1934 5219 aliunde
1983 5163 2240 5220 afferrent

648 5252 976 5318 detrimenti,
1010 5261 1476 5321 cwterarunt,~qtt:e
1503 5252 1753 5308 iudicatae
1788 5263 1934 5321 sunt,
1980 5256 2238 5310 rationum

648 5345 911 5399 commodo
940 5343 1142 5398 affatim
1193 5345 1661 5414 compensabatur.
1684 5346 1753 5400 At
1779 5360 1911 5402 sane
1932 5346 1977 5401 si
2006 5347 2074 5401 ibi
2102 5346 2241 5402 Ter-

651 5437 910 5491 tullianus
936 5436 1182 5492 ethnicos
1212 5452 1316 5498 non
1338 5437 1611 5508 componit
1638 5453 1761 5492 cum
1777 5436 2122 5505 Christianis,
2146 5455 2242 5510 po-

649 5533 755 5587 tior
798 5531 1009 5586 videtur
1064 5532 1231 5602 prima
1275 5532 1665 5601 interpretatio,
1692 5547 1795 5604 qua
1822 5532 2093 5604 colligitur
2119 5532 2241 5590 illos

649 5624 717 5686 de
740 5625 903 5680 allato
930 5625 998 5679 ab
1027 5625 1107 5684 his
1136 5624 1441 5694 reipublicae
1487 5626 1685 5681 damno
1725 5642 1942 5697 prorsus
1969 5627 2241 5684 immerito

648 5716 1059 5786 expostulasse;
1111 5718 1542 5789 quandoquidem
1614 5719 1756 5776 aliud
1818 5719 1988 5791 majus
2043 5720 2243 5781 bonum

650 5810 1012 5868 conferebant.
1041 5813 1100 5872 Si
1128 5829 1257 5871 vero
1279 5812 1352 5869 ibi
1380 5822 1636 5885 utrosque
1653 5814 1987 5879 Christianos
2015 5828 2070 5875 et
2104 5834 2242 5891 gen-

2344 4702 2646 4758 venenariis
2661 4711 2718 4757 et
2736 4703 2927 4773 magis,
2944 4703 3035 4774 qui
3063 4703 3354 4758 secundam
3376 4700 3690 4757 Tertulliani
3707 4700 3944 4755 classem

2344 4796 2634 4852 conficiunt
2670 4795 3026 4868 (Tertulliun.,
3065 4793 3359 4867 Apologet.,
3404 4793 3660 4864 φιλῶ).
3709 4790 3841 4846 Nam
3880 4788 3947 4847 hi

2344 4888 2568 4944 aliorum
2594 4891 2718 4945 vitae
2740 4886 3151 4953 insidiabantur,
3177 4900 3406 4957 eamque
3434 4900 3578 4955 saepe
3603 4883 3807 4953 smpius
3827 4880 3945 4938 eri-

2344 4983 2581 5053 piebant.
2609 4983 2795 5038 Sicarii
2816 4982 2961 5037 enim
2980 4980 3267 5051 nuncupati
3294 4987 3419 5033 sunt
3440 4993 3471 5031 a
3496 4980 3622 5039 sica,
3643 4992 3740 5032 seu
3756 4974 3949 5046 gladio

2347 5074 2615 5139 breviore,
2654 5088 2814 5142 quem
2841 5071 2909 5126 ad
2939 5068 3342 5126 interficiendos
3365 5084 3429 5123 ex
3462 5067 3669 5123 insidiis
3691 5065 3951 5120 homines

2341 5165 2619 5237 gerebant.
2652 5166 2820 5233 Qttam
2866 5162 3175 5233 frequenter
3225 5174 3355 5216 vero
3394 5160 3462 5214 ab
3492 5159 3574 5214 his
3621 5154 3951 5213 truculentis

2344 5258 2650 5313 hominibus
2669 5256 2759 5310 alii
2789 5255 2926 5311 clam
2954 5264 3009 5310 et
3035 5254 3293 5309 insidiose
3318 5259 3660 5331 necarentur,
3687 5248 3772 5303 bis
3803 5260 3949 5317 pall-

2343 5352 2421 5406 cis
2441 5350 2618 5406 disces
2646 5349 2925 5405 Ciceronis
2945 5347 3162 5405 verbis:
3187 5345 3313 5401 Hac
3337 5345 3658 5417 quotidiana,
3689 5343 3833 5410 sicut,
3858 5355 3955 5397 oe-

2344 5460 2476 5498 nena
2509 5441 2758 5517 (Cic.,lib.
2792 5442 2856 5498 lll
2882 5443 2945 5497 de
2968 5440 3160 5495 Natur.
3187 5439 3371 5503 Deor.,
3401 5455 3518 5510 pag.
3546 5435 3787 5500 25!,Iin.
3825 5431 3948 5504 l5).

2344 5536 2449 5593 Sed
2498 5547 2555 5592 ut
2586 5537 2802 5606 propius
2832 5534 2897 5590 ad
2941 5532 3255 5590 Tertulliani
3297 5529 3620 5586 accedamus
3648 5534 3897 5596 tempora
3927 5539 3951 5581 :

2345 5628 2496 5696 Inde,
2530 5628 2702 5699 inquit
2730 5626 3048 5699 Cyprianus,
3081 5624 3309 5693 veneﬁci,
3353 5622 3473 5676 inde
3499 5620 3691 5686 sicarii,
3743 5628 3852 5673 tam
3872 5615 3955 5679 ad

2346 5731 2653 5802 peccandum
2670 5729 3127 5801 prtecipit,es,quant
3144 5722 3350 5798 impune
3365 5723 3631 5792 peccantes
3646 5710 3953 5791 (Cypria...

2346 5821 2463 5879 libr.
2486 5822 2556 5877 ad
2581 5819 2861 5891 Dentetr.).
