4212 6262
279 267 424 328 1089

1381 262 1867 322 'DISSERTATIO
1905 264 1969 322 D.
2009 263 2096 322 LE
2133 263 2439 324 NOURRY.

3442 265 3587 325 {090

277 432 285 441 .
355 385 474 440 lam
496 392 672 440 autem
707 381 981 454 praesentis
1007 395 1106 437 cur
1141 380 1336 438 deinde
1357 381 1425 437 ab
1446 384 1680 438 Auctore
1696 391 1882 438 nostro
1907 385 1961 443 Α
1988 381 2120 437 facta
2153 381 2361 437 fuerant
2382 381 2450 436 de
2479 381 2582 436 hoc
2603 381 3102 438 mathematicorum
3153 383 3315 440 exilio
3335 393 3585 439 senatus-

287 480 632 551 appcllantur
665 479 938 542 venenarii,
970 478 1058 546 qui
1110 492 1376 533 venenum
1405 477 1524 532 aliis
1575 479 1877 548 propinant,

283 581 377 625 aut
407 571 824 634 conliciunt,aut
845 567 1104 623 vendunt.
1132 568 1243 624 Nec
1269 567 1351 623 his
1376 568 1560 638 procul
1580 568 1744 622 dubio
1770 567 1882 622 dis-

282 661 492 717 similes
516 670 667 716 erant
701 661 855 730 magi,
888 660 1082 730 quibus
1110 660 1298 715 tertius
1321 661 1373 714 in
1404 660 1502 714 hac
1531 660 1707 714 classe
1733 659 1882 716 locus

282 754 458 810 datur.
527 753 811 809 Diabolicis
849 752 1114 822 siquidem
1168 752 1374 806 artibus
1407 792 1423 818 ,
1480 750 1760 805 maleficiis
1825 760 1880 806 et

281 845 571 916 pra'stigiis
601 858 798 898 nocere
821 843 961 908 aliis,
1005 857 1209 912 eosque
1252 842 1500 898 occidere
1547 843 1876 898 nitebantur.

281 937 352 993 At
378 936 433 990 hi
459 944 602 1001 sunt,
631 949 766 1006 quos
794 934 1048 989 Horatius
1076 934 1228 990 hisce
1257 945 1407 990 notat
1431 935 1758 991 carminibus
1790 952 1806 988 :

444 1050 564 1113 Quae
586 1063 722 1113 saga,
745 1052 857 1113 quis
880 1059 931 1100 te
954 1051 1153 1101 solvere
1177 1050 1428 1100 Thessalis

497 1112 706 1179 Magnus
729 1112 952 1172 venenis,
975 1114 1087 1183 quis
1109 1114 1293 1177 poterit
1312 1113 1473 1164 deus?

827 1217 1021 1280 (Horat.
1047 1217 1131 1270 lib.
1149 1227 1184 1280 I,
1206 1219 1290 1270 od.
1307 1219 1388 1281 27,
1409 1232 1457 1269 υ.
1473 1219 1530 1269 21
1551 1225 1598 1270 et
1617 1220 1723 1282 22.)

351 1328 528 1383 Tertia
557 1327 772 1382 demum
805 1325 857 1379 in
887 1325 1062 1379 classe
1098 1333 1434 1395 reponuntur
1477 1339 1507 1378 a
1547 1323 1879 1380 Tertulliano

280 1422 566 1487 aruspices,
596 1418 768 1483 arioli,
802 1417 1143 1470 mathematici
1171 1413 1552 1486 (Tertt'tllian.,
1585 1416 1875 1488 Apaloget.,

278 1530 394 1583 cap.
419 1511 534 1582 45),
561 1527 698 1581 quos
723 1510 939 1582 quidem
971 1509 1239 1564 Arnobius
1259 1552 1274 1575 ,
1306 1526 1336 1564 a
1387 1511 1542 1565 nobis
1570 1510 1729 1580 paulo
1754 1519 1878 1566 ante

281 1605 496 1671 citatus,
522 1619 688 1658 vanos
715 1601 1052 1672 conjectorcs
1074 1611 1364 1671 nuncupat.
1398 1600 1530 1658 Suis
1546 1603 1689 1657 enim
1717 1616 1874 1657 exse-

242 1723 244 1726 τ
288 1696 504 1751 orandis
553 1695 778 1762 artibus,
837 1693 974 1748 dolis
1023 1702 1183 1764 atque
1221 1694 1504 1765 praestigiis
1563 1693 1737 1748 futura
1814 1709 1875 1749 se

1984 475 2224 529 consulta
2257 475 2468 545 ('I'acit.,
2503 475 2591 529 lib.
2623 473 2665 529 ll
2695 476 2908 542 Annal.,
2949 486 3067 530 ante
3115 476 3297 547 meet).
3325 477 3582 547 Ulpianus

1985 569 2197 623 tandem
2234 569 2384 635 plura
2413 569 2479 623 de
2508 569 2593 623 his
2617 577 2917 636 meruerat,
2951 585 3110 640 quem
3166 570 3448 625 consulere
3486 585 3585 642 po-

1985 662 2115 716 teris
2140 661 2401 731 (Ulpian.,
2431 663 2518 715 lib.
2542 661 2634 717 νη
2663 662 2726 716 de
2757 662 2902 733 Oﬂic.
2951 661 3204 735 pl'tBlOl‘.).

2054 758 2230 823 Atque
2261 754 2311 808 hi
2337 764 2492 810 erant
2523 755 2746 824 triplicis
2781 755 2969 810 classis
2999 755 3268 821 homines,
3297 756 3384 826 qui
3425 755 3581 812 Chri-

1983 846 2185 900 stianos
2211 844 2518 914 reipublicae
2541 845 2757 900 inutiles
2785 860 2906 901 esse
2935 846 3136 900 idcirco
3189 846 3577 915 querebantur,

1983 940 2160 1009 quiaa
2192 937 2409 994 nefariis
2453 939 2665 992 illorum
2715 939 2968 1008 operibus
3023 938 3410 1004 abhorrebant,
3463 941 3584 996 nul-

1983 1031 2200 1102 lumque
2218 1031 2298 1087 eis
2317 1030 2563 1086 ferebant
2585 1030 2834 1086 fructum.
2861 1031 2966 1087 Sed
2995 1031 3372 1101 perditissimis
3401 1031 3582 1086 homi-

1984 1124 2138 1180 nibus
2159 1125 2502 1194 infructuosos
2529 1139 2654 1187 esse,
2679 1123 2751 1176 ait
2781 1123 3163 1189 Tertullianus,
3195 1139 3412 1193 magnus
3448 1137 3576 1193 pro-

1982 1215 2070 1270 cul
2096 1215 2258 1269 dubio
2282 1214 2595 1284 reipublica:
2621 1217 2820 1287 fructus
2847 1226 2918 1270 est
2942 1213 3272 1285 (Tertullian.
3303 1216 3577 1287 Apolaget.

1981 1323 2098 1377 cap.
2125 1295 2252 1376 43).-

2055 1397 2297 1468 Denique
2318 1396 2658 1453 Christianos
2681 1398 2914 1454 ethnicis
2941 1398 3184 1452 maximo
3214 1413 3335 1454 esse
3362 1398 3575 1454 emolu-

1981 1499 2165 1545 mento
2193 1488 2293 1544 hac
2318 1489 2495 1544 adhuc
2534 1489 2742 1545 ratione
2790 1490 3124 1545 demonstrat
3154 1508 3166 1542 :
3204 1490 3392 1555 Quanti
3422 1487 3578 1560 (edi-

1981 1583 2155 1638 tiones
2185 1593 2416 1651 veteres,
2461 1582 2712 1650 Quantos,
2761 1583 3022 1650 Lucet-da,
3060 1583 3323 1654 Quando)
3364 1584 3576 1649 habetis,

1980 1694 2083 1732 non
2125 1678 2239 1731 dico
2282 1679 2368 1746 qui
2409 1679 2523 1748 jam
2553 1678 2616 1731 de
2661 1677 2798 1731 vobis
2841 1677 3095 1731 dwtttania
3141 1678 3442 1742 excutiunt,
3474 1693 3577 1731 non

279 1793 637 1859 pra-nuntiare
659 1803 818 1859 posse
849 1787 1210 1843 venditabant.
1233 1788 1396 1842 Arioli
1427 1793 1606 1843 autem
1625 1787 1738 1843 sive
1767 1786 1872 1842 Fa-

1982 1773 2092 1825 dico
2109 1773 2221 1843 jam
2238 1771 2324 1840 qui
2343 1787 2435 1840 pro
2462 1771 2598 1824 vobis
2618 1787 2815 1840 quoque
2845 1785 2961 1823 vero
2995 1769 3100 1823 Deo
3123 1785 3292 1838 preces
3324 1778 3574 1836 sternant,

276 1881 424 1946 rioli,
453 1881 520 1934 de
550 1882 743 1948 quibus
768 1895 930 1948 supra
961 1879 1168 1948 egimus
1190 1878 1459 1948 fingebant
1486 1894 1544 1934 se
1570 1878 1754 1934 divino
1795 1878 1878 1932 af-

274 1970 425 2036 flatu,
457 1979 513 2024 et
563 1973 839 2041 aruspices
871 1973 1130 2041 adspectu
1170 1971 1505 2026 victimarum
1562 1972 1872 2026 vaticinari.

274 2064 346 2130 At
390 2051 676 2118 Terentius
715 2075 970 2133 utrosque
1027 2065 1213 2134 pungit
1245 2065 1435 2121 horum
1465 2082 1720 2122 versuum
1749 2081 1873 2122 acu-

275 2153 374 2210 leis
407 2171 422 2207 :

429 2263 615 2316 Gallina
639 2267 837 2322 cecinit,
862 2267 1121 2320 interdixit
1138 2267 1317 2318 ariolus
1343 2283 1355 2316 :
1431 2243 1435 2251 I

430 2329 664 2393 AruSpex»
686 2334 845 2376 vetuit
864 2336 978 2377 ante
1003 2331 1225 2378 brumam
1253 2331 1434 2393 aliquid
1453 2334 1564 2383 novi

427 2389 628 2452 Negotii
655 2391 895 2452 incipere.

747 2407 989 2515 Fiiiém,
1014 2451 1238 2514 Phorm,
1266 2461 1361 2502 act.
1389 2459 1458 2516 tv,
1484 2467 1614 2504 scen.
1645 2455 1715 2519 4.)

275 2555 460 2630 Neque
497 2557 582 2613 his
626 2573 756 2614 sane
809 2559 1032 2628 aliisque
1071 2557 1260 2614 Cicero
1293 2560 1461 2628 magis
1509 2560 1746 2630 pepercit
1785 2560 1878 2616 ubi

278 2649 392 2706 hate
419 2652 722 2708 scribebat:
754 2659 981 2720 ninam-ﬁ
1039 2661 1221 2717 vestra,
1279 2667 1394 2720 qua:
1444 2651 1600 2705 latine
1637 2653 1878 2708 divinatio

277 2743 480 2808 dicitur,
507 2759 608 2812 qua
647 2717 794 2796 tanti:
813 2743 1148 2796 imbueretnur
1170 2743 1544 2811 superstitione,
1589 2745 1632 2796 si
1663 2760 1749 2798 vos
1781 2761 1877 2797 au-

277 2835 386 2888 dire
430 2834 698 2902 vellemus,
739 2837 1020 2905 aruspices,
1049 2851 1295 2904 augures,
1325 2835 1497 2901 arioli,
1547 2845 1700 2900 vates,
1753 2855 1877 2890 catt-

267 2928 484 2997 jectores
513 2929 655 2982 nobis
695 2937 854 2981 essent
877 2927 1076 2980 colendi
1137 2926 1324 2996 (Cicer.
1379 2925 1466 2979 lib.
1520 2927 1628 2982 Ide
1680 2927 1875 2984 Natur.

275 3017 454 3084 Dc0r.,
483 3036 603 3090 pag.
635 3018 762 3082 205,
800 3019 892 3071 litt.
923 3016 1036 3086 5(5).
1073 3016 1179 3072 Sed
1207 3017 1274 3071 de
1303 3017 1384 3072 his
1412 3017 1539 3072 alibi
1580 3019 1800 3085 dictum,
1826 3030 1880 3074 et

275 3111 450 3167 adhuc
482 3119 665 3181 postea
695 3112 1002 3166 dicendum.
1602 3105 1615 3122 '

345 3202 639 3258 Scelestum
674 3204 801 3258 illud
842 3220 906 3259 ac
954 3205 1266 3276 reipublica:
1324 3204 1602 3267 infestum,
1632 3203 1878 3259 omnino-

274 3311 380 3366 que
413 3296 766 3364 pernieiosunt
795 3311 985 3367 agmen
1017 3297 1274 3352 claudunt
1324 3295 1685 3350 mathematici.
1767 3295 1879 3350 llos

275 3395 453 3442 autem
486 3386 680 3458 vulgus,
717 3388 888 3458 inquit
918 3392 981 3443 A.
1015 3387 1241 3454 Gellius,
1271 3405 1398 3458 quas
1433 3387 1682 3458 gentilitio
1723 3402 1877 3440 voca.

274 3479 392 3535 bula
436 3480 694 3535 chaldccos
737 3481 902 3536 dicere
947 3493 1162 3553 oportet,
1206 3481 1584 3535 mathematicos
1611 3479 1731 3532 dicit
1789 3479 1875 3550 (A.

277 3572 437 3640 ϐαι,
498 3573 586 3627 lib.
619 3573 634 3626 I
669 3571 825 3628 Noct.
879 3575 1036 3628 Attic.
1095 3591 1210 3643 cap.
1255 3572 1334 3645 9).
1366 3571 1432 3625 Et
1480 3570 1624 3640 prius
1665 3571 1878 3640 quidem

275 3665 469 3721 Cicero
508 3666 717 3721 illorum
749 3678 916 3721 artem
948 3677 1002 3721 et
1032 3665 1419 3735 professionem
1459 3663 1541 3716 his
1573 3663 1751 3718 verbis
1781 3679 1879 3719 ex-

278 3757 566 3828 plieaverat
614 3775 629 3812 :
672 3756 792 3810 Non
829 3774 890 3812 ex
915 3757 1062 3824 artis,
1094 3759 1181 3812 sed
1225 3756 1386 3828 gentis
1440 3755 1680 3809 vocabulo
1711 3757 1876 3810 nomi-

276 3852 416 3916 nati,
445 3851 688 3904 diuturna
718 3850 1064 3904 observatione
1089 3848 1313 3904 siderum
1346 3833 1604 3903 scientiam
1635 3858 1882 3920 putantur

276 3940 520 4007 effecisse,
559 3951 614 3995 ut
657 3942 868 4012 praedici
908 3953 1070 4011 posset
1102 3941 1226 4013 quid
1266 3941 1535 4012 unicuique
1564 3952 1876 4007 eventurum,

276 4043 324 4087 et
349 4050 448 4103 quo
474 4034 681 4104 quisque
696 4038 802 4105 fato
831 4043 979 4088 natus
1006 4044 1132 4089 esset
1158 4033 1373 4104 (Cicera,
1407 4033 1496 4086 lib.
1529 4031 1550 4087 Ι
1587 4033 1649 4087 de
1681 4031 1878 4102 Divin.,

277 4125 416 4195 init.,
447 4144 567 4199 pag.
594 4127 723 4197 255,
755 4129 846 4183 lin.
880 4127 957 4200 4).
993 4127 1140 4184 Unde
1165 4127 1468 4184 Juvenalis:

461 4243 588 4294 Nota
609 4244 964 4294 mathematicis
986 4243 1188 4306 genesis
1213 4249 1313 4292 tua.

848 4327 1118 4389 (Juvenal.,
1143 4326 1278 4377 satir.
1306 4327 1384 4387 14,
1416 4330 1517 4389 post
1541 4323 1696 4388 med.)

282 4433 478 4490 Verum
523 4434 644 4491 illos
687 4451 980 4506 eorumque
1022 4435 1302 4489 scientiam
1351 4433 1489 4486 idem
1531 4432 1644 4500 ipse
1691 4431 1883 4484 Cicero

1981 1865 2102 1935 quia
2130 1864 2260 1932 forte
2279 1880 2377 1916 non
2398 1863 2625 1928 creditis,
2653 1862 2741 1915 sed
2771 1879 2802 1914 a
2839 1861 3016 1931 quibus
3046 1860 3175 1913 ttiltil
3191 1861 3364 1913 timere
3410 1861 3578 1929 possi-

1989 1957 2052 2009 tis
2083 1954 2292 2028 (Ibid).
2319 1954 2582 2023 lligaltius
2611 1968 2740 2009 vero
2770 1955 2980 2023 propria
3007 1952 3345 2017 auctoritate,
3373 1960 3428 2006 et
3451 1967 3580 2006 con-

1981 2057 2059 2102 tra
2091 2044 2476 2113 exemplarium
2507 2045 3002 2112 manuscriptormn
3033 2053 3192 2112 atque
3223 2043 3486 2096 editorum
3515 2041 3580 2094 fi-

1979 2138 2124 2203 dem,
2161 2137 2275 2190 inec
2297 2135 2499 2200 verba,
2548 2136 2667 2204 quia
2708 2139 2839 2206 forte
2891 2151 2991 2188 non
3038 2134 3278 2200 creditis,
3329 2142 3577 2200 tanquam

1980 2243 2331 2300 supervacua,
2356 2238 2448 2281 aut
2486 2226 2585 2280 sibi
2631 2244 2734 2281 non
2781 2226 2978 2297 placita
3023 2225 3260 2280 sustulit.
3285 2224 3391 2279 Sed
3426 2224 3574 2294 quid,

1982 2322 2172 2376 amabo
2199 2330 2272 2386 te,
2303 2319 2567 2374 nocebant
2598 2333 2659 2372 ea
2683 2320 2864 2385 verba,
2890 2317 3081 2388 quibus
3100 2321 3298 2371 Auctor
3319 2317 3580 2386 signiticet

1980 2414 2210 2469 ethnicis
2235 2428 2548 2483 persuasum
2571 2411 2791 2466 omnino
2809 2427 2914 2464 non
2946 2410 3107 2464 fuisse
3126 2409 3460 2464 Christianos
3485 2422 3579 2477 pro

1981 2508 2110 2577 ipsis
2134 2508 2298 2561 Deum
2329 2521 2516 2560 verum
2543 2505 2790 2575 precari?
2821 2507 2888 2558 At
2916 2503 2968 2558 id
3003 2515 3208 2568 tamen,
3239 2502 3430 2572 inquit,
3467 2510 3573 2555 tam

1981 2609 2096 2654 erat
2121 2608 2347 2662 certum,
2391 2613 2550 2668 quam
2577 2598 2735 2667 plane
2760 2595 3055 2651 constabat
3085 2594 3351 2649 dzumonia
3379 2593 3446 2646 ab
3474 2593 3579 2646 illis

1983 2709 2048 2748 ex
2066 2692 2377 2747 eorumdem
2399 2691 2676 2760 gentilium
2704 2689 2875 2759 ejecta
2909 2687 3074 2742 fuisse
3098 2685 3435 2755 corporibus,
3464 2684 3573 2738 sic-

1981 2785 2057 2839 uti
2080 2801 2108 2839 a
2131 2784 2282 2837 nobis
2306 2782 2708 2837 evidentissima
2738 2779 3024 2849 probatmn
3057 2785 3160 2831 est.

2053 2876 2246 2944 Quanti
2277 2888 2426 2943 ergo,
2454 2874 2626 2943 arguit
2655 2871 3022 2927 Tertullianus
3045 2910 3059 2934 ,
3118 2882 3213 2922 vos
3243 2866 3443 2922 ethnici
3485 2867 3580 2919 ha-

1982 2968 2126 3036 betis,
2154 2970 2257 3022 hoc
2282 2974 2382 3031 est,
2405 2973 2604 3036 quanto
2637 2963 2806 3034 pretio
2829 2962 3108 3017 aestimatis
3136 2961 3238 3016 hoc
3280 2960 3574 3015 maximum

1982 3071 2132 3115 certe
2162 3059 2501 3125 benelieium,
2526 3057 2666 3127 quod
2685 3055 2974 3111 Christiani
3003 3054 3154 3110 v'obis
3180 3054 3580 3124 impertiuntur?

1905 3162 1950 3224 ί]
1984 3151 2172 3207 Nonne
2226 3165 2292 3205 eo
2343 3150 2463 3204 solo
2509 3148 2727 3203 nomine
2778 3147 2931 3203 vobis
2960 3162 3186 3202 summa:
3218 3145 3476 3216 profecto,
3524 3156 3583 3200 ut

1982 3259 2142 3313 supra
2187 3241 2418 3298 diximus
2449 3239 2814 3314 (Supr.,cap.
2852 3238 2946 3306 22,
2975 3248 3073 3292 art.
3101 3237 3170 3311 1)
3197 3279 3213 3306 ,
3244 3247 3400 3293 erant
3431 3235 3580 3291 utili-

1983 3338 2078 3392 tati
2104 3338 2126 3390 ’ἶ

2058 3428 2252 3483 Verum
2294 3428 2458 3482 instat
2509 3426 2683 3481 adhuc
2714 3425 2829 3493 ille,
2862 3433 2918 3480 et
2967 3423 3220 3480 intortum
3251 3421 3322 3478 ab
3349 3420 3582 3477 ethnicis

1984 3523 2146 3580 telum
2169 3525 2220 3578 in
2249 3521 2370 3576 illos
2402 3519 2783 3591 retorquendo,
2813 3519 2973 3604 plane
3002 3519 3344 3573 demonstrat
3371 3516 3439 3570 ab
3473 3514 3579 3569 illis

1982 3631 2249 3673 summum
2295 3614 2602 3686 reipublicae
2651 3613 3028 3667 detrimentqu
3070 3611 3207 3665 fieri.
3265 3608 3397 3662 Nam
3449 3622 3577 3662 cum

1983 3711 2140 3782 longe
2157 3709 2348 3778 major,
2378 3707 2516 3762 sicut
2532 3704 2669 3759 haud
2693 3705 2858 3759 semel
2879 3703 3132 3769 diximus,
3156 3711 3305 3757 esset
3333 3699 3582 3756 christia-

1984 3818 2194 3867 norum,
2225 3816 2383 3872 quam
2432 3799 2645 3854 illorum
2703 3811 2976 3859 numerus,
3036 3809 3238 3849 nonne
3282 3792 3582 3863 respublica

1985 3895 2238 3952 damnum
2287 3902 2431 3947 certe
2489 3890 2782 3944 maximum
2825 3888 2892 3943 ab
2931 3887 3013 3942 his
3068 3886 3198 3957 ipsis
3249 3885 3571 3953 accipiebat,

1985 4002 2211 4059 quorum
2239 3984 2552 4041 crudelitate
2594 3991 2665 4035 tot
2685 3980 2818 4051 justi
2865 3978 3163 4042 christiani,
3213 3977 3351 4030 sicut
3377 3978 3585 4030 Auctor

1987 4089 2168 4146 noster
2193 4079 2286 4143 ait,
2339 4073 2697 4143 impendimur,
2729 4072 2778 4126 id
2808 4079 2910 4135 est,
2943 4069 3314 4124 consumimur
3344 4075 3398 4118 et
3434 4064 3578 4118 occi-

1985 4172 2184 4227 dimur.
2216 4171 2294 4224 Eo
2345 4168 2486 4224 enim
2535 4180 2695 4220 sensu
2727 4161 2942 4230 scripsit
2995 4159 3190 4214 latinus
3233 4157 3582 4226 epistolarum

1987 4265 2138 4321 Pauli
2177 4263 2443 4331 interpres
2471 4278 2484 4312 :
2517 4257 2630 4328 Ego
2665 4265 2832 4308 autem
2859 4250 3211 4306 lubentissime
3259 4251 3579 4318 impendant,

1986 4367 2033 4411 et
2077 4352 2498 4423 superitnpendar
2547 4350 2656 4417 ipse
2709 4361 2800 4414 pro
2858 4341 3125 4396 animabus
3169 4342 3345 4395 vestris
3375 4339 3584 4412 (Paul.,

1988 4448 2155 4517 Epist.
2186 4446 2228 4499 Il
2257 4445 2324 4496 ad
2349 4441 2602 4504 Corinth.,
2641 4453 2764 4506 cap.
2803 4434 2917 4504 XII,
2949 4433 3061 4506 15).
3106 4433 3268 4488 Addit
3289 4447 3420 4487 vero
3449 4430 3584 4484 Ter-

280 4529 642 4585 chaldatorutn
696 4539 934 4584 monstra
995 4536 1168 4591 vocat,
1215 4540 1419 4594 nosque
1460 4531 1643 4576 monet
1676 4521 1744 4575 ab
1775 4522 1878 4574 Eu-

1991 4539 2242 4594 tullianus
2270 4555 2282 4590 :
2307 4534 2432 4590 Cum
2474 4533 2764 4586 innocentes
2787 4543 3056 4599 erogamur
3083 4524 3351 4596 (Tertull.,
3385 4523 3474 4577 lib.
3522 4523 3586 4577 de

279 4624 443 4695 doxo,
480 4627 715 4695 ipsorum
747 4625 1119 4693 antesignano,
1152 4618 1364 4687 scriptis
1392 4615 1680 4670 traditum:
1724 4613 1881 4670 Chal-

279 4717 406 4772 datis
454 4719 507 4772 in
551 4718 878 4789 prcedictione
917 4725 963 4769 et
1006 4715 1059 4768 in
1084 4712 1345 4767 notatione
1387 4709 1636 4780 cujusque
1681 4707 1794 4760 vita:
1821 4723 1884 4762 ea:

280 4809 445 4862 natali
491 4809 571 4862 die
618 4810 821 4863 minime
867 4823 974 4862 esse
1017 4803 1324 4860 credendum
1374 4799 1583 4874 (ϐᾶσαι,
1620 4798 1708 4854 lib.
1745 4797 1792 4854 ll
1821 4799 1884 4852 de

285 4897 488 4964 Dirin.,
519 4919 642 4972 pag.
677 4900 804 4957 291.
837 4901 930 4956 litt.
962 4898 1080 4970 49).
1126 4897 1283 4952 Plura
1312 4907 1491 4950 autem
1525 4905 1582 4949 ut
1612 4895 1770 4971 missa
1799 4891 1880 4948 fa-

281 4996 508 5064 ciamus,
541 4997 647 5051 alio
678 4997 728 5050 in
759 4997 892 5051 libro
919 4993 1286 5051 Tertullianus
1330 5001 1513 5047 noster
1540 4991 1679 5046 haud
1722 4988 1880 5045 dubi-

286 5095 460 5143 tanter
506 5089 698 5144 asserit
755 5102 946 5158 pravos
993 5086 1234 5156 angelos,
1271 5077 1371 5140 seu
1416 5084 1688 5138 daemones
1724 5081 1882 5151 hujus

283 5176 462 5248 impia:
487 5180 618 5233 artis
648 5177 815 5234 fuisse
841 5178 1142 5248 magistros,
1176 5190 1240 5231 ac
1272 5173 1468 5230 deinde
1499 5172 1615 5228 hate
1657 5172 1881 5241 subjun-

281 5271 361 5326 xit
401 5287 414 5324 :
457 5269 806 5340 Expellantur
861 5270 1233 5335 mathematici,
1289 5268 1415 5322 sicut
1460 5265 1630 5336 angeli
1665 5276 1884 5317 eorum:

281 5365 457 5417 eadem
489 5381 636 5434 paena
666 5373 738 5418 est
764 5363 930 5417 exsilii
959 5361 1220 5432 discipulis
1249 5369 1297 5415 et
1324 5359 1578 5428 magistris
1641 5354 1882 5425 (Tertull.

282 5455 373 5510 lib.
432 5457 494 5510 de
540 5457 935 5526 Idololat.cap.
989 5454 1069 5526 9).
1127 5454 1318 5508 Narrat
1363 5461 1540 5507 autem
1598 5448 1886 5504 Suetonius

282 5546 386 5604 hos
456 5553 864 5606 mathematicos
909 5549 977 5604 ab
1042 5549 1362 5618 imperatore
1431 5542 1647 5598 Vitellio
1703 5542 1886 5612 pulsos

282 5641 449 5699 fuisse
496 5641 642 5699 Urbe
674 5653 728 5699 et
778 5642 920 5697 italia
949 5683 964 5707 ,
1011 5656 1074 5696 ac
1124 5647 1310 5710 postea
1380 5637 1554 5706 capite
1603 5634 1885 5691 damnatos

285 5733 554 5812 (Sueton.,
599 5737 688 5792 tib.
729 5732 844 5805 νη,
881 5735 911 5809 ς
944 5733 1056 5807 14).
1105 5731 1212 5792 Sed
1261 5731 1446 5804 prius,
1489 5736 1626 5788 teste
1677 5725 1885 5799 Tacito,

1991 4633 2292 4704 Prcescrip.,
2321 4647 2437 4699 cap.
2465 4627 2545 4699 2).
2581 4625 2847 4680 Pamclius
2875 4637 3004 4676 vero
3059 4619 3242 4674 mallet
3273 4617 3532 4672 erudimur
3562 4630 3582 4670 :

1985 4727 2082 4784 sed
2109 4727 2305 4795 saepius
2328 4723 2530 4778 Auctor
2554 4728 2737 4774 noster
2765 4715 2935 4771 verbo
2962 4729 3174 4782 erogare
3201 4712 3396 4772 utitur,
3427 4723 3587 4779 quam

1987 4829 2066 4886 ut,
2098 4818 2279 4873 invitis
2334 4812 2717 4880 manuscriptis
2745 4809 2994 4865 omnibus
3021 4849 3034 4868 ,
3067 4805 3318 4860 credatur
3349 4802 3480 4857 illud
3511 4801 3585 4856 ibi

1986 4920 2296 4982 corruptum
2319 4923 2461 4964 esse.
2511 4906 2710 4961 Eodem
2743 4903 2920 4971 itaque
2947 4899 3249 4970 significatu
3287 4896 3360 4950 ibi
3387 4895 3589 4964 accipi-

1988 5016 2094 5074 tur,
2124 5020 2230 5076 quo
2255 5003 2382 5058 alibi
2407 5001 2560 5066 dixit,
2600 4997 2815 5053 Febrem
2846 4992 3106 5064 eroganda
3139 4992 3330 5045 homini
3359 4991 3582 5059 deputa-

1989 5107 2112 5152 tam.
2149 5098 2212 5152 Et
2235 5109 2422 5150 revera
2453 5092 2616 5148 homo
2642 5097 2894 5161 erogatur
2920 5086 3082 5151 febri,
3115 5084 3270 5153 cujus
3322 5079 3588 5138 mortiferi

1984 5201 2112 5249 sunt
2134 5193 2330 5247 exitus.
2357 5187 2495 5243 Alibi
2521 5185 2682 5242 etiam
2712 5182 2928 5253 scripsit
2947 5179 3294 5251 gladiatores,
3326 5176 3415 5246 qui
3441 5173 3589 5228 occi-

1986 5287 2041 5343 di
2090 5286 2407 5349 didicerant,
2466 5279 2640 5335 edieto
2688 5276 2778 5330 die
2825 5273 3139 5329 inferiarum
3188 5268 3397 5356 erogari
3446 5266 3583 5338 (lib.

1990 5381 2054 5435 dc
2079 5379 2342 5449 Spectac.,
2375 5390 2494 5440 cap.
2541 5370 2654 5439 12).
2688 5366 2930 5436 Denique
2971 5363 3038 5419 de
3092 5361 3286 5417 inferni
3318 5360 3462 5430 igne,
3510 5357 3588 5411 uti

1990 5467 2463 5526 animadvertimus
2487 5463 2678 5534 (supr.,
2701 5475 2820 5528 cap.
2841 5458 2932 5524 11,
2957 5454 3151 5536 art.4),
3169 5454 3238 5510 ab
3260 5467 3326 5508 eo
3345 5450 3584 5505 dictum:

1990 5564 2128 5618 Dum
2155 5570 2350 5632 erogat,
2379 5565 2607 5629 reparat.
2656 5552 2660 5554 ’

2062 5653 2232 5709 Porro
2274 5661 2451 5708 autem
2501 5646 2650 5719 quid,
2683 5658 2894 5716 quaeso,
2942 5643 2996 5697 in
3045 5638 3220 5710 majus
3273 5634 3587 5708 reipublicae

1991 5747 2247 5809 damnum
2270 5744 2405 5806 verti
2434 5741 2630 5815 potuit,
2655 5752 2812 5810 quam
2843 5744 3032 5795 contra
3059 5732 3322 5790 humanas
3347 5728 3590 5788 divinas-
