4170 6264
586 206 725 271 1091

1654 194 1724 258 IN
1757 190 2220 257 ῚῈΚἸὍῙᾸΆΑΝΙ
2254 192 2787 255 APOLOCEI‘IWM

3748 188 3910 254 ιωί

592 340 697 399 que
722 324 866 394 leges
892 320 1204 376 innumeros
1231 314 1553 372 christianos
1584 328 1690 370 non
1719 315 1892 369 solum
1932 328 2032 369 suo
2073 328 2172 367 nu-
2211 312 2266 373 Α
2290 312 2336 367 si
2360 311 2476 366 ﬁeri
2493 317 2725 382 poterat,
2760 311 2979 367 omnino
3000 308 3260 382 puderet,
3302 308 3464 366 Variis
3493 309 3670 366 adhuc
3716 313 3903 367 ratio-

595 430 747 472 mero
765 413 1071 483 reipublica:
1099 411 1275 472 utiles,
1308 400 1404 464 sed
1431 411 1575 464 cives
1600 408 1760 463 etiam
1787 407 2039 478 optimos,
2071 420 2187 461 mo-

596 523 715 563 rum
746 506 970 573 vita-que
997 502 1303 572 integritate
1350 499 1708 562 venerandos,
1741 500 1938 553 nullius
1982 497 2187 564 boates,

600 598 795 655 nullius
822 595 1059 651 criminis
1083 609 1227 659 reos,
1253 608 1431 661 suum,
1474 593 1613 648 sicut
1668 592 1915 664 superius
1955 590 2193 647 ostendi-

599 690 956 763 mus(Supr.,
1015 705 1130 759 cap.
1182 687 1273 754 14,
1321 697 1422 741 nrt.
1466 688 1544 758 '5),
1577 687 1836 742 duntaxat
1880 687 1950 742 ob
1996 701 2192 742 nomen

600 800 814 849 vexare,
837 798 899 837 ac
919 774 1250 854 quibuslibet
1278 780 1715 851 exquisitissimis
1744 779 2072 835 cruciatibus
2095 784 2194 834 ex-

601 875 913 935 carniﬁcare
940 884 996 930 et
1026 872 1321 930 occidere?
1350 872 1560 928 Ethnici
1584 886 1723 943 ergo
1748 872 1832 927 vel
1848 872 1995 926 hanc
2020 870 2197 926 solam

602 978 821 1041 propter
847 968 1106 1023 rationem
1136 982 1382 1036 magnum
1409 965 1594 1035 utique
1618 964 1717 1018 toti
1764 962 2076 1034 reipublicae
2120 961 2200 1015 in-

602 1062 846 1118 ferebant
870 1060 1092 1115 ntalum.
1119 1058 1317 1113 Contra
1348 1073 1476 1113 vero
1498 1057 1790 1112 Christiani
1831 1057 2033 1110 nullum
2066 1069 2197 1125 pro-

604 1156 745 1213 fecto
775 1153 1166 1225 importabant;
1204 1160 1302 1206 aut
1325 1152 1371 1205 si
1400 1149 1529 1221 quid
1557 1149 1625 1203 ab
1644 1150 1724 1205 eis
1744 1163 1978 1219 unquam
1992 1148 2199 1204 tactum

605 1247 873 1317 designari
903 1244 1155 1314 potuerit,
1189 1242 1317 1297 illud
1350 1252 1499 1297 certe
1542 1256 1734 1312 magno
1760 1256 1881 1296 cum
1904 1241 2109 1296 fanore
2132 1238 2202 1296 ab

604 1340 737 1410 ipsis
760 1336 998 1401 aliunde,
1025 1345 1081 1391 et
1100 1334 1248 1390 vario
1274 1333 1435 1389 modo
1458 1332 1876 1389 resarciebatur.

677 1433 853 1500 Atque
902 1428 1160 1483 hactenus
1189 1425 1406 1497 quidem
1438 1424 1785 1497 exposuimus
1816 1431 1871 1479 et
1900 1422 2205 1479 enuclcavi-

2290 418 2418 458 num
2457 403 2743 458 momentis
2797 402 3298 457 manifestissimum
3341 402 3568 457 cuilibet
3623 401 3751 457 facit
3780 414 3902 459 tam

2292 502 2510 565 apertas
2560 494 2707 550 falsa:
2746 495 2885 551 illius
2930 495 3202 567 religionis
3242 504 3395 550 notas
3434 494 3804 566 deprehendi,
3844 505 3906 553 ut

2293 590 2382 658 qui
2408 603 2501 645 eas
2554 603 2661 645 non
2706 589 3026 661 perspiciat,
3048 603 3114 645 se
3142 589 3328 661 ipsum
3352 590 3572 661 penitus
3613 604 3907 650 cremare
3926 634 3949 646 ι

2294 679 2448 736 velit.

2364 772 2552 829 Primo
2588 774 2769 846 itaque
2810 772 3103 846 ipsumet
3156 772 3440 847 gentilium
3503 776 3913 834 conscientiam

2300 875 2491 923 testem
2517 870 2780 939 appellat,
2815 885 2917 940 qua
2946 870 3246 938 constricti,
3270 870 3451 938 lateri,
3470 878 3535 926 'ut
3568 887 3730 942 supra
3758 872 3915 927 vidi-

2302 975 2446 1029 mus,
2473 963 2807 1032 cogebantur
2824 964 3047 1020 unicum
3070 976 3191 1020 esse
3216 964 3411 1034 Deum,
3442 979 3645 1035 eosque
3684 981 3912 1035 ornnes,

2302 1069 2436 1125 quos
2459 1054 2719 1110 vocabant
2750 1055 3107 1126 colebantque
3133 1054 3286 1124 deos,
3314 1068 3517 1113 revera
3545 1057 3707 1114 fuisse
3728 1060 3920 1115 homi-

2302 1162 2420 1204 nes.
2453 1146 2511 1204 Si
2541 1149 2661 1219 quis
2690 1162 2832 1205 vero
2868 1150 3163 1205 sceleratus
3202 1151 3515 1207 certissimo
3552 1153 3916 1209 conscientiae

2302 1239 2750 1297 suae'testimonio
2769 1257 3073 1313 repugnare
3101 1256 3267 1299 ausus
3293 1242 3506 1310 fuisset,
3534 1245 3578 1299 is
3600 1246 3756 1316 plane
3798 1260 3918 1302 re-

2305 1331 2617 1388 vincebatur
2638 1333 2840 1405 elingui
2856 1333 3097 1405 quidem,
3121 1335 3222 1391 sed
3244 1335 3914 1406 eloquentissimum:-

2306 1435 2419 1482 tum
2443 1427 2683 1482 ominum
2708 1429 2967 1494 clamore,
2990 1427 3044 1482 in
3065 1429 3261 1500 quibus
3299 1429 3355 1484 hi
3402 1429 3500 1497 dii,
3548 1430 3711 1486 cuti
3760 1431 3919 1488 haud

609 1536 728 1579 mus
757 1521 935 1576 omnia
961 1535 1022 1575 ac
1042 1518 1248 1589 singula
1264 1522 1600 1589 argumenta,
1629 1516 1824 1587 quibus
1840 1515 2205 1571 Tertullianus
2308 1518 2477 1575 semel
2503 1518 2909 1575 observavimus
2933 1518 3119 1593 (Sum,
3144 1537 3264 1593 cap.
3289 1522 3341 1587 7,
3370 1532 3473 1577 art.
3505 1523 3586 1592 1),
3612 1523 3751 1588 nati,
3788 1538 3919 1580 ver-

607 1614 913 1669 christiana:
948 1611 1222 1681 religionis
1261 1610 1569 1674 veritatem,
1600 1608 1962 1675 sanctitatem,
1992 1608 2206 1663 sincera
2308 1611 2432 1677 sati,
2470 1612 2674 1666 mortui
2703 1620 2758 1666 et
2802 1612 3000 1682 sepulti
3042 1622 3190 1668 sunt.
3235 1613 3501 1681 Quoniam
3530 1628 3665 1671 vero
3688 1615 3911 1673 inﬁnita

610 1708 727 1778 ejus
745 1706 1094 1769 documenta,
1119 1713 1172 1758 et
1195 1702 1582 1772 iniquissimam
1604 1700 2032 1761 Christianorum
2046 1710 2208 1756 vesa-
2230 1706 2283 1771 Β
2310 1712 2426 1759 erat
2462 1703 2672 1759 illorum
2712 1704 3030 1770 multitudo,
3072 1720 3137 1761 ac
3179 1706 3419 1776 singulos
3464 1722 3764 1767 recensere
3819 1708 3910 1764 vel

610 1804 810 1857 tionem
833 1800 1190 1854 demonstrat.
1218 1796 1336 1852 Jam
1360 1796 1539 1867 itaque
1578 1794 2208 1865 examinandumsupor-

611 1904 714 1961 est,
742 1891 1013 1964 quomodo
1041 1890 1350 1961 probaverit
1391 1888 1580 1945 falsam
1607 1904 1730 1946 esse
1768 1889 2047 1962 gentilium
2079 1889 2211 1946 reli-

606 1987 847 2057 gionem.

1181 2079 1408 2137 CAPUT
1463 2077 1633 2134 XXV.

614 2198 812 2269 Quibus
839 2199 1148 2272 argumentis
1177 2194 1522 2253 Tertullianus
1553 2194 1859 2265 demonstret
1888 2175 2074 2263 [utram
2101 2207 2207 2249 esse

671 2292 934 2366 gentilium
952 2292 1267 2363 religionem,
1298 2304 1359 2344 ac
1379 2288 1537 2361 falsos
1563 2302 1735 2341 omnes
1760 2285 1968 2342 illorum
1998 2285 2139 2340 deos.

1145 2416 1437 2459 ARTICULUS
1471 2414 1682 2456 PRIMUS.

623 2521 791 2592 Quam
817 2528 989 2592 aperte
1020 2517 1221 2591 falsitas
1268 2517 1525 2589 religionis
1558 2516 1872 2570 ethnicorum
1898 2514 2047 2569 demo
2059 2522 2216 2569 mtre-

615 2661 633 2689 ε
690 2629 772 2672 tur
791 2632 854 2671 ea:
896 2614 1184 2669 christiana:
1213 2611 1436 2677 veritate,
1464 2598 1635 2681 ejectis
1667 2624 1730 2663 ea:
1759 2608 2077 2662 obsessorum
2100 2622 2215 2661 cor-

692 2727 814 2784 pore
835 2706 1169 2775 dwmonibus,
1191 2716 1328 2762 certa
1364 2705 1628 2763 hominum
1659 2702 2007 2767 conscientia;
2031 2699 2218 2770 potiori

694 2813 744 2859 et
791 2802 1012 2867 natiori,
1062 2800 1151 2854 sed
1189 2799 1340 2869 plane
1366 2796 1502 2868 falsa
1529 2797 1791 2852 divinitate
1840 2794 2075 2859 Saturni,
2128 2793 2216 2863 qui

691 2896 841 2950 homo
868 2894 988 2964 fuit,
1020 2901 1068 2947 et
1094 2909 1125 2946 a
1153 2889 1292 2945 Jano
1309 2891 1362 2944 in
1389 2889 1549 2944 Italia
1572 2898 1831 2960 meptus,
1854 2902 2005 2940 suum
2031 2900 2218 2940 nomen

691 2990 831 3044 dedit
858 2987 1066 3053 civitati,
1108 3002 1259 3054 quam
1294 2985 1645 3055 depalaverat,
1686 2983 1872 3052 totique
1891 2979 2081 3047 Italica,
2105 2993 2218 3051 qua:

2312 1796 2473 1852 etiam
2504 1796 2810 1857 nominibus
2835 1797 2947 1853 suis
2976 1798 3248 1868 appellare
3274 1799 3484 1871 longius
3510 1799 3678 1867 foret,
3728 1801 3915 1873 ipsum

2313 1890 2678 1946 Tertullianus
2704 1889 2843 1962 petit
2864 1890 3076 1948 illorum
3097 1901 3279 1963 caput,
3308 1901 3366 1948 et
3388 1894 3562 1965 magis
3589 1902 3779 1950 notam
3800 1906 3914 1952 m-

2313 1983 2472 2038 nibus
2507 1983 2766 2053 originem
2806 1982 2995 2057 (lbid.,
3022 2001 3139 2055 cap.
3173 1986 3262 2053 11,
3289 2001 3413 2058 pag.
3444 1986 3517 2042 12
3541 1996 3742 2059 θυαμ,
3787 2004 3913 2061 cap.

2312 2073 2401 2142 29,
2433 2091 2553 2147 pag.
2578 2076 2715 2143 458‘;
2745 2086 2792 2130 et
2819 2076 2907 2131 lib.
2937 2077 2979 2131 ll
2998 2077 3067 2131 ad
3087 2076 3325 2147 Nation.,
3344 2096 3463 2150 cap.
3493 2082 3566 2150 l).

2384 2166 2642 2223 Ethnicos
2668 2169 2847 2239 itaque
2872 2169 2951 2226 sic
2977 2179 3154 2242 urget,
3189 2181 3244 2227 et
3284 2172 3575 2242 alloquitur
3602 2190 3617 2227 :
3649 2174 3786 2230 Ante
3809 2174 3922 2231 Sa-

2316 2268 2524 2313 turnum
2549 2258 2689 2315 Deus
2709 2274 2866 2331 penes
2891 2278 2980 2317 eos
2995 2276 3142 2317 nemo
3161 2271 3234 2318 est
3270 2278 3289 2316 :
3317 2263 3380 2316 ab
3404 2263 3500 2318 illo
3520 2280 3705 2321 census
3733 2267 3913 2335 totius,

2315 2353 2391 2406 vel
2412 2352 2642 2422 potiaris,
2671 2353 2750 2406 vel
2774 2354 2986 2408 notioris
3027 2353 3306 2410 divinitatis
3344 2353 3679 2428 (Tertullian.
3720 2357 3923 2427 Apolo-

2315 2452 2442 2514 get.,
2485 2460 2600 2516 cap.
2628 2445 2716 2511 11,
2750 2462 2868 2517 pag.
2895 2445 3023 2513 559;
3057 2455 3102 2502 et
3141 2446 3231 2503 lib.
3264 2444 3383 2501 [ad
3403 2445 3635 2516 Nation.,
3667 2465 3793 2518 cap.
3822 2448 3920 2516 19.,

2318 2552 2437 2607 pag.
2463 2534 2614 2607 578).
2642 2537 2969 2593 Dixitautem
2996 2538 3207 2612 potioris
3235 2537 3314 2593 uel
3336 2538 3534 2594 notioris
3563 2537 3779 2612 (Ibid),
3808 2547 3922 2596 aut

2318 2637 2378 2682 ut
2398 2626 2453 2682 in
2476 2643 2636 2683 manu
2657 2629 2889 2686 exaratis
2917 2630 3115 2686 nostris
3136 2630 3539 2701 exemplaribus,
3567 2642 3616 2686 et
3644 2648 3682 2687 ιι
3699 2631 3921 2702 otiaris,

2320 2736 2423 2779 nec
2453 2738 2670 2793 prorsus
2690 2723 2908 2793 quidem
2935 2724 3096 2780 male.
3123 2724 3399 2797 Signiﬁcat
3434 2725 3631 2782 etenim
3688 2741 3754 2782 se
3788 2727 3923 2783 deo-

2320 2829 2439 2869 rum
2464 2813 2759 2885 primordia
2783 2830 2889 2870 non
2917 2831 2948 2871 a
2973 2817 3142 2886 prima
3163 2816 3483 2873 idololatria:
3502 2816 3734 2889 origine,
3757 2834 3921 2889 quam

2321 2907 2449 2963 alibi
2477 2908 2763 2965 obscuram
2795 2925 2941 2978 esse,
2965 2927 3065 2968 nec
3087 2927 3119 2967 a
3139 2913 3345 2968 cunctis
3370 2913 3623 2971 eamdem
3649 2915 3920 2985 assignari

2322 2999 2551 3057 vidimus
2571 3000 2786 3075 (TomJ
2808 3003 3085 3076 Apparet),
3109 3021 3229 3077 pag.
3252 3005 3355 3061 7l7
3371 3013 3419 3061 et
3439 3023 3609 3077 seqq;
3631 3016 3676 3061 et
3700 3007 3915 3063 dissert.

695 3082 835 3151 prius
868 3078 1127 3134 (Enotria
1169 3078 1479 3142 vocabatur;
1524 3077 1645 3130 item
1705 3074 1895 3141 Thalli,
1925 3073 2109 3138 Cassii,
2160 3082 2209 3127 et

2321 3108 2517 3161 super.,
2544 3073 2658 3164 cap.
2683 3094 2753 3149 50
2777 3105 2822 3150 et
2845 3073 3009 3167 seqq.)
3034 3114 3048 3162 ;
3078 3073 3260 3153 sed'ab
3288 3099 3401 3168 ipsa
3421 3073 3904 3157 divinitateSatur-

692 3172 912 3244 Nepotis
957 3171 1268 3235 testimonio,
1314 3184 1385 3223 (ac
1413 3168 1629 3238 proinde
1667 3167 1863 3238 falsam
1890 3180 1999 3220 esse
2050 3166 2218 3236 ipsam

692 3282 886 3337 quoque
907 3264 1052 3319 Jovis
1074 3263 1415 3333 aliorumque,
1444 3260 1757 3315 venditatam
1794 3256 1856 3311 ab
1880 3256 2111 3325 ethnicis,
2136 3256 2219 3310 di-

692 3360 972 3416 trinitatem.

693 3471 899 3543 Quibus
928 3473 1192 3529 rationum
1219 3470 1505 3526 momentis
1535 3465 1904 3523 “invictissime
1954 3472 2218 3521 assertum

628 3544 1060 3636 vindicatumque
1086 3581 1116 3619 a
1144 3563 1476 3619 Tertulliano
1502 3560 1735 3616 vidimus
1755 3556 2063 3615 christiana:
2086 3557 2221 3614 reli-

623 3660 799 3732 gionis
827 3659 1106 3715 veritatem
1134 3699 1149 3725 ,
1184 3656 1375 3711 iisdem
1406 3653 1642 3709 funditus
1667 3660 1979 3710 evertuntur
2025 3664 2219 3707 omnes

622 3751 902 3821 gentilium
957 3749 1053 3813 dii,
1096 3758 1150 3803 et
1199 3742 1586 3818 superstitiosa:
1626 3746 1937 3816 religiones.
1993 3744 2125 3799 Nam
2172 3744 2221 3799 si

623 3858 751 3898 vera
779 3850 861 3898 est
888 3840 1087 3898 Christi
1128 3839 1406 3905 divinitas,
1454 3838 1612 3895 sicuti
1641 3837 2005 3894 Tertullianus
2033 3845 2221 3891 noster
2255 3872 2277 3897 ,η

626 3936 760 3992 scite
790 3935 1061 4002 observat,
1110 3934 1355 4005 sequitur
1380 3940 1434 3987 ut
1476 3932 1610 4002 falsa
1655 3932 1978 3985 renuntietur
2029 3931 2220 3998 qumvis

629 4029 733 4085 alia
753 4031 1012 4084 contraria
1037 4037 1236 4100 reperta
1254 4024 1620 4099 (Tertulliani,
1652 4025 1945 4097 Apologet.,
1972 4040 2092 4095 cap.
2122 4023 2216 4091 21,

626 4136 746 4192 pag.
779 4120 929 4191 404).
955 4121 1219 4176 Prteterea
1263 4118 1693 4174 manifestissime
1721 4132 1845 4172 cum
1874 4116 1966 4171 illo
1985 4115 2224 4172 ostendi-

627 4224 749 4266 mus
775 4210 990 4280 (Supr.,
1021 4227 1139 4279 cap.
1167 4210 1222 4278 7,
1249 4219 1350 4265 art.
1380 4211 1441 4278 1)
1477 4224 1641 4265 unum
1672 4207 2057 4263 'tantummodo
2102 4220 2229 4271 esse

628 4317 790 4375 posse
819 4303 1006 4368 Deum,
1040 4318 1102 4358 ac
1128 4303 1352 4373 proinde
1378 4302 1536 4359 falsos
1562 4302 1696 4359 alios
1716 4315 1931 4370 omnes,
1955 4308 2222 4373 quotquot

628 4394 699 4449 ab
725 4394 957 4450 ethnicis
988 4392 1111 4465 tingi
1137 4398 1437 4464 potuerunt.

2323 3183 2399 3251 ni,
2422 3183 2511 3254 qui
2538 3184 2787 3241 omnibus
2830 3185 2948 3242 aliis
2975 3185 3076 3243 diis
3103 3187 3279 3259 potior
3299 3196 3355 3243 et
3374 3188 3556 3245 notior
3592 3189 3918 3250 habebatur.

2322 3274 2459 3347 Quid
2483 3293 2611 3334 vero
2633 3278 2859 3346 mirum,
2888 3279 2935 3335 si
2962 3278 3030 3335 ab
3061 3280 3154 3335 illo
3176 3279 3435 3348 ordiatur,
3462 3295 3588 3337 cum
3613 3281 3811 3348 Varro,
3831 3283 3919 3354 qui

2327 3379 2403 3426 tot
2433 3368 2600 3425 libros
2625 3368 2694 3425 de
2716 3368 2819 3426 diis
2840 3370 2954 3426 suis
2985 3379 3385 3442 composuerat,
3417 3374 3660 3429 omnium
3692 3375 3919 3431 deorum

2324 3465 2707 3534 antiquissimos
2731 3462 2958 3519 vendita
2988 3463 3191 3533 Jovem,
3216 3464 3500 3534 lunonem,
3551 3477 3601 3521 et
3635 3464 3923 3523 lissam

2324 3552 2678 3627 (Tertullian.,
2712 3555 2799 3611 lib.
2833 3556 2873 3610 ll
2901 3557 2970 3611 ad
2999 3556 3245 3626 Nation.,
3277 3576 3398 3628 cap.
3427 3557 3543 3631 12).
3599 3562 3672 3615 At
3711 3560 3921 3632 Jupiter

2322 3648 2534 3718 genitus
2566 3646 2840 3725 ferebatur
2856 3663 2887 3703 a
2911 3649 3165 3714 Saturno,
3181 3650 3271 3718 qui
3295 3649 3520 3719 proinde
3540 3651 3636 3707 illo
3655 3653 3923 3723 antiquior

2324 3747 2459 3797 erat.
2492 3739 2573 3795 Ab
2596 3739 2755 3810 hujus
2783 3750 2963 3796 autem
2982 3740 3297 3811 parentibus
3325 3740 3495 3807 Ctelo,
3521 3743 3639 3799 sive
3681 3742 3919 3813 Chrene,

2324 3844 2380 3892 et
2403 3834 2590 3902 Terra,
2622 3834 2983 3906 incipiendum
3004 3850 3125 3892 esse
3150 3851 3258 3891 non
3274 3838 3506 3905 censuit,
3535 3845 3649 3892 tum
3676 3838 3807 3908 quia
3826 3837 3923 3894 Sa-

2328 3936 2538 3995 turnus,
2564 3929 2753 3984 unicus
2774 3944 2959 3985 eorum
2993 3930 3156 3998 ﬁlius,
3198 3930 3280 3984 his
3320 3944 3386 3986 ac
3410 3929 3632 3986 ueteris
3673 3930 3925 3991 omni!!!

2325 4018 2428 4075 diis
2456 4024 2634 4075 notior
2659 4030 2796 4088 crat,
2827 4032 2882 4078 et
2907 4024 3086 4093 potior
3110 4022 3450 4091 credebatur,
3504 4036 3616 4079 tum
3643 4024 3770 4095 quia
3801 4025 3916 4079 hac

2326 4112 2545 4169 ridicula
2566 4123 2840 4183 poetarum
2863 4115 2931 4171 de
2957 4116 3098 4171 illius
3122 4132 3188 4172 ex
3209 4117 3360 4173 Caelo
3379 4126 3433 4172 et
3452 4115 3621 4172 Terra
3640 4127 3763 4172 orut
3784 4130 3925 4172 com-

2327 4214 2505 4262 menta
2531 4217 2586 4262 et
2609 4206 2799 4263 fabulae
2822 4218 2965 4264 sunt.
2985 4207 3151 4266 Natus
3176 4209 3438 4281 siquidem
3461 4224 3528 4265 ex
3558 4208 3666 4265 illis
3688 4198 3923 4279 tingeba-

2329 4310 2431 4369 tur,
2480 4301 2730 4373 quoniam
2757 4313 3010 4374 parentes
3058 4305 3175 4375 ejus
3211 4306 3373 4376 ignoti
3426 4306 3668 4362 fuerunt.
3701 4305 3834 4360 Nam
3858 4319 3923 4359 ea;

2328 4395 2688 4451 consuetudine
2713 4396 2957 4465 humana,
3004 4397 3080 4453 ait
3103 4396 3467 4453 Tertullianus
3488 4440 3502 4463 ,
3533 4398 3714 4470 ignoti,
3737 4398 3821 4454 cel
3861 4413 3923 4452 es:

700 4484 813 4541 Nec
864 4486 1040 4541 minus
1078 4486 1367 4557 :pchpicue
1397 4502 1428 4541 a
1462 4487 1633 4543 nobis
1661 4487 2091 4543 demonstratum
2134 4495 2220 4544 est
2246 4488 2305 4558 ἶ)
2330 4487 2593 4558 inopinato
2630 4498 2948 4560 apparentes,
2998 4490 3062 4543 de
3103 4489 3228 4545 caelo
3280 4489 3640 4560 supervenisse
3684 4488 3924 4543 dicuntur

631 4580 842 4652 (Snpr.,
865 4596 981 4652 cup.
1002 4581 1065 4647 '8,
1100 4580 1276 4654 arui)
1307 4581 1580 4637 daemones
1606 4596 1637 4636 a
1675 4581 1983 4637 christianis
2018 4582 2224 4652 ejectos

626 4672 797 4729 fuisse
835 4673 902 4728 ab
924 4687 1135 4741 eorum,
1165 4688 1283 4745 quae
1331 4674 1671 4742 obsidebant,
1701 4675 2038 4745 corporibus,
2070 4674 2222 4729 illos--

631 4772 868 4834 quotum
890 4773 1104 4819 coactos
1131 4766 1305 4836 palam
1338 4765 1490 4820 fateri
1523 4781 1582 4821 se
1605 4780 1709 4820 non
1767 4766 1899 4820 deos
1947 4766 2107 4821 sicuti
2136 4775 2227 4835 pu-

640 4857 824 4912 tubam
848 4856 1070 4923 ethnici,
1094 4856 1193 4912 sed
1235 4857 1542 4913 immundos
1575 4873 1695 4913 esse
1718 4858 1936 4929 Spiritus
1963 4874 1978 4925 ;
2009 4859 2225 4914 unicum

640 4966 795 5018 vero,
819 4964 978 5023 quem
1000 4950 1291 5007 Christiani
1334 4950 1868 5023 prtedicahant,'csse
1915 4951 2111 5019 Deum,
2160 4962 2226 5007 ac

635 5045 912 5101 Christum
941 5045 1098 5115 hujus
1119 5060 1238 5101 esse
1262 5043 2231 5116 Virtutem,S.-tpientiam,Rationem,

639 5149 693 5197 et
728 5140 942 5207 Filium,
971 5141 1122 5210 cujus
1150 5141 1364 5197 nomine
1388 5157 1452 5197 ac
1472 5143 1674 5197 virtute
1705 5141 2041 5211 fugnbantur.
2076 5139 2232 5196 Nihil

638 5248 768 5302 ergo
813 5244 1034 5313 necesse
1080 5241 1197 5289 erat
1221 5234 1325 5289 alia
1353 5236 1504 5305 plura
1536 5250 1565 5289 a
1618 5234 1951 5289 Tertulliano
2007 5233 2229 5308 (Tertul.

639 5325 931 5396 Apologet.,
964 5340 1078 5396 cap.
1098 5316 1194 5401 23)
1223 5327 1439 5398 congeri
1482 5336 1818 5397 argumenta,
1868 5326 2062 5397 quibus
2106 5338 2228 5380 am-

640 5416 783 5489 plius
802 5416 1172 5488 comprobaret
1194 5419 1350 5490 plane
1387 5420 1785 5475 commentitios
1817 5419 2073 5490 ﬁctosque
2097 5432 2231 5475 esse

642 5509 976 5565 cthnicormn
1003 5510 1154 5579 deos,
1181 5526 1243 5565 ac
1268 5510 1491 5582 proinde
1516 5509 1702 5566 falsum
1734 5511 1945 5567 illorum
1994 5511 2217 5582 religio-

643 5618 791 5661 nem.
816 5603 1014 5661 Verum
1047 5604 1616 5663 nt‘cosdem-ethnicos
1643 5607 1789 5676 impii
1817 5607 2041 5663 deorum
2085 5622 2215 5664 suo-

644 5702 781 5750 rum
794 5695 989 5764 cultus,
1010 5706 1081 5752 ac
1093 5708 1359 5768 perversae
1371 5698 1890 5769 'rcllgiouis'taudem
1905 5698 2228 5772 aliquando;

2331 4576 2660 4653 (Tertullian.
2693 4581 2980 4654 Apologet.,
3012 4598 3127 4653 cap.
3156 4580 3250 4650 ⁸10,
3282 4598 3401 4654 pag.
3438 4580 3537 4638 '53!
3567 4599 3583 4649 ;
3635 4590 3683 4636 et
3733 4582 3831 4638 lib.
3880 4577 3925 4637 ῐΙ

2330 4671 2399 4726 ad
2454 4670 2667 4727 Nation.
2694 4715 2708 4740 ,
2756 4690 2873 4746 cap.
2904 4671 3021 4747 12),
3071 4676 3209 4732 sicut
3252 4684 3306 4731 et
3355 4677 3545 4748 vulgus
3589 4674 3729 4732 illius
3768 4684 3926 4733 terra

2331 4770 2505 4833 vocut,
2538 4774 2764 4837 quorum
2787 4768 3051 4823 incertum
3078 4774 3195 4823 erat
3218 4772 3414 4839 genus.
3441 4766 3551 4825 Sed
3580 4766 3699 4823 [nec
3749 4767 3926 4823 omnia

2334 4858 2390 4914 in
2436 4858 2808 4928 superioribus
2856 4860 3059 4915 nostris
3098 4858 3565 4916 dissertationibus
3618 4856 3928 4931 explanavi-

2336 4958 2453 5007 mns
2490 4951 2785 5025 (Dissertat.
2826 4952 2879 5006 in
2920 4949 3137 5021 Μίνωι,
3173 4951 3353 5009 0ct‘av.
3384 4954 3502 5021 cap.
3528 4952 3618 5020 15,
3654 4958 3759 5006 art.
3784 4952 3817 5009 ’1
3842 4967 3859 5016 ;
3882 4954 3927 5005 et

2337 5043 2537 5100 dissert.
2573 5045 2627 5099 in
2655 5044 2915 5115 Lactant.,
2950 5060 3066 5117 cap.
3099 5044 3189 5122 30,
3231 5055 3334 5102 art.
3362 5046 3416 5112 1,
3469 5055 3515 5101 et
3548 5056 3666 5118 cap.
3696 5040 3798 5115 3!,
3828 5050 3927 5101 art.

2336 5132 2430 5207 2).

2412 5226 2676 5285 Praeterea
2698 5228 2911 5287 cuilibet
2945 5230 3499 5305 perspicunm‘ibidem
3531 5229 3931 5307 fecimusun

2340 5332 2485 5378 reete
2515 5320 2602 5377 ille
2625 5325 2913 5379 asseruer'it
2937 5323 3223 5380 hominem
3277 5323 3443 5380 fuisse
3490 5308 3811 5389 Saturnum,
3836 5317 3929 5394 qui

2338 5424 2463 5487 poet
2488 5416 2684 5473 multas
2708 5416 3075 5488 expeditiones
3114 5417 3166 5473 in
3180 5414 3399 5474 ‘Italiam
3422 5406 3647 5488 appulit,
3682 5430 3752 5473 ac
3778 5420 3931 5488 post»-

2341 5513 2601 5586 quamibi
2630 5529 2660 5568 a
2715 5511 2851 5568 Juno
2893 5520 3173 5583 susceptus
3215 5510 3431 5576 luisset,
3483 5525 3652 5576 ntons,
3712 5506 3907 5581 inquit,

2342 5622 2502 5679 quem
2529 5605 2768 5673 incoluit,
2800 5604 3072 5661 Saturnius
3100 5604 3299 5671 dictus;
3327 5602 3521 5669 Ciuitas,
3545 5616 3702 5675 quam
3743 5601 3909 5671 ἅμα·

2343 5700 2553 5771 laverat,
2598 5697 2845 5759 Saturnia
2869 5706 3024 5771 usque
3065 5706 3199 5758 nunc
3241 5702 3337 5757 e’st.
3365 5695 3425 5757 in
3466 5694 3714 5769 antiqua,
3750 5694 3811 5757 ιι
3838 5682 3927 5751 ill
