4212 6262
330 319 476 377 1095

1479 304 1926 372 DISSER’I‘ATIO
1969 307 2033 369 D.
2072 310 2160 369 LE
2195 307 2500 372 NOURRY.

3495 312 3638 372 1094

331 444 446 496 tera
501 429 784 488 recentiori
827 427 1061 485 editione
1113 425 1338 500 legimus
1423 429 1780 493 debellaverat;
1835 427 1930 483 sed
1957 427 2010 488 Α
2036 427 2140 482 sius
2167 428 2403 483 Severus.
2429 429 2541 483 Duo
2566 435 2746 486 autem
2776 442 2844 486 eo
2868 427 3084 487 nomine
3113 427 3344 501 ittsiguiti
3372 428 3625 486 fuerunt:

331 527 754 582 Terntllianeum
786 523 1008 579 verbum
1058 531 1141 577 est
1189 523 1520 592 depalaverat
1558 521 1930 594 (Tertullian.,

333 619 433 676 loc.
463 617 635 688 cit.);
683 615 782 672 Ubi
832 615 974 670 enim
1024 616 1090 670 de
1126 615 1309 669 mundi
1360 615 1640 670 creatione
1669 614 1929 668 adversus

331 712 722 780 Hermogenem
777 708 1013 778 disputat
1061 725 1075 762 :
1128 707 1348 771 Omnia,
1387 707 1578 777 inquit,
1622 722 1779 775 opera
1833 722 1929 760 sua

332 803 472 856 Dens
529 801 708 854 ordine
736 800 1140 865 consummavit,
1193 799 1399 852 incultis
1452 799 1616 868 primo
1671 797 1929 851 elementis

331 897 580 966 depalans
637 893 1010 966 quodammodo
1079 892 1327 946 mundum
1377 891 1611 966 (Idem,
1667 891 1756 945 lib.
1806 891 1924 944 adv.

333 986 604 1057 Hermog.,
663 1003 778 1055 cap.
833 985 972 1056 29).
1018 985 1226 1040 Rursus
1275 999 1405 1038 vero
1457 993 1642 1038 contra
1698 982 1928 1037 Marcio-

328 1094 498 1134 nem:
544 1078 697 1143 Quod
743 1078 1077 1132 architectum
1123 1093 1176 1131 se
1224 1075 1518 1146 prudentem
1551 1075 1787 1145 afﬁrmat,
1832 1074 1926 1128 hoc

327 1171 610 1224 invenimus
638 1169 922 1240 signiﬁcari
969 1168 1313 1239 depalatorem
1359 1167 1643 1232 disciplina'
1688 1165 1926 1218 divintva

326 1273 554 1318 creatore
599 1262 809 1333 (Idem,
867 1263 954 1317 lib.
989 1261 1032 1316 V
1079 1263 1276 1316 advers.
1332 1261 1612 1326 Marciam,
1659 1276 1773 1329 cap.
1820 1257 1917 1329 6).

326 1357 513 1427 Itaque
563 1357 697 1411 dixit
743 1372 773 1410 a
814 1357 1046 1410 Saturno
1081 1355 1380 1424 depalatam
1427 1355 1716 1419 civitatem,
1751 1352 1804 1407 id
1837 1357 1922 1407 est

325 1451 617 1515 conditam,
671 1449 755 1503 vel
807 1449 995 1519 positis
1024 1448 1160 1518 palis
1209 1447 1508 1515 fundattm,
1552 1447 1666 1500 sive
1711 1455 1767 1499 ut
1803 1445 1922 1499 aliis

325 1545 522 1614 placet,
555 1544 694 1614 palis
724 1543 1061 1598 instructam.
1087 1542 1154 1598 Et
1184 1542 1237 1597 1ιί
1261 1542 1476 1613 quidem
1503 1539 1917 1612 explicationem

326 1652 478 1692 suam
504 1637 720 1692 ﬁrmare
744 1645 1007 1690 conantur
1027 1635 1112 1696 bis
1140 1635 1354 1690 Hermae
1381 1636 1587 1690 verbis:
1614 1633 1740 1688 Cum
1758 1634 1919 1703 depa-

327 1730 478 1783 lasset
500 1730 691 1784 vineam
722 1727 954 1801 (Herm,
977 1728 1063 1782 lib.
1087 1727 1176 1795 Ill,
1207 1729 1402 1782 similit.
1433 1725 1487 1792 5,
1515 1725 1622 1796 §2,
1645 1742 1763 1796 pag.
1789 1726 1851 1780 61

2037 521 2197 586 alter,
2223 521 2296 576 ttti
2323 522 2372 575 in
2397 522 2699 577 Eusebiano
2718 523 2985 579 Chronico
3012 524 3254 593 legimus,
3290 534 3460 588 orator
3478 540 3620 596 egre-

2035 613 2149 684 gius
2183 613 2397 683 (Cltron.
2435 613 2643 681 Ettseb.,
2677 616 2744 669 ad
2775 632 2900 669 ann.
2928 614 3118 685 2047),
3152 616 3239 683 qui
3281 617 3500 684 Augusti
3530 617 3628 671 im-

2036 705 2298 772 peratoris
2347 715 2588 774 tempore
2615 706 2668 760 itt
2699 707 2917 760 exilium
2974 708 3170 762 missus
3197 716 3314 772 est;
3342 708 3474 762 alter
3507 722 3634 764 vero

2034 807 2190 865 poeta
2224 798 2555 868 parmensis,
2583 799 2670 869 qui
2699 815 2768 854 ex
2801 800 2866 854 iis
2896 815 3029 854 unus
3055 800 3174 868 fuit,
3203 802 3293 870 qui
3322 816 3441 855 cum
3467 801 3631 856 Bruto

2032 887 2230 944 Julium
2263 892 2530 948 Caesarem
2568 895 2974 960 interfecerunt,
3008 897 3075 951 de
3119 913 3225 967 quo
3265 896 3414 967 plura
3455 895 3623 951 Lilius

2031 981 2282 1039 Giraldus
2317 986 2567 1055 (Cirald.,
2599 988 2742 1042 Dial.
2789 990 2879 1057 IV,
2912 991 2976 1045 de
3014 991 3160 1046 Poet.
3195 990 3358 1056 Hist.,
3389 1010 3441 1062 p.
3473 991 3628 1061 160),

2031 1072 2254 1128 Vossius
2280 1073 2481 1145 (Voss.,
2511 1077 2572 1132 de
2601 1077 2746 1133 Poet.
2781 1080 2952 1148 latim,
2986 1099 3031 1134 c.
3087 1081 3164 1151 2),
3207 1080 3448 1150 Scaliger
3475 1081 3630 1151 (Sca-

2031 1164 2146 1234 lig.,
2170 1163 2222 1218 in
2245 1165 2332 1219 cit.
2360 1167 2546 1222 Chron.
2580 1166 2819 1241 Euseb),
2855 1184 2908 1226 et
2935 1173 3020 1226 alii
3055 1171 3294 1244 (Fabius,
3336 1173 3424 1226 lib.
3460 1171 3506 1226 Χ
3529 1215 3543 1239 ,
3575 1181 3620 1227 ct

2031 1255 2215 1322 Senec,
2253 1260 2401 1327 epist.
2435 1260 2546 1330 79).
2583 1259 2825 1338 Uterque
2859 1280 3022 1333 porro
3071 1280 3100 1319 a
3130 1263 3404 1319 nonnullis
3435 1265 3629 1319 Corne-

2030 1345 2129 1400 lius
2161 1347 2378 1406 Severus
2415 1363 2653 1407 vocatur.
2688 1354 2792 1410 Sed
2835 1357 2886 1410 in
2918 1356 3232 1411 Tertulliani
3279 1367 3426 1414 textu
3474 1354 3627 1410 forsi-

2029 1441 2120 1495 tan
2149 1443 2386 1499 additum
2413 1457 2491 1501 est
2520 1463 2818 1518 Cognomcn
2849 1449 3088 1513 Severus,
3121 1466 3149 1505 a
3187 1451 3409 1505 Μηυιίο
3439 1449 3620 1505 Felice

2029 1543 2082 1588 et
2107 1529 2404 1606 Lactantio,
2430 1541 2567 1594 sicut
2595 1542 2718 1596 alibi
2753 1543 3003 1606 vidimus,
3036 1545 3318 1598 omissum.
3349 1545 3479 1597 Nam
3505 1560 3625 1615 quae

2028 1623 2120 1681 ille
2145 1627 2210 1682 de
2243 1628 2478 1686 Saturno
2506 1641 2706 1700 narrat,
2740 1635 2855 1690 haec
2885 1637 3060 1706 potius
3088 1654 3118 1692 a
3150 1637 3337 1691 Cassio
3375 1638 3627 1702 Ilemina,

2027 1720 2480 1785 quemadmodum
2518 1726 2679 1780 etiam
2725 1729 3122 1796 annotavimus,
3161 1745 3321 1800 quant
3367 1745 3396 1783 a
3438 1728 3625 1786 Cassio

397 1821 530 1875 Tum
563 1820 758 1876 deinde
795 1820 1156 1875 Tertullianus
1190 1820 1462 1874 :Consedit
1507 1818 1794 1886 Saturnus,
1825 1831 1918 1871 επ·
1952 1820 2002 1880 Β
2029 1807 2230 1865 Severo
2259 1815 2473 1884 scriptis
2502 1816 2694 1872 tradita
2735 1817 3002 1873 videntur.
3035 1819 3090 1874 In
3133 1820 3276 1874 illius
3301 1831 3516 1891 quoque
3557 1821 3626 1878 ad

323 1921 499 1980 ceptus
523 1913 584 1964 ab
604 1911 765 1978 Jano,
795 1914 872 1966 vel
914 1913 1048 1967 lane
1092 1911 1423 1986 (Tertullian.
1466 1913 1752 1984 Apologel.,
1789 1927 1907 1978 cap.

319 2002 412 2072 10)
441 2019 456 2057 :
486 2003 633 2058 MSS.
657 2004 845 2067 nostri,
869 2003 1022 2057 laute
1043 2013 1096 2057 ul
1122 2004 1258 2060 Salii
1286 2005 1478 2059 volunt.
1503 2003 1562 2058 In
1589 2004 1797 2059 duobus
1821 2016 1917 2056 att-

322 2103 428 2146 tem
461 2105 621 2147 manu
649 2094 938 2149 recentiori
961 2097 1196 2151 exaratis
1244 2097 1638 2166 exemplaribus
1689 2097 1910 2164 nostris,

317 2195 372 2240 et
395 2185 446 2240 in
476 2186 648 2254 primo
672 2185 738 2239 ad
767 2185 1022 2242 NatiOnes
1051 2187 1208 2255 libro,
1233 2187 1320 2242 ubi
1351 2188 1538 2244 eadem
1561 2196 1912 2257 repetuntur:

322 2276 436 2332 Etsi
457 2278 546 2331 alii
574 2287 756 2332 vocant
799 2277 934 2351 (Lib.
964 2279 985 2332 l
1019 2280 1088 2332 ad
1118 2279 1357 2345 Nation.,
1391 2296 1506 2350 cap.
1541 2279 1628 2347 I2,
1653 2297 1706 2352 p.
1741 2278 1908 2350 578):

320 2371 512 2426 melius
553 2369 800 2438 forsitan,
833 2373 964 2426 sicut
993 2373 1105 2427 alii.
1137 2374 1401 2441 Quorsum
1432 2375 1575 2429 enim
1615 2375 1688 2429 ibi
1731 2371 1907 2429 Salio-

317 2477 437 2516 rum
490 2463 725 2518 mentio?
756 2462 1026 2535 Numquid
1070 2465 1138 2519 ab
1168 2465 1272 2519 illis
1297 2476 1387 2520 aut
1410 2467 1567 2529 solis,
1601 2475 1692 2520 aut
1722 2466 1910 2536 primis

315 2553 580 2610 Saturnus
599 2555 772 2611 dictus
798 2566 880 2610 est
900 2571 930 2609 a
950 2555 1103 2621 Iane,
1129 2572 1234 2610 non
1259 2566 1438 2612 autem
1465 2556 1602 2612 Jano
1619 2557 1912 2628 exceptus?

315 2647 416 2704 Sed
445 2648 560 2704 haec
587 2649 814 2704 aliorum
833 2649 1038 2720 judicio
1056 2650 1436 2720 permittimus.
1773 2666 1778 2670 '

385 2739 674 2808 Postquam
703 2755 830 2795 vero
856 2740 1118 2796 Saturnus
1140 2740 1317 2795 datatn
1348 2741 1448 2796 sibi
1497 2755 1527 2795 ε
1553 2740 1690 2796 Jano
1718 2741 1908 2796 sedem

317 2831 517 2902 ﬁxisset
552 2851 565 2888 :
599 2831 730 2886 Tota
757 2831 937 2899 Italia,
970 2833 1045 2886 ait
1099 2835 1300 2886 Auctor
1351 2840 1555 2896 noster,
1589 2842 1698 2902 post
1727 2831 1908 2887 (Eno-

315 2927 465 2981 triam
487 2928 732 2982 Saturnia
753 2925 1206 2998 cognominabatur
1246 2924 1510 2994 (Tertull.,
1543 2925 1671 2995 ibid)
1701 2943 1715 2978 :
1743 2935 1799 2979 et
1841 2925 1897 2979 in

313 3019 452 3074 Itbro
472 3018 539 3074 ad
562 3017 817 3074 Nationes
845 3035 862 3074 :
888 3017 1015 3074 Tota
1039 3017 1200 3072 Italia
1245 3019 1308 3072 de
1345 3018 1576 3073 Saturno
1605 3018 1902 3072 vocabatur.

310 3112 474 3168 Italiae
499 3121 674 3168 autem
716 3112 945 3182 primum
972 3110 1248 3166 ()Enotriae
1279 3125 1476 3167 nomen
1506 3109 1673 3166 fuisse
1715 3111 1905 3181 aperte

309 3204 736 3276 docetYirgilius
764 3205 848 3260 bis
875 3204 1126 3260 versibus
1159 3221 1170 3257 :

435 3317 523 3382 Est
545 3318 694 3379 locus,
719 3318 1014 3382 Hesperiam
1040 3317 1168 3368 Graii
1194 3321 1483 3381 cognomine
1508 3317 1692 3382 dicunt,

435 3381 588 3444 Terra
608 3381 1014 3444 autiqtta,'potens
1033 3383 1179 3430 armis
1195 3391 1342 3444 atque
1363 3382 1518 3430 ubere
1535 3381 1716 3444 glebae,

431 3442 659 3493 OEnotrii
683 3442 885 3494 coluere
910 3445 1021 3501 viri,
1049 3457 1176 3492 nunc
1199 3442 1318 3492 fama
1345 3442 1563 3494 minores

428 3504 618 3556 Italiam
641 3507 826 3556 dixisse
845 3505 982 3556 ducis
998 3507 1060 3554 de
1084 3509 1279 3554 nomine
1302 3512 1524 3568 gentem.

714 3587 943 3653 (Virgil.,
966 3585 1048 3640 lib.
1075 3596 1092 3637 ι
1118 3586 1325 3652 £neid.,
1353 3601 1396 3639 υ.
1414 3588 1572 3640 5548τ
1591 3587 1750 3654 seqq.)

303 3693 415 3751 Nec
446 3693 496 3751 id
532 3699 698 3752 semel
729 3697 988 3754 cecinisse
1018 3707 1322 3762 contentus,
1358 3695 1544 3754 iisdem
1574 3699 1757 3754 verbis
1784 3697 1890 3754 alio

303 3788 358 3843 in
384 3787 520 3844 libro
542 3791 736 3860 repetit
752 3789 864 3861 (lib.
893 3789 980 3856 Ill,
1004 3807 1053 3844 υ.
1080 3789 1183 3844 165
1207 3799 1252 3842 et
1278 3790 1462 3862 seqq.).
1488 3789 1702 3845 Videsis
1723 3783 1901 3846 Servii

303 3883 356 3936 in
388 3882 502 3938 inec
523 3883 761 3938 carmina
789 3883 1182 3951 annotationes,
1214 3882 1536 3938 Antiochum
1570 3900 1600 3936 a
1627 3884 1892 3938 Strabone

303 3971 521 4031 citatum
546 3977 769 4048 (Strab.,
805 3976 892 4030 lib.
920 3973 986 4030 III
1021 3976 1228 4047 Ceogr.,
1264 3995 1316 4047 p.
1349 3975 1502 4047 254),
1533 3986 1588 4033 et
1612 3977 1764 4032 alios.
1795 3975 1903 4032 Ita-

304 4065 378 4121 lia
400 4067 578 4138 itaque
617 4085 646 4123 a
678 4068 912 4124 Saturno
942 4077 1244 4138 nuncupata
1280 4071 1428 4142 prius
1467 4067 1568 4124 fuit
1610 4069 1884 4138 Saturnia,

304 4165 362 4215 ut
389 4155 558 4231 liquet
587 4159 669 4216 bis
694 4159 866 4218 Ovidii
895 4160 1222 4216 carminibus
1254 4179 1266 4215 :

424 4271 529 4340 Ha_c
555 4288 651 4340 ego
668 4276 931 4325 Saturnum
955 4276 1156 4340 memini
1182 4274 1361 4340 tellure
1388 4281 1673 4340 receptum;

484 4337 734 4387 Corlitibus
759 4341 925 4400 regnis
941 4339 966 4385 2a
990 4337 1113 4387 Jove
1134 4337 1300 4400 pulsus
1318 4346 1440 4386 erat.

422 4397 547 4463 Inde
569 4402 650 4449 diu
675 4397 1012 4463 genti'mansit
1035 4397 1257 4449 Saturnia
1283 4412 1487 4463 nomen;

484 4460 629 4513 Dicta
653 4460 847 4527 quoque
875 4471 951 4511 cst
971 4462 1163 4511 Latium
1191 4470 1340 4520 terra,
1369 4461 1553 4510 latente
1578 4460 1705 4511 Deo.

817 4544 996 4608 (Ovid,
1025 4541 1106 4594 lib.
1142 4551 1176 4592 lt
1202 4539 1390 4593 Fastor.
1418 4539 1510 4606 §3,
1533 4557 1574 4592 v.
1601 4537 1736 4610 2'55.)

295 4646 656 4716 Quamobrem
681 4666 710 4705 a
735 4652 906 4721 poetis
933 4661 992 4706 ut
1019 4651 1246 4704 vidimus
1268 4649 1561 4720 (Dissertat.
1584 4651 1636 4704 in
1664 4649 1880 4718 Minut.,

295 4756 345 4795 c.
378 4740 467 4807 16,
500 4752 597 4796 art.
634 4743 708 4813 1),
742 4752 962 4798 vocatur
990 4742 1145 4798 tellus
1189 4749 1436 4814 terraque
1465 4741 1735 4810 Saturnia,
1771 4751 1827 4800 et
1851 4759 1884 4800 a

302 4823 538 4905 Virgilio,
564 4836 652 4890 ubi
692 4836 888 4890 cecinit
917 4854 928 4890 :

449 4942 612 5008 Salve,
638 4958 812 5011 magna
834 4946 1238 5011 parens/“rugam,
1265 4946 1498 4997 Saturnia
1519 4946 1661 4999 tellus
1679 4947 1704 4998 ?

889 5027 1116 5095 (Virgil.,
1144 5027 1226 5081 lib.
1247 5037 1281 5079 tt
1307 5032 1502 5096 θεον-9.,
1526 5045 1574 5082 v.
1597 5032 1726 5096 174.)

289 5139 481 5198 Nonne
518 5152 698 5199 autem
722 5160 783 5200 ea
810 5146 988 5202 omnia
1019 5147 1150 5204 satis
1193 5149 1468 5206 evidenter
1508 5149 1738 5219 probant
1783 5148 1887 5204 Sa-

295 5245 511 5292 turnum
543 5238 706 5295 fuisse
735 5239 1048 5296 hominem?
1077 5241 1229 5310 Quod
1259 5243 1479 5312 quidem
1527 5243 1886 5298 Tertullianus

291 5337 400 5384 tam
428 5330 480 5385 in
507 5333 876 5402 Apologet‘ico,
906 5349 1066 5404 quam
1100 5336 1149 5388 in
1174 5335 1413 5389 secundo
1441 5334 1506 5388 ad
1537 5334 1792 5390 Nationes
1821 5335 1883 5390 li-

289 5423 392 5479 Irro
410 5426 584 5482 adhuc
607 5427 890 5483 confirmat
916 5430 1222 5484 testimonio
1247 5430 1485 5497 Diodori,
1516 5430 1719 5496 Thalli,
1744 5432 1881 5486 Cas-

291 5515 356 5570 aii
380 5517 568 5574 Severi
597 5529 649 5574 et
678 5520 910 5576 Cornelii
941 5521 1178 5592 Nepotis,
1201 5522 1267 5576 de
1292 5522 1485 5590 quibus
1514 5522 1640 5576 alibi
1672 5525 1878 5592 egimus

291 5606 590 5680 (Distant.
616 5613 670 5666 in
693 5611 916 5681 Μίνωι,
943 5630 1055 5684 cap.
1086 5615 1205 5680 ult.,
1245 5622 1344 5667 art.
1368 5611 1424 5678 2,
1459 5624 1504 5666 et
1529 5613 1581 5666 in
1615 5612 1876 5683 Lactant.,

290 5718 338 5756 c.
370 5704 459 5771 51,
492 5716 594 5762 art.
640 5707 714 5780 5).
759 5708 876 5764 Non
911 5709 1026 5764 sine
1067 5707 1244 5778 aliqua
1289 5716 1466 5762 tamen
1506 5707 1882 5766 observatione

289 5795 620 5866 Maritum
645 5812 928 5870 possmus
969 5799 1024 5856 in
1060 5799 1242 5869 priore
1285 5797 1424 5858 libro
1449 5797 1714 5872 scriptum
1741 5797 1874 5857 Cas-

2027 1899 2286 1958 Nationes
2315 1905 2453 1961 libro
2497 1909 2566 1963 ab
2613 1909 2876 1964 oscitante
2927 1909 3148 1966 librario
3200 1914 3459 1981 scriptum
3500 1922 3622 1969 est:

2027 1992 2289 2048 Cornelios
2322 1995 2546 2068 Nepotes
2571 2009 2615 2053 et
2641 1998 2892 2054 Tacitum.
2921 2001 3001 2054 Ad
3031 2001 3157 2070 quid
3176 2004 3320 2057 enim
3351 2003 3421 2057 ibi
3450 2003 3618 2057 Taciti

2025 2083 2252 2150 mentio,
2274 2087 2428 2154 cujus
2456 2089 2598 2143 nulla
2625 2090 2678 2143 in
2710 2091 3080 2161 Apologeti'co,
3136 2108 3308 2163 neque
3334 2106 3361 2146 a
3396 2092 3618 2149 Minutio

2025 2185 2078 2231 et
2107 2177 2382 2232 Lactantio
2409 2179 2548 2236 facta
2575 2191 2656 2238 est
2682 2179 2980 2254 (Dissertat.
3009 2187 3064 2238 in
3091 2183 3306 2252 Μίνωι,
3339 2203 3456 2257 cap.
3499 2187 3620 2254 ult.,

2022 2277 2125 2325 art.
2167 2267 2261 2342 2)?
2303 2271 2491 2328 Nonne
2537 2274 2608 2329 ibi
2636 2279 2774 2331 sicut
2806 2277 2858 2331 itt
2901 2277 3118 2334 illorum
3147 2277 3299 2334 libris
3330 2278 3616 2349 legendum

2022 2371 2107 2416 est
2131 2361 2364 2417 Gra'cttnt
2391 2363 2678 2420 Thallum?

2092 2454 2358 2525 Quidquid
2401 2465 2580 2514 autem
2619 2473 2684 2514 ea
2713 2458 2780 2514 de
2824 2475 2883 2516 re
2918 2461 3208 2530 peritiores
3244 2462 3616 2533 pronuntient,

2020 2559 2245 2612 quorum
2287 2547 2493 2616 judicio
2540 2563 2756 2620 semper
2795 2550 3090 2619 stabimus,
3129 2553 3269 2609 haud
3309 2555 3618 2614 dubitanter

2020 2634 2384 2692 Tertullianus
2410 2640 2643 2694 affirmat
2675 2641 2878 2696 nullutn
2921 2645 2987 2699 ab
3016 2639 3124 2699 ullo
3148 2647 3333 2715 gentili
3381 2648 3608 2702 inveniri

2018 2735 2111 2782 aut
2135 2729 2289 2783 citari
2323 2745 2480 2800 posse
2504 2741 2803 2798 auctorem,
2837 2735 2926 2804 qui
2955 2749 3187 2805 unquam
3216 2739 3491 2806 negaverit
3515 2739 3616 2794 Sa-

2019 2827 2234 2874 turnum
2263 2821 2426 2877 fuisse
2457 2823 2752 2891 hominem,
2786 2825 2876 2894 qui
2905 2826 2972 2880 ab
2998 2826 3102 2880 alio
3131 2827 3346 2882 homine
3367 2838 3420 2884 et
3447 2829 3610 2884 vitam

2017 2913 2222 2979 accepit
2245 2921 2298 2966 et
2341 2929 2588 2983 regnum,
2618 2931 2680 2970 ac
2709 2916 2932 2985 proinde
2968 2919 3108 2973 Deus
3132 2934 3251 2975 esse
3291 2937 3396 2975 non
3429 2931 3610 2991 potest

2020 2999 2335 3059 Tertullian.
2366 3006 2655 3076 Apologet.,
2676 3024 2722 3060 c.
2751 3008 2832 3075 I0,
2859 3026 2912 3080 p.
2934 3012 3063 3078 551,
3082 3012 3180 3066 etl.
3207 3013 3250 3066 ll
3269 3016 3338 3066 ad
3365 3014 3604 3083 Nation.,

2019 3109 2065 3146 c.
2095 3093 2186 3160 i2,
2226 3112 2278 3166 p.
2310 3096 2461 3167 578).
2491 3097 2662 3154 Verus
2705 3101 2847 3155 enim
2877 3103 3036 3167 Deus,
3070 3115 3126 3157 ut
3156 3104 3352 3175 turpius
3379 3106 3620 3163 diximus-

1935 3209 1981 3274 ρ
2020 3186 2256 3259 (Dissert.
2276 3191 2330 3244 in
2356 3190 2570 3256 Μίνωι,
2595 3209 2708 3263 cap.
2734 3196 2853 3258 ult.,
2879 3206 2978 3248 art.
2996 3195 3072 3265 2),
3093 3212 3124 3251 a
3145 3213 3204 3252 se
3230 3199 3347 3268 ipso
3366 3200 3487 3255 solo
3506 3210 3616 3269 est,

2018 3289 2072 3335 et
2106 3281 2228 3337 ideo
2267 3285 2630 3355 omnipotens,
2657 3289 2747 3357 qui
2792 3288 3037 3344 homines
3075 3299 3379 3362 caateraque
3425 3294 3609 3348 omnia

2014 3375 2236 3443 creavit,
2283 3377 2374 3446 qui
2422 3378 2671 3434 omnibus
2719 3380 3048 3452 dominatur,
3087 3384 3178 3454 qui
3215 3384 3397 3440 omnia
3443 3395 3610 3456 regna

2015 3466 2314 3537 dispensat.

2084 3561 2212 3615 Post
2240 3560 2354 3616 haec
2381 3563 2468 3619 ille
2495 3582 2506 3616 :
2534 3563 2674 3620 Satis
2700 3566 2829 3634 iam,
2851 3566 3043 3637 inquit,
3063 3572 3124 3624 de
3153 3570 3380 3625 Saturno
3405 3570 3596 3641 (Tert.,

2015 3653 2307 3725 Apologet.,
2339 3673 2387 3710 c.
2415 3657 2505 3725 10,
2538 3675 2592 3728 p.
2622 3659 2776 3729 551),
2805 3660 2871 3715 ad
2901 3661 3121 3718 cuilibet
3148 3663 3408 3720 hebetio’ri
3436 3677 3595 3737 atque

2009 3745 2348 3804 obstinatiori
2371 3751 2848 3808 demonstrandum
2876 3753 3062 3809 falsam
3079 3759 3298 3812 omnino
3311 3771 3430 3815 esse
3454 3761 3599 3816 illius

2009 3838 2361 3897 divinitatem.
2397 3844 2526 3899 Data
2557 3856 2733 3901 autem
2758 3861 2922 3917 opera
2953 3849 3025 3903 ibi
3049 3849 3243 3920 adjecit
3266 3852 3379 3907 licet
3401 3855 3606 3926 paucis.

2007 3929 2139 3985 Nam
2165 3933 2216 3987 in
2243 3935 2481 3990 secundo
2509 3936 2574 3992 ad
2598 3937 2853 3994 Nationes
2881 3939 3018 3996 libro
3040 3941 3329 3999 falsitatem
3363 3947 3481 4016 ejus
3511 3963 3602 4002 va-

2006 4020 2102 4078 riis
2128 4023 2474 4082 demonstrat
2520 4033 2852 4100 argumentis
2885 4033 2994 4102 (lib.
3031 4032 3076 4087 II
3103 4037 3172 4088 ad
3201 4036 3444 4104 Nation.,
3469 4055 3514 4091 c.
3545 4039 3607 4106 7,

2007 4123 2056 4169 et
2102 4133 2220 4188 rap.
2269 4118 2415 4192 16),
2456 4135 2576 4191 qua:
2627 4124 2680 4178 in
2730 4125 3098 4193 superioribus
3160 4129 3360 4184 nostris
3399 4129 3610 4186 disser-

2015 4209 2306 4267 tationibus
2365 4213 2666 4283 explicata,
2739 4231 2845 4271 non
2903 4217 3131 4288 amplius
3173 4218 3262 4277 hic
3305 4224 3605 4294 repetenda

2009 4312 2154 4358 sunt.

2076 4394 2336 4451 Saturnus
2366 4413 2529 4467 porro
2569 4398 2611 4451 si
2653 4397 2786 4454 deus
2827 4414 2928 4455 nec
2970 4400 3088 4470 fuit,
3119 4419 3218 4462 nec
3254 4420 3375 4464 esse
3401 4411 3600 4478 potuit,

2001 4485 2126 4555 quia
2171 4486 2333 4541 homo
2376 4495 2511 4553 erat,
2551 4491 2763 4545 caeteris
2794 4491 3100 4551 hominibus
3143 4499 3366 4564 similis;
3418 4502 3595 4556 multo

1921 4595 1978 4660 Β
2004 4579 2174 4648 magis
2205 4579 2488 4636 divinitate
2531 4594 2718 4639 carent
2763 4585 2994 4657 Jupiter,
3023 4590 3136 4659 ejus
3181 4591 3342 4658 ﬁlius,
3375 4601 3598 4664 totaque

1999 4673 2226 4728 aliorum
2247 4690 2381 4744 pene
2403 4677 2874 4734 innumerabilium
2904 4690 3290 4754 caterva‘,quos
3318 4686 3385 4741 ab
3398 4685 3594 4743 eodem

1996 4764 2250 4827 Saturno.
2282 4777 2375 4822 aut
2421 4768 2611 4824 saltem
2664 4781 2786 4840 post
2827 4772 2974 4826 illum
3026 4781 3174 4828 ortos
3218 4792 3339 4833 esse
3383 4787 3601 4836 constat

1995 4857 2188 4927 (Idem,
2217 4858 2510 4930 Apologet.,
2545 4878 2591 4915 c.
2632 4862 2722 4930 10,
2755 4881 2806 4934 p.
2839 4866 2990 4934 555).
3025 4866 3154 4934 Quis
3195 4869 3335 4925 enim
3383 4874 3590 4929 nesciat

1995 4948 2208 5018 Jovem,
2235 4968 2397 5022 quem
2422 4953 2621 5008 ethnici
2657 4955 2818 5010 deum
2853 4959 3138 5028 optimum,
3170 4963 3466 5020 maximum
3499 4982 3592 5020 vo-

1996 5044 2212 5112 cabant,
2235 5060 2298 5101 ex
2335 5047 2574 5116 ejusdem
2622 5049 2840 5105 Saturni
2884 5067 3006 5106 cum
3038 5053 3172 5123 Ope,
3197 5069 3290 5111 seu
3318 5057 3464 5114 Rhea
3502 5075 3590 5115 so-

1997 5151 2120 5191 rore
2149 5152 2244 5192 sua
2271 5139 2566 5208 connubio,
2591 5142 2705 5196 sive
2734 5143 2908 5212 potius
2953 5145 3376 5211 incestu,natum
3407 5151 3585 5220 perhi-

1993 5229 2148 5286 beri?
2175 5231 2406 5287 Adultus
2436 5246 2638 5300 autem,
2673 5236 2824 5306 pulso
2854 5246 3010 5308 patre
3034 5249 3152 5304 suo,
3181 5242 3232 5295 in
3274 5242 3413 5298 illius
3439 5245 3589 5301 inva-

1993 5325 2062 5379 sit
2101 5341 2347 5396 regnum,
2394 5337 2554 5399 atque
2598 5331 2924 5400 assumptis,
2971 5333 3044 5386 uti
3083 5334 3156 5388 ait
3199 5331 3584 5407 Tertullianus,

1991 5424 2337 5492 squammati,
2392 5426 2624 5492 cornuti,
2670 5426 2920 5496 plumati,
2963 5427 3151 5483 imbris
3189 5433 3336 5485 aurei
3378 5432 3583 5502 ﬁguris,

1993 5514 2131 5569 ﬁlios
2160 5515 2448 5570 infamibus
2475 5519 2675 5586 stupris
2703 5528 2756 5573 et
2783 5519 3060 5574 adulteriis
3096 5525 3393 5590 procreavit
3422 5525 3586 5596 (Ter-

1991 5607 2126 5672 tull.,
2151 5605 2443 5678 Apologet.,
2468 5623 2512 5662 c.
2537 5609 2626 5674 2|,
2654 5628 2705 5680 p.
2731 5610 2857 5678 596,
2881 5620 2928 5665 et
2955 5613 2991 5666 l.
3018 5611 3060 5666 Il
3095 5614 3163 5667 ad
3203 5613 3358 5682 Nat.,
3391 5634 3435 5672 c.
3467 5618 3580 5690 13):

2059 5707 2198 5775 Quis
2235 5717 2365 5777 ergo
2404 5711 2660 5779 expensis
2685 5707 2770 5763 bis
2792 5701 3059 5776 omnibus,
3089 5717 3207 5782 qna:
3233 5713 3350 5770 aliis
3382 5718 3581 5774 n05tris

1985 5797 2047 5858 tu
2108 5800 2573 5860 damnavimus
2650 5793 3060 5862 consummas
3108 5793 3436 5876 (Disseruit.
3527 5810 3586 5869 in
