2085 3132
285 125 355 154 1095
822 122 855 150 lN
872 119 1104 150 TERTULLIANI
1123 119 1388 151 APOLOGETICUM

1860 121 1935 151 1096

285 181 384 209 Minttt.
401 201 408 213 ,
432 188 456 207 c.
477 180 521 213 15,
545 183 594 206 nrt.
609 179 635 212 l,
649 182 672 206 et
686 179 814 206 disseruit.
832 179 858 206 in
874 179 982 210 Arnob.,
997 185 1021 204 ε.
1038 177 1083 210 ll,
1098 177 1124 206 A
1138 180 1239 204 tantum
1252 177 1310 205 hmo
1321 184 1416 205 caussa
1432 183 1493 205 esse
1508 177 1550 204 vel
1565 177 1652 212 potius
1665 177 1811 213 excogitari
1835 179 1935 213 potuit.

285 232 335 254 art.
355 227 382 259 4,
397 232 419 253 ct
439 227 464 253 in
487 226 620 258 Lttctanl.,
636 233 659 252 c.
672 227 698 258 ὅ,
716 231 766 253 art.
785 226 796 253 l
821 230 845 252 et
866 225 960 260 scqq.),
975 224 1082 251 dillitcri

286 281 404 308 uuquatn
421 272 519 307 poterit
535 271 608 299 illum
620 271 699 299 deum
714 280 767 298 non
779 279 849 304 esse,
864 271 910 298 sed
924 270 1083 297 sceleratutu

287 319 423 347 hominem
449 319 492 353 qtti
519 326 627 345 onmem
649 318 832 358 lnnnanitatis,
856 322 883 345 ct
900 317 1009 353 pudoris
1023 324 1085 344 seu-

284 371 345 392 sum
361 365 493 392 exuerat?

591 428 736 449 ARTICULCS
752 428 781 448 ΙΙ.

289 479 374 513 Quam
387 483 540 515 prcupostere
554 478 647 506 ethnici
662 478 821 505 venditorem
840 486 899 504 suos
917 481 973 512 post
994 481 1086 503 morta-

326 527 375 553 lem
395 526 460 551 lianc
481 525 556 552 vitam
578 526 658 559 factos
679 532 731 551 esse
755 524 815 550 deos
835 524 866 550 ab
886 523 937 550 alio
957 523 1086 559 superiore

326 573 441 607 mancipe
454 572 608 603 divinitatis;
629 579 707 598 unum
725 571 850 597 duntaxat
866 578 921 597 esse
934 569 1009 596 deum
1021 590 1028 601 ,
1043 569 1086 604 qui

326 619 448 654 mundum
466 623 524 644 ante
544 625 629 644 omnes
652 617 784 652 gentilium
805 616 875 649 deos,
896 624 925 642 ac
944 616 1039 651 fruges,
1063 619 1087 641 et

326 669 384 691 ante
398 664 522 696 Uet'erettt,
537 662 668 690 Bacchum
682 668 705 690 et
720 661 745 689 M
750 663 863 689 inertiam
883 666 1029 694 creaverat,-
1043 669 1088 688 nec

327 711 407 746 magis
415 711 473 737 deos
482 710 532 736 dici
543 717 616 744 posse
627 709 732 736 illarum
740 711 841 743 frugum
853 708 1002 738 inventores,
1012 715 1088 741 quant

327 756 475 789 Lucullum,
491 756 533 791 qui
545 763 641 787 cerasa,
660 760 681 781 et
696 754 827 787 Catonem,
838 754 882 789 qui
892 754 969 788 ﬁcum
985 753 1089 780 viridem

327 803 354 829 in
369 801 474 829 Italiam
488 801 563 837 primi
577 800 731 827 attulerunt.

1135 222 1175 250 Ac
1194 223 1279 257 primo
1301 224 1420 258 quidem,
1435 223 1496 259 qttia
1513 223 1584 250 Deus
1600 223 1695 251 horttut
1710 224 1856 259 iudiguerit
1868 225 1933 252 olli-

1136 268 1184 295 ciis
1198 274 1225 295 et
1237 270 1338 296 auxilio
1354 279 1361 296 ε
1378 269 1506 302 secundo,
1524 269 1586 304 quia
1602 269 1639 296 illi
1655 270 1761 297 eximiis
1779 271 1837 298 suis
1855 272 1936 299 iactis

1136 318 1164 341 et
1190 315 1332 343 virtutibus
1358 315 1526 343 divinitatem
1548 319 1712 344 meruerunt.
1736 316 1771 344 At
1791 322 1939 352 utrumque

1137 360 1204 388 falso
1219 362 1312 390 falsius
1325 370 1385 390 esse
1398 363 1576 390 convincitur.

1173 408 1229 442 Qua
1242 409 1313 436 enim
1326 414 1373 436 aut
1393 414 1573 442 mortuorum,
1586 413 1632 437 aut
1646 409 1728 437 etiam
1743 409 1867 437 vivorum
1883 409 1938 438 bo-

1137 455 1239 482 miuum
1253 462 1304 490 ope
1320 456 1390 482 Deus
1401 456 1573 491 omnipotens
1586 463 1700 491 unqttatn
1710 456 1844 491 iudiguit?
1854 456 1941 484 Num-

1138 501 1201 536 quid
1224 501 1257 528 ad
1273 501 1443 528 condendqu
1461 501 1608 529 mundum?
1622 502 1656 529 At
1670 502 1831 537 quicumque
1843 503 1937 537 genti-

1138 547 1178 575 les
1193 547 1219 574 itl
1234 548 1415 581 asseruerint,
1432 555 1460 575 re
1469 553 1630 583 pugnantem
1646 547 1783 575 habebunt
1800 548 1941 584 Pythago-

1138 600 1196 620 ram
1209 584 1348 628 (lbidq‘p.
1363 593 1420 628 l5),
1438 593 1494 628 qui,
1510 598 1538 620 ut
1558 601 1638 628 supra
1655 593 1772 620 vidimus
1784 593 1938 627 (Disseruit.

1139 639 1166 666 in
1179 638 1312 671 Lactant.,
1327 648 1350 666 c.
1366 639 1413 673 2|,
1428 644 1478 666 art.
1497 639 1538 674 2),
1557 639 1685 667 mundum
1704 640 1846 668 increatum
1862 649 1939 675 prte-

1140 684 1258 712 dieabat.
1272 684 1391 712 Tametsi
1408 692 1471 712 vero
1485 685 1611 718 mundus,
1628 690 1656 712 ut
1671 685 1746 712 Plato
1764 685 1862 721 aliique
1876 686 1941 721 phi-

1141 730 1256 765 losophi,
1272 730 1500 765 quemadmodum
1515 730 1603 758 adhuc
1621 736 1780 758 anuotatum
1797 738 1849 764 est,
1865 737 1942 760 recte

1141 776 1310 809 docuerunt,
1334 778 1423 811 reipsa
1449 782 1556 804 creatus
1580 777 1632 809 sit;
1656 785 1736 804 verus
1763 777 1942 806 nihilominus

1142 822 1225 855 Deus,
1241 823 1317 857 cujus
1335 822 1438 849 inﬁnita
1455 827 1574 858 potestas
1587 828 1640 856 est,
1656 823 1755 850 nullius
1770 824 1851 858 plane
1864 824 1899 851 ad
1910 825 1944 852 il-
1977 842 1979 844 -

328 870 491 899 Fatebautur
504 869 609 904 quidem
623 868 734 902 etlutici,
753 868 825 904 quod
841 875 940 903 negare
955 875 1089 902 nunquam
1105 873 1129 902 Β
1143 866 1197 894 lum
1209 866 1394 894 fabricandum
1415 867 1536 895 subsidio
1552 868 1636 903 eguit.

293 921 447 954 potuerunt,
469 916 625 946 Saturnum,
647 915 777 950 aliosque,
792 922 860 950 quos
872 915 937 942 deos
949 921 1009 942 esse
1023 922 1092 941 sutu-

294 964 442 994 niavcrant,
469 962 559 997 reipsa'
577 962 657 988 luisse
678 961 820 988 homines:
836 961 883 987 sed
898 968 958 987 cuin
971 960 1092 987 Varrone

294 1009 491 1036 contendebant
512 1008 578 1040 illis,
591 1007 668 1042 hujus
686 1007 747 1034 vita:
768 1007 890 1034 mortalis
906 1014 1018 1034 munere
1042 1007 1093 1034 rite

295 1054 404 1087 functis,
417 1054 505 1081 datam
528 1053 693 1080 divinitatem
708 1052 886 1088 (Tertullian.,
909 1052 1056 1087 Apologet.,
1068 1060 1091 1078 ο.

297 1102 341 1133 Η,
357 1110 384 1136 ρ.
400 1100 476 1137 535).
491 1100 590 1128 Verum
607 1100 752 1127 absurdam
773 1100 926 1135 opinionem
949 1107 1025 1127 suam
1040 1099 1093 1126 alio

296 1146 446 1173 absurdiori
459 1150 611 1173 counueuto
625 1146 691 1172 tueri
704 1145 800 1172 frustra
812 1145 992 1172 etmabautur.
1001 1144 1093 1180 Neque

297 1192 369 1219 enitn
381 1192 503 1218 homines
518 1196 576 1225 post
589 1195 703 1218 tttortem
715 1198 795 1218 suam
810 1191 846 1218 dii
864 1190 922 1218 ﬁeri
933 1195 1091 1225 potuerunt,

297 1238 350 1265 nisi
366 1238 406 1265 vel
420 1245 435 1264 a
448 1245 478 1264 se
494 1237 568 1272 ipsis,
584 1241 630 1263 aut
641 1236 695 1263 alio
707 1236 796 1271 aliquo
814 1236 846 1263 iis
859 1237 1011 1271 potentiore
1028 1236 1093 1264 deo.

297 1284 378 1319 Atqui
393 1288 534 1319 utrumque
545 1283 639 1310 falsum
654 1287 704 1310 est.
726 1282 783 1311 Non
803 1283 853 1319 ipsi
865 1283 996 1318 siquidem
1009 1289 1071 1318 pote
1084 1296 1095 1303 -

298 1334 395 1357 statem
409 1329 560 1357 habuerunt
574 1329 741 1356 divinitatem
756 1330 811 1356 sibi
830 1329 945 1357 mortuis
955 1329 1096 1357 conferen-

298 1375 336 1403 di.
350 1375 378 1403 Si
395 1375 502 1410 quando
516 1383 631 1410 namque
649 1375 677 1402 id
692 1375 851 1410 potuissent,
866 1384 1004 1411 utinquam
1027 1377 1096 1404 fuis-

299 1427 359 1449 sent
376 1422 507 1454 homines,
523 1421 675 1448 mortalium
690 1421 890 1449 inﬁrmitatibus
914 1428 941 1449 et.
960 1422 1032 1449 vitiis
1045 1423 1095 1450 ob-

301 1468 383 1496 noxii.
401 1468 481 1502 Cujus
504 1468 573 1494 hanc
587 1467 687 1495 Auctor
711 1472 804 1495 noster
828 1468 960 1495 rationem
984 1468 1096 1496 reddit:

300 1514 439 1549 Nunquam
460 1514 573 1541 homines
589 1514 705 1548 fuissent,
719 1514 876 1548 possidentes
888 1514 987 1541 scilicet
1004 1514 1097 1541 melio-

1181 914 1249 948 Quid
1263 922 1336 948 vero,
1353 915 1422 950 quod
1433 919 1539 942 constat
1553 919 1616 943 ante
1633 915 1779 943 Saturnum
1794 923 1826 943 ac
1839 916 1946 951 quosli-

1144 961 1189 988 bet
1203 961 1270 988 alios
1283 961 1424 996 gentilium
1443 961 1522 995 deos,
1538 962 1647 996 pluvias,
1664 963 1736 989 sicut
1753 963 1791 989 ait
1801 963 1946 991 Tertullia-

1145 1014 1205 1040 nus,
1214 1007 1245 1033 de
1255 1007 1316 1034 caelo
1329 1007 1419 1040 ruisse,
1426 1012 1449 1034 et
1456 1007 1540 1034 sidera
1551 1007 1728 1042 (Tertullian.,
1740 1008 1790 1035 loc.
1800 1008 1870 1044 cil.),
1881 1014 1946 1044 puta

1144 1053 1229 1080 solent
1244 1060 1276 1080 ac
1300 1054 1403 1086 luuatu,
1420 1054 1535 1081 radiasse
1551 1075 1558 1087 ,
1576 1059 1598 1081 et
1614 1054 1720 1087 lumina,
1736 1054 1861 1082 videlicet
1881 1055 1947 1083 stel-

1145 1099 1242 1133 larum,
1259 1100 1390 1134 ﬂoruisse?
1401 1101 1461 1127 Alio
1475 1101 1606 1135 siquidem
1622 1102 1647 1128 in
1661 1101 1729 1128 libro
1741 1102 1850 1136 scripsit
1867 1112 1873 1130 :
1889 1101 1947 1130 ϐεε-

1146 1144 1199 1172 Ium
1224 1145 1363 1173 luminibus
1383 1147 1521 1181 ﬂoruisset,
1537 1147 1618 1182 magis
1633 1148 1672 1173 sol
1693 1148 1773 1175 radiis
1797 1148 1947 1175 insultasset

1146 1191 1208 1226 (lib.
1236 1191 1269 1219 ιν
1294 1193 1352 1218 udo.
1369 1191 1510 1226 Marciam,
1538 1201 1562 1219 c.
1577 1193 1640 1228 42).
1657 1193 1741 1226 Quam
1763 1195 1842 1229 igitur
1864 1203 1948 1230 opem

1146 1239 1179 1264 ad
1210 1238 1339 1266 mundum
1369 1239 1518 1267 creandum
1546 1240 1601 1267 Deo
1632 1239 1702 1268 ferre
1733 1241 1862 1268 Saturnus
1896 1247 1949 1269 aut

1147 1285 1257 1320 quilibet
1269 1286 1333 1312 alius
1347 1290 1484 1321 poterant,
1502 1287 1546 1321 qni
1562 1287 1642 1322 longo
1654 1293 1709 1322 post
1723 1288 1815 1318 solem.
1843 1288 1942 1315 lunam

1148 1335 1175 1358 ct
1186 1331 1276 1357 stellas
1290 1334 1411 1366 tempore
1423 1332 1474 1359 orti
1490 1337 1559 1358 sunt
1569 1333 1580 1358 ?
1592 1332 1674 1359 Addit
1685 1332 1861 1360 Tertullianus
1876 1339 1944 1360 ante

1148 1383 1242 1404 Otones
1254 1378 1394 1412 gentilium
1412 1378 1488 1409 deos,
1507 1378 1618 1405 tonitrua
1639 1380 1745 1414 mugisse
1758 1385 1780 1405 et
1793 1379 1879 1414 ipsum
1893 1379 1944 1406 Jo-

1148 1431 1214 1456 vem,
1225 1423 1399 1458 quteinmanu
1413 1424 1468 1457 eius
1482 1424 1656 1459 ponitis(si\'e,
1669 1429 1698 1451 ut
1711 1425 1736 1451 iu
1750 1425 1947 1460 antiquioribus

1149 1469 1228 1497 editis
1241 1474 1268 1497 et
1279 1470 1385 1497 iueditis
1395 1471 1547 1503 codicibus,
1563 1470 1703 1507 imponitis)
1718 1472 1824 1507 fulgura
1832 1472 1946 1499 timuisse

1150 1515 1327 1550 (Tertullian.,
1351 1517 1498 1553 Apalogel.,
1514 1526 1537 1544 c.
1553 1518 1597 1551 ll,
1612 1526 1639 1552 ιι.
1655 1518 1735 1552 354).
1756 1519 1790 1545 lit
1808 1526 1868 1545 vero
1881 1526 1945 1545 cum

299 1561 428 1595 ris,quam
438 1559 667 1595 l‘ragilishutuante
674 1561 826 1587 conditionis
835 1561 1097 1597 potestatem(lbid.).
1112 1565 1134 1597 C
1150 1568 1253 1590 certqu
1267 1563 1302 1589 sit
1314 1563 1430 1590 tonitrua
1449 1563 1578 1598 mugisse,
1592 1567 1734 1598 autequam
1747 1563 1851 1599 Jupiter
1863 1564 1947 1591 exsti-

300 1606 380 1634 Solus
392 1606 492 1641 quippe
504 1605 549 1633 Dei
565 1605 585 1632 F
588 1606 658 1639 ilius,
673 1606 707 1633 ab
733 1610 835 1633 aeterno
851 1606 934 1640 Deus,
954 1613 1044 1634 assum
1052 1611 1095 1641 pta

300 1652 420 1688 quidem,
435 1652 481 1680 sed
501 1652 580 1680 modo
596 1659 705 1687 prorsus
716 1652 877 1686 admirabili,
893 1657 922 1680 et
934 1653 1035 1688 absque
1046 1653 1098 1681 ulla

302 1698 359 1725 vitii
369 1703 415 1725 aut
431 1697 532 1733 peccati
547 1698 617 1731 labe,
634 1702 727 1725 natura
741 1698 868 1732 hominis,
891 1700 1041 1727 mortalem
1057 1699 1098 1726 vi-

303 1749 358 1772 tam
371 1744 434 1779 egit.

339 1790 430 1823 Neque
444 1790 525 1817 etiam
539 1790 593 1818 licti
605 1790 743 1825 gentilium
757 1791 793 1817 dii
808 1791 841 1818 ab
857 1791 882 1817 ul
894 1790 921 1818 lo
935 1790 988 1818 alio
1004 1791 1099 1819 divini-

304 1839 385 1862 tatem
398 1835 519 1869 accipere
539 1840 690 1869 potuerunt,
707 1835 758 1862 nisi
781 1836 832 1863 illis
846 1835 930 1870 major
950 1837 1099 1871 potentior-

304 1891 356 1919 que
367 1883 463 1914 fuerit;
481 1888 526 1910 aut
538 1888 566 1909 ut
579 1883 734 1910 Tertulliani
748 1883 781 1910 ad
796 1883 918 1910 ethnicos
929 1884 1023 1910 verbis
1036 1887 1098 1910 uta-

305 1937 365 1956 n;ur
378 1938 384 1956 :
402 1928 511 1956 Necesse
525 1934 560 1956 est
577 1929 720 1956 concedatis
734 1938 788 1957 esse
800 1921 909 1964 aliquem
920 1930 1092 1957 sublimiorem

305 1975 399 2009 Deum,
418 1981 441 2002 et
458 1975 599 2010 mancipem
616 1975 750 2009 quemdam
765 1975 903 2002 divinitatis
918 1975 1023 2011 (lbid.).
1044 1975 1100 2004 No-

306 2031 367 2050 men
384 2028 473 2051 autem
487 2031 606 2058 manceps
624 2030 639 2049 a
658 2023 789 2057 politioris
802 2023 940 2051 latittitatis
955 2031 984 2051 sc
994 2024 1102 2058 riptori-

307 2070 356 2098 bus
367 2079 414 2105 pro
425 2078 458 2097 eo
466 2071 588 2101 sumitur,
598 2071 643 2105 qui
656 2070 754 2105 aliquid
767 2070 872 2105 publice
885 2071 1022 2104 conducit,
1040 2079 1103 2098 ven-

307 2117 346 2144 dit
371 2122 398 2144 et
420 2117 537 2145 redimit.
558 2118 593 2144 At
604 2125 674 2145 nunc
695 2117 730 2145 ab
753 2120 870 2145 Auctore
895 2122 989 2145 nostro
1019 2117 1103 2152 accipi

309 2165 396 2199 potius
414 2164 518 2191 videtur
542 2171 591 2199 pro
609 2164 699 2198 aliquo
728 2164 874 2191 divinitatis
898 2164 1024 2197 custode,
1053 2172 1103 2192 cu-

308 2217 398 2238 ratore
422 2217 454 2237 ac
481 2210 607 2244 prafecto
624 2209 726 2244 (Idem,
743 2210 789 2238 lib.
811 2210 842 2237 de
858 2210 965 2243 Idalol.,
985 2219 1009 2237 c.
1026 2211 1037 2237 l
1053 2232 1061 2244 ,
1082 2215 1105 2237 et

1153 1608 1238 1638 tisset,
1258 1608 1368 1641 dubium
1383 1609 1483 1636 nemini
1498 1616 1559 1636 esse
1571 1609 1661 1641 debet,
1676 1609 1752 1644 quin,
1768 1610 1849 1637 insito
1863 1611 1948 1637 omni-

1151 1652 1201 1681 bus
1220 1653 1372 1680 hominibus
1387 1654 1493 1688 timore,
1510 1654 1621 1682 fulmina
1633 1663 1770 1690 nunquam
1783 1655 1874 1683 audita
1898 1656 1950 1691 pri-

1151 1707 1224 1726 mum
1238 1699 1330 1727 saltent
1348 1700 1478 1727 timuerit.
1494 1699 1673 1734 Quamobrem
1689 1701 1873 1729 Tertullianus
1889 1704 1949 1737 jure

1152 1747 1249 1774 merito
1266 1747 1335 1773 ridet
1349 1747 1484 1779 ethnicos,
1500 1748 1544 1782 qui
1564 1748 1670 1783 fulgura
1682 1753 1710 1775 et
1724 1747 1835 1776 lulmiua
1850 1749 1878 1775 in
1893 1749 1950 1783 ejus

1153 1800 1233 1820 manu
1252 1801 1321 1827 esse,
1338 1798 1364 1820 et
1378 1794 1413 1820 ab
1437 1801 1480 1828 eo,
1505 1794 1566 1821 licet
1582 1802 1635 1821 non
1659 1794 1740 1825 facta.
1762 1785 1864 1821 vibrari
1884 1795 1951 1821 etin.

1153 1839 1265 1866 tiehaut.

1190 1885 1243 1912 Sed
1256 1885 1342 1912 acrius
1350 1884 1437 1912 adhuc
1447 1891 1524 1921 urget
1535 1885 1598 1912 nihil
1613 1885 1801 1921 imperfectum
1816 1886 1850 1913 ab
1863 1886 1952 1913 omni-

1154 1935 1261 1965 potente
1276 1932 1342 1965 lieri,
1358 1937 1438 1966 atque
1458 1932 1558 1959 idcirco
1573 1932 1713 1962 mundum,
1730 1932 1856 1959 otnnibus
1870 1931 1951 1959 abso-

1154 1977 1239 2004 lutum
1253 1978 1381 2010 numeris,
1393 1978 1427 2004 ab
1441 1985 1474 2005 eo
1488 1978 1627 2005 conditqu
1642 1977 1737 2005 fuisse.
1753 1978 1848 2005 Omnia
1858 1978 1949 2012 igitur,

1154 2030 1214 2058 qua:
1226 2023 1259 2050 ad
1271 2023 1472 2050 Sustentaudam
1483 2024 1598 2051 hominis
1613 2024 1693 2051 vitam
1711 2024 1864 2051 necessaria
1877 2028 1949 2057 sunt,

1154 2073 1216 2096 ante
1237 2068 1371 2103 quoslibet
1390 2069 1529 2104 gentilium
1556 2069 1622 2096 deos
1656 2077 1804 2104 omnesque
1828 2069 1951 2096 homines

1155 2118 1301 2142 creaverat.
1314 2112 1407 2149 Itaque
1420 2115 1494 2147 nihil,
1513 2114 1549 2141 ait
1574 2115 1632 2150 ipse
1647 2114 1843 2148 Tertullianus,
1866 2114 1949 2141 couti-

1156 2163 1248 2195 uendo,
1263 2162 1287 2189 id
1299 2168 1355 2197 est,
1369 2162 1554 2189 conservando
1568 2162 1678 2195 homini,
1698 2168 1730 2188 ac
1748 2161 1901 2189 cohibeudo
1918 2168 1950 2188 nc

1156 2213 1325 2243 moreretur,
1342 2214 1363 2236 et
1384 2208 1542 2241 sustinendo,
1565 2208 1624 2235 sive
1641 2208 1827 2241 sustentando,
1843 2208 1951 2241 alendo,

309 2256 353 2283 lib.
374 2257 405 2283 de
422 2256 546 2289 i‘udicit.,
560 2264 583 2283 c.
608 2256 674 2291 l4);
699 2263 753 2291 quo
769 2264 849 2284 sensu
869 2257 895 2284 in
909 2257 1000 2284 codice
1014 2256 1104 2284 Theo-
1116 2260 1144 2290 1)
1158 2255 1316 2288 relieicndo,
1333 2261 1501 2290 prospectum,
1517 2262 1548 2281 ac
1561 2254 1650 2281 dattnn
1669 2259 1724 2288 post
1741 2254 1869 2280 hominem
1878 2262 1952 2282 crea-

309 2302 420 2329 dosiauo
437 2301 600 2329 thenuarum
615 2301 781 2337 aliarumque
796 2309 884 2329 rerutn
906 2303 1038 2337 mancipes
1058 2309 1104 2329 vo-

308 2353 402 2376 cantur
417 2347 492 2383 (Cod.
508 2347 634 2375 Tlteodas.
655 2348 704 2382 leg.
722 2347 773 2375 Un.
792 2348 823 2374 de
850 2346 1007 2383 Mancipib.,
1036 2352 1055 2374 t.
1069 2347 1104 2380 Υ.

310 2403 336 2429 ρ.
357 2394 428 2429 185).
448 2397 480 2420 At
500 2394 661 2429 quicumque
683 2393 800 2421 dixerint
815 2393 958 2421 Saturnum
984 2393 1105 2428 aliosque

309 2446 429 2468 mortuos
440 2441 562 2469 homines
578 2448 653 2468 suam
667 2441 842 2468 divinitatem‘
852 2440 988 2475 accepisse
1002 2441 1036 2468 ab
1050 2440 1103 2467 alio

310 2487 379 2514 illius
401 2487 532 2522 mancipe,
552 2487 602 2514 hoc
620 2487 678 2523 ipso
692 2494 745 2514 non
759 2495 820 2520 esse
834 2487 900 2515 deos
919 2487 1006 2522 palam
1020 2486 1105 2515 conﬁ-

311 2540 409 2562 tentur.
420 2533 506 2561 Vcrus
520 2533 650 2569 siquidem
665 2534 734 2561 Deus
745 2542 759 2561 a
767 2541 797 2561 se
811 2533 869 2561 solo
889 2539 916 2561 et
927 2538 1044 2561 aeternus
1055 2533 1102 2567 sit,

310 2588 421 2608 necesse
435 2580 544 2607 omnino
558 2583 609 2607 est.

347 2627 478 2655 Prteterca
492 2626 580 2653 nullus
593 2634 719 2662 unquam,
734 2626 784 2653 uisi
793 2626 871 2661 plane
885 2625 1009 2661 desipiat,
1025 2625 1101 2653 dixe-

311 2675 347 2702 rit
359 2674 392 2701 ab
404 2674 588 2710 omnipotente
612 2681 644 2700 ac
659 2673 856 2707 sapientissimo
870 2673 924 2700 Deo
940 2671 1040 2707 aliquid
1064 2672 1106 2699 itt-

312 2721 479 2749 considerate
494 2741 501 2753 ,
526 2725 626 2748 temere
644 2728 676 2748 ac
700 2720 757 2748 sine
778 2727 871 2748 caussa
894 2719 1003 2747 lactant.
1028 2718 1107 2753 Atqui

312 2768 385 2796 nulla
404 2775 512 2803 prorsus
525 2775 618 2795 caussa
632 2767 762 2802 assignari
787 2771 874 2802 potest
893 2774 940 2795 cur
959 2766 1004 2794 ille
1025 2773 1103 2793 suam

312 2823 374 2842 eum
395 2814 508 2842 mortuis
530 2813 681 2841 hominibus
702 2813 913 2841 communicaret
936 2811 1104 2840 divinitatem

313 2859 489 2894 (Tertullian.,
504 2860 648 2896 Apologet.,
662 2867 686 2888 ο.
700 2859 744 2894 Η,
760 2867 787 2894 ρ.
801 2859 876 2895 555).
892 2859 994 2894 Duplex
1006 2858 1105 2895 quippe

1159 2308 1211 2328 tum
1234 2302 1314 2336 potiti!
1327 2302 1415 2336 inferri
1427 2301 1531 2336 (Ibid)
1545 2301 1597 2328 Sed
1612 2301 1668 2328 huic
1683 2301 1740 2335 ejus
1753 2301 1834 2328 verba
1851 2308 1907 2328 non
1920 2301 1951 2328 ita

1158 2348 1189 2374 ad
1215 2348 1301 2374 vivum
1317 2348 1461 2374 reseeauda
1484 2352 1555 2379 sunt,
1574 2352 1601 2373 ut
1616 2346 1715 2374 dixisse
1735 2347 1864 2373 credatur
1887 2346 1953 2374 nihil

1159 2399 1217 2428 pest
1234 2394 1369 2420 conditum
1391 2394 1526 2420 hominem
1549 2393 1669 2427 potuisse
1687 2400 1701 2419 a
1718 2392 1772 2419 Deo
1787 2392 1886 2425 creari,
1902 2399 1952 2428 quo

1158 2441 1210 2466 vita
1226 2440 1340 2466 hominis
1364 2441 1547 2467 contineretur
1563 2444 1589 2465 et
1604 2439 1794 2466 sustineretur.
1810 2438 1868 2466 Non
1880 2439 1952 2467 enim

1160 2487 1208 2513 sibi
1220 2486 1291 2512 aliud
1301 2487 1394 2518 voluit,
1411 2487 1460 2513 ιιίδὶ
1471 2490 1575 2517 cuneta,
1591 2486 1649 2512 sine
1662 2485 1757 2520 quibus
1770 2487 1887 2512 humana
1902 2485 1955 2512 vita

1158 2533 1311 2559 conservari
1329 2541 1380 2558 nou
1398 2537 1494 2566 potest,
1513 2539 1527 2558 a
1544 2532 1599 2558 Deo
1614 2536 1702 2558 creata
1718 2530 1800 2558 fuisse
1811 2536 1876 2559 ante
1892 2538 1954 2558 con—

1159 2578 1228 2605 ditos
1244 2585 1424 2612 quoscumque
1438 2578 1574 2609 homines,
1592 2584 1623 2604 ac
1634 2577 1717 2604 multo
1732 2577 1818 2611 magis
1832 2581 1897 2604 ante
1907 2575 1953 2604 Sa-

1160 2629 1267 2651 tttrmuu
1293 2632 1323 2650 ac
1336 2624 1442 2657 Jovem,
1460 2624 1578 2658 aliosque
1588 2631 1686 2650 omnes
1695 2623 1866 2650 ethnicorum
1878 2622 1954 2650 deos.

1163 2671 1228 2697 'l‘am
1241 2675 1314 2697 certo
1326 2671 1414 2705 igitur,
1430 2678 1509 2704 quant
1525 2669 1664 2697 evidenter
1684 2669 1729 2696 ille
1746 2669 1808 2696 inde
1822 2667 1955 2696 concludit

1161 2717 1244 2743 Deum
1266 2724 1354 2743 verum
1375 2717 1470 2742 nullius
1492 2715 1525 2742 ad
1550 2715 1683 2742 mundum
1707 2713 1859 2742 iaciendum
1887 2713 1955 2741 indi-

1161 2765 1248 2798 guisse
1272 2763 1380 2790 auxilio.
1401 2763 1458 2790 Non
1474 2770 1542 2798 ergo
1557 2762 1593 2790 dii
1604 2763 1685 2797 aliqui
1699 2761 1767 2789 hanc
1780 2761 1820 2789 ob
1831 2767 1953 2789 caussam

1162 2809 1222 2837 lacti
1240 2815 1310 2837 sunt.

1199 2857 1280 2887 Instat
1292 2857 1379 2885 adhuc
1391 2857 1423 2884 de
1434 2861 1499 2884 terra
1514 2856 1661 2886 exuberasse
1673 2863 1777 2885 onmem
1786 2854 1888 2892 frugem
1895 2857 1954 2882 ut:
