4212 6262
320 330 461 397 1097

315 554 539 623 aliquem
578 552 862 624 principem
895 551 1149 607 hominem
1176 549 1392 624 (lbid.),
1437 552 1552 608 sive
1592 551 1903 620 Saturnum,

314 662 477 719 quem
502 644 700 702 ethnici
728 644 993 715 potiorem
1024 644 1365 716 primumque
1385 644 1731 712 omnium,uti
1753 645 1911 715 paulo

314 750 441 795 ante
469 738 806 805 dicebamus,
846 736 1070 793 deorum
1112 752 1236 794 esse
1274 736 1606 810 garriehant.
1654 736 1914 793 Ethnicos

322 840 499 888 autem
532 831 602 887 ibi
624 830 867 901 casugat,
894 830 984 900 qui
1015 827 1378 902 opinabantur
1402 829 1655 889 Liberum
1684 828 1757 885 ob
1780 830 1914 898 vini,

316 923 570 980 Cererem
597 922 669 979 ob
704 921 981 988 frumenti,
1023 921 1314 979 Minervam
1344 931 1565 993 propter
1594 922 1729 978 olea:
1758 922 1916 977 adiu-

318 1017 624 1073 ventionem
657 1012 889 1072 numero
924 1014 1228 1087 adscriptos
1272 1015 1439 1071 fuisse
1475 1015 1722 1072 deorum.
1759 1015 1916 1071 Prius

317 1111 592 1167 enimvero
617 1109 701 1165 lue
729 1108 910 1179 fruges
939 1109 1112 1165 creari
1139 1108 1466 1177 debuerunt,
1483 1124 1642 1179 quam
1666 1108 1915 1164 inveniri.

317 1204 477 1275 Atqui
507 1203 601 1259 ille
623 1211 832 1257 tantum
859 1201 1002 1257 Deus
1024 1210 1129 1267 est,
1154 1217 1184 1256 a
1211 1216 1321 1273 quo
1350 1213 1536 1257 creata
1567 1201 1918 1272 institutaque

318 1296 549 1351 fuerunt.
579 1293 771 1365 Neque
801 1307 996 1365 urgeas
1035 1292 1345 1350 Lucretium
1371 1293 1443 1350 de
1485 1293 1568 1349 his
1600 1293 1910 1365 loquentem

319 1403 475 1444 usum
504 1402 629 1443 esse
650 1387 816 1442 verbo
841 1386 1140 1453 instituisse,
1163 1386 1256 1443 ubi
1284 1371 1485 1442 cecinit
1516 1405 1530 1440 :
1614 1454 1625 1459 _

439 1499 663 1562 Namque
679 1496 841 1562 Ceres
870 1496 1028 1553 fertur
1049 1497 1240 1562 fruges,
1261 1498 1518 1562 Liberque
1534 1498 1759 1562 liquores

442 1559 663 1624 Yitigeni
678 1559 875 1624 laticem
899 1559 1186 1610 mortalibus
1202 1559 1495 1622 ihstituissie,

443 1622 568 1688 Cunj
589 1623 848 1688 tamen
873 1629 1054 1688 posset
1077 1625 1187 1673 sine
1210 1626 1363 1688 rebus
1386 1627 1482 1675 vita
1502 1636 1729 1685 manere,

444 1684 509 1737 Ut
538 1683 661 1735 fama
684 1690 764 1737 est
783 1683 970 1749 aliquas
991 1686 1138 1736 etiam
1159 1699 1285 1736 nunc
1307 1687 1477 1737 vivere
1498 1694 1696 1749 gentes.

944 1769 1156 1833 (Lucret.
1180 1767 1264 1821 lib.
1291 1777 1344 1831 v,
1369 1770 1495 1821 v.14
1515 1776 1560 1820 et
1574 1770 1731 1836 seqq.)

1437 336 1886 402 DISSEBTATIO
1921 341 1987 401 D.
2015 338 2105 403 LE
2140 346 2448 407 NOURRY.

317 460 585 528 Liberum,
640 468 686 516 et
736 457 990 525 Cererem,
1040 465 1087 514 et
1127 457 1436 528 Minervam,
1463 461 1569 515 ima
1622 471 1740 516 ante
1770 461 1919 517 illum
1945 460 2001 522 Α
2028 463 2185 520 nibus
2208 464 2470 523 beneficia
2493 510 2510 536 ,
2537 466 2671 525 deos
2699 478 2822 541 pOSt
2861 479 3089 530 mortem
3118 488 3269 532 suam
3300 477 3470 537 {actos

3488 367 3624 424 1098

3495 496 3618 540 esse

2022 555 2350 627 garriebanl.
3458 569 3464 575 '

2638 671 2930 715 ABTICULUS
2968 675 3048 715 111.

2027 742 2230 817 Quanta
2257 745 2546 801 insulsitate
2585 750 2795 820 gentiles
2824 752 3145 808 venditabant
3186 753 3492 827 Saturnum,
3518 759 3619 815 Jo-

2094 839 2469 912 vem,aliosque
2506 842 2568 895 ob
2602 844 2801 910 merita,
2837 845 3183 917 praeclaraque
3216 850 3481 919 facinora,
3513 857 3627 923 fac-

2095 941 2173 986 tos
2200 944 2308 987 esse
2341 933 2481 997 deos,
2514 944 2561 989 et
2586 934 2738 1004 alios,
2766 937 2871 992 illis
2901 941 3296 1009 prtestantiores,
3341 944 3539 998 relictos
3567 946 3624 1001 in

2092 1023 2304 1092 inferis,
2330 1025 2569 1081 nimirum
2612 1027 2880 1083 Socratem
2906 1073 2921 1098 ,
2973 1031 3248 1088 Aristidem
3272 1076 3287 1103 ,
3335 1034 3625 1092 Themisto-

2094 1116 2244 1185 clem,
2277 1117 2625 1175 Alexandrum
2670 1121 2942 1193 Magnum,
2988 1122 3318 1196 Pompeium,
3363 1126 3623 1199 Polycra-

2094 1219 2191 1264 tem
2212 1251 2228 1278 ,
2280 1210 2483 1282 Syllum
2505 1254 2522 1280 ,
2568 1211 2795 1270 Crassum
2815 1256 2830 1283 ,
2887 1214 3161 1285 Crassum,
3209 1218 3619 1289 Demosthenem,

2094 1299 2387 1357 Ciceronem
2433 1314 2626 1374 :atque
2668 1308 2952 1362 ostenditur
2986 1308 3298 1365 divinitatem
3339 1328 3372 1365 a
3413 1312 3626 1384 gentili-

2094 1391 2187 1447 bus
2213 1392 2409 1458 eadem,
2427 1410 2529 1466 qua
2572 1396 2671 1451 diis
2700 1398 2827 1466 suis,
2858 1400 3056 1455 ratione
3081 1402 3400 1458 tribuendam
3443 1403 3623 1474 Laidi,

2094 1482 2346 1556 Phrynce,
2368 1483 2643 1555 Larentina,
2667 1498 2816 1559 atque
2844 1491 2969 1562 ipsis
2993 1493 3096 1547 sive
3121 1496 3333 1550 mortuis
3364 1496 3466 1551 sive
3498 1498 3623 1553 vivis

2093 1573 2397 1632 Cwsaribus.
3326 1592 3327 1595 ‘

2094 1669 2276 1725 Altera
2309 1669 2605 1727 tribuenda:
2626 1673 2852 1728 mortuis
2882 1673 3185 1732 hominibus
3211 1673 3509 1736 divinitatis
3527 1696 3619 1737 ra-

2025 1761 2098 1816 tio
2122 1762 2190 1817 ab
2220 1761 2449 1818 ethnicis
2488 1764 2869 1820 dcsumebatur
2900 1783 2962 1822 ex
3001 1767 3213 1823 illorum
3271 1770 3475 1826 meritis
3503 1772 3617 1829 fac-

312 1855 483 1920 Poeta
500 1856 643 1913 enim
673 1856 743 1912 ibi
767 1854 837 1911 de
861 1854 946 1911 his
971 1854 1229 1925 loquitur,
1258 1869 1377 1921 quae
1394 1855 1692 1926 aliquorum
1721 1861 1838 1909 arte
1858 1861 1912 1908 et
1942 1858 1993 1919 B
2023 1855 2193 1927 lisque
2221 1857 2453 1923 eximiis,
2480 1859 2672 1929 quibus
2706 1873 2826 1913 eam
2869 1869 3148 1917 assecutus
3198 1877 3321 1919 esse
3364 1865 3622 1923 audacter
3684 1842 3695 1851 ’

319 1950 532 2021 ingenio
555 1958 770 2021 reperta
799 1948 1032 2006 fuerant.
1058 1948 1295 2006 Verbum
1323 1964 1453 2021 ergo
1478 1948 1774 2014 instituisse,
1807 1963 1915 2004 non

315 2041 422 2095 alio
450 2055 609 2112 quam
639 2041 932 2109 invenisse,
962 2056 1125 2097 sensu
1151 2040 1379 2112 accepit.
1407 2041 1465 2097 Si
1486 2040 1606 2112 quis
1629 2054 1759 2096 vero
1785 2055 1915 2095 con-

317 2132 502 2189 tendat
527 2134 596 2189 ab
617 2134 710 2190 illo
733 2135 1013 2190 instituisse
1038 2134 1264 2202 dictum,
1286 2135 1415 2205 quia
1442 2133 1693 2191 Bacchus
1713 2143 1767 2190 et
1808 2134 1914 2189 Ce-

316 2241 406 2282 res
429 2226 582 2299 panis
628 2242 693 2283 ex
740 2227 1005 2299 frugibus,
1052 2227 1270 2300 vinique
1317 2242 1383 2284 ex
1433 2228 1553 2283 uvis
1590 2225 1916 2283 conﬁciendi

317 2318 533 2376 modum
558 2319 810 2377 docuisse
831 2321 1162 2389 ferebantur,
1192 2306 1298 2375 non
1322 2321 1550 2375 multum
1589 2318 1916 2391 repugnabi-

318 2427 458 2467 mus.
485 2411 678 2467 Verum
709 2412 755 2467 is
785 2427 856 2467 ne
884 2411 1054 2468 hilum
1099 2413 1316 2484 quidem
1349 2412 1477 2468 inde
1505 2412 1771 2483 proficiet.
1802 2411 1914 2467 No-

320 2502 403 2558 bis
427 2503 568 2558 enim
599 2502 756 2574 plane
793 2502 991 2558 sufficit.
1014 2512 1165 2559 certo
1193 2505 1396 2559 certius
1430 2518 1552 2559 esse
1582 2503 1757 2559 nullas
1798 2502 1911 2557 fru-

317 2610 411 2669 ges
454 2612 486 2651 a
533 2597 764 2667 Baccho,
808 2596 1028 2664 Cerere,
1065 2606 1120 2654 et
1163 2599 1399 2654 Minerva
1440 2598 1689 2654 creatas.
1739 2575 1913 2653 Nemi;

318 2691 512 2763 quippe
545 2692 727 2749 obeas
756 2704 852 2748 aut
881 2693 1160 2760 iudicatas,
1196 2703 1286 2750 aut
1315 2703 1584 2765 repertas,
1629 2701 1720 2747 aut
1771 2690 1913 2761 fieri,

319 2792 412 2838 aut
429 2798 548 2840 esse
576 2784 710 2841 deus
732 2794 932 2856 potest.

390 2873 575 2947 Neque
597 2877 731 2932 alius
759 2878 1017 2949 deinceps
1040 2877 1356 2942 audiendus,
1398 2877 1490 2948 qui
1534 2876 1772 2946 objicere
1818 2892 1917 2932 au-

321 2966 446 3020 deat
485 2966 692 3045 frugum
731 2971 1098 3026 inventionem
1131 2976 1293 3024 tantae
1320 2967 1635 3023 hominibus
1660 2983 1782 3023 esse
1813 2969 1918 3024 uti-

324 3058 486 3126 litati,
517 3070 574 3116 ut
600 3046 821 3133 propter
861 3064 1033 3120 solum
1070 3063 1173 3119 hoc
1210 3062 1531 3118 beneficium
1560 3060 1751 3129 Ceres,
1784 3063 1918 3119 Bac-

319 3152 454 3207 chus
491 3161 546 3207 et
582 3152 820 3209 Minerva
863 3154 915 3209 in
948 3154 1171 3211 deorum
1214 3170 1377 3226 grege
1412 3155 1754 3210 annumerari
1800 3170 1920 3212 me-

2018 1948 2389 2004 venditabant.
2438 1952 2504 2004 At
2551 1951 2855 2021 quicunque
2900 1952 2951 2007 id
2999 1954 3143 2009 serio
3203 1958 3620 2028 asseverabant,

2020 2038 2097 2106 hi,
2127 2049 2183 2093 ut
2204 2048 2352 2096 recte
2388 2040 2642 2095 observat
2676 2041 3259 2112 Tertullianus,-fateri
3288 2049 3624 2119 cogebantur

2018 2130 2251 2202 aliquem
2278 2146 2399 2187 esse
2427 2130 2601 2187 Deum
2651 2133 2892 2204 deiﬁcum
2930 2134 3287 2205 (Tertullian.,
3325 2139 3622 2212 Apologet.,

2020 2242 2137 2295 cap.
2169 2225 2255 2291 ll,
2302 2242 2357 2296 p.
2388 2225 2540 2295 555),
2575 2225 2628 2281 id
2659 2237 2748 2282 est
2790 2229 2880 2298 qui
2925 2229 3062 2285 alios
3091 2231 3160 2286 ob
3192 2216 3626 2306 qumdam‘prm—

2019 2316 2162 2372 clara
2184 2314 2326 2372 facta
2361 2317 2493 2372 deos
2524 2317 2703 2373 faciat.
2740 2318 3058 2377 Prmcellens
3084 2337 3213 2392 ergo
3238 2324 3325 2380 ille
3359 2325 3497 2381 Dens
3520 2328 3621 2383 de-

2020 2406 2137 2466 buit
2160 2411 2469 2481 mquissima
2501 2410 2723 2481 iustitiae
2752 2411 2903 2467 lance
2940 2413 3166 2469 aliorum
3201 2417 3393 2472 merita
3418 2419 3625 2489 ponde-

2004 2516 2164 2583 ‘rare,
2189 2512 2240 2557 et
2266 2501 2663 2572 omnipotentia
2693 2517 2788 2556 sua
2829 2502 2948 2559 illos
2974 2503 3154 2559 debito
3181 2508 3404 2576 prmniio
3439 2524 3623 2565 remu-

2003 2588 2220 2650 ‘nerari.
2270 2595 2426 2666 Atqui
2481 2595 2605 2651 huic
2649 2596 2750 2651 soli
2797 2598 3111 2668 mquissimo
3161 2610 3216 2655 et
3266 2602 3624 2672 omnipotenti

2020 2687 2275 2758 cnmpetit
2321 2687 2598 2756 divinitas,
2625 2705 2784 2760 quam
2845 2691 2974 2745 nulli
3019 2692 3198 2759 alteri,
3253 2704 3344 2748 aut
3398 2705 3612 2763 natura,

2019 2788 2112 2835 aut
2154 2780 2478 2852 quibuslibet
2527 2780 2730 2836 meritis
2761 2798 2792 2837 a
2820 2796 2880 2836 se
2931 2781 3182 2838 distincto
3235 2785 3363 2841 dare
3415 2798 3612 2856 p0test.

2021 2867 2282 2940 Suprema
2307 2872 2448 2926 enim
2486 2870 2737 2925 divinitas
2766 2871 2929 2925 dividi
2957 2875 3159 2943 nequit,
3188 2884 3380 2946 atque.
3421 2888 3478 2932 ut
3504 2893 3616 2934 sa:-

2021 2963 2139 3033 pius
2164 2962 2418 3028 diximus,
2449 2963 2591 3019 Deus
2619 2974 2714 3018 aut
2744 2980 2882 3019 unus
2906 2973 3000 3019 aut
3031 2966 3208 3021 nullus
3229 2979 3332 3024 est.

2093 3056 2202 3112 Sed
2236 3071 2355 3128 age,
2394 3056 2587 3127 dieque
2618 3057 2798 3123 nobis,
2843 3059 3106 3128 obsecro,
3135 3076 3380 3131 qumnam
3426 3043 3627 3122 fuerint

2022 3150 2257 3218 Saturni,
2289 3134 2458 3217 lovis,
2483 3150 2734 3216 Junonis,
2759 3152 3095 3224 aliorumque
3114 3155 3370 3240 virtutes,
3398 3158 3626 3215 eximia-

322 3244 545 3299 ruerint.
586 3243 705 3300 Jam
751 3230 897 3301 enim
941 3247 1056 3303 hinc
1102 3248 1239 3303 ratio
1288 3249 1424 3302 satis
1473 3247 1753 3303 confutata
1807 3257 1908 3303 est.
1945 3246 1991 3309 C
2026 3259 2131 3315 que
2171 3244 2398 3311 merita,
2445 3244 2639 3316 quibus
2680 3245 2955 3315 potuerint
2993 3230 3322 3304 divinitatem
3355 3253 3625 3307 emereri?

326 3334 528 3392 Deinde
552 3352 681 3394 vero
707 3340 753 3393 si
792 3338 1018 3409 alicujus
1045 3354 1109 3394 ea
1144 3350 1289 3394 esset
1331 3340 1625 3403 momenti,
1661 3339 1915 3395 Lucullus

318 3425 502 3484 debuit
527 3430 687 3485 etiam
733 3430 866 3487 deus
894 3430 1032 3500 fieri,
1069 3430 1155 3502 qui
1186 3432 1413 3501 primus,
1446 3430 1519 3486 uti
1554 3429 1916 3487 Tertullianus

319 3521 392 3576 ait
422 3539 598 3579 cerasa
627 3524 811 3597 (MSS.
845 3525 1063 3593 cerasia)
1091 3541 1154 3580 ea:
1181 3523 1352 3580 Ponto
1387 3522 1558 3580 Italia:
1573 3526 1914 3596 promulgavit

321 3614 681 3687 (Tertullian.,
710 3618 885 3687 ibid.).
930 3618 1009 3674 Ex
1049 3618 1229 3675 Plinio
1256 3628 1434 3675 autem
1465 3619 1724 3675 discimus
1770 3635 1914 3675 anno

323 3709 470 3766 urbis
494 3712 725 3768 condita:
755 3712 881 3778 680,
912 3720 1033 3783 post
1055 3712 1331 3768 victoriam
1372 3711 1786 3768 Mithridaticam
1818 3728 1914 3768 cev

320 3817 441 3858 rasa
463 3804 532 3859 ab
560 3803 662 3860 hoc
686 3804 912 3861 Lucullo
938 3812 1302 3875 transportata
1324 3803 1489 3860 fuisse
1531 3805 1583 3859 in
1618 3804 1823 3859 Italiam
1851 3821 1914 3859 ex

322 3892 492 3949 Ponto
533 3894 731 3965 (Plin.,
780 3896 870 3952 lib.
906 3894 995 3952 XV
1037 3906 1209 3951 natur.
1251 3894 1419 3962 Hist.,
1457 3912 1505 3950 c.
1531 3895 1625 3964 25,
1658 3915 1713 3967 p.
1755 3897 1913 3968 207),

321 3990 436 4044 sive
484 3998 539 4043 ut
582 3990 654 4043 ait
704 3988 1080 4062 Hieronymus,
1136 3991 1199 4044 de
1245 3988 1534 4061 Cerapunto
1579 3989 1910 4063 (Hieranym.

321 4081 472 4152 epist.
500 4082 589 4137 25.
631 4083 698 4137 ad
745 4081 955 4138 Eustoc.
1003 4100 1122 4156 pag.
1173 4082 1285 4155 60),
1327 4084 1469 4140 unde
1513 4100 1710 4141 nomen
1757 4100 1915 4140 suum

323 4184 616 4229 traxerunt.
648 4174 848 4230 Horum
877 4175 1056 4245 itaque
1077 4176 1442 4245 priestantium
1470 4175 1708 4230 virorum
1732 4187 1916 4231 aucto-

324 4264 481 4321 ritate
509 4265 855 4336 corrigendus
884 4277 966 4320 eSt
996 4265 1130 4321 alius
1157 4265 1470 4322 Tertulliani
1500 4265 1553 4321 in
1587 4266 1823 4321 secundo
1850 4265 1915 4321 ad

322 4356 578 4413 Nationes
605 4358 739 4413 libro
753 4358 923 4425 locus,
953 4357 1043 4413 ubi
1075 4359 1330 4429 scriptum
1356 4359 1617 4428 legimus:
1641 4355 1737 4433 Gn.
1764 4356 1919 4411 Pont-

326 4450 467 4518 peius
492 4450 557 4503 de
578 4447 865 4505 Ponto.....
893 4447 1434 4522 Italiw'prOiitulgavit
1465 4448 1705 4520 (Tertull.
1758 4449 1845 4503 lib.
1874 4448 1921 4503 ll

324 4539 394 4592 ad
425 4538 551 4595 Nat.
582 4556 699 4612 cap.
734 4540 849 4615 16).

2022 3336 2211 3394 Nonne
2253 3338 2483 3409 gentiles
2529 3338 2706 3410 palam
2773 3339 3167 3410 praedicabant,
3196 3342 3627 3415 .insolenterque

2020 3430 2384 3502 gloriabantur
2412 3430 2532 3487 illos
2557 3432 2722 3486 vitam
2751 3432 2947 3486 vixisse
2977 3432 3196 3502 stupris,
3228 3432 3526 3504 adulteriis,
3551 3451 3620 3492 ac

2020 3523 2367 3593 quibuslibet,
2418 3533 2476 3578 ut
2525 3522 2651 3578 alibi
2707 3524 3042 3579 ostendimus
3097 3523 3392 3591 (Dissertat.
3431 3528 3484 3581 in
3527 3527 3627 3582 Ar-

2019 3617 2137 3672 nob.
2180 3633 2298 3688 cap.
2349 3616 2439 3684 l2,
2484 3617 2617 3672 artl
2658 3626 2705 3672 et
2744 3619 2932 3687 seqq.).
2962 3618 3210 3673 maximis
3247 3620 3536 3677 sceleribus
3565 3631 3625 3678 et

2018 3709 2232 3781 flagitiis
2264 3709 2539 3776 infamem,
2580 3724 2645 3765 ac
2680 3710 3138 3767 contaminatam?
3169 3711 3276 3766 Fac
3321 3720 3497 3767 tamen
3526 3728 3625 3772 eos

2019 3812 2099 3859 tot
2129 3803 2393 3874 tantisque
2434 3802 2720 3857 virtutibus
2748 3803 3051 3859 cumulatas
3077 3802 3266 3872 fuisse,
3296 3816 3427 3876 quot
3451 3822 3623 3877 quan-

2019 3897 2192 3968 tisque
2221 3896 2363 3951 vitiis
2385 3895 2887 3967 coinquinahautur;
2907 3912 3003 3952 cur
3027 3911 3155 3967 ergo
3183 3898 3287 3965 his,
3311 3898 3384 3953 ait
3406 3897 3625 3956 Tertul-

2019 3989 2213 4056 lianus,
2248 3988 2301 4042 in
2340 3988 2534 4043 coelum
2578 3988 2823 4053 sublatis,
2847 4002 2911 4043 ac
2940 3987 3218 4044 divinitate
3262 3989 3494 4052 donatis.
3530 3990 3627 4045 alii

2020 4081 2216 4138 virtute
2243 4097 2415 4151 pares,
2446 4091 2607 4152 atque
2627 4083 2788 4136 etiam
2834 4083 3237 4151 przcstantiores
3258 4120 3272 4144 ,
3301 4081 3442 4149 apud
3484 4082 3620 4153 infe-

2020 4192 2103 4230 ros
2142 4175 2315 4231 relicti
2352 4182 2478 4229 sunt
2517 4172 2755 4244 (Tertull.
2787 4171 2974 4241 ibid.)?
3000 4170 3189 4226 Nullus
3217 4172 3358 4225 enim
3405 4174 3620 4242 gentilis

2021 4268 2361 4343 quantumvis
2386 4267 2452 4323 ad
2483 4266 2789 4322 audendum
2832 4265 3125 4333 projectus,
3152 4262 3203 4317 id
3232 4274 3427 4334 negare
3468 4275 3623 4337 pote-

2022 4374 2127 4425 rat,
2152 4362 2292 4432 quod
2314 4358 2752 4416 manifestissime
2776 4362 3033 4426 probatur
3051 4356 3332 4413 illustrium
3361 4361 3622 4426 exemplis

2025 4453 2260 4507 virorum
2303 4466 2527 4521 quorum
2565 4449 2806 4519 egregias
2844 4447 3249 4518 singularesque
3288 4450 3511 4504 virtutes
3535 4450 3622 4518 ip-

2026 4546 2182 4601 simet
2216 4544 2412 4599 ethnici
2440 4544 2663 4598 summis
2691 4540 2998 4597 extulerunt
3029 4541 3295 4595 laudibus.

400 4630 563 4686 Instat
619 4632 709 4688 ille
771 4634 929 4691 ficum
970 4634 1195 4691 viridem
1248 4633 1434 4689 Roma:
1489 4634 1754 4705 cognitam
1813 4633 1999 4699 nonl)
2097 4636 2227 4693 Nam
2270 4645 2326 4689 ut
2368 4636 2634 4706 proposita
2689 4651 2716 4688 a
2760 4633 3088 4689 Tertulliano
3138 4631 3327 4705 (Ιὸιιι.)
3376 4635 3623 4706 exempla

327 4723 512 4787 fuisse,
535 4736 819 4796 antequam
847 4726 973 4782 Cato
994 4744 1111 4783 eam
1140 4726 1347 4783 senatui
1369 4725 1541 4780 intulit
1566 4725 1762 4799 (ibid.).
1790 4726 1921 4782 Tota

328 4824 505 4870 autem
566 4816 681 4871 haec
749 4818 969 4873 historia
1034 4836 1063 4873 a
1121 4818 1291 4873 Plinio
1338 4818 1449 4889 jam
1507 4818 1670 4873 citato
1718 4818 1925 4873 descri-

332 4917 420 4980 pta
449 4919 532 4965 est
552 4908 851 4978 (Plin.,lib.
879 4911 969 4966 XV
991 4923 1160 4967 natur.
1193 4910 1487 4980 Hist.,cap.
1517 4910 1743 4982 18,pag.
1772 4910 1921 4982 198),

330 5011 386 5057 et
427 5018 493 5057 ex
523 5002 635 5067 illa,
682 5004 823 5058 sicut
848 5018 914 5061 ex
945 4988 1227 5075 superiori,
1260 5003 1621 5060 Tertullianus
1660 5003 1931 5058 concludit

331 5093 542 5164 iniquos
584 5110 706 5151 esse
731 5097 988 5167 gentiles,
1022 5097 1110 5167 qui
1138 5097 1407 5159 Cererem,
1440 5095 1804 5161 Bacchum,et
1829 5094 1927 5149 Mi~

331 5200 550 5240 nervam
589 5188 658 5243 ob
687 5187 866 5257 fruges
894 5189 1135 5243 inventas
1167 5189 1217 5243 in
1250 5188 1470 5245 deorum
1504 5203 1723 5243 suorum
1771 5203 1930 5258 repu-

332 5293 491 5334 suere
521 5294 769 5344 numero,
798 5292 852 5336 et
894 5281 1172 5337 Lucullum
1218 5297 1281 5336 ac
1334 5283 1615 5347 Catonem,
1664 5280 1752 5350 qui
1797 5280 1931 5334 alias

335 5369 594 5428 hactenus
624 5375 918 5446 incognitas
943 5375 994 5428 in
1020 5374 1218 5429 Italiam
1248 5374 1580 5442 Romamque
1620 5372 1931 5442 attulerant,

334 5464 479 5532 apud
525 5465 718 5536 inferos
760 5465 1088 5533 reliquerunt.
1130 5464 1236 5520 Sed
1284 5465 1401 5519 haec
1445 5464 1614 5520 fusius
1663 5465 1933 5533 prosecuti

335 5570 524 5612 sumus
564 5557 619 5612 in
656 5558 777 5614 aliis
819 5558 1017 5614 nostris
1060 5557 1519 5614 dissertationibus
1549 5557 1848 5632 (Dissertat.
1880 5560 1934 5613 in

339 5644 532 5704 Minut.
564 5648 700 5715 Oct.,
731 5667 846 5719 cap.
877 5650 967 5718 M,
996 5660 1097 5704 art.
1116 5650 1173 5711 2,
1200 5649 1252 5704 in
1278 5649 1495 5714 Arnob.,
1521 5664 1636 5719 cap.
1668 5648 1727 5715 9,
1756 5658 1855 5703 art.
1875 5650 1932 5717 2,

338 5747 386 5793 et
410 5741 607 5795 dissert.
633 5742 686 5795 in
716 5740 946 5797 Lactant.
980 5758 1095 5813 cap.
1126 5740 1218 5807 30,
1257 5749 1356 5795 art.
1399 5741 1479 5809 5),
1515 5741 1599 5796 ubi
1634 5739 1934 5796 refellimus

341 5830 562 5889 eosdem
586 5835 832 5906 gentiles,
860 5836 951 5907 qui
977 5835 1241 5905 homines,
1268 5834 1340 5892 ob
1365 5833 1563 5892 collata
1589 5834 1710 5892 aliis
1752 5831 1929 5892 homi-

623 5929 1060 5991 TEtt'rULLum
1096 5929 1149 5990 l.

2030 4744 2425 4803 percurramus,
2459 4727 2578 4798 quis
2602 4727 2880 4797 gentilium
2903 4726 3039 4781 deus
3060 4727 3351 4796 sapientior
3377 4728 3621 4798 Socrate,

2028 4825 2119 4894 qui
2149 4822 2408 4893 Apollinis
2436 4822 2674 4887 oracula,
2705 4838 2733 4875 a
2762 4821 2919 4877 nobis
2949 4821 3073 4875 alibi
3101 4822 3267 4876 citato
3298 4822 3536 4892 (Dissert.
3568 4825 3626 4878 in

2031 4915 2219 4970 Minut.
2252 4912 2449 4977 0ctav.,
2484 4931 2601 4984 cap.
2625 4914 2679 4977 3,
2715 4898 2813 4967 art:
2836 4913 2919 4984 2),
2947 4913 3250 4967 mortalium
3275 4916 3509 4969 omnium
3535 4929 3626 4970 sa-

2030 5008 2392 5080 pientissimus
2439 5006 2775 5082 renuntiatus
2824 5005 2941 5061 est?
2988 5007 3057 5059 At
3098 5014 3302 5059 tantum
3349 5006 3518 5071 abest,
3565 5014 3629 5063 ut

2031 5099 2165 5155 deus
2208 5099 2382 5154 dictus
2430 5098 2522 5164 sit,
2569 5097 2697 5167 quin
2751 5096 3159 5151 Atheniensium
3214 5096 3415 5166 judicio
3467 5096 3630 5153 fuerit

2033 5191 2440 5254 condemnatus,
2479 5203 2542 5244 ac
2580 5190 2727 5259 cujus
2756 5188 2925 5252 morti,
2958 5187 3227 5258 inquiebat
3268 5187 3476 5254 Cicero,
3506 5189 3630 5243 illa-

2035 5281 2257 5354 crymari
2282 5281 2438 5346 soleo,
2458 5276 2727 5333 Platonem
2749 5278 2915 5348 legens
2938 5276 3151 5349 (Cicer.,
3194 5278 3283 5333 lib.
3317 5277 3381 5332 ΙΙΙ
3406 5280 3468 5333 de
3496 5277 3631 5347 Mil.

2037 5375 2176 5428 deor.
2201 5370 2408 5442 p.252,
2437 5370 2531 5425 lin.
2570 5369 2689 5440 29).
2725 5369 2799 5425 De
2827 5369 2914 5425 illa
2945 5378 3129 5426 autem
3169 5369 3410 5427 Socratis
3457 5381 3634 5428 morte

2036 5462 2423 5534 disputavimus
2469 5461 2523 5515 in
2570 5460 2936 5531 superioribus
2991 5462 3191 5517 nostris
3236 5462 3629 5520 dissertationi-

2038 5559 2136 5614 bus
2164 5555 2455 5628 (Dissertat.
2481 5555 2535 5609 in
2562 5553 2776 5622 Minut.,
2807 5571 2855 5608 c.
2886 5556 2952 5621 ὅ,
2980 5564 3079 5609 art.
3106 5556 3161 5619 2,
3211 5567 3256 5610 et
3291 5557 3343 5611 in
3373 5557 3636 5628 Lactant,

2040 5666 2156 5719 cap.
2186 5647 2275 5714 14,
2311 5656 2411 5701 art.
2444 5649 2518 5717 l),
2562 5655 2618 5701 et
2652 5646 2809 5717 paulo
2854 5657 2977 5716 post
3018 5646 3195 5702 adhuc
3232 5649 3429 5719 aliquid
3454 5650 3642 5708 dicen.

2040 5740 2166 5796 dum
2195 5737 2356 5810 (lnfr.
2385 5754 2504 5808 cap.
2530 5736 2622 5803 26,
2652 5745 2751 5789 art.
2774 5734 2852 5807 4).

2110 5830 2243 5901 Quis
2294 5830 2567 5903 gentilium
2622 5828 2755 5888 deus
2786 5828 2980 5902 justior
3035 5828 3269 5886 Aristide
3310 5830 3641 5904 (Tertullian.

2874 5920 3352 6005 (Trente-cinq.)
