4212 6262
315 280 453 341 1101

1454 276 1905 339 DlSSERTATIO
1943 278 2006 337 Ι).
2048 277 2136 338 LE
2175 280 2479 340 NOURRY.

3491 291 3631 351 “03

318 400 545 461 tullium,
576 397 841 469 Apaloget.
868 414 981 469 cap.
1017 398 1106 463 i5,
1135 416 1189 470 p.
1219 398 1373 471 547),.
1404 398 1760 463 Meretriciam
1783 412 1911 455 vero
2017 413 2110 461 seu
2162 400 2385 459 deorum
2430 418 2627 475 genus;
2660 415 2715 463 et
2766 407 3000 481 primum
3056 408 3277 481 quidem
3322 410 3623 485 physicum,

316 504 487 551 artem
532 493 656 547 Lais
691 492 902 563 publice
936 494 1251 558 exercebat,
1290 493 1358 549 de
1407 508 1512 565 qua
1565 492 1919 569 Propertius:

472 605 578 670 Non
594 607 675 670 ita
692 604 1007 670 complebant.
1030 606 1255 670 Ephirea:
1276 605 1445 670 Laidis
1457 606 1590 661 33ch

532 667 607 717 Ad
630 666 766 731 cujus
783 666 934 731 jacuit
957 666 1143 731 Graecia
1170 676 1269 718 tota
1302 668 1452 731 fores.
1532 670 1537 675 ⁷

812 729 1065 795 (Properl.
1087 730 1171 782 lib.
1203 730 1405 795 ILBley.
1425 734 1475 791 6,
1506 744 1550 783 υ.
1577 731 1603 781 1
1627 729 1765 792 διε.)

314 812 525 870 Nullum
575 821 755 870 autem
802 813 892 869 illa
944 814 1277 882 admittebat,
1321 816 1424 871 nisi
1472 826 1713 887 accepta,
1753 827 1915 885 quam

314 906 592 978 poscebat,
625 907 866 978 pecuniae
910 922 1139 962 summa.
1165 908 1298 976 Quia
1326 924 1461 966 vero
1497 908 1745 965 Eorinthi
1766 923 1917 964 com-

314 999 642 1062 morabatur,
672 999 798 1055 inde
844 999 1042 1056 factum
1094 1000 1231 1057 illud
1266 1002 1537 1074 adagium,
1588 1001 1915 1059 lioratiiex-

315 1104 559 1161 pressum
589 1089 831 1146 carmine
868 1108 880 1144 :

467 1186 576 1237 Non
599 1186 752 1236 cuivis
774 1187 954 1236 homini
975 1188 1213 1239 continuit
1234 1189 1371 1239 adire
1388 1188 1689 1239 Corinthun.

813 1251 1010 1310 (Horat.
1028 1247 1113 1301 lib.
1142 1247 1188 1313 ἱ,
1215 1248 1352 1316 epist.
1382 1252 1457 1311 l7,
1483 1264 1528 1303 υ.
1555 1252 1660 1315 56.)

309 1332 495 1390 Sotion
530 1349 714 1406 porro,
748 1334 816 1389 ab
843 1336 909 1390 A.
940 1336 1114 1392 Gellio
1143 1337 1336 1392 citatus
1364 1334 1521 1409 (Gell.
1554 1338 1643 1395 lib.
1679 1335 1718 1401 I,
1756 1334 1909 1391 Noct.

309 1427 438 1485 Atti.
467 1443 585 1497 cap.
610 1428 663 1494 8,
682 1443 745 1495 vp.
769 1427 891 1498 57),
916 1436 1099 1483 narrat
1120 1427 1536 1489 Demosthenem
1567 1427 1911 1499 respondisse

312 1532 370 1573 se
404 1516 533 1575 lauti
576 1532 683 1573 non
723 1532 906 1573 emere
947 1520 1338 1590 penitentiam.
1371 1519 1446 1575 De
1468 1534 1533 1576 ea
1558 1534 1658 1582 nos
1699 1518 1907 1589 aliquid

313 1612 443 1673 alibi
492 1612 868 1669 annotavimus
917 1611 1087 1684 (Tom.
1141 1612 1442 1685 lApparat.
1502 1632 1559 1683 p.
1618 1612 1802 1683 1241),
1850 1627 1913 1669 ac

313 1704 465 1776 plura
511 1704 557 1760 si
592 1704 743 1770 velis,
770 1705 854 1760 adi
886 1705 1199 1761 Pausaniam
1228 1705 1481 1777 (Pausan.
1511 1706 1599 1760 lib.
1624 1704 1687 1766 ll.
1715 1723 1769 1776 p.
1792 1705 1908 1776 4‘2),

2023 493 2136 549 sive
2183 495 2445 562 naturale,
2494 497 2635 568 quod
2689 499 2991 571 philosophi
3042 504 3267 575 gentiles
3317 505 3370 561 in
3416 507 3621 563 scholis

2023 588 2153 649 suis,
2174 587 2573 660 innumerisque
2590 602 2724 661 pene
2740 591 2791 645 in
2812 594 3351 650 commentationibus
3378 612 3625 654 asserere

2020 674 2218 743 frustra
2250 680 2429 735 conati
2461 690 2605 737 sunt.
2639 681 2771 738 Nam
2804 684 2918 740 hmc
2959 694 3083 739 sunt
3124 685 3342 756 hujusce
3368 687 3626 750 Varronis

2020 770 2187 826 citata
2217 772 2284 828 ab
2336 775 2637 851 Augustino
2677 778 2833 834 verba
2866 796 2879 832 :
2916 778 3111 834 Multos
3148 779 3303 835 libros
3333 782 3626 852 philosophi

2019 864 2349 935 reliquerunt,
2382 869 2433 922 in
2455 870 2634 941 quibus
2679 882 2751 925 est
2776 890 2793 926 :
2821 871 2908 926 Dii
2940 874 3026 944 qui
3052 874 3187 939 sint,
3215 874 3300 928 ubi
3338 875 3458 943 sint,
3486 879 3624 949 quod

2018 971 2195 1026 genus,
2250 960 2431 1028 quale,
2488 978 2519 1014 a
2580 978 2801 1033 quonam
2877 975 3121 1036 tempore,
3164 983 3231 1041 an
3293 983 3327 1019 a
3360 969 3624 1041 sempiter-

2017 1064 2083 1102 no
2124 1050 2348 1121 fuerint,
2394 1070 2461 1107 an
2502 1071 2565 1108 ea:
2604 1056 2719 1126 igne
2745 1057 2863 1121 sint,
2909 1068 2961 1110 ut
3006 1044 3163 1113 credit
3214 1058 3625 1128 Heraclitus;an

2017 1156 2081 1193 ea:
2106 1143 2349 1209 numeris,
2405 1153 2462 1199 ut
2507 1144 2872 1219 Pythagoras;
2912 1166 2977 1204 an
3008 1167 3070 1204 ea:
3106 1151 3308 1219 atomis,
3354 1164 3407 1208 ut
3439 1153 3628 1225 Epicu-

2016 1249 2124 1300 rus,
2147 1234 2220 1288 sic
2239 1236 2343 1290 alia
2371 1253 2483 1308 quia
2509 1239 2715 1311 [acilius
2740 1242 2875 1296 intra
2915 1245 3127 1313 parietes
3153 1246 3205 1298 in
3241 1247 3438 1315 schola,
3470 1265 3624 1317 quam

2017 1329 2236 1382 extrain
2266 1328 2378 1398 foro
2400 1334 2533 1400 ferre
2555 1346 2763 1402 possunt
2788 1352 2933 1391 aures
2963 1337 3198 1411 (August.
3229 1339 3317 1392 lib.
3346 1339 3429 1406 Vl,
3459 1340 3521 1393 de
3550 1341 3625 1394 ci-

2016 1419 2103 1471 vit.
2130 1435 2245 1489 cap.
2280 1420 2335 1487 5,
2363 1422 2605 1492 p.150).
2657 1424 2764 1481 Sed
2795 1425 2879 1482 ha:
2925 1427 3367 1499 phiIOSOphorum
3407 1431 3474 1487 de
3524 1432 3626 1489 diis

2016 1507 2387 1567 dissensiones
2454 1522 2507 1567 et
2559 1519 2942 1573 controversiae
3010 1522 3349 1590 apertissime
3401 1522 3625 1578 demon-

2015 1609 2188 1656 stram
2240 1603 2399 1659 falsas
2439 1607 2806 1680 ahsurdasque
2851 1613 3063 1682 penitus
3115 1613 3282 1670 fuisse
3314 1614 3523 1672 illorum
3555 1616 3623 1674 de

2016 1695 2120 1750 diis
2150 1698 2259 1751 suis
2289 1698 2593 1771 opiniones.

313 1786 629 1853 Athenaeum
660 1794 865 1868 (At/ten.
888 1796 976 1850 lib.
1010 1796 1147 1861 Xlll,
1169 1813 1284 1868 cap.
1311 1797 1364 1864 6,
1394 1814 1447 1868 p.
1481 1796 1634 1868 587),
1663 1796 1911 1853 Ot‘idium
1941 1796 1990 1859 B
2090 1788 2396 1846 Secundum
2445 1793 2668 1850 deorum
2717 1811 2887 1866 genus
2934 1797 3107 1853 Varro
3160 1798 3476 1870 mythicum,
3524 1818 3623 1860 seu

318 1885 521 1958 (Quid,
548 1885 634 1940 lib.
680 1884 724 1952 Ι,
769 1888 944 1941 Amor.
976 1887 1123 1960 Eleg.
1150 1888 1204 1953 5,
1238 1905 1290 1942 v.
1324 1887 1413 1961 12)
1456 1888 1718 1959 aliosque.
1748 1887 1908 1945 Calli-

310 1984 513 2047 stratus
560 1991 688 2032 vcro
731 1976 800 2031 ab
845 1978 1034 2033 eodem
1083 1979 1345 2037 Athenaeo
1372 1978 1638 2045 inuitatus,
1667 1993 1765 2035 nos
1814 1979 1909 2035 ad-

309 2068 518 2125 monuit
565 2078 914 2125 memoratam
961 2069 1136 2126 adhuc
1183 2086 1216 2127 a
1263 2070 1909 2143 Tertulliano~Phrynen

306 2157 444 2223 adeo
485 2158 648 2219 luisse
695 2158 949 2227 divitem,
998 2170 1055 2216 ut
1104 2162 1338 2232 pollicita
1384 2163 1452 2217 sit
1486 2162 1557 2218 'se
1603 2161 1908 2219 Thebarum

308 2251 506 2317 mania
529 2259 977 2317 Construeturam,
1001 2254 1045 2308 si
1076 2254 1446 2309 adscriberetur
1475 2272 1488 2308 :
1513 2248 1794 2325 Ᾰλεξινδρὸς
1823 2265 1908 2323 μὲν

307 2350 594 2410 κατέσκαψεν
614 2383 627 2405 ,
658 2345 885 2404 ἀνέστησε
929 2348 979 2397 δὲ
1005 2353 1163 2417 Φρυνῆ
1189 2355 1218 2406 ἠ
1245 2352 1436 2417 irrupit.
1467 2346 1754 2401 Alexander
1795 2348 1908 2418 qui-

307 2433 420 2487 dem
451 2435 586 2506 fecit,
612 2433 823 2505 Phryne
849 2445 1013 2490 autem
1052 2446 1273 2493 scortum
1300 2438 1473 2507 refecit
1510 2438 1767 2511 (Atticm).
1799 2440 1907 2505 Sed

306 2523 375 2582 de
405 2526 493 2585 illa
531 2542 627 2581 nos
656 2526 806 2597 plura
842 2527 968 2583 alibi
998 2528 1402 2584 observavimus
1426 2528 1601 2598 (Tom.
1639 2530 1691 2585 1.
1725 2530 1902 2602 Appa-

304 2630 400 2675 ral.
431 2637 484 2697 ρ.
509 2620 638 2689 550,
656 2631 701 2675 et
748 2621 871 2677 744.
899 2632 947 2676 et
971 2620 1187 2676 Dissert.
1212 2623 1264 2677 in
1283 2622 1473 2678 Arnob.
1498 2640 1544 2679 c.
1570 2622 1662 2689 22,
1686 2634 1786 2678 art.
1821 2626 1903 2693 5).

376 2712 611 2783 Denique
642 2715 840 2769 Auctor
886 2724 1086 2780 noster,
1140 2726 1198 2770 ut
1224 2716 1416 2771 acriori
1458 2716 1676 2773 stimulo
1713 2716 1900 2773 confo-

304 2803 416 2861 diat
441 2806 703 2872 ethnicos,
737 2806 805 2862 ab
845 2808 924 2864 eis
970 2808 1274 2864 sciscitatur
1316 2824 1412 2863 cur
1444 2809 1708 2878 pessimos
1731 2809 1905 2867 homi-

302 2913 419 2966 nes,
447 2909 499 2955 et
520 2900 659 2969 aliis,
682 2916 816 2972 quos
843 2903 1236 2975 recensuimus,
1262 2902 1561 2959 illustribus
1587 2902 1717 2958 viris
1740 2904 1905 2977 longe

301 2990 695 3063 pejores,.deos
741 2991 980 3053 fecerint.
1008 2993 1279 3065 Numquid
1320 2993 1611 3064 aliquando
1632 2995 1895 3062 clausum,

300 3085 489 3157 inquit,
514 3085 613 3143 fuit
638 3087 856 3154 ccelum,
892 3099 944 3144 ut
974 3088 1101 3144 illud
1134 3076 1449 3159 optimi‘viri
1478 3104 1586 3147 non
1617 3090 1904 3160 potuerint

2017 1880 2319 1938 fabulosum
2377 1886 2589 1940 vocavit
2622 1904 2634 1940 :
2670 1887 2710 1940 Α
2740 1887 2929 1958 fabulis
2964 1890 3119 1954 enim,
3149 1892 3227 1945 ait
3267 1893 3619 1962 Anguninus,

2012 1974 2269 2045 mythicon
2298 1975 2489 2031 dictum
2514 1989 2622 2042 est;
2667 1979 2906 2049 quoniam
2931 1982 3076 2048 μῦθος
3106 1997 3268 2050 grwce
3293 1981 3467 2051 fabula
3492 1985 3621 2039 dici-

2012 2064 2332 2138 tur-(Ibid).
2377 2069 2446 2122 At
2476 2067 2653 2125 ﬁctum
2689 2069 2814 2125 illud
2846 2069 3018 2125 fuerat
3043 2087 3072 2125 a
3122 2072 3325 2141 poetis,
3355 2075 3445 2144 qui
3493 2074 3620 2130 deo-

2016 2172 2134 2213 rtmi
2160 2158 2563 2229 generationes,
2586 2169 2795 2231 stupra,
2823 2160 3108 2224 adulteria,
3136 2177 3198 2216 ac
3237 2163 3489 2234 qualibet
3514 2167 3617 2221 alia

2013 2245 2241 2303 nefanda
2315 2248 2550 2307 facinora
2621 2252 2995 2309 decantavere.
3058 2253 3438 2310 Verumtamen
3503 2257 3619 2327 ipse

2011 2338 2203 2404 Varro,
2236 2349 2369 2399 teste
2399 2341 2575 2397 adhuc
2597 2342 2896 2414 Augustino
2930 2341 3121 2414 (Idem.
3158 2344 3249 2398 lib.
3274 2344 3360 2411 ιν,
3387 2361 3503 2417 cap.
3523 2346 3615 2415 52,
3644 2394 3653 2403 κ

2009 2449 2065 2502 ρ.
2096 2433 2248 2506 112),
2293 2434 2465 2505 palam
2510 2433 2790 2492 confessus
2836 2446 2920 2493 est
2977 2437 3212 2509 majores
3256 2454 3351 2495 seu
3404 2450 3615 2497 veteres

1960 2516 1963 2521 ’
2007 2525 2280 2583 Romanos
2323 2529 2447 2594 illis,
2479 2528 2746 2587 horrenda
2778 2531 2863 2585 illa
2894 2530 3119 2587 deorum
3148 2533 3346 2605 ﬂagitia
3371 2550 3434 2590 ac
3476 2550 3611 2590 con-

2003 2618 2147 2689 jugia
2189 2618 2609 2687 venditantihns,
2655 2621 2814 2677 fidem
2857 2622 3145 2691 habuisse;
3177 2626 3302 2696 quia
3351 2626 3615 2696 imperita:

2008 2711 2180 2787 plebis
2225 2712 2509 2768 multitudo
2535 2713 2601 2768 ad
2645 2715 2743 2769 hos
2795 2724 2980 2785 poetas
3029 2716 3197 2789 magis
3222 2715 3611 2785 inclinabatur,

2006 2819 2165 2875 quam
2212 2805 2278 2860 ad
2322 2806 2593 2877 physicos.
2631 2807 2760 2875 Quis
2804 2816 2981 2862 autem
3032 2807 3317 2863 maximam
3368 2809 3608 2881 profecto

2006 2908 2287 2971 utramque
2330 2898 2657 2968 impietatem
2717 2916 2823 2954 non
2871 2900 3208 2956 detestetur?
3247 2902 3379 2958 Nam
3425 2904 3613 2977 populi

2008 2990 2107 3051 hos
2141 2992 2481 3062 quantumvis
2512 2992 2735 3048 infames
2780 2992 3141 3064 ridiculosque
3169 2993 3301 3051 deos
3351 2996 3495 3053 serio
3521 3012 3613 3053 co-

2006 3084 2208 3139 lebant.
2252 3083 2352 3139 Alii
2399 3099 2527 3140 vero
2580 3084 2645 3140 iis
2693 3085 3065 3156 Sapientiores,
3117 3087 3269 3144 malis
3304 3088 3611 3144 dmmonum

301 3175 553 3249 deinceps
587 3180 955 3250 ingredi?Cur
995 3196 1125 3252 ergo
1174 3181 1302 3237 illud
1335 3190 1521 3252 postea
1571 3188 1966 3254 aperueruntc
2006 3176 2145 3235 dolis
2184 3193 2246 3234 ac
2274 3177 2552 3236 fraudibus
2583 3179 2821 3244 incitati,
2865 3180 3109 3235 incautos
3154 3180 3292 3255 vulgi
3321 3182 3530 3237 animos
3555 3185 3611 3239 in

301 3269 416 3323 suis
435 3268 759 3338 Caesaribus,
785 3288 895 3328 non
924 3273 1084 3328 modo
1112 3275 1357 3342 mortuis,
1389 3275 1484 3331 sed
1511 3276 1671 3332 etiam
1716 3277 1897 3333 viven-

302 3360 463 3429 tibus,
495 3365 746 3435 omnique
777 3366 1096 3437 flagitiorum
1129 3383 1332 3440 genere
1359 3368 1583 3438 perditis
1613 3383 1676 3425 ac
1718 3369 1896 3427 disso-

297 3454 458 3515 lutis?
478 3455 764 3529 Numquid,
796 3460 1119 3531 pergitille,
1146 3461 1322 3527 vobis,
1352 3475 1385 3515 ο
1426 3461 1649 3529 ethnici,
1689 3471 1898 3533 accepto

299 3548 461 3620 ferent
491 3550 571 3619 dii,
607 3553 786 3618 vestri,
816 3554 917 3609 into
959 3553 1385 3625 gratulabuntur,
1418 3553 1555 3627 quod
1599 3571 1746 3625 pares
1773 3556 1908 3623 ﬁant.

298 3642 371 3697 eis
400 3643 591 3698 domini
613 3644 692 3698 sui
720 3643 1052 3713 (Tertullian.
1082 3644 1349 3717 Apologet.
1375 3662 1491 3715 cap.
1523 3646 1610 3710 l5,
1643 3663 1697 3716 ρ.
1734 3644 1899 3716 547)2

298 3731 477 3790 locari
515 3751 638 3790 eum
669 3736 912 3807 profecto
959 3738 1145 3815 sentis,
1200 3748 1253 3793 et
1297 3737 1655 3808 imperatores
1700 3738 1769 3794 ab
1808 3737 1900 3794 illo

300 3824 523 3885 deorum
544 3828 791 3884 dominos
809 3829 1057 3900 appellari
1092 3847 1108 3887 :
1130 3830 1320 3901 quiain
1333 3845 1540 3894 eorum,
1566 3838 1621 3883 ut
1638 3829 1748 3901 jam
1770 3829 1901 3885 dixi-

298 3934 439 3985 mus,
465 3930 728 3992 potestate
770 3931 885 3977 erat
928 3931 1023 3978 aut
1048 3938 1214 3979 novos
1259 3924 1435 3980 facere
1458 3923 1590 3980 deos
1623 3964 1640 3991 ,
1674 3933 1767 3979 aut
1786 3925 1898 3995 jam

300 4009 472 4068 factos
516 4015 705 4069 tollere
744 4014 812 4070 de
838 4014 1039 4071 medio.
1077 4014 1192 4072 Nec
1222 4015 1401 4075 minus
1431 4015 1780 4086 perspicuum
1819 4023 1902 4072 est

302 4118 462 4175 quam
491 4106 682 4162 validis
707 4107 795 4163 ille
821 4108 1115 4164 rationibus
1139 4107 1479 4165 demonstret
1512 4106 1646 4162 nihil
1687 4107 1755 4164 ab
1783 4106 1901 4163 eth-

301 4197 435 4255 nicis
483 4198 609 4272 fingi
666 4201 903 4271 potuisse
956 4201 1244 4269 insulsius,
1316 4218 1475 4273 quam
1536 4200 1787 4257 homines
1832 4202 1903 4269 ob

300 4289 542 4369 qua'dam
575 4293 786 4362 merita,
837 4302 930 4350 aut
966 4293 1223 4351 nonnulla
1248 4293 1445 4349 eximia
1475 4291 1707 4349 facinora
1736 4289 1909 4347 factos

300 4396 422 4448 esse
448 4384 600 4453 deos,

898 4495 1196 4539 ABTICULUS
1225 4496 1295 4535 Ν.

2002 3287 2096 3327 sua
2128 3272 2239 3343 ipsa
2272 3272 2555 3344 religione,
2582 3289 2699 3345 qua:
2746 3288 2952 3329 summa
2997 3290 3179 3330 rerum
3204 3286 3307 3344 est,
3333 3275 3605 3344 fallebant,

2000 3373 2092 3420 aut
2120 3364 2226 3419 falli
2258 3364 2619 3435 patiebantur.

2073 3454 2309 3511 Tertium
2329 3472 2488 3527 porro
2511 3456 2792 3528 theologia:
2814 3470 2909 3513 seu
2929 3455 3151 3512 deorum
3172 3473 3344 3530 genus
3369 3459 3607 3530 appella-

2004 3556 2087 3603 tur
2114 3548 2289 3616 civile,
2323 3562 2419 3605 seu
2453 3549 2651 3604 civium
2694 3558 2749 3603 et
2792 3550 3134 3622 populorum,
3170 3549 3219 3604 id
3251 3560 3353 3618 est,
3393 3550 3606 3606 illorum

2001 3638 2264 3708 deorum,
2313 3655 2448 3711 quos
2501 3640 2679 3715 populi
2725 3640 2827 3696 sibi
2880 3658 2974 3711 pro
3016 3636 3341 3698 arbitrio‘et
3387 3642 3608 3698 libidine

2002 3733 2407 3804 adoptaverant.
2458 3733 2564 3789 Sed
2620 3743 2979 3804 prseterquam
3034 3735 3174 3803 quod
3220 3735 3322 3791 hoc
3378 3736 3605 3792 deorum

2001 3840 2171 3899 genus
2198 3826 2263 3881 ad
2290 3826 2581 3881 secundum
2606 3836 2659 3882 et
2700 3826 3024 3893 fabulosum,
3069 3830 3142 3883 uti
3165 3830 3273 3897 jam
3301 3829 3543 3886 laudatus
3572 3847 3605 3886 a

2002 3919 2157 3973 nobis
2181 3918 2513 3990 Augustinus
2544 3918 2700 3976 docet
2745 3920 2764 3991 (
2794 3917 2957 3985 Idem,
2984 3920 3072 3975 lib.
3113 3920 3193 3985 Vl,
3230 3938 3345 3992 cap.
3389 3923 3442 3987 7,
3469 3941 3591 3995 pag.

2006 4009 2153 4083 155),
2189 4010 2343 4082 plane
2370 4012 2622 4078 refertur,
2648 4010 2773 4082 quid
2802 4011 3087 4067 absurdius
3131 4029 3292 4082 quam
3320 4012 3452 4068 deos
3480 4014 3600 4069 illos

2005 4104 2247 4172 credere,
2281 4120 2415 4177 quos
2447 4119 2647 4160 caecum
2701 4104 3054 4175 insanumque
3083 4103 3289 4175 vulgus,
3327 4113 3447 4174 post
3474 4105 3603 4161 vitae

2006 4195 2164 4268 hujus
2217 4197 2458 4252 mortali:-
2510 4206 2718 4267 tempns
2766 4196 2911 4250 omni
2967 4194 3231 4250 scelerum
3271 4211 3488 4269 genere,
3522 4197 3602 4254 uti

2006 4288 2202 4359 saepius
2224 4289 2477 4357 diximus,
2504 4289 2812 4356 decursum,
2842 4303 3066 4343 numero
3103 4289 3325 4346 deorum
3370 4292 3605 4350 adscribi

2007 4382 2305 4443 tinxerant?
2364 4402 2372 4409 ·

2079 4471 2296 4543 Triplex
2345 4482 2528 4527 autem
2578 4471 2707 4529 illud
2752 4471 2977 4527 deorum
3026 4490 3198 4545 genus
3241 4475 3602 4532 Tertullianus

242 4610 247 4613 Α
301 4573 575 4646 Refellitur
604 4576 780 4644 ﬁctum
807 4591 838 4629 a
869 4573 1096 4631 Varrone
1124 4574 1311 4645 triplex
1325 4571 1534 4627 deorum
1549 4586 1704 4642 genus
1732 4570 1904 4643 :phy-
1927 4581 1984 4643 Β
2009 4574 2189 4622 noster
2218 4564 2380 4620 variis
2399 4565 2664 4620 rationum
2688 4565 2998 4630 momentis,
3043 4581 3106 4620 ac
3135 4574 3316 4635 postea
3346 4565 3601 4638 Augusti-

372 4670 554 4738 sicum,
582 4686 671 4724 seu
709 4670 974 4736 naturale;
999 4670 1296 4740 mythicum,
1344 4666 1447 4722 sive
1494 4663 1813 4736 fabulosum;
1853 4675 1903 4721 et

374 4762 578 4833 gentile,
606 4762 710 4816 sive
738 4763 883 4817 civile
910 4772 955 4818 et
984 4762 1246 4834 populare.

374 4853 662 4912 Gentilium
693 4855 761 4912 de
798 4857 903 4913 diis
929 4858 1040 4913 suis
1068 4871 1301 4924 errores,
1336 4863 1395 4913 ut
1421 4854 1789 4919 Tertullianus
1815 4876 1901 4917 ra-

301 4944 496 5004 dicitus
516 4947 731 5014 evellat,
759 4950 812 5004 in
836 4949 1072 5005 secundo
1094 4962 1194 5005 suo
1217 4947 1285 5005 ad
1317 4947 1575 5007 Nationes
1598 4951 1735 5011 libro
1763 4950 1902 5024 (Ter-

304 5041 417 5097 tull.
450 5042 539 5099 lib.
582 5041 626 5097 Il
670 5045 741 5098 ad
769 5042 918 5099 Nati.
945 5061 1061 5113 cap.
1088 5045 1112 5099 i
1143 5055 1190 5099 et
1212 5060 1371 5117 seqq.,
1407 5062 1459 5116 p.
1488 5045 1557 5103 δι
1579 5056 1627 5103 ει
1644 5046 1807 5118 seqq.)
1838 5062 1904 5103 ca

303 5135 481 5190 omnia
526 5134 743 5201 refellit,
770 5151 891 5206 quae
935 5135 1002 5192 de
1028 5135 1195 5192 illisa
1224 5136 1469 5201 Varrone
1515 5139 1571 5195 in
1614 5139 1794 5197 citatis
1832 5139 1902 5196 ab

305 5225 602 5297 Augustino
650 5227 923 5284 sexdecim
972 5228 1040 5284 de
1084 5228 1280 5287 divinis
1330 5230 1493 5287 rebus
1520 5230 1671 5286 libris
1711 5231 1907 5289 tradita

303 5318 512 5377 fuerant
539 5320 803 5393 (August.,
845 5321 932 5376 lib.
978 5320 1068 5389 IV,
1123 5322 1186 5377 de
1233 5323 1369 5377 civit.
1420 5339 1538 5394 cap.
1566 5322 1622 5392 2,
1652 5342 1707 5395 p.
1750 5324 1903 5395 147).

303 5408 455 5469 Illum
485 5420 663 5469 autem
690 5412 1004 5475 nominatim
1029 5413 1417 5471 confutandum
1451 5430 1573 5472 esse
1613 5414 1909 5473 arbitratus

294 5514 417 5574 est;
446 5508 573 5577 quia
614 5509 855 5569 omnium
890 5509 1238 5579 scriptorum,
1268 5516 1327 5567 ut
1352 5523 1454 5571 suo
1501 5508 1621 5565 loco
1665 5508 1906 5567 ostendi-

302 5614 423 5656 mus
452 5601 747 5670 (Dissertat.
790 5606 845 5658 in
888 5602 1129 5659 Lactant.
1161 5619 1282 5674 cap.
1314 5602 1437 5670 ult.,
1464 5610 1565 5657 art.
1603 5600 1684 5676 5),
1714 5602 1906 5667 acutis-

302 5694 472 5754 simus
494 5682 942 5777 doctissimusque
967 5698 1409 5755 existimabatur.

377 5788 594 5863 Triplex
636 5802 817 5855 autem
858 5794 946 5852 ille
981 5791 1302 5851 distinxerat
1342 5791 1558 5864 gentilis
1592 5790 1903 5864 theologia,

2006 4675 2104 4715 nus
2126 4658 2364 4714 funditus
2403 4656 2870 4730 evertunt(ldem',
2894 4658 2983 4713 lib.
3015 4658 3097 4724 VI,
3139 4675 3253 4731 cap.
3290 4660 3324 4715 5
3350 4671 3399 4715 et
3434 4677 3599 4734 seqq.,

2004 4769 2123 4825 pag.
2154 4752 2258 4809 l50
2284 4761 2330 4807 et
2358 4749 2541 4823 seqq.).
2576 4750 2805 4807 Necesse
2833 4751 2991 4823 igitur
3015 4767 3119 4806 non
3153 4761 3255 4818 est,
3286 4763 3343 4808 ut
3388 4768 3450 4809 ea
3480 4769 3603 4825 qua:

2004 4846 2072 4903 ab
2119 4845 2221 4901 hoc
2262 4854 2410 4901 tanto
2450 4844 2673 4901 doctore
2711 4844 3016 4900 exauiinata
3054 4845 3437 4918 enucleataque
3476 4856 3604 4903 sunt

2005 4938 2201 5013 (Idem,
2226 4938 2313 4993 lib.
2354 4937 2444 5004 ιν,
2468 4955 2582 5012 cap.
2612 4939 2675 4994 5i
2703 4948 2749 4992 et
2775 4954 2934 5008 seqq.,
2958 4946 3008 4991 et
3053 4937 3141 4991 lib.
3164 4936 3300 5003 Vill,
3342 4957 3457 5011 cap.
3503 4941 3527 4996 1
3556 4952 3603 4996 et

2006 5051 2166 5106 seqq.,
2194 5051 2316 5107 pag.
2365 5032 2468 5089 162
2514 5042 2559 5087 et
2587 5032 2773 5103 scqq.),
2819 5031 3128 5103 singillatim
3172 5046 3201 5085 a
3251 5033 3407 5088 nobis
3460 5047 3605 5089 nunc

2007 5130 2362 5200 explicentur.
2396 5126 2594 5182 Deinde
2623 5139 2751 5180 vero
2798 5123 2844 5178 si
2893 5123 3019 5193 quid
3052 5124 3104 5177 in
3150 5124 3229 5179 eis
3270 5124 3605 5181 difﬁcultatis

2008 5224 2260 5290 occurrit,
2295 5221 2427 5278 idin
2475 5220 2574 5276 hac
2617 5220 2847 5290 aliisque
2891 5217 3089 5277 nostris
3139 5217 3606 5277 dissertationibus

2008 5332 2106 5393 pro
2137 5315 2275 5373 virili
2307 5323 2457 5387 parte
2482 5321 2664 5371 nostra
2693 5309 3093 5381 complanatum
3113 5318 3213 5366 est.

2580 5403 2803 5475 CAPUT
2842 5402 3036 5459 xxvr.

2013 5505 2178 5573 Quam
2198 5503 2479 5560 luculenter
2503 5496 2849 5554 Tertullianus
2880 5497 3197 5553 ethnicorum
3215 5496 3416 5565 litteris,
3446 5498 3611 5572 scrip-

2151 5601 2313 5669 tisque
2332 5596 2561 5653 ostendat
2592 5593 2755 5665 falsos
2774 5608 2880 5646 esse
2906 5608 3077 5645 omnes
3090 5592 3297 5645 illorum
3321 5592 3459 5646 deos.

2542 5700 2835 5745 ARTICULUS
2874 5700 3082 5742 PRIIUS.

2012 5784 2278 5860 Quomodo
2314 5780 2664 5843 Tertullianus
2683 5780 2989 5836 demonstret
3018 5778 3175 5850 falsos
3208 5793 3318 5836 esse
3342 5778 3613 5852 gentilium
