4212 6262
587 311 729 379 1103
834 342 846 365 ο

1642 308 1710 366 IN
1750 296 2211 365 TEBTULLIANI
2248 296 2783 361 APOLOGETICUM

3750 290 3899 355 1104

663 439 782 495 deos
801 454 865 493 ex
891 433 1087 499 litteris,
1114 429 1292 503 quibus
1313 429 1383 483 ad
1412 425 1736 499 prudentiam
1758 435 1803 481 et
1824 423 2054 480 liberalia
2081 420 2183 492 oﬂi—
2205 420 2263 481 Α
2286 419 2516 491 scriptor
2533 429 2636 488 est,
2666 429 2777 476 tum
2805 418 2928 488 quia
2960 417 3155 489 scripta
3178 414 3334 472 illius
3362 413 3496 470 tanti
3527 412 3817 480 faciebant,
3838 420 3902 469 ut

585 534 598 605 ς
664 532 743 585 cia
763 527 1192 601 informabantur,
1232 532 1381 593 atque
1423 519 1939 583 docebantur‘varias
1977 516 2191 571 deorum

585 633 593 692 ;
663 625 795 677 inter
816 638 870 676 se
893 635 1111 693 pugnas,
1146 616 1393 672 Venerem
1416 617 1716 682 sauciatam,
1735 611 1950 667 Martem
1974 609 2190 667 uinculis

663 718 751 771 diu
788 716 1108 781 adstrictum,
1134 713 1315 770 Jovem
1359 732 1391 768 a
1416 722 1643 768 monstro
1670 713 1956 778 liberatum,
1980 708 2058 763 vel
2104 721 2192 761 ca-

665 825 779 862 sum
802 806 1117 880 Sarpedonis
1137 808 1363 878 ﬂentem,
1381 807 1460 861 vel
1480 805 1740 861 subantem
1761 806 1814 860 in
1834 803 2023 859 sororis
2047 818 2229 880 amo-_

666 915 808 964 rem;
832 899 949 953 item
968 898 1219 971 Apollinis
1240 906 1286 952 et
1314 898 1545 971 Neptuni
1571 897 1879 963 servitutem,
1896 894 2190 965 judicatum

666 994 881 1066 fulmine
916 991 1306 1066 zEsculapium,
1337 1008 1397 1046 ac
1424 991 1682 1062 tragtediis
1711 998 1998 1062 poetarum,
2026 986 2192 1049 nomi-

587 1066 598 1084 ’
665 1084 826 1139 nolint
852 1100 968 1138 vero
982 1082 1186 1138 Lentuli
1210 1091 1255 1138 et
1297 1081 1528 1149 Hostilii,
1558 1082 1773 1151 aliisque
1797 1077 2078 1134 masculum
2107 1076 2191 1131 lu-

664 1191 785 1231 nam
811 1174 1160 1230 irridentibus.

664 1268 741 1324 Ea
768 1275 852 1324 est
877 1268 1078 1322 erroris
1100 1274 1308 1333 natura,
1335 1274 1393 1320 ut
1419 1264 1511 1320 ditt
1544 1263 1645 1319 sibi
1676 1262 1778 1333 ipsi
1798 1277 1916 1317 non
1958 1265 2189 1327 constet,

592 1362 952 1435 seqneipsum
987 1370 1097 1416 tum
1125 1361 1292 1417 etiam
1327 1359 1593 1424 destruat,
1637 1372 1762 1413 cum
1806 1354 2062 1412 audacius
2105 1367 2193 1407 ca-

591 1465 690 1528 put
742 1454 960 1510 attollit.
1010 1453 1126 1509 Non
1177 1452 1372 1509 mirum
1427 1452 1627 1522 itaque,
1675 1452 1720 1506 si
1768 1449 1969 1506 ethnici
2012 1446 2191 1503 datam

591 1549 820 1605 mortuis
871 1547 1178 1603 hominibus
1231 1546 1566 1602 divinitatem
1618 1544 1690 1600 ibi
1738 1544 2056 1607 everterint,
2100 1539 2194 1596 ubi

2290 512 2658 569 adolescentes
2675 512 2740 568 iis
2757 511 2825 567 ad
2857 509 3218 582 prudentiam,
3237 508 3378 563 sicut
3406 520 3531 562 mox
3555 503 3899 572 dicebamus,

2291 616 2347 664 et
2371 605 2611 663 liberalia
2631 604 2805 660 ollicia
2827 602 3197 659 erudirentur.
3225 599 3282 656 Si
3309 601 3427 670 quis
3454 607 3631 653 tamen
3654 595 3901 668 sagacior

2292 700 2453 755 alium
2484 715 2512 752 a
2538 696 2869 753 Tertulliano
2896 693 3118 752 iudicari
3148 691 3430 758 ostendat,
3470 688 3615 745 hunc
3646 688 3903 745 lubenter

2291 790 2588 848 audiemus.
2614 787 2997 844 Animadverte
3027 794 3227 850 tamen,
3254 796 3460 853 quasso,
3489 780 3663 850 ipsum
3690 778 3899 834 Home-

2293 901 2413 941 rum
2436 882 2750 940 nominatim
2777 879 3036 952 appellari
3062 879 3143 933 his
3168 873 3616 945 subsequentibus
3642 872 3903 929 Auctoris

2295 977 2462 1033 nostri
2500 974 2710 1030 verbis:
2741 972 2925 1027 Adhuc
2966 968 3289 1026 meminimus
3324 964 3568 1031 Homeri,
3590 966 3678 1019 ille
3713 964 3904 1036 opinor

2293 1079 2386 1135 est,
2399 1069 2486 1140 qui
2499 1066 2723 1121 divinam
2748 1064 3063 1136 majestutem
3083 1061 3311 1115 humana
3326 1057 3621 1112 conditione
3641 1055 3900 1124 nutavit,

2293 1161 2492 1217 casibus
2541 1168 2588 1214 et
2643 1153 2966 1229 passionibus
2996 1152 3237 1208 humanis
3265 1151 3388 1205 deos
3422 1147 3650 1203 imbuens
3677 1144 3899 1218 (Ibid.),

2296 1254 2347 1311 id
2377 1263 2485 1319 est,
2516 1249 2776 1307 omnibus
2803 1248 2967 1304 etiam
3000 1244 3316 1302 lmdissimis
3346 1240 3595 1297 humanis
3611 1234 3901 1297 affectibus

2293 1358 2358 1402 ac
2385 1344 2528 1400 vitiis
2556 1349 2865 1412 corruptos.

2366 1436 2435 1493 Et
2454 1445 2602 1492 certe
2630 1434 2722 1491 ille
2748 1446 3058 1505 graecorum
3080 1437 3362 1502 poetarum
3384 1441 3514 1498 cory
3524 1424 3700 1497 pbzeus
3717 1424 3898 1481 libros

2296 1543 2425 1586 suos
2451 1528 2603 1584 hisce
2649 1526 2871 1583 deorum
2909 1522 3146 1580 infamiis
3175 1520 3373 1592 passim
3419 1519 3627 1589 ‘ubique
3654 1515 3896 1574 undavit.

589 1658 711 1700 eam
734 1643 937 1697 lirmius
953 1640 1195 1696 stabilire
1215 1638 1502 1694 debebant.
1538 1636 1735 1692 Nullibi
1761 1635 1904 1690 enim
1927 1634 2125 1690 clarius
2140 1640 2196 1687 et
2296 1622 2576 1680 Nonnulla
2604 1629 2784 1675 autem
2806 1620 3009 1674 Auctor
3030 1624 3233 1679 noster,
3258 1629 3327 1669 ne
3355 1611 3489 1667 foret
3508 1610 3739 1681 longior,
3760 1608 3902 1665 sele-

592 1733 876 1791 enodatius
901 1730 1217 1802 caponenda
1251 1740 1386 1803 erat,
1413 1744 1570 1799 quam
1590 1728 1642 1782 in
1667 1728 1730 1781 iis
1762 1726 1975 1793 litteris,
1998 1722 2192 1795 quibus

2295 1718 2373 1807 git
2391 1715 2657 1786 exempla,
2690 1729 2754 1769 ac
2808 1709 3184 1783 illud'quidem
3229 1708 3484 1778 primum,
3517 1719 3624 1777 quo
3645 1703 3901 1761 decantat

591 1829 967 1886 adolescentes
994 1796 1446 1889 informabantur,
1500 1822 1575 1878 uti
1605 1823 1679 1876 ait
1702 1820 2091 1884 Tertullianns,
2121 1815 2189 1873 ad
2218 1815 2267 1876 B
2295 1796 2429 1867 deos
2461 1809 2591 1863 inter
2616 1823 2670 1862 se
2695 1815 2900 1877 prapter
2919 1802 3175 1871 Troianos
3200 1808 3245 1855 et
3286 1798 3502 1853 Achivos
3526 1840 3542 1865 ,
3594 1808 3652 1852 ut
3698 1796 3903 1868 gladia-

592 1922 919 1998 prudentiam
941 1918 1274 1989 (Tertullian.
1306 1916 1598 1987 Apologet.,
1631 1932 1749 1986 cap.
1772 1915 1861 1981 ib,
1883 1929 2002 1985 pag.
2035 1910 2187 1982 551),

590 2030 731 2084 quae,
757 2022 893 2068 teste
915 2011 1198 2075 Cicerone,
1214 2018 1410 2064 constat
1437 2024 1499 2062 ex
1525 2007 1737 2062 scientia
1754 2021 1923 2059 rerum
1942 2005 2190 2060 bonarum

590 2117 637 2161 et
666 2106 941 2168 malarum,
990 2112 1035 2157 et
1066 2118 1155 2156 nec
1181 2092 1429 2156 bonarum
1456 2115 1545 2153 nec
1571 2099 1824 2152 malarum
1841 2114 1860 2163 ;
1892 2105 1936 2150 et
1958 2094 2190 2150 liberalia

591 2198 754 2270 oﬂicia
781 2193 996 2267 (Cicer.,
1018 2193 1105 2247 lib.
1141 2191 1230 2257 lll,
1267 2192 1330 2246 de
1359 2190 1548 2245 Natur.
1580 2190 1748 2253 deor.,
1776 2204 1896 2259 pag.
1930 2184 2061 2251 245,
2090 2185 2186 2240 lin.

592 2289 710 2363 15),
740 2303 860 2360 qua:
886 2285 1136 2342 videlicet
1162 2285 1409 2350 liberum,
1444 2282 1616 2352 inquit
1639 2280 1945 2346 Terentius,
1967 2286 2022 2334 et
2042 2278 2189 2349 inge-

590 2396 757 2437 unum
780 2364 1052 2435 hominem
1070 2378 1209 2432 scire
1236 2377 1457 2430 omnino
1485 2389 1696 2443 acquum
1719 2381 1802 2428 est
1825 2369 2053 2444 (Terent.
2080 2369 2187 2426 Eu-

587 2474 769 2538 nuch.,
792 2476 905 2528 act.’
925 2470 1009 2536 Ill,
1038 2486 1178 2525 scen.
1207 2468 1263 2535 2,
1280 2484 1333 2523 v.
1355 2467 1474 2535 9.4).
1500 2470 1566 2521 At
1587 2466 1640 2520 in
1658 2465 1944 2520 hislitteris
1967 2471 2185 2534 quanta,

585 2580 645 2624 ut
668 2567 903 2639 loquitur
926 2565 1128 2621 Auctor
1149 2572 1353 2635 noster,
1375 2560 1572 2614 invenio
1600 2557 1840 2625 ludibria,
1872 2556 2066 2628 quibus
2090 2569 2190 2610 nu-

586 2661 794 2717 minum
822 2671 1041 2713 suorum
1069 2654 1395 2710 intentabant
1423 2640 1797 2706 divinilatetn?

599 2742 613 2753 ’
658 2751 717 2807 Si
745 2750 867 2821 quis
893 2762 1021 2805 vero
1064 2744 1297 2817 inquirat
1323 2759 1441 2813 qua:
1490 2744 1597 2797 sint
1621 2756 1700 2797 ere
1728 2742 1918 2796 littera;
1941 2748 2001 2795 et
2035 2754 2186 2795 com-

588 2842 969 2908 mentatioues,
1015 2835 1461 2909 respondebimus
1482 2849 1548 2890 eo
1573 2832 1788 2889 nomine
1808 2839 2056 2903 poemata
2081 2829 2190 2886 Ho-

588 2935 725 2991 tueri
751 2931 1037 3005 designari.
1071 2930 1203 2999 Quae
1224 2930 1368 2986 enim
1396 2929 1811 2993 Auctorutoster
1839 2924 2034 2981 ibidem
2061 2938 2186 2979 nar-

590 3036 697 3094 rat,
725 3025 843 3080 bmc
866 3024 934 3080 ab
962 3021 1153 3079 eodem
1198 3030 1352 3092 poeta
1384 3019 1657 3075 delibavit.
1690 3017 1803 3074 Sibi
1846 3025 2027 3072 autem
2058 3014 2189 3071 illud

585 3121 632 3174 si
659 3119 780 3190 quis
803 3115 1032 3186 alicujus
1051 3113 1368 3169 auctoritate
1395 3111 1596 3166 ﬁrmari
1613 3109 1766 3176 velit,
1795 3124 1862 3165 en
1891 3117 2087 3178 praesto
2107 3115 2192 3162 est

2295 1912 2462 1956 torum
2492 1899 2661 1969 paria,
2679 1912 2978 1969 congressos
3006 1893 3325 1966 depugnasse
3369 1888 3421 1960 (l
3431 1890 3569 1956 dem,
3599 1889 3899 1965 Apologel.,

2293 2008 2413 2062 cap.
2443 1990 2530 2056 ll,
2561 2007 2614 2060 p.
2643 1987 2810 2059 35!);
2846 1987 2961 2042 sive
2989 1985 3128 2041 sicut
3156 1983 3210 2037 in
3243 1981 3381 2036 libro
3404 1980 3471 2035 ad
3484 1979 3769 2036 Nationes:
3792 1979 3895 2048 Qui

2292 2086 2356 2141 de
2387 2084 2491 2140 illis
2519 2084 2691 2152 favore
2721 2082 2933 2137 diversis
2954 2079 3268 2152 gladiatoria
3295 2080 3519 2148 quodam
3561 2076 3716 2131 modo
3745 2077 3895 2148 paria

2291 2177 2540 2233 commisit
2573 2174 2659 2247 (et
2688 2175 2778 2230 lib.
2825 2173 2846 2229 Ι
2875 2172 2943 2227 ad
2970 2170 3211 2234 Nalion.,
3256 2186 3372 2240 cap.
3410 2169 3501 2236 10,
3532 2187 3585 2241 p.
3605 2168 3759 2235 575).
3786 2168 3898 2225 Sed

2291 2270 2410 2340 quis
2440 2270 2611 2324 nescit
2638 2281 2797 2338 quam
2828 2265 3026 2336 sat-pius
3058 2263 3146 2318 ille
3180 2264 3231 2317 in
3261 2260 3422 2316 Iliade
3447 2261 3706 2317 cecinerit
3729 2260 3891 2319 hasce

2292 2360 2512 2417 deorum
2537 2372 2762 2429 pugnas,
2793 2367 2850 2413 et
2878 2356 3166 2422 Venerem,
3207 2353 3362 2411 sicuti
3393 2355 3568 2425 pergit
3601 2352 3889 2408 Tertullia-

2292 2470 2394 2511 nus
2442 2452 2656 2525 (lbid.),
2692 2451 2924 2506 humana
2955 2450 3148 2521 sagitta
3197 2449 3512 2512 sauciatam,
3558 2446 3782 2503 Martem
3831 2447 3887 2503 in

2290 2544 2518 2627 vinculis
2545 2558 2682 2615 pene
2715 2551 3116 2612 consumptum,
3169 2539 3358 2595 Jovem
3418 2553 3557 2593 nunc
3607 2538 3893 2609 cujusdam

2291 2637 2518 2694 monstri
2563 2650 2743 2711 opera_
2771 2635 3078 2700 liberatum,
3111 2632 3275 2688 modo
3323 2632 3531 2686 ﬂentem
3555 2630 3891 2701 Sarpedonis

2288 2745 2497 2795 casum,
2526 2743 2666 2783 nunc
2689 2727 3083 2783 obscenissimo
3113 2740 3404 2797 porcorum
3429 2738 3575 2779 more
3599 2723 3893 2779 subantem

2292 2823 2732 2895 prurientetnque
2760 2820 2982 2876 libidine
3011 2820 3063 2873 in
3098 2833 3340 2872 sororem
3372 2831 3698 2885 uxoremque
3736 2831 3895 2871 suam

2291 2915 2581 2981 lunonem,
2616 2913 2742 2969 dmn
2775 2911 2853 2967 illi
2886 2921 3096 2983 turpem
3136 2925 3293 2964 suum
3339 2909 3392 2963 in
3420 2908 3621 2979 amicas
3653 2922 3895 2969 amorem

2292 3008 2771 3067 commemorabat.
2801 3008 2870 3061 At
2894 3005 2964 3061 ibi
2987 3004 3163 3059 obiter
3182 3000 3580 3058 observandum
3603 3000 3653 3054 in
3675 2999 3893 3070 Rigaltii

2292 3105 2529 3161 editione
2555 3100 2873 3172 simpliciter
2919 3098 3213 3168 scriptum:
3277 3094 3521 3149 Venerem
3559 3095 3778 3146 Immana
3801 3109 3896 3146 sa-

590 3211 844 3293 Minutius
873 3184 1046 3273 Felix,
1074 3207 1165 3278 qui
1194 3215 1473 3276 postquam
1519 3204 1663 3258 varia
1690 3203 1779 3258 illa
1800 3201 2021 3256 deorum
2050 3199 2180 3255 ludi-
2214 3205 2260 3270 ο
2292 3197 2419 3269 gitta
2447 3196 2748 3250 sauciatam.
2782 3191 2841 3246 In
2870 3190 3068 3246 nostris
3090 3203 3217 3244 vero
3237 3186 3639 3256 manuscriptis,
3670 3195 3722 3241 et
3747 3184 3895 3240 anti-

584 3306 701 3361 bria
724 3285 793 3361 ex.
822 3302 1062 3369 Homeri,
1094 3314 1193 3355 suo
1215 3298 1431 3355 nomine
1456 3297 1728 3368 appellati,
1758 3294 2085 3351 carminibus
2108 3308 2188 3348 re-
2290 3292 2570 3365 quioribus
2594 3290 2753 3347 editis
2796 3288 3073 3345 codicibus
3097 3288 3236 3359 legi:
3293 3286 3537 3341 Venerem
3583 3285 3890 3349 sauciatam,

588 3396 820 3462 (ensuit,
848 3395 925 3450 sic
949 3390 1317 3464 prosequitur:
1358 3388 1454 3444 llis
1479 3399 1627 3460 atque
1654 3378 1946 3459 hujusmodi
1970 3386 2188 3457 ﬁgmen-
2290 3385 2428 3457 quod
2456 3385 2623 3455 [ilium
2654 3399 2801 3439 suum
2837 3379 3065 3436 JEneam
3096 3396 3224 3450 pene
3252 3380 3573 3448 interfectum
3612 3378 3677 3430 ab
3717 3374 3897 3430 eodem

588 3480 693 3557 tis,
750 3498 798 3544 et
851 3486 1128 3542 mendaciis
1168 3483 1481 3539 dulcioribus
1531 3490 1928 3554 corrumpuntur
1981 3481 2187 3553 ingenia
2295 3478 2541 3534 Diomede
2568 3491 2746 3547 rapere
2796 3474 3033 3529 uoluerit.
3070 3471 3309 3536 Martem,
3337 3480 3440 3525 etc.
3475 3468 3641 3524 Tacet
3677 3464 3898 3538 quidem

586 3595 899 3651 puerorum,
945 3588 994 3632 et
1040 3576 1223 3631 iisdem
1272 3575 1462 3645 fabulis
1503 3574 1860 3628 intrementibus
1913 3573 1981 3626 ad
2034 3587 2190 3643 usque
2292 3571 2557 3642 Rigaltius
2583 3584 2680 3623 cur
2707 3568 2817 3621 haec
2841 3568 3006 3621 verba
3040 3564 3340 3629 abstulerit,
3368 3562 3463 3618 sed
3494 3560 3784 3615 arbitratus
3807 3566 3899 3614 est

593 3684 804 3725 summie
822 3669 985 3723 celatis
1004 3667 1160 3721 robur
1181 3665 1499 3724 adolescunt,
1529 3674 1574 3718 et
1596 3666 1646 3717 in
1668 3664 1849 3719 iisdem
1869 3661 2190 3736 Opinionibus

500 3758 509 3763 “
594 3760 766 3815 miseri
794 3767 1174 3813 consenescunt.
1207 3756 1310 3812 Sed
1344 3756 1458 3811 haec
1489 3756 1539 3809 itt
1569 3756 1834 3825 superiori
1866 3757 1933 3811 de
1961 3756 2063 3811 hoc
2092 3755 2190 3810 Mi-

599 3853 733 3909 nutii
763 3852 901 3907 libro
948 3850 1324 3905 dissertatione
1353 3848 1523 3904 fusius
1561 3849 1831 3918 explicare
1877 3848 2057 3904 conati
2101 3864 2191 3904 su-

596 3960 717 4002 tnus
738 3941 1035 4014 (Dissertat.
1058 3942 1110 3994 in
1141 3938 1353 4004 Minut.,
1378 3957 1492 4012 cap.
1526 3941 1615 4005 17,
1637 3950 1735 3993 art.
1758 3940 1841 4011 4).

667 4036 786 4105 Quo
824 4044 1002 4089 autem
1050 4030 1209 4087 modo
1259 4034 1373 4086 hau:
1417 4048 1447 4084 a
1499 4030 1828 4086 Tertulliano
1874 4030 2188 4100 probentur,

594 4131 706 4200 jam
734 4130 779 4185 si
807 4129 979 4198 placet
1007 4124 1437 4181 consideremus:
1466 4126 1539 4178 Ab
1565 4125 1696 4197 ipso,
1727 4124 1919 4195 inquit,
1944 4124 2187 4179 exat-di...

592 4229 778 4282 uestro,
809 4220 917 4285 eius
935 4218 1068 4272 unde
1099 4235 1215 4272 oma
1239 4259 1254 4283 ,
1287 4226 1333 4271 et
1365 4233 1510 4270 omne
1547 4232 1747 4288 wquore
1769 4258 1783 4284 ,
1829 4216 1911 4271 cui
1944 4226 2191 4288 quantunt

602 4311 843 4367 honorem
873 4310 1080 4376 additis,
1114 4319 1311 4364 tantum
1334 4310 1440 4363 deis
1466 4311 1643 4387 uestris
1671 4308 1973 4381 derogastis;
1997 4309 2193 4380 magni-

596 4404 802 4477 [icando
827 4403 913 4475 qui
943 4402 1005 4456 de
1030 4402 1102 4457 eis
1128 4402 1249 4458 lttsit
1280 4401 1546 4469 (Tertull.,
1577 4403 1663 4457 lib.
1691 4400 1735 4468 Ι,
1765 4402 1833 4457 ad
1874 4400 2028 4470 Nat.,
2075 4420 2190 4475 cap.

600 4498 691 4564 10,
731 4515 784 4568 p.
830 4494 978 4568 575).
1007 4495 1076 4550 Et
1099 4495 1213 4571 haec
1233 4495 1446 4566 quidem
1481 4496 1641 4551 verba
1670 4496 1747 4571 sic
1772 4496 2040 4568 descripta
2069 4505 2195 4553 sunt

2297 3664 2435 3720 haud
2459 3664 2618 3719 dubie
2640 3661 2755 3717 lucc
2778 3659 3164 3730 explicationis
3193 3670 3355 3710 causa
3384 3656 3452 3707 ab
3479 3650 3901 3723 aliquolibrario

2295 3758 2502 3828 adjecta
2541 3746 2725 3819 fuisse,
2771 3763 2826 3809 et
2869 3749 3117 3823 posthaec
3159 3750 3368 3804 intrusa
3391 3747 3444 3801 in
3487 3732 3711 3800 textum.
3758 3742 3901 3798 Nam

2298 3850 2414 3906 lucc
2442 3849 2495 3905 in
2525 3848 2662 3903 libro
2680 3846 2750 3900 ad
2780 3844 3053 3910 Nationes,
3078 3841 3164 3897 ubi
3187 3838 3376 3895 eadem
3404 3845 3751 3908 repetuntur,
3776 3848 3895 3889 non

2296 3947 2603 4001 occurrunt.
2629 3938 2812 4009 Neque
2830 3938 2993 3992 etiam
3015 3935 3165 3991 dictu
3189 3932 3345 3988 facile
3365 3940 3448 3987 est
3472 3945 3568 3985 cur
3585 3930 3654 3984 ibi
3681 3926 3903 3998 adjecta

2297 4037 2405 4091 sint
2436 4034 2522 4088 illa
2553 4031 2735 4097 verba,
2763 4029 2826 4083 ab
2854 4028 3028 4083 eodem
3061 4024 3325 4089 Diomede,
3376 4022 3531 4092 cujus
3559 4020 3702 4075 nulla
3746 4019 3904 4089 prius

2298 4127 2497 4183 mentio
2523 4124 2660 4181 facta
2688 4121 2896 4177 fuerat?
2923 4119 3128 4175 Verum
3159 4117 3279 4187 quia
3312 4115 3427 4169 lucc
3454 4113 3505 4167 in
3536 4111 3781 4182 plurimis
3807 4124 3907 4165 an-

2299 4217 2612 4290 tiquissimis
2637 4215 3019 4284 manuscriptis
3043 4196 3445 4280 exemplaribus
3475 4205 3766 4269 habentur,
3784 4218 3906 4260 non

2298 4313 2415 4368 sine
2444 4309 2637 4381 praevia
2659 4351 2675 4375 ,
2706 4318 2943 4376 utsupra
2975 4306 3207 4360 diximus
3244 4301 3541 4375 (Dissertat.
3591 4299 3646 4353 in
3696 4296 3929 4352 linat.

2302 4403 2506 4470 Oetam,
2536 4418 2652 4473 cap.
2679 4401 2767 4466 17,
2796 4409 2895 4453 art.
2926 4397 3006 4468 4),
3037 4396 3405 4450 admonitione
3433 4390 3700 4462 amputari
3725 4388 3906 4445 debe-

2298 4497 2448 4552 bant.
2469 4493 2731 4550 Cteterum
2776 4490 2902 4546 alibi
2933 4486 3149 4544 Homeri
3170 4486 3290 4542 loca
3322 4483 3674 4540 indicavimus
3695 4491 3754 4536 et
3791 4494 3903 4536 ex-

601 4591 655 4647 in
676 4572 943 4663 Agobardi
969 4590 1176 4657 codice,
1205 4599 1262 4645 et
1283 4591 1332 4644 in
1365 4589 1597 4645 editione
1625 4578 1966 4659 Gotltol'redi,
1993 4591 2084 4662 qui
2099 4590 2192 4646 de-
2216 4596 2271 4656 1)
2298 4589 2630 4662 planavimus
2655 4586 2723 4659 (et
2753 4583 3028 4639 Dissertat.
3052 4582 3107 4635 in
3136 4578 3356 4646 Arnob.,
3388 4576 3622 4649 capatﬂ,
3657 4583 3757 4628 art.
3794 4574 3821 4629 1
3850 4583 3905 4628 et

598 4684 706 4739 leta
747 4682 820 4739 ibi
844 4682 1008 4739 verba
1031 4682 1107 4737 sic
1134 4681 1427 4751 suliplenda
1456 4684 1732 4751 opinatur:
1784 4681 1859 4737 Ab
1885 4683 1995 4755 ipso
2041 4700 2192 4738 exor-

602 4777 718 4831 diar
742 4775 911 4832 studio
938 4775 1277 4842 vestro,unde
1295 4775 1459 4829 euntis
1490 4776 1700 4829 materia
1732 4785 1778 4829 et
1807 4792 1956 4831 omne
1995 4793 2192 4849 (equor.

604 4865 866 4938 Rigaltius
888 4880 1036 4951 vero,
1066 4865 1209 4920 nulla
1238 4865 1435 4921 reddita
1494 4867 1721 4933 ratione,
1752 4882 1814 4922 ac
1847 4877 2097 4938 tanquam
2125 4868 2194 4923 de

603 4972 730 5047 vera
761 4957 1077 5014 Tertulliani
1106 4956 1336 5012 lectione
1365 4971 1605 5022 securus,
1634 4959 1687 5013 in
1711 4958 1827 5029 ejus
1853 4970 1996 5015 textu
2025 4961 2193 5032 scrip—

602 5058 716 5106 tum
764 5050 958 5106 voluit:
1012 5049 1090 5104 Ab
1131 5049 1246 5120 ipso
1290 5049 1528 5104 exordiar
1583 5047 1806 5105 Homero
1856 5064 2038 5121 vestro,
2082 5056 2193 5125 ejus

596 5145 737 5199 unda
752 5154 798 5199 et
822 5159 970 5199 onme
998 5158 1188 5213 wquor.

670 5233 775 5293 Sed
832 5234 949 5290 haec
995 5233 1301 5304 conjectura
1330 5233 1509 5289 debuit
1553 5234 1727 5306 aliqua
1765 5214 1953 5293 saltem
1982 5238 2189 5296 ratione

593 5328 789 5384 lulciri.
817 5326 982 5383 Nobis
1022 5335 1198 5383 tamen
1226 5326 1503 5397 probabile
1541 5329 1672 5384 satis
1695 5327 1901 5386 videtur
1918 5346 1948 5386 a
1986 5330 2190 5390 Tertul-

588 5419 773 5485 liano,
806 5417 897 5489 qui
941 5416 1010 5473 de
1051 5417 1328 5487 gentilium
1373 5416 1577 5474 litteris-
1601 5420 1867 5491 loquitur,
1901 5424 2185 5493 quemdam

590 5511 746 5568 citari
767 5510 1179 5567 celeberrimum
1206 5509 1418 5566 illorum
1446 5514 1783 5582 scriptorem,
1812 5515 1897 5570 cui
1924 5524 2181 5587 quantum

592 5605 854 5661 honorem
896 5601 1094 5658 ethnici
1143 5601 1471 5669 tribuebant,
1522 5615 1724 5660 tantum
1756 5605 1860 5661 diis
1892 5608 2025 5677 suis,
2057 5624 2180 5665 eum

588 5691 878 5759 laudando,
930 5690 1308 5747 detrahebant.
1346 5694 1416 5747 At
1457 5692 1504 5748 is
1546 5695 1735 5764 procul
1764 5695 1929 5753 dubio
1952 5697 2178 5755 est'ﬂo~

586 5793 790 5850 merus,
811 5791 921 5837 tum
945 5783 1064 5852 quia
1088 5782 1326 5837 omnium
1354 5785 1632 5851 vetustior,
1682 5796 1734 5841 ut
1769 5788 1896 5845 alibi
1926 5789 2174 5860 vidimus,

2298 4682 2521 4753 3),.qua:
2545 4676 2904 4735 Tertullianns
2924 4674 2991 4731 de
3022 4673 3108 4728 illa
3131 4666 3355 4736 Venere,
3379 4668 3447 4724 de
3460 4667 3612 4735 Jove,
3645 4681 3708 4722 ac
3723 4664 3908 4722 Marte

2296 4776 2493 4832 citasse
2517 4758 2660 4829 haud
2682 4770 2950 4826 immerito
2978 4765 3207 4821 videtur.

2368 4866 2541 4924 Simili
2567 4865 2729 4921 etiam
2758 4860 2918 4918 modo
2943 4860 2994 4914 in
3040 4857 3230 4914 iisdem
3285 4852 3754 4911 dissertationibus
3801 4864 3906 4908 os-

2297 4960 2567 5018 tendimus
2592 4956 2806 5028 quantis
2826 4953 2918 5008 alii
2945 4966 3162 5024 quoquc
3209 4956 3381 5019 poeta:
3414 4946 3620 5017 probris
3658 4958 3724 5000 ac
3754 4958 3905 5000 con-

2297 5053 2530 5111 tumeliis
2555 5050 2687 5108 deos
2714 5063 2842 5106 suos
2885 5046 3110 5103 insecuti
3165 5053 3311 5099 sunt.
3362 5040 3479 5097 Non
3527 5054 3720 5109 magno
3742 5037 3904 5095 enim

2293 5149 2410 5205 sine
2436 5146 2649 5201 illorum
2670 5140 2935 5198 dedecore
2962 5138 3249 5201 tinxerant,
3289 5133 3363 5188 uti
3381 5139 3530 5188 notat
3551 5128 3729 5185 adhuc
3755 5126 3906 5185 Ter-

2294 5233 2889 5307 tulliauus(Tertullian.
2914 5229 3208 5301 Apologet.,
3241 5242 3289 5282 c.
3317 5225 3409 5293 M,
3447 5241 3499 5294 p.
3525 5221 3681 5291 552),
3720 5220 3905 5293 Apol-

2291 5329 2455 5385 linem
2495 5341 2685 5399 greges
2740 5331 3052 5397 pascentem
3103 5315 3317 5375 Admeti
3362 5315 3531 5388 regis,
3576 5311 3900 5384 Neptunum

2288 5419 2587 5476 structorias
2612 5430 2806 5487 operas
2850 5410 3202 5470 Laomedonti
3250 5408 3546 5473 locantem,
3574 5412 3735 5474 atque
3762 5400 3905 5459 £3-

2288 5510 2555 5583 culapium
2583 5508 2802 5565 fulmine
2826 5505 2974 5563 Jovis
2991 5505 3176 5571 ictum,
3208 5496 3659 5573 quemadmodum
3686 5493 3901 5553 Pinda-

2288 5619 2381 5661 rus
2406 5603 2566 5660 etiam
2592 5599 2808 5658 cecinit.
3772 5616 3781 5629 ›

2358 5696 2557 5768 Majore
2576 5693 2749 5750 adhuc
2793 5690 3023 5748 ludibrio
3067 5688 3392 5762 probroque,
3424 5683 3501 5739 uti
3550 5676 3790 5751 pergit'l‘

2287 5791 2535 5850 tullianns
2567 5791 2634 5863 (cl
2655 5787 2782 5844 lib.l
2811 5788 2879 5843 ad
2907 5784 3147 5852 Nation.,
3179 5797 3295 5854 cap.
3327 5778 3417 5845 10,
3450 5795 3503 5849 p.
3532 5773 3664 5844 576,
3691 5775 3742 5829 et
3771 5771 3883 5830 lib.
