4212 6262
305 331 450 391 1105

1441 329 1895 388 DISSERTATIO
1937 330 1995 386 Ι).
2039 331 2128 387 LE
2167 333 2472 391 NOURRY.

3470 346 3609 402 1106

301 447 370 515 ll,
400 466 515 520 cap.
548 447 656 521 14),
686 462 888 519 nosque
919 447 1046 503 alibi
1081 448 1244 503 etiam
1271 451 1646 504 annotavimus
1677 448 1898 520 (Disser-
1927 446 1982 505 Α
2006 448 2088 502 cui
2135 447 2344 504 titulum
2400 450 2689 510 Catinenses
2735 455 3053 525 practixerat.
3111 459 3273 514 Paulo
3332 468 3452 531 post
3481 477 3611 518 vero

305 551 399 597 tat.
428 544 483 596 in
516 543 727 608 Arnob.,
758 541 872 613 cap.
907 544 994 606 14,
1021 553 1120 596 art.
1155 544 1233 612 1),
1255 541 1326 598 (1ἰί
1349 544 1670 598 exhibentur
1708 543 1758 596 in
1788 557 1905 597 sce-

301 637 409 703 nis,
434 635 708 706 tragoediis
777 635 1027 706 ludisque
1076 635 1436 690 ethnicorum.
1485 635 1688 702 Quibus
1737 635 1900 699 enim,

301 731 528 785 obsecro
579 739 648 793 te,
677 729 932 783 conviciis
953 737 1006 784 et
1033 729 1375 784 contumeliis
1421 729 1489 783 ab
1516 728 1903 784 conitediarum

307 820 798 892 tragmdiarnmque
825 821 1099 876 aetoribus
1125 822 1297 875 vexati
1340 835 1444 875 non
1496 819 1743 874 fuerunt?
1790 818 1902 874 Soli

303 927 486 969 earum
516 912 675 978 tituli,
708 914 928 982 solaque
950 922 1260 983 argumenta
1279 912 1528 966 satishoc
1557 911 1900 966 manifestum

304 1003 553 1058 omnibus
583 1003 864 1058 faciebant.
897 1003 974 1058 Ex
1004 1003 1069 1057 iis
1098 1013 1274 1058 autem
1299 1019 1463 1073 pauca
1492 1013 1736 1058 recenset
1769 1003 1902 1058 Ter-

300 1095 554 1150 tullianus
610 1094 940 1160 (Tertullian.
986 1094 1276 1166 Apologet.,
1308 1112 1354 1149 c.
1387 1096 1476 1161 15,
1502 1113 1556 1165 p.
1584 1095 1733 1166 558),
1765 1095 1905 1150 vidc-

307 1190 432 1245 licct
464 1189 736 1246 moechum
773 1189 1030 1255 Anttbim,
1066 1189 1286 1243 Dianam
1347 1189 1662 1259 ﬂagellatam
1685 1231 1700 1256 ,
1757 1189 1905 1245 Jovis

300 1285 498 1339 mortui
533 1292 936 1352 testamentum,
969 1292 1079 1337 tres
1102 1283 1378 1338 famelicos
1407 1283 1670 1339 Hercules
1699 1284 1902 1347 irrisos,

299 1386 351 1431 et
379 1377 678 1432 masculum
715 1375 942 1430 Lunam.
978 1375 1114 1444 Quid
1139 1390 1292 1446 ergo,
1350 1376 1601 1447 inquies?
1638 1375 1904 1447 Numquid

299 1468 440 1522 inter
465 1467 850 1523 comoediarum
880 1468 1062 1522 titulos
1080 1468 1226 1522 Luna
1252 1468 1530 1524 masculini
1565 1470 1803 1540 generis?
1834 1469 1904 1523 Ita

303 1574 456 1613 sane.
497 1557 630 1612 Nam
685 1559 866 1628 plures
899 1559 1140 1629 profecto
1166 1559 1365 1615 ethnici
1395 1574 1710 1630 pursuasum
1743 1560 1907 1617 stulte

311 1650 580 1704 habebant
600 1649 861 1721 quosdam
887 1653 1072 1707 saltem
1087 1651 1219 1707 deos
1245 1667 1371 1706 suos
1399 1667 1575 1707 mares
1605 1653 1761 1706 simul
1788 1667 1908 1708 esse

309 1751 364 1795 et
390 1741 633 1797 fmminas
655 1740 948 1811 (Dissertat.
979 1744 1030 1796 in
1052 1741 1309 1808 Laclant.,
1333 1759 1450 1813 cap.
1473 1742 1566 1808 27,
1590 1753 1687 1797 art.
1719 1745 1754 1800 3
1782 1753 1828 1798 et
1851 1745 1904 1809 4,

2009 543 2212 596 Auctor
2233 552 2413 600 noster
2433 545 2560 600 citat
2587 547 2798 602 Lentuli
2825 549 3038 620 auguris
3067 551 3308 606 consulta
3343 551 3610 623 (Tertull.,

2011 635 2098 688 lib.
2129 637 2192 692 de
2212 635 2374 704 Pall.,
2405 655 2521 708 cap.
2545 641 2621 710 4).
2649 641 2753 696 Sed
2785 643 2869 697 hic
2910 658 2940 696 a
2968 643 3338 714 mimographo
3367 645 3612 702 diversus

2011 727 2128 783 fuit.
2174 729 2341 800 Major
2391 731 2568 803 itaque
2623 735 2926 806 ambigendi
2975 736 3112 792 ratio
3151 745 3236 792 est
3264 746 3442 794 utrum
3472 737 3518 793 is
3543 741 3613 794 sit

2011 821 2412 893 mimographus
2441 833 2616 894 poeta,
2651 827 2739 896 qui
2783 841 2812 881 a
2842 826 3101 884 Juvenale
3138 827 3349 886 duobus
3375 828 3467 887 his
3487 844 3608 887 car-

2011 915 2244 971 minibus
2265 917 2459 973 acriter
2480 919 2797 991 castigatur:

2168 1007 2450 1079 Laureolam
2477 1010 2620 1079 velox
2647 1014 2793 1062 etiam
2821 1015 2953 1064 bene
2977 1015 3218 1065 Lentulus
3238 1017 3363 1079 egit,

2165 1069 2341 1120 Iudice
2365 1085 2445 1120 me
2468 1073 2647 1134 dignus
2672 1089 2788 1125 vera
2810 1089 2974 1128 cruce.

2695 1158 3243 1224 (Juvenal.,Satir.Vttt,
3267 1161 3454 1226 v.184.)

2081 1259 2335 1326 Quamvis
2358 1264 2499 1317 enim
2535 1279 2690 1320 nemo
2733 1264 3029 1322 diffiteatur
3056 1268 3338 1322 laureolam
3367 1269 3597 1324 fabulam

2013 1351 2205 1419 fuisse;
2239 1355 2476 1410 n0tznolli
2508 1365 2682 1412 tamen
2711 1357 3048 1429 suSpicantur
3090 1361 3255 1416 verbo
3292 1361 3394 1432 egit
3440 1361 3609 1433 signi-

2013 1443 2157 1500 ﬁcari
2201 1445 2345 1500 illam
2390 1458 2562 1502 actam
2605 1451 2780 1518 potius
2821 1466 2849 1504 a
2885 1451 3110 1507 Lentulo
3140 1452 3420 1518 histrione,
3449 1467 3606 1522 quam

2012 1536 2080 1590 ab
2111 1537 2268 1608 hujus
2316 1541 2546 1595 nominis
2597 1551 2753 1610 poeta
2798 1542 2992 1597 litteris
3038 1543 3424 1614 consignatam.
3469 1543 3606 1625 Quid

2009 1643 2158 1693 vero,
2189 1631 2232 1686 si
2277 1631 2372 1686 ille
2415 1641 2471 1686 et
2515 1631 2705 1686 histrio
2755 1643 2808 1688 et
2859 1642 3012 1703 poeta
3045 1635 3186 1690 hanc
3230 1636 3505 1704 scripserit
3553 1643 3609 1690 et

2011 1722 2216 1794 egerit?
2275 1723 2477 1779 Deinde
2516 1740 2645 1779 vero
2683 1739 2747 1780 ea
2797 1723 2973 1780 fabula
3003 1715 3120 1780 non’
3139 1727 3207 1782 ab
3247 1743 3354 1782 uno
3398 1735 3603 1782 tantum

303 1843 350 1887 et
373 1835 491 1889 aliis
508 1835 576 1888 ibi
599 1835 737 1903 cit.).
772 1834 990 1890 Servius
1015 1834 1277 1904 siquidem
1309 1835 1360 1890 in
1394 1812 1536 1890 hunc
1563 1834 1766 1905 Virgilii
1787 1851 1900 1891 ver-
1936 1840 1983 1900 B
2015 1812 2273 1869 his'rione
2303 1824 2420 1870 ³0³³
2451 1825 2553 1870 es"
2581 1816 2688 1871 θην
2716 1831 2842 1887 ergo
2875 1816 3134 1872 Lentim“
3175 1819 3322 1874 δοιυε
3365 1819 3610 1874 nomini"

301 1941 562 1996 snm,quo
577 1925 825 1993 Aineam,
850 1929 1071 1983 ardente
1094 1929 1207 1989 Ilio,
1236 1929 1538 2000 loquentem
1560 1929 1637 1982 sic
1671 1928 1901 1984 inducit:

453 2016 732 2141 gemam
758 2032 815 2068 ac
837 2019 1050 2069 ducente
1075 2020 1171 2069 deo
1194 2020 1430 2069 ﬂammam
1454 2023 1584 2071 inter
1607 2026 1660 2070 et
1677 2021 1844 2071 hostes

642 2094 730 2128 tr.
835 2120 846 2131 .
948 2119 958 2130 .
1063 2119 1074 2129 .
1175 2123 1186 2132 .
1291 2123 1300 2132 .
1405 2120 1417 2132 .

642 2094 730 2128 ιον.

925 2161 1130 2230 (Virgil.
1159 2163 1354 2216 /Eneid.
1375 2162 1440 2216 lib
1465 2173 1516 2225 Il,
1539 2179 1584 2216 υ.
1611 2166 1748 2229 652.)

312 2243 427 2299 ha‘c
477 2245 885 2302 animadvertit:
934 2248 1230 2304 Secundum
1274 2268 1358 2305 eos
1403 2251 1642 2324 (Virgil.,
1691 2252 1779 2308 lib.
1836 2251 1902 2318 11,

310 2333 548 2401 /Eneid.,
579 2335 726 2407 652),
752 2340 839 2407 qui
864 2338 1038 2392 dicunt
1079 2342 1339 2408 utriusque
1358 2359 1510 2398 sexus
1550 2344 1904 2413 participatio-

301 2427 612 2482 nem/labere
639 2431 870 2484 numina.
905 2429 1043 2484 Nam
1073 2431 1255 2486 Calvus
1283 2451 1301 2487 :

553 2543 930 2608 Pollentemque
952 2545 1113 2596 Deum
1137 2546 1406 2598 Venerem.
1466 2543 1471 2549 ’

304 2629 442 2685 Item
477 2630 761 2702 Virgilius:

546 2721 651 2774 Nec
668 2724 861 2774 dextra:
887 2727 1073 2776 erranti
1099 2725 1240 2776 Deus
1261 2726 1434 2788 abfuit,

299 2845 409 2881 cum
449 2838 534 2882 aut
568 2829 708 2884 Juno
761 2831 932 2900 fuerit,
963 2840 1050 2885 ant
1104 2832 1298 2886 Alecto.
1351 2831 1444 2886 Est
1489 2834 1710 2887 etiamin
1737 2833 1906 2907 Cypro

298 2920 625 2975 simulacrum
668 2921 869 2976 Veneris
913 2923 1174 2993 barbatat(
1203 2924 1376 2989 Serv.,
1407 2941 1526 2996 pag.
1552 2925 1661 2979 9.52
1757 2927 1904 2981 Alios

299 3014 343 3067 si
401 3024 562 3069 testes
590 3014 868 3070 desideras
892 3058 905 3080 ,
952 3016 1134 3087 plures
1161 3017 1252 3071 tibi
1274 3017 1420 3071 dabit
1446 3017 1744 3072 Macrobius
1769 3058 1782 3079 ,
1815 3021 1906 3086 qui

298 3106 550 3161 observat
577 3107 628 3161 in
655 3108 815 3162 citato
843 3107 1052 3178 Virgilii
1075 3108 1314 3164 carmine
1340 3108 1620 3179 legendum
1665 3109 1758 3162 deo
1791 3123 1904 3162 non

2013 1915 2118 1974 tur,
2160 1907 2260 1961 nisi
2309 1907 2451 1961 illam
2479 1909 2679 1976 scripto
2721 1923 2934 1978 quoque
2962 1908 3299 1965 tradidisset?

2080 1999 2345 2054 Caeterum
2384 2000 2561 2054 minus
2591 1999 2766 2055 adhuc
2796 2001 3044 2070 frequens
3072 2000 3282 2056 Hostilii
3313 2001 3604 2072 mimogra-

2013 2094 2100 2164 phi
2127 2095 2180 2148 in
2203 2094 2427 2148 aliorum
2456 2095 2605 2149 libris
2622 2095 3083 2150 commemoratio.
3123 2094 3396 2150 Prisciano
3420 2102 3600 2149 tamen

2009 2189 2051 2242 si
2070 2188 2226 2242 fidem
2242 2187 2460 2255 habeas,
2480 2187 2916 2252 Hostilius,Enuii
2938 2188 3241 2258 exemplum
3259 2197 3492 2253 secutus,
3513 2203 3607 2242 an-

2014 2261 2161 2334 nales
2191 2278 2616 2350 Romanipopuli
2643 2280 2830 2334 stricto
2859 2294 3110 2336 sermone
3133 2279 3394 2336 ediderat.
3425 2279 3607 2334 Potuit

2010 2387 2140 2443 ergo
2160 2373 2400 2428 scribere
2419 2373 2578 2428 etiam
2606 2373 2994 2429 commdias.‘Si
3025 2372 3144 2444 quis
3161 2387 3321 2443 porro
3340 2372 3408 2428 de
3434 2372 3528 2427 illo
3549 2358 3609 2427 lat

2015 2463 2243 2518 Lentulo
2266 2463 2486 2520 meliora
2515 2465 2858 2534 snggesserit.
2886 2474 3194 2535 pergratum
3241 2463 3396 2520 nobis
3428 2461 3603 2520 faciet.

2608 2572 2904 2612 Αιιτιουιυε
2953 2574 3009 2611 ll.

2015 2649 2182 2714 Quam
2204 2648 2470 2720 perspicue
2501 2648 2848 2704 Tertullianus
2868 2651 3172 2704 demonstret
3189 2650 3347 2719 falsos
3365 2664 3470 2703 esse
3485 2665 3606 2720 gen-

2083 2739 2248 2793 tilium
2296 2741 2416 2794 deos
2471 2756 2532 2794 ea:
2577 2741 2757 2794 litteris
2798 2741 3121 2804 histrionum,
3168 2756 3200 2792 a
3243 2741 3423 2810 quibus
3463 2755 3604 2808 voce,

2078 2843 2244 2903 gestu,
2273 2841 2439 2897 motu,
2469 2843 2622 2885 cantu
2674 2834 3167 2903 reprwsentabantur
3195 2830 3293 2886 Sol
3333 2829 3508 2902 lugens
3546 2831 3610 2900 li-

2083 2925 2228 2988 liunt,
2262 2924 2444 2994 Cybele
2467 2935 2721 2992 pastorem
2750 2925 3036 2994 suspirans,
3064 2923 3208 2978 lovis
3229 2923 3411 2995 elogia,
3434 2922 3605 2977 Juno-

2082 3017 2181 3081 nis,
2214 3015 2422 3070 Veneris
2458 3027 2503 3069 et
2535 3016 2776 3070 Minerva:
2792 3017 3069 3086 judicium,
3089 3028 3238 3088 atque
3268 3017 3608 3088 ignominiosa

2082 3104 2328 3161 Minerva:
2370 3117 2417 3160 et
2448 3105 2684 3161 Herculis
2706 3110 2891 3179 imago.

297 3209 476 3254 autem
520 3201 616 3254 dea
669 3201 950 3270 (Macrob.,
995 3201 1083 3256 lib.
1129 3201 1195 3256 Ill
1230 3201 1524 3269 Saturnal.,
1569 3219 1685 3270 cap.
1737 3201 1790 3266 8,
1843 3219 1896 3272 p.
1929 3223 1973 3285 ρ
2082 3198 2162 3252 Ad
2195 3198 2483 3256 histriones
2508 3201 2696 3254 transit
2724 3201 3104 3268 Tertullianus,
3149 3201 3435 3272 palamque
3483 3199 3606 3255 facit

297 3292 450 3361 5:29).
485 3291 634 3360 Quod
661 3295 876 3364 quidem
899 3293 989 3348 ille
1016 3293 1210 3364 probat
1237 3310 1342 3348 non
1369 3293 1540 3347 solum
1562 3294 1672 3363 jam
1717 3293 1898 3347 citatis

296 3399 325 3437 a
357 3385 544 3438 Servio
572 3384 719 3440 Calvi
753 3387 954 3452 verbis,
987 3387 1288 3442 acVeneris
1316 3386 1556 3440 barbata:
1585 3385 1896 3448 simulacro,

295 3491 482 3532 verum
497 3479 656 3533 etiam
682 3479 985 3533 testimonio
998 3479 1390 3549 Aristophanis,
1408 3479 1496 3549 qui
1513 3493 1628 3533 eam
1647 3482 1900 3548 ἀρρίδιτον

297 3576 476 3631 vocat,
507 3576 561 3623 et
584 3568 792 3634 Levini,
821 3569 910 3638 qui
939 3569 1082 3622 illam
1111 3569 1390 3636 adorabat,
1431 3569 1544 3624 sive
1604 3585 1739 3633 mas,
1785 3569 1900 3623 sive

296 3658 492 3714 femina
525 3661 612 3714 sit.
657 3661 818 3714 Addit
848 3675 977 3716 vero
1010 3660 1391 3715 Philochorutn
1429 3662 1726 3716 asseruisse
1755 3675 1901 3716 eant-

297 3750 416 3805 dem
438 3765 558 3805 esse
591 3752 814 3818 Lunam,
841 3753 925 3808 cui
962 3753 1058 3806 viri
1084 3767 1205 3808 cum
1230 3762 1382 3808 veste
1409 3753 1680 3816 muliebri,
1711 3753 1901 3806 mulie-

300 3861 388 3901 res
429 3856 608 3902 autem
659 3848 795 3900 virili
851 3846 1174 3902 sacrificium
1230 3847 1449 3901 faciunt.
1478 3847 1628 3914 Quod
1680 3862 1804 3900 vero
1833 3844 1901 3900 ad

298 3938 611 3996 Tertulliani
639 3941 970 4011 propositum
1001 3941 1222 4010 propius
1262 3941 1434 3996 adhuc
1477 3941 1703 4003 accedit,
1735 3939 1900 4008 Spar-

302 4036 473 4091 tianus
495 4049 670 4092 narrat
702 4035 1032 4092 Caraeallatn
1065 4037 1440 4105 imperatorem
1474 4035 1686 4090 venisse
1707 4033 1904 4090 Carras

300 4127 1029 4200 LuniDeigratia(Spartian.
1054 4131 1108 4182 in
1146 4128 1261 4182 Vita
1289 4129 1595 4197 Caracall.).
1629 4131 1801 4198 Atque
1833 4128 1904 4196 ibi

303 4236 398 4274 nos
443 4230 626 4275 monet
668 4221 940 4276 memoria:
988 4235 1016 4272 a
1065 4219 1396 4274 doctissimis
1438 4220 1738 4288 quibusque
1777 4217 1905 4271 illud

301 4312 632 4370 mandatum.
666 4314 804 4383 quod
834 4327 861 4364 a
898 4313 1158 4367 Carrenis
1190 4312 1454 4380 praecipue
1480 4309 1865 4363 observabatur
1887 4347 1904 4374 ,

302 4404 470 4472 illum,
501 4407 589 4476 qtti
615 4407 790 4460 lunam
825 4408 1096 4461 lmminam
1124 4420 1244 4461 esse
1267 4403 1644 4467 arbitrabatur,
1679 4402 1909 4457 mulieri-

301 4499 400 4555 bus
426 4516 640 4571 semper
669 4501 926 4556 inservire
953 4517 967 4566 ;
1015 4501 1104 4570 qni
1139 4515 1264 4554 vero
1301 4513 1500 4552 marem
1531 4497 1689 4552 deum
1719 4497 1908 4552 crede-

2007 3287 2077 3347 ab
2106 3290 2188 3344 his
2217 3289 2350 3345 deos
2403 3305 2531 3346 suos
2558 3307 2663 3345 non
2695 3293 2890 3346 minori
2919 3309 3077 3362 quam
3124 3309 3152 3346 a
3185 3293 3356 3363 poetis
3377 3292 3607 3346 ludibrio

2007 3380 2216 3437 haberi.
2253 3382 2384 3437 Nam
2416 3385 2720 3439 histrionum
2747 3387 2948 3452 litterae,
2973 3387 3180 3453 aitillc,
3223 3403 3420 3442 onmem
3461 3387 3610 3458 {mdi-

2002 3482 2159 3530 tatem
2189 3492 2362 3530 eorum
2403 3478 2671 3550 designant
2697 3478 3028 3548 (Tertullian.
3068 3480 3312 3553 Apolog.,
3367 3497 3482 3552 cap.
3518 3479 3604 3544 15.

2002 3585 2056 3638 p.
2079 3568 2230 3637 359),
2263 3570 2514 3641 illamque
2539 3587 2692 3638 voce,
2725 3571 2878 3634 facie,
2909 3575 3153 3644 corporis
3181 3574 3431 3636 motibus,
3464 3583 3610 3629 veste

2005 3668 2060 3714 et
2088 3661 2385 3732 insignibus
2417 3665 2744 3732 exprimunt.
2779 3664 2907 3732 Quis
2935 3665 3074 3719 enim
3121 3681 3249 3719 vero
3275 3667 3446 3720 nescit
3495 3663 3610 3720 his-

2007 3753 2229 3818 triones,
2269 3753 2337 3810 de
2375 3754 2567 3824 quibus
2595 3757 2743 3824 plura
2789 3755 3034 3811 Valerius
3088 3757 3349 3811 Maximus
3395 3755 3619 3812 tradidit

2006 3843 2157 3916 (Val.
2184 3844 2354 3911 Macta,
2379 3847 2467 3901 lib.
2488 3846 2558 3913 ll,
2586 3865 2700 3916 cap.
2730 3849 2785 3915 4,
2820 3847 2949 3919 §4),
2981 3859 3191 3903 actores
3215 3847 3377 3903 fuisse
3408 3858 3609 3919 tragus-

2005 3935 2214 3991 diarum
2242 3953 2304 3990 ac
2334 3938 2740 4005 commdiarum,
2772 3939 2861 4009 qui
2904 3941 3126 3995 deorum
3157 3939 3491 4010 aliorumque
3521 3955 3608 3994 re-

2009 4029 2402 4098 praesentabant
2436 4033 2728 4100 personas?
2751 4033 2816 4086 At
2838 4049 2954 4100 cur,
2980 4033 3180 4103 inquiet
3215 4033 3427 4101 aliquis,
3453 4032 3612 4110 ‘Tero

2011 4123 2398 4179 tnllianusnon
2439 4126 2539 4178 hoc
2571 4136 2796 4186 tantum,
2829 4125 2922 4179 sed
2972 4126 3080 4179 alio
3126 4123 3301 4179 adhuc
3349 4125 3400 4178 in
3451 4124 3610 4189 libro,

2010 4230 2115 4269 non
2142 4215 2275 4269 dixit
2300 4216 2590 4279 histriones,
2643 4216 2732 4269 sed
2765 4216 3068 4268 histrionum
3099 4216 3293 4269 litteras
3338 4214 3608 4286 (Tertull.,

2010 4305 2099 4359 lib.
2131 4305 2172 4370 Ι,
2206 4307 2274 4358 ad
2301 4305 2448 4370 Nat.,
2477 4323 2591 4375 cap.
2623 4306 2710 4370 10,
2735 4324 2788 4375 p.
2822 4305 2982 4375 576)?
3007 4306 3136 4373 Qua:
3154 4317 3276 4361 sunt
3296 4308 3612 4364 hazltistriov

2011 4415 2138 4454 num
2170 4401 2396 4454 litterae?
2433 4401 2659 4468 Quidam
2694 4415 2822 4455 vero
2842 4401 3044 4470 opinati
3074 4411 3195 4457 sunt
3228 4401 3296 4457 ibi
3325 4401 3608 4472 legendum

2011 4495 2172 4548 latera
2187 4511 2206 4548 :
2231 4493 2327 4549 sed
2354 4510 2501 4550 mera
2521 4496 2754 4565 suspicio
2771 4504 2872 4558 est,
2904 4495 3098 4550 nullius
3115 4493 3313 4551 codicis
3339 4494 3466 4548 fulta
3486 4509 3614 4548 auc-

303 4591 586 4655 bat,‘ltunc
610 4592 876 4646 dominari
906 4592 1061 4647 uxori
1091 4607 1200 4646 sua:
1221 4631 1236 4655 ,
1266 4604 1438 4660 neque
1467 4589 1603 4644 ullas
1645 4589 1748 4658 pati
1791 4604 1905 4644 mu—
1931 4609 1983 4672 ι)
2013 4588 2246 4642 toritate.
2265 4585 2402 4654 Quid
2427 4597 2628 4651 autem,
2660 4589 2701 4642 si
2733 4587 3029 4642 litterarum
3061 4588 3280 4644 nomine
3310 4588 3616 4659 significare

302 4683 499 4739 liebres
528 4684 770 4739 insidias.

374 4778 509 4844 Quid
540 4793 668 4848 ergo
700 4781 892 4831 mirum
919 4820 932 4844 ,
959 4778 1003 4832 si
1046 4786 1218 4848 poetae
1261 4777 1312 4831 in
1340 4775 1564 4832 deorum
1608 4775 1909 4830 irrisionem

302 4872 588 4942 tragotdias
639 4873 1042 4943 composuerint
1083 4872 1332 4928 ridiculis
1358 4871 1581 4926 deorum
1614 4871 1780 4926 titulis
1808 4871 1914 4924 ins-

300 4957 522 5035 criptas?
554 4966 694 5020 Duos
711 4975 890 5020 autem
914 4981 977 5020 ex
1005 4965 1282 5019 iisAuctor
1299 4965 1755 5029 nosternominat,
1778 4963 1917 5018 Len—

304 5059 469 5112 tnlttnt
502 5071 554 5113 ct
585 5057 864 5113 Hostilium
885 5058 1213 5130 (Tcrtullian.
1238 5058 1524 5130 Apologet.,
1547 5075 1591 5112 ο.
1616 5059 1703 5123 15,
1733 5076 1782 5129 ρ.
1810 5057 1915 5112 558

301 5164 346 5206 et
377 5153 462 5207 lib.
493 5153 506 5206 Ι
551 5155 619 5207 ad
644 5153 882 5213 Nation..
907 5170 952 5207 c.
973 5153 1059 5217 10,
1085 5171 1140 5221 p.
1171 5153 1300 5224 576)
1327 5153 1456 5208 :setl
1485 5169 1600 5206 rara
1615 5152 1752 5222 apud
1785 5152 1918 5208 alios

302 5250 534 5304 occurrit
563 5250 771 5304 illorum
805 5249 1026 5303 mentio.
1054 5249 1170 5301 Alio
1197 5255 1374 5302 tamen
1396 5247 1482 5302 ille
1510 5247 1560 5300 in
1586 5246 1723 5301 libro
1739 5246 1805 5301 dc
1821 5261 1917 5301 eo-

303 5342 424 5398 dem
451 5343 678 5398 Lentulo
719 5343 852 5396 dixit
883 5361 895 5394 :
935 5341 1090 5412 Pugil
1119 5341 1517 5394 Cleomachus...
1548 5340 1676 5392 inter
1703 5339 1924 5409 fullones

295 5435 411 5506 jam
441 5435 703 5489 Novianos
730 5433 1074 5495 coronandus,
1121 5433 1390 5501 meritoque
1419 5432 1768 5502 mimograpr
1800 5429 1924 5485 Len-

306 5528 411 5594 tulo
456 5527 507 5579 in
548 5526 900 5580 Catinensibus
939 5533 1356 5579 commemoratus
1403 5523 1514 5596 (Id.
1571 5524 1607 5577 l.
1651 5523 1712 5576 de
1753 5522 1918 5590 l’all.,

304 5635 352 5672 c.
371 5620 446 5689 4).
472 5619 549 5673 lbi
575 5627 750 5672 autem
775 5618 860 5671 ille
888 5616 1194 5681 Lentulum,
1221 5617 1374 5685 cuius
1394 5615 1748 5686 Hieronymus
1763 5616 1925 5671 etiam

307 5710 556 5766 meminit
601 5709 956 5781 (Hieronym.,
986 5709 1072 5762 lib.
1107 5708 1170 5776 Il,
1207 5707 1424 5779 Apolog.
1451 5707 1649 5762 advers.
1679 5706 1920 5778 Πυθὼ),

310 5802 513 5859 diserte
540 5813 694 5860 vocat
737 5801 1190 5873 mimographum,
1244 5816 1339 5857 seu
1390 5799 1579 5857 fabula:
1609 5811 1907 5872 auctorem,

2014 4681 2244 4737 voluerit
2272 4697 2356 4746 ea,
2387 4697 2507 4751 quae
2537 4681 2853 4737 histrionum
2883 4695 3014 4737 voce
3033 4689 3086 4736 et
3107 4681 3346 4750 corporis
3381 4680 3614 4736 motibus

2014 4773 2424 4839 exhibebantur,
2480 4776 2572 4830 sed
2616 4776 2760 4846 prius
2810 4791 2838 4829 a
2889 4776 3057 4846 poetis
3109 4777 3308 4846 scripto
3335 4786 3391 4830 et
3425 4775 3616 4830 litteris

2017 4866 2246 4920 tradita?
2273 4866 2428 4932 Nam,
2460 4868 2531 4920 uti
2567 4867 2892 4935 Augustinus
2943 4866 3048 4920 ait:
3082 4866 3216 4934 Quid
3264 4876 3378 4920 sunt
3409 4866 3476 4919 ad
3522 4866 3616 4920 hoc

2019 4961 2208 5014 malum
2230 4959 2472 5014 Mercurii
2489 4965 2650 5030 furta,
2695 4959 2900 5014 Veneris
2921 4961 3148 5025 lascivia,
3173 4971 3348 5028 stupra
3377 4977 3434 5010 ac
3461 4960 3619 5029 turpi-

2021 5055 2219 5109 tudines
2247 5063 2562 5118 cancrorum,
2585 5069 2696 5122 qua:
2719 5043 3059 5124 proferremus
3089 5053 3152 5106 de
3181 5051 3342 5115 libris,
3367 5052 3464 5104 nisi
3491 5066 3620 5118 quo-

2022 5147 2142 5200 tidie
2166 5155 2496 5200 cantarentur
2523 5156 2566 5199 et
2587 5146 2896 5200 saltarentttr
2913 5145 2964 5198 in
2987 5145 3193 5198 theatris
3233 5145 3497 5215 (August.,
3523 5145 3612 5198 lib.

2023 5237 2215 5306 Vll,de
2243 5239 2416 5304 Civit.,
2443 5255 2488 5293 c.
2534 5238 2625 5305 ‘26,
2669 5256 2721 5308 p.
2752 5236 2900 5309 182).
2936 5240 2974 5292 A
3001 5238 3191 5307 quibus
3219 5247 3396 5292 autem
3431 5237 3529 5291 nisi
3551 5237 3620 5292 ab

2027 5330 2372 5386 histrionibus
2392 5331 2743 5384 cautahantur
2767 5339 2819 5384 et
2867 5330 3217 5396 saltabantur,
3262 5337 3542 5399 p0stqnant
3587 5344 3620 5383 ει

2026 5423 2199 5492 poetis
2227 5423 2438 5490 scriptis
2463 5421 2708 5475 mandata
2741 5420 2980 5475 fuerant?

2099 5513 2460 5568 Tertullianus
2509 5522 2684 5566 autem
2738 5525 3098 5581 eorum,qn;e
3150 5510 3218 5566 ab
3273 5511 3623 5566 histrionibus

2025 5608 2132 5662 illis
2173 5608 2224 5661 in
2275 5606 2499 5662 deorum
2553 5620 2770 5660 suorum
2817 5605 3196 5661 contumeliam
3249 5618 3626 5673 summumque

2025 5699 2259 5756 dedecus
2292 5698 2609 5770 agebantur,
2636 5698 2750 5752 lucc
2783 5697 2984 5766 profert
3020 5697 3265 5768 exempla
3296 5716 3308 5752 :
3340 5695 3500 5768 Luget
3528 5695 3624 5752 Sol

2025 5792 2190 5862 ﬁlium
2224 5792 2504 5848 detractant
2543 5792 2605 5846 de
2645 5791 2770 5847 cazlo
2798 5792 2816 5861 (
2843 5790 3146 5846 Tertullian.
3179 5790 3469 5864 Apologet.,
3501 5802 3620 5862 cap.
