4212 6262
480 400 485 405 ⁷
584 394 720 452 1107

1669 374 1741 431 lN
1776 364 2244 431 TERTULLIANI
2282 360 2810 421 APOLOGETICUM

3744 352 3888 412 “08

579 509 698 575 XV,
748 527 805 580 p.
852 502 1011 576 359).
1038 494 1096 557 In
1128 495 1456 556 membranis
1481 494 1698 559 nostris,
1719 498 1774 547 et
1800 485 2188 559 antiquioribus
2213 478 2467 545 Aautem
2509 493 2654 534 sanae
2696 478 2890 534 mentis
2933 475 3095 532 homo
3145 489 3253 530 non
3294 473 3479 531 videat
3519 473 3775 545 jactatam
3819 471 3889 549 ab

582 565 811 673 niga'ltio
854 565 1213 659 editionibus,
1260 591 1519 663 jactatum
1562 588 1626 642 de
1666 585 1826 652 cado,
1854 581 1999 638 haud
2025 579 2187 636 dubie
2290 572 2523 628 ethnicis
2571 572 2761 628 horum
2804 571 3084 626 numinum
3133 567 3464 635 divinitatem
3519 567 3681 639 plane
3732 565 3890 637 peni-

582 670 955 749 Phaetontem,
984 685 1142 756 cujus
1183 693 1309 739 nota
1348 690 1433 738 est
1479 679 1672 736 fabula.
1698 670 1755 731 lu
1788 675 1960 746 primo
1990 670 2185 726 nihilo-

580 785 760 838 minus
788 780 853 835 atl
883 766 1148 833 Nationes
1170 770 1311 829 libro
1332 772 1590 844 legimus:
1616 768 1710 823 Sol
1726 767 1861 837 luget
1890 764 2055 834 ﬁlium
2080 760 2186 833 ful-

581 879 718 932 mine
737 873 1010 929 extinctum
1049 868 1248 941 (Idem,
1280 867 1368 920 lib.
1390 863 1416 919 l
1437 863 1503 918 ad
1527 861 1764 924 Nation.,
1785 875 1831 913 c.
1862 856 1931 921 Χ,
1958 874 2011 928 p.
2035 851 2186 923 576).

582 966 739 1037 Quod
777 963 991 1036 quidem
1020 959 1333 1029 Esculapio
1357 954 1629 1017 convenit,
1654 947 2107 1022 quemadmodum
2136 943 2189 997 iit

582 1036 861 1131 superiore
910 1040 1137 1110 articulo
1188 1048 1585 1106 annotavitnus.
1637 1044 2018 1099 Verumtamen
2065 1036 2192 1108 quia

583 1129 784 1211 ibidem
826 1151 1060 1205 virbmus
1087 1147 1414 1202 intentionem
1447 1141 1605 1210 hujus
1633 1139 1687 1193 in
1713 1132 2060 1206 Apologetico
2092 1129 2193 1185 fac-

583 1258 717 1314 tam,
743 1244 868 1301 inde
895 1243 1072 1312 colligi
1104 1248 1280 1310 potest
1302 1237 1374 1293 ibi
1394 1234 1854 1298 Phaetontem,‘et
1883 1228 1936 1282 iu
1965 1225 2102 1281 libro
2126 1221 2194 1277 ad

584 1339 844 1397 Nationes
870 1333 1248 1402 Esmlapium
1288 1328 1480 1385 notari.

662 1434 746 1487 Ab
774 1418 1031 1484 histrione
1042 1426 1217 1481 adhuc
1232 1418 1717 1493 repraesentabatur
1737 1412 1921 1485 Cybele
1945 1419 2195 1485 pastorem

589 1526 858 1597 suspirans
904 1520 1256 1590 fastidiosum,
1288 1514 1494 1570 scilicet
1537 1508 1788 1581 Atydem.
1834 1505 2005 1597 Qua‘m
2048 1500 2197 1555 labu-

591 1592 700 1675 lani
727 1615 1048 1682 descriptam
1080 1609 1325 1664 'vidimus
1369 1622 1399 1658 a
1446 1600 1670 1657 Minutio
1691 1596 1870 1653 Felice
1902 1592 2196 1667 (Dissertat.

590 1716 647 1763 tn
675 1705 864 1761 Minut.
901 1702 1103 1766 0ctav.,
1141 1716 1259 1767 cap.
1287 1695 1405 1763 λΧ,
1436 1702 1533 1747 art.
1559 1692 1615 1756 2,
1639 1700 1686 1744 et
1716 1687 1989 1743 Dissertat.
2016 1684 2071 1737 in
2097 1682 2198 1735 Ar-

592 1800 739 1867 nob.,
763 1814 881 1868 cap.
911 1795 1015 1860 26,
1049 1803 1152 1847 art.
1184 1793 1209 1847 l
1240 1792 1293 1863 ),
1322 1798 1382 1843 et
1427 1787 1495 1842 ab
1542 1783 1818 1848 Arnobio,
1861 1780 1951 1851 qui
2000 1776 2201 1833 idcirco

2293 674 2487 736 tusque
2508 664 2677 720 everti
2709 664 2792 719 his
2816 663 3133 719 histrionum
3165 660 3391 728 actibus,
3417 660 3511 714 illo
3534 659 3892 731 spectantium

2296 759 2486 832 plausu
2515 774 2578 814 ac
2605 758 2800 830 gaudio
2820 800 2834 825 ,
2865 757 3220 827 omnibusque
3248 755 3355 811 illis
3384 754 3659 825 tragcediis
3700 762 3756 808 et
3797 767 3896 808 co-

2299 849 2531 916 mmdiis,
2558 850 2626 906 de
2655 850 2850 921 quibus
2881 850 3032 919 plura
3063 848 3114 902 in
3142 846 3406 919 superiori
3434 845 3817 901 dissertatione
3841 854 3901 900 et

2296 945 2416 999 aliis
2443 943 2576 998 locis
2608 943 2678 998 ibi
2707 942 2888 998 citatis
2910 941 3300 1012 disputavimus
3326 938 3346 1011 (
3368 938 3639 994 Dissertat.
3669 939 3723 993 in
3764 937 3903 993 Lac-

2299 1046 2451 1104 tant.,
2480 1054 2598 1107 cap.
2630 1034 2851 1106 XXVII,
2877 1035 3040 1091 art.'5
3061 1034 3120 1106 )2

2888 1141 3185 1183 ABTICULUS
3238 1142 3316 1182 Ill.

2305 1221 2566 1289 Quantum
2609 1220 2822 1291 gentiles
2842 1261 2857 1285 ,
2892 1236 3160 1291 personam
3204 1218 3410 1273 deorum
3439 1217 3492 1272 in
3517 1233 3659 1272 cavea
3691 1216 3906 1286 induti,

2381 1314 2698 1369 divinitatem
2741 1310 2948 1368 illorum
2998 1310 3462 1383 pessuntdederint,
3487 1321 3913 1381 reprtesentantes

2372 1414 2649 1485 castratum
2672 1406 2857 1477 Atym,
2890 1406 2967 1459 vel
3008 1403 3286 1460 Herculem
3313 1406 3475 1458 vivum
3505 1403 3759 1457 ardentem
3785 1445 3800 1468 ,
3831 1400 3917 1460 vel

2376 1497 2689 1552 Mercurium
2717 1497 2940 1551 cauterio
2968 1505 3194 1551 mortuos
3228 1496 3603 1550 examinantem
3621 1537 3635 1561 ,
3665 1494 3741 1548 vel
3766 1493 3917 1551 Iovis

2377 1592 2587 1662 fratrem
2625 1589 2875 1643 cadavera
2912 1588 3258 1660 gladiatorum
3282 1604 3397 1640 cum
3439 1587 3623 1640 malleo
3651 1587 3910 1641 deducen-

2381 1690 2501 1745 tem,
2528 1679 2719 1750 aliique
2737 1679 2789 1733 in
2818 1680 3018 1749 templis
3049 1677 3303 1731 adulteria
3332 1687 3378 1731 et
3411 1675 3667 1731 lenocinia
3700 1676 3920 1748 eampo-

2378 1777 2576 1836 nentes,
2608 1770 2786 1839 quibus
2818 1772 3027 1826 deorum
3059 1771 3375 1838 mujestatem
3402 1768 3732 1824 obsoletant.

600 1860 847 1948 ethnicos
874 1888 951 1942 sic
971 1885 1207 1954 exagitat
1227 1860 1816 1951 :iTt-anquilliorJenior
1836 1880 1996 1926 mater
2014 1883 2283 1953 magnaB
2384 1863 2468 1919 Ab
2509 1863 2832 1919 histrionum
2864 1860 3074 1920 theatro
3106 1863 3386 1920 descendit
3453 1862 3816 1919 Tcrtullianus
3868 1866 3922 1920 in

606 1983 848 2054 eﬁcitur,
900 1980 944 2033 si
990 1952 1172 2048 Atydis
1220 1972 1536 2045 conspexerit
1589 1967 1810 2040 priscam
1859 1962 2096 2034 refricari
2144 1952 2247 2013 abi
2321 1970 2625 2054 caveam”):
2655 1960 2768 2029 ipse
2793 1958 3047 2031 loquitur,
3081 1974 3181 2015 nec
3206 1952 3449 2015 ethnicos
3478 1958 3547 2012 ibi
3574 1959 3922 2029 religiosiores

607 2050 937 2128 histrionibus
978 2068 1211 2140 fabulam
1238 2062 1479 2133 (Arnob.,
1503 2060 1591 2115 lib.
1624 2056 1739 2122 Vll,
1772 2054 1972 2109 advers.
2003 2050 2206 2119 Gent.)?

601 2168 775 2221 Antea
802 2177 930 2218 vero
964 2178 977 2214 :
1012 2158 1183 2214 Mater
1220 2173 1333 2211 eum
1380 2152 1556 2207 dilexit
1593 2165 1779 2221 magna
1813 2161 1830 2199 :
1871 2145 1915 2199 si
1943 2152 2203 2214 nepotem,

598 2267 656 2312 ut
696 2256 845 2322 avia,
885 2270 966 2308 res
1015 2249 1374 2324 simplexnin
1414 2246 1612 2299 theatra
1640 2252 1694 2324 ut
1735 2246 2034 2313 percrepant
2061 2276 2076 2301 ,
2118 2234 2203 2288 in-

599 2349 752 2419 famis
772 2320 1130 2416 eti'perniciosa
1156 2340 1358 2395 dilectio
1370 2346 1442 2393 est
1471 2334 1582 2408 (Μ.
1607 2334 1646 2389 l.
1680 2320 1777 2402 ν),

676 2440 858 2510 Pergit
908 2435 1302 2499 Tcrtullianus,
1349 2439 1505 2500 atque
1549 2426 1795 2482 ethnicos
1840 2423 1924 2477 his
1964 2421 2205 2488 increpat

602 2530 813 2587 verbis:
838 2527 1114 2585 Sustinetis
1135 2524 1166 2579 .1
1173 2524 1278 2578 ovis
1304 2522 1471 2593 elogia
1495 2520 1692 2574 cantari
1710 2513 2042 2587 (Tertullian.
2061 2511 2199 2582 Apo-

600 2625 777 2695 loget.,
810 2638 924 2693 cap.
960 2620 1077 2687 XV,
1112 2636 1232 2690 pag.
1263 2615 1416 2688 559),
1456 2623 1512 2670 et
1548 2613 1603 2668 in
1649 2611 1787 2666 libro
1812 2608 1880 2664 ad
1908 2607 2200 2673 Nationes,

600 2716 770 2787 elogia
803 2712 1061 2769 modulari
1088 2711 1201 2786 (tib.
1231 2709 1255 2765 l
1279 2710 1348 2764 ad
1377 2708 1623 2783 Nation.,_
1651 2721 1768 2776 cap.
1792 2702 1864 2770 Χ,
1893 2717 2015 2774 pag.
2045 2696 2200 2769 576),

599 2811 716 2867 sive
744 2808 891 2865 lovis
930 2803 1370 2876 vituperationes,
1404 2810 1458 2856 et
1483 2797 1802 2871 ignominias
1828 2792 2056 2864 exprimi
2088 2790 2200 2845 his-

603 2901 838 2958 trionum
868 2900 1086 2955 vocibus
1112 2912 1177 2954 ac
1196 2894 1464 2968 gestibus,
1485 2900 1539 2947 et
1557 2883 1805 2946 iibiaruut
1836 2884 2203 2942 modulatione

600 2995 658 3050 in
683 2991 983 3058 commdiis,
1008 2990 1164 3046 sicuti
1188 2983 1615 3062 Amphitryonis,
1644 2991 1697 3037 et
1721 2980 1840 3034 aliis
1861 2985 2010 3034 certe
2038 2989 2202 3047 quam

600 3085 848 3157 plurimis
884 3082 1148 3138 similibus
1194 3078 1489 3136 decantari.
1530 3073 1803 3131 Sustinetis
1846 3085 2059 3143 quoque
2094 3068 2199 3124 Ju-

598 3193 805 3244 nonem,
843 3173 1105 3241 Venerem,
1140 3170 1424 3226 Minervam
1454 3183 1487 3220 a
1511 3176 1716 3239 pastore
1726 3162 1964 3244 judican'
1991 3162 2010 3234 (
2035 3161 2198 3226 idem,

602 3242 874 3343 Apologet.
899 3268 1023 3323 ibid.
1053 3263 1096 3341 ),
1126 3266 1375 3320 nimirum
1404 3260 1595 3318 Paride
1614 3301 1630 3328 ,
1664 3242 1927 3313 in'monte
1954 3254 2042 3334 Ida
2068 3255 2199 3310 edu-
2224 3282 2270 3345 ρ

601 3374 726 3420 cato
751 3365 890 3419 inter
912 3370 1175 3433 pastores,
1194 3366 1249 3415 et
1270 3365 1485 3429 pastore
1513 3348 2006 3425 nuncupato,cujus
2029 3346 2095 3402 de
2113 3345 2198 3402 his

602 3457 805 3513 deabus
824 3455 1084 3526 judicium
1112 3451 1246 3507 nulli
1274 3451 1665 3518 incompertum
1691 3452 1795 3499 est.
1838 3440 1979 3498 Nihil
2019 3439 2201 3510 itaque

601 3547 942 3617 adjiciemus,
962 3545 1063 3600 nisi
1085 3542 1229 3614 quod
1254 3542 1385 3597 scite
1406 3548 1461 3596 et
1480 3537 1701 3593 omnino
1727 3534 1794 3590 ad
1822 3548 1935 3590 rem
1959 3542 2199 3613 nostram

601 3637 845 3706 apposite
869 3635 1200 3707 Augustinus
1226 3632 1395 3687 dixit:
1428 3628 1665 3684 Tametsi
1694 3626 1824 3681 falsa
1854 3626 1961 3681 sint
1983 3665 2000 3691 ,
2035 3623 2201 3695 litigia

599 3725 679 3780 vel
691 3726 891 3794 judicia
918 3723 987 3778 de
1009 3722 1247 3793 pluribus
1274 3720 1398 3787 diis,
1432 3726 1486 3774 et
1516 3719 1683 3774 tribus
1706 3716 1811 3772 illis
1840 3715 2065 3780 deabus,
2086 3729 2202 3785 qua:

602 3832 698 3889 pro
728 3818 863 3870 malo
897 3832 1051 3870 aureo
1080 3812 1409 3883 adipiscendo
1434 3811 1576 3881 apud
1591 3810 1821 3882 judicent
1848 3806 2094 3862 Paridem
2137 3808 2201 3860 de

600 3908 1002 3981 pulchritudinis
1032 3905 1328 3962 excellentia
1355 3912 1572 3959 certasse
1600 3909 1895 3965 narrantur,
1913 3908 1959 3954 et
1985 3899 2053 3953 ad
2076 3898 2200 3967 pla—

598 4002 791 4057 candos
819 4001 954 4056 ludis
988 4000 1107 4055 deos
1124 4040 1139 4065 ,
1160 3998 1247 4070 qui
1285 3995 1603 4052 delectantur
1625 4010 1714 4050 seu
1741 3992 1872 4047 veris
1891 4032 1908 4059 ,
1938 4008 2028 4047 seu
2053 3991 2200 4063 falsis

598 4094 711 4149 istis
732 4091 1029 4147 criminibus
1051 4108 1070 4156 ;
1093 4091 1223 4144 inter
1251 4087 1523 4142 theatricos
1554 4097 1722 4139 tamen
1751 4083 1964 4154 plausus
1985 4092 2201 4136 cantan-

603 4193 688 4238 tur
704 4193 852 4255 atque
871 4181 1366 4254 saltantur(August.
1391 4178 1481 4233 lib.
1517 4174 1684 4233 XVIII
1714 4175 1776 4230 de
1798 4173 1973 4242 Civit.,
1990 4190 2106 4244 cap.
2127 4173 2195 4241 X,

546 4280 549 4287 ‘
596 4293 723 4348 pag.
751 4276 916 4347 495).
947 4278 1121 4344 Atque
1151 4274 1254 4341 ita,
1281 4272 1356 4327 ait
1384 4273 1583 4327 Auctor
1611 4276 1813 4335 noster,
1836 4267 2066 4324 deorum
2088 4281 2201 4322 ma-

597 4369 788 4442 iestas,
815 4367 1046 4423 ethnicis
1075 4381 1182 4421 non
1212 4364 1372 4419 modo
1398 4380 1499 4419 non
1527 4361 1928 4417 erubescentibus
1957 4358 2198 4430 (Tertul-

599 4462 725 4516 lian.
751 4459 1045 4532 Apologet.,
1075 4475 1193 4530 cap.
1216 4456 1335 4523 XV,
1360 4474 1486 4530 pag.
1520 4454 1673 4527 359),
1701 4454 1797 4511 sed
1826 4454 2011 4520 etiam,
2041 4452 2199 4518 sicuti

597 4554 656 4614 in
686 4554 921 4610 editione
948 4551 1175 4624 Regaltii
1207 4551 1421 4622 legitur,
1462 4549 1823 4622 plaudentibus
1844 4591 1860 4616 ,
1901 4549 1956 4603 in
2000 4547 2199 4603 nostris

2312 2053 2513 2108 invenit
2540 2042 2882 2124 (Tertullian.
2909 2053 3196 2125 Apologet.,
3237 2069 3284 2108 ε.
3322 2052 3418 2118 15,
3445 2071 3501 2124 p.
3532 2052 3659 2121 56!,
3692 2063 3741 2109 et
3773 2054 3864 2108 lib.
3897 2054 3918 2110 I

2309 2146 2378 2199 ad
2399 2145 2639 2213 Narium,
2656 2163 2709 2200 -c.
2725 2146 2814 2215 l0,
2835 2164 2891 2217 p.
2912 2146 3065 2217 576).
3120 2139 3408 2217 TripIicem
3434 2162 3564 2203 vero
3588 2148 3922 2220 distinguunt

2318 2248 2540 2293 caveam
2559 2278 2575 2305 ,
2605 2239 2719 2292 sive
2747 2237 2926 2307 potius
2953 2247 3061 2293 tres
3084 2238 3201 2311 eius
3230 2246 3430 2307 partes,
3458 2239 3913 2309 quemadmodum

2272 2394 2277 2398 ,
2310 2345 2376 2386 es
2406 2327 2666 2387 Cicerone
2695 2329 2926 2403 (ϐίαι,
2950 2331 3019 2385 lib
3049 2332 3112 2385 de
3138 2331 3366 2398 δεηθείη
3387 2349 3445 2403 p.
3473 2332 3610 2398 412,
3635 2322 3729 2389 lin.
3755 2334 3843 2399 57,
3864 2344 3916 2390 et

2313 2423 2404 2478 lib.
2435 2423 2498 2478 de
2524 2423 2757 2489 Amicit.,
2788 2441 2843 2494 p.
2873 2423 2982 2478 422
3001 2466 3016 2490 ,
3047 2425 3138 2478 lin.
3168 2424 3238 2479 15
3266 2423 3599 2492 ),_Suetonio
3630 2423 3911 2497 (Sacram,

2309 2516 2398 2571 lib.
2426 2514 2670 2587 II,§44),
2694 2515 2883 2571 Servio
2904 2516 3150 2587 (Servius
3171 2517 3223 2570 in
3249 2514 3689 2583 lib..V,eEneid.,
3710 2534 3758 2572 υ.
3777 2518 3910 2583 510,

2308 2618 2355 2663 et
2379 2606 2660 2675 lib.Vlll,v.
2683 2606 2836 2679 655),
2860 2608 3081 2677 aliisque
3104 2607 3380 2664 discimus.
3409 2606 3629 2664 Summa
3652 2620 3781 2676 erat,
3811 2610 3908 2666 ubi

2307 2700 2566 2770 heminae,
2589 2701 2766 2758 media
2794 2702 2882 2758 ubi
2903 2701 3159 2773 populus,
3192 2703 3350 2758 tertia
3375 2702 3466 2758 ubi
3497 2703 3778 2759 nobiliores
3799 2705 3902 2760 viri

2307 2795 2588 2863 sedebant,
2631 2796 3051 2868 spectabantque
3068 2797 3315 2867 publicos
3340 2796 3515 2852 ludos.
3542 2797 3904 2853 Tertullianus

2308 2897 2508 2955 tamen,
2533 2880 2980 2959 quemadmodum
3012 2886 3334 2944 Ammianus
3358 2887 3698 2944 Marcellinus
3730 2887 3905 2960 (Mar-

2306 2981 2447 3046 cell.,
2477 2980 2565 3035 lib.
2599 2979 2755 3048 XIX,
2789 3000 2840 3053 p.
2871 2982 2977 3037 550
3004 2982 3058 3054 ),
3116 2998 3293 3038 cavea:
3348 2983 3558 3037 nomine
3608 2982 3908 3053 designant

2306 3073 2687 3143 amphitheatri
2719 3089 2937 3130 arenam
2961 3116 2976 3143 ,
3005 3074 3058 3129 in
3086 3090 3187 3146 qua
3228 3075 3517 3146 pugnabant
3542 3075 3898 3146 gladiatores.

2305 3165 2364 3221 In
2391 3181 2489 3220 suo
2510 3166 2704 3237 quippe
2731 3165 2797 3236 ad
2824 3166 3087 3222 Nationes
3112 3167 3252 3223 libro
3273 3167 3505 3237 scripsit:
3531 3166 3903 3237 Religiosiores

2306 3258 2425 3311 estis
2457 3258 2511 3311 in
2539 3257 2883 3327 gladiatorum
2905 3274 3077 3323 cavea,
3108 3259 3193 3313 ubi
3217 3275 3371 3329 super
3392 3259 3687 3329 sanguinem
3713 3260 3906 3312 huma-

2305 3364 2427 3403 num
2447 3391 2462 3415 ,
2489 3365 2644 3418 super
2665 3349 3048 3417 inquinamenta
3073 3366 3337 3420 partarum
3372 3346 3588 3422 proinde
3612 3352 3800 3405 saltant
3830 3351 3906 3405 dii

2302 3439 2474 3504 vestri,
2500 3449 2801 3510 argumenta
2830 3449 2876 3494 et
2897 3440 3145 3497 historias
3176 3442 3468 3498 nocentibus
3492 3444 3784 3515 erogandis,
3814 3451 3906 3498 aut

2302 3532 2357 3586 in
2402 3533 2526 3602 ipsis
2575 3533 2682 3587 deis
2710 3543 2942 3613 nocentes
2982 3536 3266 3606 puniuntur
3293 3535 3312 3607 (
3344 3533 3561 3590 Tertull.
3638 3535 3727 3590 lib.
3772 3535 3795 3590 Ι
3834 3536 3905 3589 ad

2305 3622 2458 3690 Nat.,
2487 3643 2604 3696 cap.
2634 3624 2705 3693 Χ,
2747 3644 2802 3697 p.
2829 3625 2993 3700 576).
3020 3628 3079 3683 In
3107 3628 3458 3700 Apologetico
3504 3636 3683 3685 autem
3738 3628 3905 3684 simili

2304 3716 2503 3774 modo:
2541 3717 2611 3774 In
2636 3734 2789 3774 cavea
2808 3761 2824 3786 ,
2854 3720 3055 3791 inquit,
3086 3721 3172 3775 ubi
3197 3738 3351 3792 super
3391 3721 3690 3793 sanguinem
3717 3721 3906 3774 huma-

2304 3828 2427 3866 num
2446 3854 2461 3880 ,
2490 3829 2643 3885 super
2668 3815 3057 3886 inquinamenta
3084 3831 3350 3885 poenarum
3378 3816 3592 3886 proinde
3614 3816 3801 3870 saltant
3830 3815 3911 3869 dii

2302 3906 2455 3962 vestri
2473 3949 2487 3973 ,
2513 3917 2815 3978 argumenta
2843 3918 2889 3963 et
2930 3909 3170 3965 historias
3196 3911 3364 3965 noxiis
3393 3910 3739 3964 ministrantes
3758 3949 3775 3974 ,
3801 3908 3911 3963 nisi

2303 3999 2440 4069 quod
2460 4008 2508 4053 et
2534 3999 2673 4070 ipsos
2697 4000 2820 4057 deos
2861 4010 3049 4057 vestros
3089 4018 3225 4073 stupe
3257 4003 3396 4057 noxii
3437 4002 3657 4057 induunt
3695 4000 3901 4074 (Idem,

2304 4090 2546 4161 Apolog.,
2572 4107 2619 4146 c.
2649 4091 2764 4158 XV,
2784 4109 2839 4163 p.
2863 4094 2989 4161 36l,
3011 4104 3058 4148 et
3083 4094 3171 4148 lib.
3197 4093 3215 4148 Ι
3236 4095 3307 4149 ad
3327 4093 3457 4149 Nat.
3480 4096 3577 4150 loc.
3609 4096 3695 4148 cit.
3716 4095 3757 4166 ).
3775 4093 3911 4162 Qui-

2302 4176 2406 4237 bus
2444 4182 2533 4237 ille
2573 4183 2753 4240 verbis
2795 4185 3061 4256 signiﬁcat
3086 4186 3575 4258 postgladiatorum
3600 4195 3913 4251 certamen,

2305 4273 2716 4347 pantomimum,
2762 4286 2977 4347 sumpta
3004 4277 3090 4346 dej
3119 4279 3344 4347 alicujus
3374 4278 3519 4333 larva
3552 4294 3618 4334 ac
3646 4292 3909 4349 persona,

2303 4362 2657 4421 descendisse
2683 4365 2734 4420 in
2756 4380 2976 4422 arenam
2996 4409 3011 4433 ,
3044 4377 3100 4424 et
3124 4368 3350 4425 saltasse
3373 4383 3532 4439 supra
3559 4384 3785 4441 corpora
3802 4383 3912 4425 oc-

2304 4454 2561 4522 cisorum,
2589 4466 2679 4511 aut
2704 4459 2939 4513 animam
2965 4458 3353 4527 exhalantium,
3384 4460 3676 4527 noxiorum,
3711 4459 3764 4515 id
3791 4469 3910 4528 est,

2301 4545 2515 4603 illorum
2545 4549 2662 4620 qui,
2692 4549 2763 4605 ob
2791 4551 3014 4606 crimina
3045 4567 3141 4607 sua
3163 4552 3532 4616 condemnati,
3561 4569 3682 4609 cum
3712 4553 3913 4610 bestiis

598 4660 731 4703 vero
754 4644 1115 4711 membranis,
1143 4652 1199 4700 et
1225 4643 1459 4735 antiquis
1487 4641 1814 4735 editionibus
1834 4683 1885 4735 ,_
1877 4654 1940 4696 ac
1961 4639 2111 4735 libro
2125 4637 2196 4735 ad
2221 4674 2276 4735 D
2304 4636 2580 4695 decertare
2603 4640 2951 4711 cogebantur.
2985 4642 3079 4699 Dic
3123 4658 3275 4715 ergo,
3312 4659 3473 4715 quam
3512 4643 3795 4714 pulchrum
3839 4659 3913 4703 ac

594 4739 854 4796 Nationes
882 4735 1316 4810 ltetantibus(lib.
1343 4733 1456 4790 [ad
1486 4732 1729 4801 Nation.,
1766 4749 1814 4786 c.
1842 4730 1913 4801 X,
1949 4749 2003 4803 p.
2042 4730 2193 4800 576).

607 4830 912 4887 violahatur
939 4839 995 4886 et
1031 4827 1500 4898 constuprabatur.

669 4923 837 4994 Urget
860 4922 1226 4979 Tcrtullianus
1252 4919 1460 4993 (ibid):
1494 4918 1632 4987 Quid
1651 4960 1667 4987 ,
1697 4918 1834 4988 quod
1854 4919 1875 4991 (
1899 4916 2193 4997 nostrico-

502 5050 508 5055 -
592 5016 741 5072 dices
785 5013 1127 5085 manuscripti
1159 5020 1214 5067 et
1241 5011 1472 5081 antiqua:
1497 5010 1781 5077 editiones,
1810 5007 2001 5080 ipsum)
2025 5010 2194 5082 imago

593 5107 678 5162 dei
705 5106 853 5161 vestri
882 5104 1414 5178 ignominiosissimum
1438 5102 1456 5173 (
1481 5102 1620 5158 idem
1664 5101 1752 5157 alii
1774 5100 2007 5168 codices,
2038 5101 2189 5173 igno-

590 5197 911 5268 miniosum)
950 5206 1103 5268 caput
1151 5207 1196 5251 et
1226 5200 1479 5267 famosum
1520 5194 1679 5249 vestit.
1729 5194 1787 5249 In
1842 5192 1978 5249 libro
2012 5203 2190 5250 autem

590 5291 661 5347 ad
713 5290 1009 5346 Nationes:
1051 5286 1331 5342 Famosum
1380 5294 1424 5341 et
1474 5282 1775 5340 diminutum
1815 5292 1968 5355 caput
2020 5285 2190 5356 imago

593 5381 866 5455 cujuslibet
896 5382 976 5437 dei
1007 5382 1184 5445 vestit;
1216 5379 1271 5435 id
1302 5388 1418 5447 est,
1450 5378 1641 5433 histrio
1688 5376 2104 5449 ignominiosus,
2135 5387 2191 5434 et

590 5472 808 5546 ﬂagitiis
857 5473 1129 5541 famosus,
1172 5478 1524 5543 repraesentat
1569 5469 1855 5540 cujuslibet
1884 5469 1970 5525 dei
1998 5470 2188 5542 imagi-

589 5584 737 5624 nem.
758 5566 919 5622 Addit
943 5568 1150 5622 adhuc:
1173 5565 1368 5638 Corpus
1391 5565 1669 5636 impurum,
1696 5574 1743 5619 et
1766 5565 1836 5619 ad
1860 5565 2008 5621 istam
2028 5575 2187 5621 artem

592 5650 989 5726 eﬁ’aéminatione
1011 5658 1338 5729 productum,
1364 5656 1478 5712 sive
1504 5657 1665 5711 mima
1692 5656 1974 5728 impudens
1991 5658 2187 5716 Miner-

589 5766 707 5803 vam
735 5748 981 5818 aliquam,
1005 5751 1081 5805 vel
1110 5749 1429 5821 petulantior
1457 5748 1650 5804 mimus
1675 5747 1951 5806 Herculem
1980 5751 2181 5827 (ibid),

2306 4734 2454 4803 pium
2482 4743 2600 4791 erat
2619 4734 2776 4793 deum
2817 4736 3457 4807 personatum-carniﬁcis
3498 4737 3645 4807 fungi
3683 4736 3908 4807 cilicio,

2297 4835 2390 4882 aut
2426 4840 2643 4882 reorum
2677 4843 2709 4884 a
2730 4827 2916 4884 bestiis
2940 4828 3240 4885 occisorum
3269 4827 3621 4887 cadaveribus
3648 4828 3907 4887 illudeve.

2369 4918 2536 4975 Nemo
2566 4928 2746 5001 autem
2776 4921 2906 4977 illud
2935 4922 3004 4979 ab
3054 4923 3288 4980 Auctore
3336 4931 3520 4978 nostro
3564 4923 3750 4978 ﬁctum
3805 4922 3907 4981 vel

2297 5020 2679 5083 exaggeratum
2708 5014 3006 5084 putaverit,
3031 5014 3175 5086 quod
3202 5014 3318 5086 ipse
3347 5014 3572 5071 suismet
3596 5014 3770 5070 oculis
3788 5029 3910 5072 sa-

2295 5103 2418 5177 pius
2464 5103 2663 5162 vidisse
2723 5105 3088 5162 testiﬁcatur:
3130 5104 3396 5176 Vidimus,
3452 5107 3562 5174 ait,
3614 5107 3912 5177 aliquando

2294 5198 2317 5275 (
2347 5196 2672 5267 Tertullian.,
2702 5199 2959 5271 ibidem);
2992 5208 3047 5256 et
3078 5200 3131 5256 in
3165 5201 3304 5258 libro
3344 5201 3413 5257 ad
3461 5199 3717 5257 Nationes
3745 5216 3765 5256 :
3800 5198 3911 5256 γε-

2295 5291 2462 5346 ditnus
2480 5308 2616 5361 stepe
2644 5302 2925 5347 castratum
2952 5292 3125 5365 Atym,
3148 5293 3298 5349 illum
3322 5294 3473 5349 deum
3489 5309 3552 5348 ea;
3566 5291 3909 5364 Pessinunte.

2288 5385 2426 5459 prbe
2450 5386 2698 5443 videlicet
2728 5387 2782 5443 in
2816 5386 3061 5460 Phrygia:
3104 5402 3312 5460 magnae
3353 5386 3624 5454 conﬁnio,
3647 5385 3753 5444 sub
3780 5388 3910 5461 Ag-

2294 5479 2433 5536 desti
2468 5490 2649 5537 monte
2675 5481 2799 5549 sita,
2830 5482 2882 5536 in
2912 5496 3018 5552 qua
3045 5480 3200 5554 Atys,
3229 5490 3367 5538 teste
3398 5479 3681 5549 Pausania,
3713 5489 3914 5540 tumu-

2292 5566 2432 5628 latus
2449 5570 2741 5629 ferebatur.
2772 5571 3075 5629 Prmterea:
3098 5572 3203 5643 Qui
3229 5573 3390 5639 vivus,
3414 5571 3491 5628 ait
3518 5571 3632 5640 ille,
3655 5571 3907 5642 ardebat,

2294 5652 2570 5719 Herculem
2588 5663 2825 5719 induerat
2855 5663 3111 5731 (Pausan.
3142 5662 3229 5719 lib.
3264 5661 3309 5728 Ι,
3337 5679 3393 5736 p.
3424 5663 3460 5719 4
3482 5661 3524 5734 ).
3546 5661 3687 5731 Quid
3708 5646 3913 5727 uictu

2287 5745 2439 5813 hisce
2455 5757 2632 5814 verbis
2658 5756 2760 5813 sibi
2785 5756 2972 5826 voluit,
2993 5755 3097 5812 nisi
3123 5755 3176 5811 in
3205 5749 3515 5813 crudelibus
3538 5754 3648 5811 illis
3670 5761 3911 5826 speet».

588 5837 645 5891 id
671 5846 754 5893 est
770 5879 785 5905 ,
812 5842 985 5909 turpia
1027 5843 1305 5911 utriusque
1334 5841 1471 5899 faeta
1491 5842 1542 5898 in
1567 5857 1727 5901 scena
1756 5844 2008 5902 exhibet.
2041 5846 2170 5915 Quis
2282 5850 2418 5909 culis
2445 5850 2635 5910 noxios
2661 5851 2905 5910 homines
2928 5860 2988 5908 et
3004 5850 3295 5909 sceleratos
3316 5857 3529 5922 sumpta
3550 5847 3635 5906 vel
3662 5846 3888 5922 Atriis,
