4212 6262
543 280 681 340 ΠΗ

1612 278 1679 336 IN
1715 273 2182 369 ren'rULLtsNt
2221 232 2783 334 APOLOGETICUM“

3707 282 3849 340 “l2

548 404 808 473 majorem
844 401 1006 457 fuisse
1029 397 1470 470 philosophorum
1488 396 1959 468 gentilium,quam
1977 402 2142 449 carte-
2169 391 2225 453 A
2248 409 2373 465 pag.
2400 393 2553 465 5H).
2584 393 2783 450 Verum
2830 408 3011 450 nonne
3050 392 3408 450 Tertullianus
3468 394 3651 451 dicere
3682 396 3855 466 potuit

547 511 732 551 rerum
761 495 1089 564 plebeiorum
1119 491 1417 555 hominum,
1442 490 1495 545 in
1511 489 1643 545 deos
1669 504 1794 544 suos
1826 487 2138 557 religionem

530 588 877 663 (Tertullian.
928 585 1214 657 Apologct.,
1246 601 1293 637 c.
1327 583 1416 650 14,
1447 602 1500 654 p.
1534 580 1682 653 555).
1730 579 1863 635 Nam
1895 577 2139 649 plerique

520 693 739 736 'omnes
778 694 805 731 a
838 677 948 732 veri
982 677 1073 731 Dei
1127 674 1398 745 agnitione
1428 715 1442 738 ,
1498 681 1594 728 aut
1656 671 1821 743 agniti
1876 669 2140 740 praedica-

545 772 694 829 tione
720 769 797 825 sic
824 767 1269 824 abalienabantur
1294 809 1308 833 ,
1339 776 1398 820 ut
1445 760 1566 819 illos
1612 762 1975 819 Tertullianus
2002 772 2143 814 nunc

543 862 852 919 nominibus
877 861 989 917 suis
1014 860 1275 931 appellari
1321 872 1777 930 supervacaneum
1820 869 1941 910 esse
1990 861 2144 923 puta-

541 955 702 1009 verit.
736 953 927 1008 Missos
973 962 1173 1007 autem-
1204 951 1323 1006 illos
1352 950 1439 1004 hic
1485 948 1674 1006 fecisse
1717 946 1966 1010 videtur,
2018 943 2142 1014 quia

541 1045 669 1100 alibi
695 1088 710 1112 ,
742 1045 881 1100 sicut
905 1043 1240 1099 ostendimus
1273 1042 1485 1112 (Supr.,
1509 1058 1620 1113 cap.
1649 1041 1703 1102 5,
1731 1048 1830 1093 art.
1862 1038 1945 1107 4),
1976 1048 2142 1090 vanas

540 1138 1061 1208 absurdissimasque
1115 1136 1329 1191 illorum
1396 1134 1469 1189 de
1513 1134 1640 1197 Deo,
1677 1131 1962 1202 opiniones
2013 1126 2145 1182 satis

541 1238 730 1300 aperte
752 1228 1236 1283 demonstraverat.

618 1319 895 1377 Socratem
923 1318 1271 1375 nihilominus
1316 1315 1633 1372 nominatim
1662 1316 1766 1371 hoc
1797 1317 1911 1387 ipso
1939 1318 1991 1372 in
2023 1320 2145 1374 loco

544 1414 796 1485 appellat,
826 1426 929 1468 nec
952 1412 1220 1467 immerito
1245 1409 1483 1482 quidem.
1506 1408 1760 1465 Omnium
1775 1411 1970 1482 quippe
1997 1425 2146 1465 mor-

545 1507 757 1572 talium,
788 1502 1240 1578 quemadmodum
1271 1514 1426 1558 antea
1458 1503 1837 1558 annotavimus
1884 1502 2142 1577 (Dissert.

544 1600 601 1654 in
620 1598 812 1653 Minut.
848 1597 1051 1664 0ctav.,
1079 1614 1194 1670 cap.
1226 1598 1280 1658 5,
1313 1606 1413 1649 art.
1440 1595 1518 1667 Ξ),
1553 1595 1981 1666 sapientissimus
2019 1612 2146 1651 ora-

544 1688 670 1744 culo
704 1688 965 1759 Apollinis
992 1687 1303 1743 declaratus
1318 1696 1421 1743 est.
1444 1686 1550 1742 Sed
1580 1687 1669 1743 ille
1688 1689 2029 1757 quantumvis
2056 1703 2145 1744 sa-

2244 486 2523 541 veritatem
2551 485 2692 552 olim,
2724 486 2973 542 nimirum
3001 486 3260 551 Socratis,
3281 485 3348 542 de
3376 502 3484 558 quo
3503 488 3846 559 loquebatur,

2246 586 2510 648 tempore,
2543 586 2598 634 et
2625 593 2726 634 suo
2751 579 2910 634 etiam
2942 579 3261 651 atque‘adeo
3289 596 3483 652 semper
3509 580 3637 635 odio
3667 581 3848 637 homi-

2247 667 2406 723 nibus
2437 669 2620 725 fuisse.
2649 668 2918 741 Quidquid
2955 679 3132 725 autem
3191 671 3507 740 pronunties
3533 712 3550 736 ,
3603 670 3729 727 inde
3760 672 3853 728 ille

2245 759 2513 816 concludit
2534 769 2739 816 tantum
2768 776 2890 819 esse
2930 762 3114 817 odium
3145 762 3390 818 veritatis
3411 802 3425 828 ,
3458 770 3518 816 ut
3544 761 3851 821 Athenien-

2246 865 2336 908 ses
2359 866 2481 907 eam
2515 852 2567 908 in
2594 851 2819 909 Socrate
2843 852 3061 909 lictitios
3088 852 3219 908 deos
3263 861 3544 910 everteute
3576 854 3703 911 odio
3748 855 3851 911 ha-

2247 941 2483 999 buerint.
2531 944 2607 1001 De
2658 944 2803 1001 illius
2850 953 3033 1002 autem
3089 944 3547 1003 condemnatione
3570 956 3624 1003 et
3670 958 3854 1006 morte

2247 1050 2409 1107 supra
2441 1036 2494 1092 in
2515 1038 2889 1108 superioribus
2914 1038 3386 1095 dissertationibus
3436 1039 3506 1095 ibi
3528 1040 3702 1096 citatis
3724 1041 3849 1097 dis-

2251 1130 2552 1201 putavimus
2572 1131 2759 1204 (Supr.
2788 1149 2836 1187 c.
2865 1132 2957 1197 25,
2987 1140 3086 1186 art.
3119 1132 3202 1201 3).

2321 1222 2529 1279 Socrati
2577 1222 2714 1278 duos
2749 1224 2884 1278 alios
2932 1222 3286 1295 philosophos
3314 1222 3664 1281 Tertullianus
3709 1240 3857 1281 con.

2244 1316 2420 1386 jungit
2441 1314 2686 1389 (Tertull.
2716 1317 2936 1389 Apolog.
2965 1334 3014 1372 c.
3044 1315 3139 1384 ﬂ,
3172 1336 3228 1389 p.
3251 1310 3401 1387 355).
3428 1333 3652 1388 grteeum
3676 1336 3849 1377 unum

2250 1407 2540 1479 Diogenem
2565 1450 2579 1473 ,
2621 1406 2848 1463 alterum
2878 1423 3160 1463 romanum
3187 1398 3509 1465 Varronem.
3560 1410 3626 1464 At
3652 1411 3853 1467 mirum

2251 1499 2480 1555 fortasse
2526 1500 2772 1570 pluribus
2799 1500 2901 1555 erit
2927 1515 3024 1557 cur
3048 1501 3213 1571 priori
3258 1502 3571 1556 testimonio
3597 1501 3858 1558 adversus

2252 1590 2504 1646 ethnicos
2527 1592 2577 1646 in
2608 1591 2710 1647 hoc
2731 1600 2786 1646 et
2816 1593 2990 1661 primo
3014 1591 3080 1648 ad
3118 1590 3375 1648 Nationes
3402 1593 3541 1648 libro
3561 1593 3641 1649 sic
3670 1595 3857 1665 dism-

2253 1692 2328 1739 tct
2362 1701 2375 1737 :
2406 1683 2652 1755 Diogenes
2677 1726 2693 1752 ,
2728 1684 2920 1755 inquit,
2954 1685 3124 1739 nescio
3147 1685 3271 1756 quid
3312 1686 3364 1738 in
3392 1684 3671 1741 Herculem
3695 1687 3859 1755 ludit;

543 1781 700 1853 piens
721 1780 934 1835 habitus
954 1822 969 1847 ,
1024 1781 1079 1833 in
1105 1779 1313 1834 deorum
1344 1778 1728 1843 contumeliam,
1758 1780 1832 1833 ait
1858 1778 2134 1836 Tertullia-
2169 1782 2218 1842 B
2247 1778 2298 1831 in
2324 1775 2586 1832 alioltbro
2615 1776 2734 1831 lusit
2755 1775 2817 1849 (ι.
2843 1775 2883 1831 1.
2912 1778 2987 1831 ad
3009 1776 3228 1833 Nation.
3257 1793 3305 1831 ε.
3334 1777 3422 1843 10,
3464 1797 3517 1847 p.
3550 1780 3702 1851 576).
3727 1780 3860 1836 Nam

539 1889 665 1938 nus,
696 1888 963 1943 quercum,
989 1881 1035 1925 et
1066 1873 1283 1934 hircum,
1316 1880 1361 1924 et
1381 1886 1556 1924 canem
1595 1870 1852 1941 dejerabat
1877 1870 2143 1943 (Tertull.,

544 1965 645 2019 loc.
675 1963 813 2032 cit.).
842 1962 950 2017 Nos
978 1978 1105 2016 vero
1151 1962 1412 2033 Rigaltius
1438 1961 1509 2017 ibi
1540 1963 1774 2017 monitos
1802 1978 1924 2017 esse
1980 1964 2152 2019 voluit

545 2056 604 2111 in
646 2056 831 2111 codice
854 2055 1110 2111 Fuldeusi
1159 2055 1278 2109 haec
1305 2055 1472 2110 verba
1509 2065 1555 2109 et
1581 2071 1757 2110 canem
1784 2055 1976 2111 abesse
2006 2072 2019 2107 :
2052 2056 2150 2112 sed

544 2146 745 2202 sufficit
769 2146 1012 2216 profecto
1039 2161 1100 2200 ea
1128 2132 1181 2201 in
1207 2147 1326 2202 aliis
1366 2147 1620 2201 omnibus
1648 2147 1896 2217 reperiri.
1926 2144 1984 2201 1n
2008 2148 2149 2204 libro

545 2249 725 2295 autem
756 2238 826 2293 ad
855 2237 1109 2293 Nationes
1151 2239 1350 2293 erravit
1393 2237 1647 2292 librarius
1700 2238 1874 2292 lteram
1904 2253 2002 2309 pro
2043 2240 2152 2294 hir-

544 2348 660 2386 cum
681 2331 967 2387 scribendo
999 2331 1048 2403 (l
1058 2332 1192 2397 dem,
1220 2332 1257 2385 l.
1288 2330 1357 2384 ad
1382 2329 1509 2384 Nat.
1536 2347 1584 2384 c.
1612 2329 1698 2397 10,
1716 2349 1770 2403 p.
1798 2330 1957 2402 576).
1991 2331 2149 2387 Plura

541 2433 723 2480 autem
756 2440 855 2479 nos
869 2423 995 2479 alibi
1019 2425 1297 2479 retulimus
1312 2423 1379 2479 de
1398 2423 1492 2478 illo
1516 2422 1757 2479 Socratis
1774 2414 2148 2495 jurejurando,

543 2516 831 2587 palamque
878 2515 1105 2573 fecimus
1155 2515 1285 2571 illud
1314 2532 1344 2570 a
1393 2515 1554 2570 variis
1590 2515 1953 2591 scriptoribus
2001 2519 2151 2574 varie

544 2606 799 2677 quidem,
847 2606 945 2662 sed
974 2622 1248 2677 nunquam
1297 2607 1414 2662 sine
1458 2607 1684 2662 deorum
1732 2616 2044 2679 contemptu
2094 2616 2152 2665 et

546 2697 743 2768 injuria
772 2697 962 2754 referri
989 2698 1285 2771 (Dissertat.
1308 2700 1360 2752 in
1388 2697 1623 2753 Lactant.
1660 2717 1710 2756 c.
1737 2700 1807 2756 50
1825 2709 1925 2756 art.
1962 2702 2042 2772 1).

619 2789 785 2845 Addit
824 2799 1082 2860 praeterea
1130 2789 1494 2845 Tertullianus
1546 2790 1828 2847 Socratem
1870 2792 1938 2847 ab
1979 2792 2149 2849 Athe-

546 2881 826 2937 niensibus
853 2891 1027 2937 morte
1072 2882 1271 2938 idcirco
1313 2883 1625 2939 damnatum
1651 2926 1668 2951 ,
1719 2884 1842 2955 quia
1872 2884 2005 2940 deos
2030 2884 2154 2941 des-

546 2975 790 3040 truebat;
829 2975 927 3031 sed
953 2990 1049 3032 eos
1077 2978 1293 3032 tandem
1339 2977 1535 3048 iniqua:
1585 2976 1947 3034 damnationis
1976 2978 2151 3049 paeni-

546 3067 713 3124 tentia
714 3068 807 3131 sic
826 3077 996 3134 actos,
1012 3076 1068 3122 ut
1089 3069 1441 3123 criminatores
1483 3068 1739 3137 Socratis,
1762 3069 1956 3140 inquit,
1978 3079 2152 3142 postea

2257 1868 2481 1933 tantine,
2514 1875 2773 1937 argueut,
2806 1868 3062 1937 ponderis
3086 1877 3171 1925 est
3201 1868 3316 1924 lure
3347 1873 3772 1940 argumentatio,
3806 1881 3866 1928 ut

2254 1960 2424 2030 repeti
2458 1960 2756 2015 meruerit?
2781 1958 2835 2016 Si
2871 1961 3142 2017 nesciebat
3172 1962 3312 2016 enim
3340 1960 3703 2019 Tertullianus
3729 1965 3858 2035 quid

2257 2051 2528 2122 Diogenes
2552 2052 2681 2107 lusit
2716 2052 2767 2105 in
2799 2052 3077 2108 Herculem
3106 2094 3122 2117 ,
3149 2053 3275 2123 quid
3324 2053 3451 2109 inde
3476 2064 3663 2110 contra
3697 2054 3862 2112 falsos

2252 2144 2691 2214 gentiliumdeos
2718 2146 2985 2201 coniicere
3025 2146 3267 2214 poterat?
3311 2146 3445 2215 Quis
3485 2163 3616 2203 vero
3645 2148 3746 2204 iste
3770 2159 3858 2205 est

2255 2239 2565 2311 Diogenes?
2612 2239 2765 2294 Dictu
2796 2254 2919 2294 cum
2970 2240 3020 2293 id
3051 2239 3268 2294 difficile
3297 2241 3388 2303 sit,
3417 2241 3634 2311 quidam
3685 2243 3862 2313 suspi-

2251 2342 2443 2388 cantur
2491 2332 2773 2402 legendum
2805 2331 3057 2403 Diagoras
3086 2374 3102 2399 ,
3137 2334 3223 2403 qui
3264 2332 3483 2403 quidem
3511 2336 3631 2404 quia
3659 2332 3727 2388 ad
3754 2349 3848 2389 co-

2252 2423 2520 2496 quendam
2550 2439 2761 2479 cmnam
2784 2426 2905 2495 igne
2929 2426 3165 2489 carebat,
3198 2426 3265 2480 ab
3297 2425 3543 2481 Herculis
3573 2426 3862 2483 simulacro

2257 2516 2482 2588 petiisse
2538 2516 2872 2587 perhibetur,
2936 2528 2987 2572 ut
3020 2532 3115 2588 pro
3141 2518 3355 2573 decimo
3388 2517 3547 2573 tertio
3566 2519 3857 2575 certamine

2254 2610 2397 2665 illam
2422 2619 2764 2680 excoqueret.
2794 2610 2899 2666 Sed
2949 2610 3075 2667 huic
3120 2610 3482 2667 emendationi
3512 2611 3859 2667 adversantur

2253 2718 2444 2760 omnes
2465 2703 2685 2759 omnino
2706 2704 2938 2760 codices.
2974 2704 3141 2760 Nobis
3187 2705 3367 2775 itaque
3400 2746 3416 2772 ,
3450 2704 3638 2759 horum
3663 2713 3851 2760 aucto-

2254 2796 2397 2852 ritati
2427 2795 2782 2862 cedentibus',
2829 2796 2987 2851 facile
3018 2795 3427 2866 persuadbbitur
3454 2797 3523 2851 ab
3553 2796 3643 2851 illo
3671 2796 3864 2867 Dioge-

2255 2875 2378 2949 nem
2405 2891 2688 2965 Cynicum,
2716 2892 2855 2951 sicut
2872 2890 3067 2947 ibidem
3084 2880 3379 2946 Varronem
3400 2891 3644 2962 cynicum
3670 2891 3864 2959 appel~

2254 2985 2371 3039 lari.
2398 2984 2531 3053 Quis
2564 2983 2707 3039 enim
2757 2984 2928 3040 nescit
2982 2992 3243 3055 quantum
3276 2984 3329 3038 in
3370 2983 3588 3038 Luciani
3621 2983 3861 3053 Dialogis

2257 3076 2514 3132 Hercules
2581 3077 2650 3132 ab
2706 3077 2809 3132 hoc
2858 3077 2977 3147 ipso
3034 3076 3269 3148 Diogene
3318 3078 3498 3148 cynico
3544 3074 3862 3131 derideatur

547 3160 833 3234 afﬂixerint
875 3158 1138 3233 (Tertull.
1171 3160 1465 3233 Apologet.,
1496 3179 1545 3216 c.
1593 3160 1680 3226 M,
1709 3180 1762 3234 ρ.
1805 3162 1977 3233 554),
2010 3161 2156 3217 Vide-
2181 3165 2227 3229 C
2263 3170 2521 3243 (Lucian.
2579 3169 2817 3242 Dialog.,
2858 3180 3009 3226 mort.
3061 3171 3153 3239 56,
3208 3188 3260 3241 p.
3308 3171 3429 3225 l3'l.
3477 3180 3522 3224 et
3554 3178 3685 3224 ceter
3712 3179 3859 3224 auct.

551 3251 680 3307 licet
704 3250 943 3308 Melitam
975 3260 1168 3319 morte,
1203 3262 1362 3322 atque
1386 3253 1555 3308 exilio
1595 3256 1853 3324 Anytum,
1900 3263 1949 3308 et
1970 3255 2156 3326 imagi-

551 3358 670 3400 nem
695 3346 802 3417 ejus
831 3344 1069 3401 Socratis
1093 3362 1301 3402 auream
1327 3347 1381 3401 in
1411 3347 1597 3419 templo
1625 3347 1924 3403 collocarint
1951 3347 2152 3419 (Plato.

551 3435 772 3508 Apolog.
805 3436 1038 3505 Socrat.,
1061 3446 1184 3492 tom.
1217 3436 1306 3504 Ill,
1334 3455 1456 3508 pag.
1477 3438 1625 3509 390).
1655 3436 1853 3495 Verum
1883 3454 1912 3493 a
1939 3439 2155 3497 Laertio

549 3527 766 3595 scriptis
794 3527 1045 3582 traditum
1078 3528 1304 3598 legimus
1336 3546 1350 3582 :
1409 3536 1609 3590 Χαλχῆς
1633 3534 1801 3592 εἰκόνος
1827 3538 2115 3600 inp-itane
2136 3573 2152 3598 ,

551 3632 705 3682 terea,
723 3631 830 3672 non
860 3632 1047 3685 aurea,
1074 3620 1295 3690 imagine
1321 3620 1697 3675 honoraverunt
1724 3621 1949 3696 (Laert.,
1971 3624 2061 3680 lib.
2083 3624 2151 3693 ll,

550 3708 606 3761 in
632 3709 735 3761 vita
767 3708 996 3777 Socrat.,
1027 3710 1055 3782 §
1085 3710 1201 3782 45).
1229 3711 1571 3783 Quapropter
1590 3713 1943 3770 Casaubonus
1968 3725 2023 3771 et
2046 3716 2158 3773 Me-

554 3798 744 3867 nagius
789 3798 843 3853 in
874 3798 1191 3855 Tertulliani
1246 3810 1392 3855 textu
1423 3804 1637 3857 restitui
1687 3805 1878 3859 volunt
1928 3820 2152 3873 tuream,

551 3890 746 3959 hicque
791 3890 1017 3945 miratur
1070 3890 1359 3962 Rigaltium
1382 3933 1398 3958 ,
1432 3893 1521 3962 qui
1552 3893 1713 3964 hujus
1753 3895 2152 3953 emendationis

551 3980 814 4037 monitum
856 3982 1046 4037 fecerit
1074 3982 1362 4038 neminem.
1406 3984 1511 4040 Sed
1543 3985 1724 4042 minus
1751 3995 1902 4042 certe
1948 3988 2152 4044 miran-

552 4074 653 4131 dus
681 4075 753 4131 ibi
778 4062 1059 4147 Rigaltius,
1088 4077 1177 4132 ubi
1201 4077 1471 4147 vulgatam
1490 4080 1735 4148 sequitur
1759 4080 2008 4137 codicum
2039 4099 2156 4138 om-

551 4168 702 4223 nium
726 4168 1011 4226 lectionem
1035 4211 1050 4237 ,
1103 4185 1261 4241 quam
1290 4170 1410 4226 aliis
1447 4172 1690 4243 plurimis
1743 4173 1796 4228 itt
1828 4162 1966 4229 locis
1995 4215 2012 4241 ,
2065 4175 2155 4231 ubi

552 4268 744 4317 contra
798 4262 1139 4319 manifestam
1167 4264 1381 4320 illorum
1426 4262 1589 4321 fidem
1643 4265 1914 4323 sincerum
1941 4266 2156 4323 Tertul-

550 4352 683 4411 liani
706 4361 908 4423 textum
932 4356 1253 4422 immulavit,
1283 4366 1337 4412 et
1358 4361 1616 4428 corrupit.

626 4446 759 4516 Quia
788 4462 919 4518 ergo
937 4447 1207 4515 Socrates,
1231 4448 1361 4505 deos
1390 4452 1669 4521 gentilium
1698 4452 1965 4522 negando,
1984 4451 2156 4507 Athe-

2256 3282 2309 3336 p.
2361 3262 2532 3335 l90)?
2563 3262 2828 3319 Praeterea
2881 3253 3058 3318 exstat
3110 3262 3238 3318 illud
3265 3260 3487 3317 Ausonii
3508 3262 3864 3333 epigramma,

2256 3369 2364 3425 quo
2385 3355 2644 3426 Diogenes
2667 3355 2948 3411 Herculem
2978 3365 3141 3411 sectze
3154 3369 3265 3410 sua:
3284 3364 3560 3410 auctorem
3584 3353 3727 3422 haud
3747 3355 3870 3411 sine

2253 3448 2378 3519 joco
2406 3447 2602 3504 fecisse
2627 3447 2853 3503 traditur
2888 3466 2901 3502 :
3504 3462 3509 3467 ‘
3690 3448 3697 3453 ⁷

2384 3583 2618 3649 Inventor
2638 3585 2823 3649 primus
2839 3583 3047 3649 Cyniees
3068 3598 3182 3647 ego.
3209 3584 3331 3647 Quae
3353 3587 3478 3636 ratio
3500 3584 3703 3637 istbazc?

2453 3644 2650 3713 Alcides
2673 3647 2827 3713 multo
2849 3644 3026 3713 dicitur
3042 3644 3155 3713 esse
3173 3644 3321 3713 prior.

2390 3707 2564 3772 Alcide
2585 3710 2827 3772 quondam
2843 3709 3032 3760 fueram
3052 3707 3254 3760 doctore
3277 3709 3559 3772 secundus:

2447 3770 2589 3821 Nunc
2605 3770 2708 3833 ego
2730 3784 2838 3823 sum
2861 3772 3066 3836 Cynices
3087 3776 3293 3835 primus,
3319 3778 3373 3822 et
3395 3771 3482 3822 ille
3503 3770 3655 3822 deus.

3167 3856 3386 3921 (Δίκωνι,
3410 3855 3578 3924 Epigr.
3604 3857 3703 3919 ἒ.)

2258 3984 2330 4039 At
2373 3999 2556 4040 nonne
2585 3984 2714 4040 illud
2754 3994 2838 4041 est
2881 3984 3065 4041 nescio
3100 3986 3227 4055 quid
3254 4027 3269 4052 ,
3321 3985 3465 4056 quod
3496 3984 3871 4040 Tertullianus

2260 4076 2505 4131 Herculis
2529 4076 2860 4132 divinitatem
2878 4078 2946 4134 ab
2968 4077 3070 4132 hoc
3094 4078 3332 4149 Diogene
3353 4078 3873 4133 irrisanwontesta-

2260 4169 2381 4225 tur?
2409 4168 2465 4225 Si
2485 4178 2660 4225 tamen
2688 4185 2811 4226 eum
2841 4171 2908 4225 ad
2951 4172 3109 4225 aliam
3139 4171 3372 4241 aliquam
3395 4211 3411 4234 ,
3445 4186 3474 4224 a
3507 4169 3745 4225 Luciano
3771 4180 3874 4224 aut

2258 4262 2367 4317 alio
2395 4272 2768 4329 memoratam,
2798 4263 3100 4319 irrisionem
3123 4263 3427 4335 respexisse
3452 4262 3731 4329 ostendas,
3768 4261 3871 4317 tibi

2260 4368 2368 4409 non
2395 4355 2801 4411 reluctabimur.
2840 4357 3098 4426 Quamvis
3147 4372 3309 4427 porro
3354 4355 3488 4411 illud
3538 4356 3710 4411 nescio
3736 4354 3870 4425 quid

2262 4446 2563 4513 vocaverit;
2615 4449 2737 4518 quia
2793 4460 2972 4503 tamen
3021 4449 3256 4505 ethnicis
3312 4451 3704 4520 incompertum
3753 4462 3869 4503 non

559 4538 827 4595 niensium
849 4540 1031 4596 odium
1059 4540 1112 4595 iu
1140 4555 1199 4595 se
1228 4541 1615 4606 concitaverat,
1640 4541 1768 4598 hinc
1790 4541 2154 4599 Tertullianus
2176 4551 2235 4615 ι)
2267 4545 2402 4605 erat,
2431 4536 2554 4594 hinc
2580 4538 2840 4595 adversus
2865 4540 3077 4595 illorum
3105 4540 3236 4595 deos
3257 4549 3406 4596 recte
3451 4546 3872 4610 argumentatur

555 4631 897 4690 continenter
923 4635 1152 4705 adjecit:
1178 4633 1346 4689 Plane
1366 4636 1508 4699 olim,
1540 4635 1595 4689 id
1622 4645 1718 4701 est,
1749 4652 1946 4708 semper
1974 4636 2156 4690 veritas

557 4726 676 4781 odio
704 4736 797 4781 est.
827 4727 933 4783 Sed
984 4729 1035 4781 in
1067 4726 1288 4782 dubium
1332 4726 1472 4781 haud
1515 4742 1737 4796 prorsus
1762 4727 2033 4783 immerito
2056 4727 2160 4781 ali-

560 4821 682 4892 quis
724 4822 936 4876 vocahit
973 4832 1149 4875 utrum
1185 4822 1299 4875 base
1323 4820 1481 4878 verba
1501 4861 1516 4883 ,
1548 4819 1601 4872 id
1629 4828 1734 4883 est,
1786 4834 2003 4889 semper,
2033 4816 2158 4873 huic

558 4916 730 4973 textui
778 4924 964 4987 postea
1018 4915 1218 4969 inserta
1259 4915 1386 4968 sint.
1416 4912 1681 4979 Quorsum
1707 4913 1886 4978 enim,
1914 4912 2160 4982 inquiet,

559 5008 643 5063 his
672 5007 1035 5062 Tertullianus
1062 5004 1239 5061 verbis
1260 5002 1572 5059 adverbium
1595 5002 1720 5056 olim
1743 5001 2154 5073 explicavisset?

555 5101 746 5157 Nonne
772 5099 1070 5171 simplicius
1090 5098 1279 5153 dicere
1302 5106 1508 5167 poterat
1532 5111 1547 5148 :
1593 5095 1808 5169 Semper
1833 5097 2015 5150 veritas
2033 5095 2151 5151 odio

500 5180 503 5187 ’
556 5195 674 5249 est?
701 5192 838 5261 Quid
885 5191 1027 5262 quod
1057 5190 1370 5247 adverbium
1397 5189 1519 5243 olim
1548 5202 1645 5259 pro
1674 5188 1864 5259 quovis
1909 5197 2154 5259 tempore

554 5286 907 5359 significando
933 5302 963 5341 a
1017 5285 1236 5355 Virgilio
1274 5284 1539 5349 sumitur,
1581 5282 1670 5337 ubi
1697 5284 1841 5339 canit
1872 5300 1884 5335 :
1913 5281 2037 5336 Jam
2063 5283 2149 5337 tibi

553 5379 862 5453 prtevalidas
890 5376 1012 5433 olim
1056 5376 1271 5449 (Virgil.
1297 5377 1387 5431 lib.
1417 5376 1461 5431 ll
1486 5417 1499 5442 ,
1526 5373 1713 5447 Georg.
1760 5391 1810 5429 υ.
1844 5373 1967 5430 100.
1989 5383 2034 5429 et
2061 5375 2152 5429 lib.

556 5471 691 5535 Vlll,
726 5467 941 5523 Aineid.
975 5484 1022 5524 v.
1052 5467 1218 5536 39f);
1268 5468 1321 5523 id
1343 5475 1460 5533 est,
1516 5467 1687 5536 inquit
1710 5465 1929 5522 Servius
1952 5506 1966 5529 ,
2014 5467 2151 5520 omisi

551 5575 795 5638 tempore.
830 5563 1076 5619 Posthmc
1119 5578 1247 5618 vero
1272 5561 1412 5619 idem
1436 5570 1593 5633 poeta
1625 5575 1642 5616 :
1676 5559 1800 5615 Non
1827 5577 1972 5617 secus
2000 5570 2154 5633 atque

556 5660 680 5713 olim
708 5658 899 5712 tonitru
922 5698 937 5722 ,
984 5657 1088 5713 hoc
1111 5669 1227 5725 est,
1270 5664 1329 5711 ut
1376 5654 1552 5712 adhuc
1579 5654 1833 5713 observat
1880 5655 2103 5713 Servius
2133 5672 2149 5710 :

551 5748 690 5805 Fore
720 5760 773 5804 ut
800 5751 945 5806 solet.
980 5748 1120 5805 Nam
1146 5767 1245 5806 non
1268 5750 1653 5807 est’adverbium
1678 5751 1918 5823 temporis
1950 5750 2148 5823 (Serm,

2260 4628 2507 4704 (Dissetl.
2539 4635 2592 4686 in
2617 4630 2763 4687 Lact.
2796 4649 2844 4688 c.
2876 4634 2967 4697 2i,
2997 4644 3097 4688 art.
3130 4633 3208 4704 ι).

2332 4723 2604 4779 Dubitabit
2634 4724 2857 4782 forsitan
2886 4726 3079 4796 aliquis
3106 4737 3284 4781 utrum
3312 4726 3452 4781 alter
3480 4722 3867 4796 philosophus,

2259 4817 2348 4887 qui
2370 4818 2438 4873 ab
2464 4832 2529 4872 eo
2554 4826 2772 4874 vocatur
2815 4819 2989 4874 Varro
3016 4820 3238 4892 cynicus
3259 4862 3274 4885 ,
3312 4820 3359 4874 is
3385 4820 3487 4886 sit,
3508 4820 3664 4888 cujus
3685 4816 3876 4872 erudi-

2260 4912 2460 4966 tionem
2487 4912 2670 4980 tantis,
2698 4921 2758 4987 ut
2786 4913 3036 4978 vidimus,
3069 4912 3316 4968 laudibus
3339 4912 3538 4969 ethnici
3559 4909 3870 4977 cumulant,

2262 5013 2447 5076 totque
2470 5004 2539 5062 de
2559 5005 2910 5078 religionibus
2954 5007 3121 5063 libros
3153 5014 3549 5078 composuerat.
3583 5003 3867 5075 Numquid

2255 5100 2397 5156 enim
2428 5100 2516 5157 ille
2542 5102 2701 5157 etiam
2725 5100 2791 5155 de
2807 5101 2909 5157 diis
2930 5101 3101 5170 jocari
3126 5117 3288 5157 ausus
3307 5101 3426 5156 est?
3452 5098 3687 5169 Quidni?
3707 5097 3869 5153 Non—

2257 5209 2325 5249 ne
2360 5194 2412 5248 in
2440 5195 2688 5250 Auctoris
2704 5195 2867 5249 nostri
2888 5193 2953 5248 ad
2989 5194 3246 5250 Nationes
3269 5193 3420 5249 libris
3442 5193 3669 5263 legimus
3687 5205 3872 5244 roma-

2258 5286 2312 5339 ni
2341 5285 2460 5356 styli
2489 5285 2736 5357 Diogenes
2778 5285 2936 5339 Varro
2974 5295 3217 5340 trecentos
3243 5282 3394 5339 loves
3413 5325 3426 5344 .
3454 5283 3555 5338 sive
3596 5278 3872 5351 Jupitem

2256 5380 2631 5450 (manuscripti
2660 5378 2829 5434 nostri
2849 5378 3088 5445 codices,
3119 5376 3406 5450 Jupiteros)
3446 5373 3717 5430 dicendum
3744 5380 3822 5426 est
3843 5412 3863 5434 .

2256 5472 2366 5526 sine
2385 5471 2632 5543 capitibus
2677 5470 2874 5525 inducit
2905 5469 3097 5541 (Tcrt.,
3128 5470 3217 5524 lib.
3241 5467 3285 5534 Ι,
3326 5468 3395 5521 ad
3426 5465 3641 5521 Nation.
3672 5482 3721 5520 c.
3750 5463 3820 5519 10
3847 5502 3868 5529 ,

2256 5583 2309 5635 p.
2334 5561 2487 5634 576).
2510 5562 2857 5633 Atquomodo
2880 5563 2998 5618 sine
3020 5561 3271 5617 irrisione
3297 5568 3376 5614 tot
3393 5558 3560 5615 loves
3591 5556 3867 5613 inducere

2256 5656 2464 5725 pctuit?
2482 5654 2675 5710 Nonne
2703 5653 2957 5709 Minutius
2985 5653 3161 5718 Felix,
3195 5650 3580 5707 Tertullianum
3613 5656 3871 5704 nostrum

2255 5746 2393 5804 haud
2420 5747 2586 5805 dubie
2624 5755 2837 5804 secutus
2861 5788 2876 5817 ,
2937 5746 3071 5804 dixit
3113 5759 3237 5803 esse
3263 5754 3335 5800 tot
3387 5741 3532 5799 locis
3588 5749 3873 5806 monstra,
