4212 6262
322 316 468 379 1113
1442 306 1910 373 DISSERTATIO
1946 311 2011 371 D.
2054 312 2144 371 LE
2181 314 2490 373 NOURRY.
2648 320 2657 327 ‘
3329 335 3347 355 κ
3488 327 3630 387 ut;

318 443 440 506 quot
467 432 695 489 nomina.
726 430 934 488 Videsis
961 444 1082 502 quae
1107 403 1161 486 in
1190 430 1308 493 haec
1330 425 1494 486 verba
1514 430 1645 485 alibi
1670 426 1917 485 animad-
1946 426 2001 487 A
2026 446 2082 498 p.
2111 428 2181 486 59
2204 438 2253 484 et
2280 420 2446 503 s’eqq.)
2471 471 2488 497 ,
2542 431 2703 503 regia:
2732 431 3025 490 Pharaonis
3056 434 3268 492 familia}
3298 403 3627 509 adscriptum

320 526 579 583 vertimus
599 523 895 594 (Dissertat.
924 523 980 577 in
1009 523 1225 580 Minut.‘
1250 523 1428 578 Octav.
1459 540 1578 595 cap.
1609 524 1698 589 15,
1721 532 1820 576 art.
1842 521 1925 591 2).
2033 520 2203 577 fuisse
2242 520 2552 592 probaveris
2574 564 2589 591 ,
2623 521 2753 578 falsa
2781 524 2993 582 videtur
3019 524 3137 582 hare
3166 526 3479 584 Tertulliani
3508 530 3627 599 cpi-

322 617 594 675 Carterum
618 614 833 685 quidam
865 623 1051 684 putant
1071 613 1186 670 lucc
1204 629 1235 669 a
1262 614 1506 671 Varrone
1543 615 1679 671 dicta
1712 614 1764 669 iu
1799 613 1927 668 sati-
2033 614 2143 669 nio.
2168 613 2281 670 Nec
2306 615 2483 671 verius
2503 624 2587 672 est
2612 615 2755 687 quod
2802 616 3095 688 sulijunxit,
3119 634 3241 675 eum
3269 637 3301 674 a
3324 623 3501 693 regina
3528 624 3627 678 mi-

323 711 400 766 ris
421 707 750 779 Menippeis;
778 720 1033 769 curnon
1064 706 1117 761 iu
1168 706 1287 762 aliis
1329 706 1448 775 ejus
1492 705 1557 761 de
1587 696 1923 762 ethnic'orum
2030 722 2127 762 nus
2156 707 2346 777 pudica
2387 708 2763 776 desideratum,
2815 720 2975 782 atque
3012 712 3064 767 in
3107 727 3380 770 carcerem
3425 716 3623 775 idcirco

322 802 582 872 religione
629 798 781 854 libris
808 839 825 865 ,
856 813 1083 869 quorum
1124 807 1305 855 tantus
1355 798 1455 852 fuit
1484 797 1773 853 numerus?
1819 796 1923 852 Sed
2027 800 2171 871 regis
2196 800 2348 869 jussu
2381 810 2716 858 c0utrusum.
2747 801 2861 858 Non
2889 804 3030 859 enim
3060 821 3088 859 a
3117 807 3323 877 regina,
3353 807 3447 863 sed
3475 809 3628 865 aPu-

280 916 295 923 α
324 894 623 963 ubicunque
674 891 743 947 ab
782 906 850 946 eo
875 890 1017 945 dicta
1046 890 1189 958 sint,
1254 889 1381 945 inde
1404 899 1459 945 et
1486 890 1632 945 Jovis
1680 900 1734 945 et
1792 889 1925 944 alio-
2028 892 2256 963 tipharis
2278 890 2489 960 uxore,
2515 895 2591 950 uti
2618 894 2670 949 in
2697 894 2887 952 eodem
2913 910 3071 952 sacro
3099 898 3235 954 libro
3262 908 3531 966 narratur,
3558 902 3624 957 ad

323 1002 443 1043 rum
460 986 593 1041 falsa
616 984 871 1041 divinitas
898 983 1336 1040 manifestissime
1358 984 1776 1039 demonstratur.
1797 982 1926 1039 Per-
2025 993 2269 1055 stuprum
2298 985 2613 1043 sollicitatus
2644 985 2762 1054 fuit,
2790 996 2845 1043 et
2864 1003 2895 1043 a
2924 987 3153 1060 decepto
3174 989 3464 1060 Puliphare
3484 1008 3620 1048 con-

324 1095 541 1137 suasum
568 1094 700 1134 vero
727 1076 860 1134 illud
887 1077 1024 1133 adeo
1049 1076 1148 1132 fuit
1177 1078 1242 1133 iis
1270 1119 1285 1144 ,
1323 1078 1376 1132 in
1410 1078 1602 1147 quibus
1630 1079 1804 1149 aliqua
1832 1077 1926 1133 ad-

326 1173 432 1231 huc
474 1183 756 1246 supererat
803 1173 1084 1244 probitatis
1138 1182 1194 1228 et
1236 1174 1503 1243 aequitatis
1545 1173 1808 1238 scintilla,
1866 1183 1926 1228 ut

321 1265 576 1322 Liberum
605 1275 829 1335 patrem,
874 1266 1013 1321 sicut
1042 1279 1202 1336 supra
1230 1264 1461 1320 vidimus
1491 1265 1657 1337 (supr.
1686 1282 1799 1337 cap.
1831 1267 1919 1331 18,

321 1366 422 1413 art.
443 1356 523 1430 9),
555 1357 870 1427 Serapidem
896 1364 952 1414 et
982 1357 1367 1427 Harpocratem
1397 1373 1518 1413 cum
1542 1356 1923 1428 Cynocephalo

320 1467 420 1509 suo
468 1451 682 1523 penitus
712 1451 1018 1520 rejecerint.
1073 1453 1146 1508 At
1175 1468 1339 1508 unum
1365 1453 1645 1523 profecto,
1696 1456 1922 1511 sublatis

318 1543 440 1598 aliis
465 1543 714 1597 omnibus
742 1541 888 1603 falsis
913 1544 1223 1599 numinibus
1257 1586 1273 1613 ,
1305 1544 1477 1601 Deum
1493 1544 1919 1616 omnipotentem

318 1635 498 1691 colere
533 1634 821 1692 debebant.

862 1746 1119 1819 CAPUT}
1156 1748 1371 1805 xxvn.

316 1886 694 1959 Expenduntur
717 1889 822 1944 alia
851 1860 1159 1944 Tertulliani
1185 1898 1487 1958 argumenta
1504 1932 1517 1955 ,
1546 1890 1724 1961 quibus
1756 1889 1915 1962 falsos

502 1980 770 2051 nullosque
807 1997 914 2036 esse
936 1983 1205 2053 gentilium
1243 1982 1362 2037 deos
1402 1983 1732 2037 demonstrat.

849 2130 1141 2173 Αιιτιουιυε
1166 2132 1377 2173 PRIIUS.

202 2246 211 2255 ’
312 2247 481 2316 Quam
510 2249 710 2320 nefaria
736 2250 886 2322 fuerit
921 2252 1332 2323 provinciarum,
1364 2252 1624 2307 civitatum
1647 2293 1661 2321 ,
1686 2271 1748 2309 ac
1775 2271 1913 2326 prat-

326 2402 336 2416 ,
383 2344 557 2399 sertint
594 2342 967 2416 zEgyptiorum
1008 2344 1289 2415 peculiares
1328 2344 1449 2401 deos
1496 2346 1589 2401 sibi
1629 2346 1914 2419 adaptandi

380 2437 618 2492 licentia:
645 2455 797 2510 quam
823 2454 1007 2510 parum
1035 2438 1327 2493 verisimilia
1359 2440 1460 2495 sint
1480 2455 1541 2493 ea
1590 2456 1707 2509 qua:
1729 2458 1761 2495 a
1785 2440 1911 2497 Ter-

383 2530 597 2585 tulliano
619 2530 807 2585 tradita
830 2540 949 2585 sunt
968 2531 1032 2584 de
1053 2530 1281 2599 .losepho
1320 2531 1640 2601 patriarcha,
1668 2541 1713 2586 et
1742 2540 1914 2588 utrum

379 2619 625 2694 {Egyplii
665 2638 780 2677 eum
834 2620 1098 2694 Serapidis
1124 2622 1327 2676 nomine
1369 2620 1522 2676 deum
1574 2622 1796 2678 dixerint
1863 2634 1912 2679 et

380 2718 627 2773 coluerint
655 2734 674 2772 :
702 2734 801 2789 quo
831 2717 944 2785 iure
970 2716 1141 2771 abillo
1166 2716 1366 2769 dicatur
1392 2716 1517 2770 deus
1546 2715 1716 2787 Syria:
1737 2718 1914 2772 Astar-

382 2823 473 2879 tes,
500 2812 699 2868 Arabiw
729 2810 956 2873 Disares,
984 2808 1195 2864 Noricis
1224 2808 1462 2876 Belenus,
1497 2808 1688 2881 Africae
1716 2809 1910 2867 Caeles-

381 2907 465 2973 tis,
495 2915 543 2962 et
572 2906 645 2962 dii
671 2904 1001 2961 Mauritaniae
1027 2904 1192 2976 reguli
1216 2904 1316 2957 sui.

372 3020 533 3077 Aliud
560 3020 1030 3077 evidentissimum
1059 3018 1303 3088 profecto
1334 3017 1491 3075 falsae
1520 3018 1800 3091 religionis
1821 3034 1911 3075 ar-

308 3125 621 3187 gumentum
666 3127 748 3173 est
794 3115 914 3170 data
963 3112 1269 3168 civitatibus
1318 3122 1373 3167 et
1423 3112 1638 3183 populis
1686 3112 1904 3169 licentia

2022 1076 2200 1147 jectus
2228 1078 2281 1134 in
2311 1078 2539 1153 vincula.
2579 1081 2870 1136 Asseverat
2899 1081 3120 1152 insuper
3149 1083 3508 1139 Tertullianus
3534 1084 3627 1140 Jo-

2028 1169 2253 1239 sepbum
2281 1172 2555 1247 accepisse
2583 1172 2633 1226 in
2664 1172 3063 1230 matrimonium
3117 1175 3281 1231 filiam
3311 1177 3452 1247 regis
3479 1176 3619 1231 Pha-

2027 1261 2231 1328 raonis,
2257 1242 2409 1332 cujus
2439 1262 2647 1317 somnia
2674 1264 3055 1334 esplieaverat.
3095 1265 3256 1323 Sacra
3283 1282 3410 1322 vero
3436 1268 3622 1339 Scrip-

2027 1361 2143 1407 tura
2202 1351 2461 1426 (,Genes.,_
2498 1372 2543 1410 c.
2590 1355 2676 1421 41,
2705 1372 2751 1410 υ.
2783 1356 2911 1427 50),
2959 1367 3013 1413 et
3035 1357 3301 1430 Iosephus
3337 1361 3623 1418 historicus

2027 1443 2263 1517 (Ioseph.
2292 1487 2308 1512 ,
2341 1447 2438 1501 loc.
2474 1447 2589 1517 cit.)
2616 1448 2876 1504 certiores
2908 1464 3006 1503 nos
3034 1449 3234 1505 faciunt
3254 1451 3321 1506 ab
3354 1452 3446 1507 illo
3465 1452 3619 1510 Jose-

2026 1539 2135 1611 pho
2157 1542 2456 1611 patriarcha
2480 1541 2696 1599 ductam
2729 1544 2986 1613 Asenctb,
3013 1546 3171 1601 ﬁliam
3195 1547 3500 1619 Putipharis
3517 1548 3623 1605 lle-

2026 1632 2323 1703 liopolitani
2350 1636 2669 1692 sacerdotis.
3278 1622 3306 1635 ’

2023 1727 2073 1787 Er
2098 1727 2341 1798 Denique
2362 1728 2606 1783 nonnulli
2630 1728 2843 1784 veritati
2872 1771 2886 1795 ,
2922 1730 2988 1785 'in
3017 1729 3204 1786 iisdem
3245 1732 3521 1788 Geneseos
3566 1742 3621 1789 et

1948 1820 1997 1880 B
2024 1816 2246 1888 Iosephi
2281 1818 2430 1875 libris
2461 1819 2668 1876 tradita:
2692 1861 2707 1886 ,
2732 1819 2858 1875 illud
2882 1836 3182 1893 repugnare
3206 1835 3448 1889 censent,
3478 1824 3619 1896 quod

2019 1907 2222 1964 Auctor
2267 1918 2451 1965 noster
2470 1910 2667 1980 adjecit
2691 1929 2705 1965 :
2737 1910 2931 1982 Ioseph
2959 1911 3308 1981 expedimenta
3334 1915 3397 1969 de
3418 1932 3622 1970 carcere

2017 2000 2241 2067 edocuit,
2285 2004 2538 2056 somnium
2563 2002 2694 2073 Regi
2719 2006 2879 2074 aperit
2908 2002 3127 2073 (Tertul.
3156 2004 3269 2060 Lib.
3299 2006 3364 2071 ιι,
3389 2008 3457 2061 ad
3486 2006 3614 2063 Nat.

2015 2113 2065 2152 c.
2116 2095 2197 2167 8).
2250 2095 2491 2151 Emissus
2541 2097 2807 2169 siquidem
2848 2113 2911 2153 es
2960 2113 3177 2154 carcere
3229 2100 3445 2167 fuerat,
3494 2115 3616 2156 cum

2016 2187 2378 2259 regissonmia
2400 2187 2785 2258 interpretatus
2814 2198 2917 2245 est.
2948 2188 3136 2245 Nonne
3165 2198 3346 2247 tamen
3386 2191 3472 2246 his
3495 2207 3615 2247 ver-

2015 2278 2098 2334 bis
2146 2278 2385 2336 indicare
2416 2282 2591 2350 potuit
2619 2280 2848 2336 duorum
2901 2280 3193 2337 Pharaonis
3249 2283 3617 2340 cunuchorum

2016 2370 2247 2435 somnia,
2279 2386 2400 2441 quae
2450 2385 2641 2427 revera
2666 2372 2953 2442 explicavit
2980 2374 3030 2427 in
3057 2388 3297 2437 carcere,
3337 2385 3497 2444 atque
3518 2390 3615 2431 ex-

2014 2461 2386 2531 plicandorum
2443 2473 2629 2534 postea
2683 2462 2925 2534 ejusdem
2959 2464 3255 2522 Pharaonis
3283 2466 3614 2523 somniorum

2015 2555 2281 2611 dederunt
2310 2557 2699 2612 occasionem?
2741 2558 2873 2626 Qua:
2923 2573 3085 2628 porro
3128 2573 3296 2614 mene
3327 2560 3616 2631 Scriptura:

2014 2650 2284 2703 contraria
2316 2648 2680 2705 'l‘ertulliauus
2712 2649 2896 2715 refert,
2928 2650 3045 2705 haec
3073 2652 3287 2720 scripsit
3326 2652 3378 2705 in
3404 2653 3522 2707 solo
3549 2652 3615 2706 ad

2012 2739 2267 2798 Nationes
2283 2741 2437 2808 libro,
2458 2752 2515 2797 et
2535 2742 2588 2796 in
2612 2745 2648 2796 Α
2660 2742 2956 2812 pologetico
2970 2742 3178 2811 penitus
3195 2743 3391 2797 omisit.
3407 2744 3538 2812 ρυλε
3550 2745 3620 2797 sit

2015 2841 2194 2889 autem
2225 2834 2383 2905 hujus
2418 2835 2889 2904 prmlertnissiunis
2916 2848 3124 2900 caussa,
3159 2844 3334 2889 utrum
3360 2838 3480 2906 quia
3508 2852 3619 2892 om-

2017 2923 2146 2981 nino
2165 2940 2289 2981 vera
2309 2940 2420 2981 non
2444 2941 2563 2981 esse
2581 2926 2982 2993 animadvertit,
3007 2928 3127 2996 quis
3148 2926 3376 2984 delinire
3400 2928 3616 2984 audeat?

2015 3018 2279 3085 Caeterum
2304 3033 2368 3073 ea
2416 3018 2638 3074 forsitan
2678 3018 2932 3076 hauserat
2957 3034 3024 3075 ex
3055 3021 3320 3091 corruptis
3341 3021 3576 3077 fontibus
3598 3065 3614 3089 ,

2016 3110 2119 3167 nisi
2146 3111 2401 3167 librarios
2437 3113 2650 3184 propria
2686 3113 2924 3177 nomina,
2959 3115 3033 3169 uti
3063 3115 3164 3169 alia
3191 3103 3409 3184 saepius,
3433 3115 3488 3170 in
3515 3115 3619 3172 hoc

308 3209 606 3281 quemlibet
636 3207 797 3264 deum
824 3249 839 3272 ,
890 3206 1100 3262 caeteris
1143 3206 1341 3275 smpius
1386 3204 1716 3275 incognitum
1741 3245 1758 3271 ,
1811 3204 1913 3261 sibi
1939 3206 1985 3270 C
2019 3200 2159 3257 libro
2188 3202 2566 3268 describcmlo,
2593 3219 2805 3260 errasse
2834 3204 3313 3262 demonstraveris.

307 3300 594 3371 adoptandi
643 3315 707 3354 ac
731 3297 960 3355 colendi.
992 3299 1063 3353 At
1088 3297 1269 3351 multa:
1297 3296 1577 3367 gentilium
1626 3296 1915 3371 provinciae

306 3402 364 3451 et
412 3394 657 3451 civitates
717 3403 943 3465 sumptos
998 3407 1090 3462 pro
1130 3388 1380 3454 libidine,
1428 3388 1916 3445 ait'l‘ertulliauus

307 3496 513 3551 noster,
546 3503 648 3541 non
682 3502 775 3553 pro
802 3485 984 3539 notitia
1012 3482 1259 3547 veritatis,
1308 3481 1450 3547 deos,
1474 3490 1566 3536 aut
1590 3481 1667 3536 ab.
1681 3480 1801 3538 aliis
1831 3497 1917 3537 re-

303 3576 500 3649 jectos,
524 3589 618 3634 aut
653 3579 759 3633 illis
810 3576 1113 3647 incognitos
1137 3574 1533 3630 venerabantur
1581 3573 1909 3645 (Tertullian.

306 3670 552 3743 Apolog.,
580 3688 697 3742 cap.
726 3668 819 3735 24,
852 3686 905 3739 ρ.
935 3669 1043 3725 417
1092 3674 1139 3722 el
1182 3666 1269 3721 lib.
1306 3666 1370 3733 Il,
1395 3666 1464 3720 ad
1504 3664 1722 3722 Nation.
1756 3684 1803 3721 c.
1832 3665 1908 3739 8).

308 3759 792 3833 Egyptiosautem
824 3760 896 3814 ibi
930 3759 1201 3830 praecipue
1227 3757 1536 3827 redarguit,
1568 3760 1660 3827 qui
1685 3760 1823 3816 sicut
1859 3760 1913 3815 in

307 3856 426 3911 aliis
455 3856 653 3910 nostris
715 3852 1183 3909 dissertationibus
1208 3851 1544 3907 ostendimus
1572 3850 1813 3924 (Dissert.
1859 3853 1915 3907 in

307 3946 573 4014 Lactant.,
621 3965 668 4002 c.
710 3948 804 4013 54,
833 3956 933 4001 art.
965 3947 1019 4001 2.
1050 3956 1097 4001 et
1129 3946 1231 3999 loc.
1286 3946 1355 3998 ibi
1385 3944 1533 4017 cit.),
1594 3954 1699 3999 tam
1752 3945 1913 4015 impia

308 4054 468 4111 quam
497 4039 728 4094 absurda
756 4040 1137 4107 superstitione
1169 4054 1274 4092 non
1306 4038 1482 4093 solum
1509 4052 1639 4094 oves
1668 4037 1915 4106 aliasque

307 4131 510 4188 bestias
535 4131 924 4187 consecrabant
951 4172 968 4197 ,
1022 4132 1116 4186 sed
1147 4131 1267 4187 illos
1289 4132 1454 4186 etiam
1487 4135 1663 4200 capite
1681 4130 1911 4186 damna-

307 4224 470 4293 bant,
509 4225 601 4296 qui
640 4224 874 4294 aliquem
902 4224 1207 4295 hujusmodi
1235 4224 1395 4280 deum
1422 4225 1769 4281 occidissent.
1808 4225 1913 4281 Ac-

309 4325 462 4387 cepta
497 4327 675 4373 autem
707 4316 805 4372 hac
846 4333 937 4373 eos
981 4316 1269 4388 adoptandi
1298 4317 1548 4373 libertate
1569 4359 1582 4382 ,
1638 4317 1870 4390 Egyptii
1893 4360 1910 4387 ,

302 4410 481 4487 inquit
507 4409 883 4475 Tertullianus,
914 4410 992 4464 sic
1020 4410 1173 4465 abusi
1198 4419 1320 4462 sunt
1344 4451 1359 4474 ,
1395 4418 1449 4464 ut
1480 4408 1774 4479 Josephum
1808 4410 1912 4464 Pa-

188 4492 215 4507 ’
310 4501 597 4557 triarcbam
639 4502 915 4573 Serapidis
943 4503 1163 4556 nomine
1214 4500 1371 4583 deum
1420 4500 1909 4571 fecerint(Tertnl.,

2090 3296 2234 3351 Vero
2290 3295 2474 3367 itaque
2518 3296 2746 3352 similius
2797 3297 2988 3352 Vossio
3015 3297 3143 3352 illud
3174 3297 3385 3353 videtur
3412 3297 3616 3370 (Voss.,

2019 3390 2107 3445 lib.
2133 3391 2173 3456 Ι,
2214 3391 2278 3445 de
2326 3391 2490 3462 orgia.
2524 3400 2573 3445 et
2620 3406 2849 3460 progres.
2895 3391 3076 3445 idolol.
3121 3407 3170 3445 c.
3198 3390 3293 3462 29)
3336 3390 3480 3460 quod
3532 3391 3620 3445 ille

2017 3481 2192 3536 adhuc
2224 3489 2441 3536 enarrat
2487 3480 2805 3553 Egyptios,
2841 3493 2961 3553 post
2992 3483 3170 3553 fruges
3198 3482 3299 3537 sibi
3326 3497 3355 3535 a
3383 3480 3619 3551 Josepbo

2016 3572 2178 3629 famis
2208 3583 2449 3643 tempore
2475 3573 2927 3636 subministratas,
2955 3574 3185 3642 jussisse
3214 3578 3266 3628 in
3297 3576 3426 3628 tanti
3457 3575 3619 3629 bene-

2018 3664 2123 3720 licii
2152 3666 2469 3722 memoriam
2500 3681 2563 3719 ac
2591 3665 2902 3738 symbolum
2932 3666 2998 3720 ali
3032 3681 3060 3718 a
3107 3664 3479 3721 sacerdotibus
3524 3665 3620 3720 bo-

2016 3773 2159 3824 vem,
2186 3775 2345 3830 quem
2374 3760 2602 3828 primum
2643 3757 2807 3822 civili,
2836 3767 2892 3813 et
2920 3757 3115 3813 deinde
3136 3758 3320 3812 divino
3342 3757 3490 3811 cultu
3517 3756 3619 3811 bo-

2017 3860 2364 3906 noraveruut.
2394 3852 2463 3906 At
2486 3859 2699 3906 cutislat
2724 3865 2855 3906 sane
2886 3850 3079 3906 bovem
3103 3851 3173 3905 ab
3199 3850 3388 3905 iisdem
3414 3848 3620 3921 Egyp-

2023 3944 2111 3998 liis
2131 3945 2328 3998 factum
2353 3959 2477 3999 esse
2496 3944 2656 3999 deum
2700 3945 2857 4016 Apim
2881 3986 2894 4009 ,
2925 3956 2977 4000 et
3004 3945 3206 4001 exinde
3234 3945 3477 4015 Serapim
3504 3986 3519 4009 ,
3553 3946 3622 4000 de

2014 4053 2123 4109 quo
2153 4038 2396 4094 Huflinus
2429 4039 2667 4111 (Rumon,
2706 4038 2794 4094 lib.
2830 4038 2892 4103 ll,
2923 4038 3120 4093 Histor.
3148 4037 3317 4103 Eccl.,
3345 4054 3392 4091 c.
3423 4038 3537 4106 23),
3564 4046 3622 4093 et

2015 4146 2116 4186 nos
2157 4131 2283 4186 alibi
2333 4130 2481 4199 (tam.
2518 4131 2536 4185 l
2567 4131 2841 4204 Apparat.,
2878 4148 2928 4198 p.
2960 4130 3148 4198 1090).
3194 4127 3616 4184 Celeberrimum

2016 4237 2232 4294 quoque
2276 4222 2617 4278 Alexandriae
2661 4222 2976 4295 fabricatum
3026 4229 3106 4276 est
3139 4219 3294 4290 hujus
3345 4219 3619 4290 Serapidis

2014 4314 2382 4380 simulacrum,
2403 4314 2470 4369 de
2495 4328 2601 4384 quo
2627 4313 2765 4369 idem
2789 4312 3029 4367 Bullinus
3061 4322 3095 4366 :‘
3108 4311 3291 4382 Cujus,
3317 4313 3507 4384 inquit,
3527 4330 3617 4368 ca-

2017 4410 2109 4475 piti
2129 4408 2329 4461 modius
2377 4407 2747 4478 superpositus,
2782 4416 2829 4459 ct
2856 4406 3060 4475 quidem
3091 4407 3143 4460 in
3170 4408 3415 4461 honorent
3454 4407 3618 4460 nostri

2015 4496 2209 4567 Ioseph
2236 4502 2513 4570 formatum
2541 4499 2823 4571 perhibent,
2855 4498 2915 4552 ob
2945 4499 3309 4554 dimensionem
3333 4499 3575 4571 frumenti
3598 4539 3614 4565 ,

313 4594 414 4648 loc.
438 4593 575 4666 cit.).
604 4593 709 4649 Sed
747 4594 913 4649 multa
941 4592 1010 4648 ibi
1037 4594 1127 4647 ille
1159 4593 1336 4646 turbat
1364 4601 1527 4661 atque
1551 4592 1620 4645 ita
1658 4593 1820 4657 sane‘,
1854 4600 1913 4647 ut
1938 4596 1992 4655 D
2019 4609 2119 4663 quo
2148 4592 2301 4662 {atriis
2344 4603 2569 4661 tempore
2602 4590 2827 4645 subvenit
2859 4590 3148 4663 digyptiis.
3182 4591 3402 4646 llul'lino
3428 4589 3618 4645 suffra-

309 4684 505 4739 mirum
555 4685 799 4742 videatur
842 4686 1112 4755 quomodo
1162 4684 1241 4737 vir
1301 4684 1353 4737 iu
1408 4684 1575 4738 sacris
1622 4683 1914 4755 Scripturis

310 4780 554 4850 apprime
602 4792 883 4845 versatus,
929 4780 1078 4850 plura
1124 4778 1233 4833 illis
1256 4794 1387 4833 sane
1433 4778 1712 4849 opposita,
1760 4778 1914 4835 nobis

200 4868 205 4871 ’
308 4874 569 4931 venditet.

309 4986 341 5037 ρ
384 4967 622 5026 Primum
652 4969 797 5026 enim
824 4967 1113 5040 Iosephus,
1142 4967 1312 5038 inquit
1332 4966 1420 5024 ille
1441 4954 1703 5039 (Tertull.,
1733 4967 1821 5022 lib.
1844 4965 1910 5034 ll,

310 5060 383 5115 ad
440 5059 589 5125 Nat.,
643 5079 690 5116 c.
746 5060 848 5131 8),
901 5060 1110 5116 caeteris
1166 5057 1425 5113 fratribus
1488 5058 1912 5131 (Benjaminum

312 5152 562 5223 excipere
599 5152 852 5224 debebat)
879 5152 1064 5224 junior
1090 5154 1141 5205 in
1168 5150 1400 5223 [Egypto
1428 5153 1782 5207 venumdatus
1808 5192 1824 5217 ,
1856 5151 1910 5207 in

312 5244 610 5301 Pharaonis
637 5244 1013 5317 Egyptiurum
1045 5244 1188 5313 regis
1221 5243 1421 5300 familia
1446 5244 1735 5299 serviebat.
1762 5246 1828 5297 At
1858 5245 1910 5299 in

312 5333 453 5391 libi'o
481 5335 754 5392 Geneseos
777 5334 1007 5406 (Cenem,
1036 5351 1083 5388 c.
1117 5334 1206 5395 57.
1237 5349 1281 5387 υ.
1311 5336 1378 5389 18
1417 5347 1466 5386 et
1497 5333 1565 5388 56
1591 5344 1637 5387 et
1668 5351 1715 5389 c.
1741 5334 1832 5390 '59.
1858 5351 1906 5389 υ.

312 5432 365 5496 Ι,
393 5440 439 5483 et
466 5429 627 5500 seqq.)
660 5429 888 5500 legimus
909 5429 1058 5484 illum
1087 5427 1358 5482 venditum
1389 5425 1556 5482 fuisse
1584 5426 1907 5494 Madianilis,

310 5531 366 5579 et
402 5523 471 5579 ab
493 5522 576 5577 bis
607 5522 881 5593 Putiphari
905 5563 920 5586 ,
945 5522 1194 5579 eunucho
1247 5520 1543 5576 Pharaonis
1589 5530 1640 5577 et
1684 5519 1909 5575 militum

311 5613 571 5685 magistro
600 5654 614 5681 ,
661 5615 745 5669 cui
778 5628 963 5670 revera
1009 5613 1283 5677 servivit,
1333 5611 1507 5667 donec
1557 5611 1908 5668 incarcerem

310 5705 634 5762 mitteretur.
659 5705 770 5762 Nisi
793 5722 922 5777 ergo
940 5705 1083 5761 hunc
1109 5703 1477 5773 Putipharem,
1504 5704 1644 5774 quia
1671 5703 1909 5775 Josepho

314 5809 549 5867 πυτιφρ-ὶς
569 5808 792 5856 vt'catur
813 5797 1069 5872 (Joseph.,
1097 5797 1138 5853 ι.
1165 5795 1228 5852 ll.
1256 5795 1492 5866 antiquit.
1516 5795 1751 5865 Judaic.,
1779 5812 1826 5852 c.
1851 5796 1905 5867 3,

2014 4693 2170 4755 gatur
2210 4683 2402 4740 Suidas
2451 4682 2687 4755 (Suidas,
2739 4684 2829 4736 ad.
2877 4700 2926 4737 υ.
2972 4681 3227 4755 Σαράπις),
3268 4698 3370 4738 nec
3394 4692 3618 4754 uterque

2018 4786 2194 4833 tamen
2218 4775 2436 4831 diffiteri
2466 4777 2641 4847 potuit
2660 4776 2803 4832 alias
2833 4776 2997 4832 fuisse
3022 4778 3250 4832 aliorum
3276 4778 3579 4845 opiniones.

2089 4870 2173 4927 Ab
2193 4870 2461 4943 Egyptiis
2483 4873 2682 4927 Auctor
2711 4880 2893 4927 noster
2919 4870 2984 4925 ad
3009 4871 3144 4926 alios
3163 4871 3429 4927 delabitur
3451 4887 3621 4943 popu-

2017 4964 2119 5031 los,
2152 4964 2242 5035 qui
2280 4979 2386 5018 non
2416 4964 2623 5018 minore
2651 4963 2866 5018 licentia
2904 4963 3037 5019 deos
3059 4964 3378 5034 peculiares,
3410 4964 3529 5018 aliis
3554 4979 3618 5020 ac

2019 5058 2317 5127 prmsertim
2358 5056 2617 5112 Romanis
2672 5057 3011 5137 incognitos,
3079 5056 3180 5111 sibi
3224 5055 3612 5113 adsciverant:

2019 5150 2213 5218 Quanti
2241 5150 2517 5204 enimvero
2542 5157 2680 5212 sunt,
2711 5149 2902 5218 inquit,
2926 5150 3013 5220 qui
3035 5150 3204 5205 norint
3226 5150 3335 5203 visu
3359 5150 3435 5204 vel
3461 5150 3614 5204 audio

2016 5251 2067 5295 tu
2099 5246 2209 5313 quis
2237 5242 2513 5310 unicuique
2538 5242 2812 5308 provincia:
2836 5251 2882 5294 et
2906 5242 3098 5295 civitati
3130 5258 3252 5296 suus
3273 5254 3346 5296 est
3373 5241 3497 5295 deus
3521 5283 3538 5309 ,
3562 5251 3615 5295 ut

2014 5335 2185 5407 Syriae
2211 5335 2435 5391 Astartes
2482 5334 2723 5408 (Tertull.
2761 5334 2980 5404 Apolog.
3013 5351 3059 5387 c.
3092 5335 3183 5398 24,
3238 5354 3291 5405 p.
3319 5334 3449 5404 418)
3474 5336 3615 5404 (tua-

2018 5428 2274 5497 nuscripti
2299 5429 2466 5482 nostri
2496 5427 2713 5483 codices
2740 5425 3010 5482 Adstartes
3036 5428 3055 5498 )
3088 5427 3139 5480 in
3174 5427 3310 5481 libro
3338 5426 3406 5481 ad
3434 5426 3617 5482 Natio-

2018 5534 2141 5587 nes,
2175 5519 2435 5591 Atngartis
2464 5518 2714 5589 Syrorum
2753 5518 2893 5589 (Lib.
2925 5517 2969 5572 ll
2994 5560 3007 5583 ,
3045 5517 3114 5570 ad
3144 5515 3358 5572 Nation.
3410 5534 3456 5572 ο.
3508 5516 3607 5587 8)?

2014 5611 2145 5680 Quae
2199 5611 2358 5665 lectio
2413 5610 2721 5665 confirmari
2798 5618 2971 5681 potest
3039 5608 3122 5663 bis
3173 5608 3328 5663 Plinii
3384 5608 3608 5663 verbis:

2013 5703 2164 5775 Syris
2189 5718 2305 5758 vero
2329 5701 2537 5775 Hagog.
2568 5700 2651 5757 Ibi
2679 5702 2972 5773 prodigiosa
2997 5701 3279 5773 Atagartis,
3310 5702 3489 5773 graecis
3519 5717 3607 5755 ast-

2011 5803 2111 5851 tem
2139 5792 2350 5851 Derecto
2375 5793 2511 5850 dicta
2555 5792 2749 5868 (Plin.,
2800 5792 2887 5851 lib.
2916 5792 2962 5850 ν
2991 5803 3163 5851 natur.
3191 5794 3313 5850 hist.
3354 5809 3472 5865 cap.
3500 5792 3604 5863 23,
