4212 6262
568 327 743 389 1115.

1634 312 1703 370 IN
1739 282 2209 368 tumtum
2244 282 2782 357 arctocsucuu

3731 287 3886 352 ιικ

572 465 625 521 p.
650 443 801 518 577).
844 440 1042 501 Strabo
1088 444 1217 495 vero
1265 434 1334 492 de
1370 428 1678 504 Hierapoli,
1722 436 1769 485 ἓν
1798 433 1829 501 ᾗ
1854 433 2033 521 unum
2067 434 2161 521 es»

2274 414 2316 467 in
2345 410 2542 467 nam.
2588 393 2769 465 om.
2799 414 2916 479 cup.
2958 398 3030 463 tu
3071 413 3170 461 ert.
3202 400 3488 474 2,
3516 402 3573 459 in
3613 403 3862 459 Lactant.

571 517 739 615 ὲυρίιν
761 517 862 593 θεὸν
913 545 1002 592 τὶν
1048 527 1334 605 Artenam,
1384 528 1439 583 in
1492 540 1593 597 qua
1630 521 1927 615 Atargatim
1945 517 2165 615 Syriam

572 608 719 686 deam
746 630 916 684 colunt
946 624 1167 697 (Strab.,
1209 623 1297 677 lib.
1347 618 1468 676 XVI
1492 662 1506 687 ,
1532 615 1721 688 Geogr.
1770 628 1824 686 p.
1858 611 2017 684 748).
2056 608 2164 695 Sed

572 734 757 798 postea
801 721 1052 793 scripsit:
1081 714 1366 792 Arrepwty
1401 720 1451 771 δὲ
1476 723 1566 770 τισὶν
1617 710 1803 784 Ἀθέραν
1824 752 1838 777 ,
1886 713 2095 780 Δερκξτω
2123 700 2164 756 δ’

571 823 719 875 abi-hi
742 824 956 878 Κτησίας
981 818 1121 869 ante?
1134 808 1449 881 ;Atargatint
1466 806 1713 861 Atharam
1735 802 1989 866 dixerunt,
2013 811 2166 869 quam

572 913 764 971 Ctesias
807 909 1020 966 Derecto
1066 906 1256 961 vocavit
1276 902 1442 976 (Ibid.
1472 919 1524 973 p.
1553 899 1703 973 785).
1731 896 1812 952 Ab
1833 894 1950 951 aliis
1987 899 2164 947 autem

572 1006 816 1062 Astartes
842 1001 1107 1074 appellata
1134 1008 1235 1065 est,
1269 995 1718 1070 quemadmodum
1750 1009 1779 1048 a
1804 990 2023 1047 llIinutio
2060 986 2163 1044 Fe-

572 1095 696 1165 lice,
720 1097 808 1167 qui
841 1097 944 1151 hoc
963 1109 1159 1151 nomen
1185 1092 1238 1149 in
1266 1088 1584 1148 Tertulliani
1608 1088 1776 1163 nostri
1796 1083 2160 1156 Apologetico,

571 1190 710 1246 sicut
738 1198 792 1245 et
818 1186 919 1242 alia
968 1186 1145 1257 plura,
1174 1184 1397 1258 legerat.
1446 1181 1660 1238 Videsis
1681 1179 1931 1235 Vossium
1960 1176 2162 1251 (Voss.,

571 1284 659 1338 lib.
693 1283 738 1352 Ι,
759 1283 821 1338 de
840 1282 970 1354 orig.
994 1290 1040 1336 et
1058 1297 1232 1354 pragr.
1266 1278 1445 1335 idolol.
1470 1294 1515 1332 c.
1538 1273 1655 1348 28),
1683 1290 1744 1330 ac
1766 1278 1869 1344 ea,
1898 1272 1947 1329 si
1968 1273 2161 1344 placet,

573 1391 692 1449 quae
717 1374 770 1429 in
802 1374 949 1430 illum
985 1372 1188 1427 Minutii
1217 1372 1393 1427 locum
1421 1368 1797 1425 annotavimus
1823 1365 2068 1440 (Dissert.
2101 1366 2156 1421 in

578 1467 770 1523 Minut.
816 1466 1019 1535 Oetam,
1049 1483 1094 1520 c.
1131 1464 1221 1534 14,
1253 1474 1354 1519 art.
1387 1463 1464 1535 I).
2084 1454 2097 1463 κ

641 1606 793 1663 Sicut
820 1616 1003 1661 autem
1056 1603 1171 1659 haec
1213 1602 1381 1676 Syria:
1407 1610 1524 1657 erat
1550 1601 1671 1669 dea,
1714 1603 1789 1656 ita
1816 1598 2047 1667 Arabia,
2092 1598 2171 1653 ait

572 1698 955 1764 Tertullianus,
984 1695 1235 1766 Disares(
1263 1694 1563 1750 Tertullian.
1595 1694 1691 1749 loc.
1714 1694 1803 1748 cit.
1828 1691 1869 1766 ),
1899 1691 1995 1748 sed
2014 1691 2170 1747 aliter

2268 522 2385 578 cap.
2417 502 2574 560 XXX
2598 546 2613 573 ,
2638 510 2740 559 nrt.
2767 500 2847 576 2).

2862 629 3155 674 ARTICULUS
3192 631 3252 671 11.

2266 734 2348 791 De
2372 736 2489 790 aliis
2518 735 2617 791 diis
2636 775 2650 801 ,
2675 732 2771 805 qui
2791 730 3038 788 Romanis
3064 727 3341 800 incogniti,
3374 727 3427 781 in
3462 723 3486 779 1
3496 725 3637 781 (alite
3662 726 3874 797 provin-

2339 828 2430 882 ciis
2464 836 2511 881 et
2552 826 2760 881 urbibus
2789 823 3106 890 colebantur,
3136 818 3573 892 quemadmodum
3601 816 3878 876 Cassinen-

2339 920 2472 975 sium
2494 918 2617 974 .sive
2670 914 3164 972 Crustuminensinm
3199 910 3531 967 Delventinus
3555 952 3571 978 ,
3608 910 3877 967 Narnien-

2329 995 2470 1066 sium
2506 1008 2803 1063 Visidianus
2821 1051 2836 1074 ,
2865 1005 3271 1062 «Esculanorum
3296 1002 3520 1057 Ancaria
3548 1019 3633 1057 seu
3658 1000 3877 1057 Ancha-

2337 1104 2437 1171 ria,
2476 1101 2852 1158 Volsinensium
2883 1098 3079 1153 Nursia
3100 1139 3113 1163 ,
3143 1097 3246 1151 sive
3275 1094 3461 1150 Nortia
3481 1136 3494 1159 ,
3526 1092 3877 1149 Ocriculano-

2340 1212 2452 1251 rum
2488 1193 2722 1249 Valentia
2748 1236 2764 1262 ,
2805 1201 2852 1248 et
2891 1191 3259 1258 Faliscorum,
3303 1190 3356 1244 in
3398 1187 3657 1245 honorem
3701 1185 3879 1261 patris

2339 1272 2545 1355 Curris,
2577 1293 2633 1343 et
2659 1285 2868 1357 accepit
2890 1298 3084 1340 nomen
3112 1280 3273 1365 J’uno.

2341 1427 2728 1496 Argumentum
2769 1436 2927 1480 suum
2956 1419 3301 1492 prosequitur
3344 1417 3741 1484 Tertullinus,
3779 1424 3866 1472 at-

2268 1531 2375 1589 que
2398 1531 2430 1573 a
2460 1516 2749 1587 provinciis
2776 1514 2947 1570 Roma
2978 1513 3191 1584 longius
3218 1510 3464 1577 remotis,
3498 1509 3645 1565 venit
3673 1509 3727 1563 in
3757 1508 3864 1564 ita-

2268 1608 2425 1675 liam,
2452 1616 2509 1664 et
2537 1626 2626 1680 per
2645 1609 2829 1679 ipsum,
2860 1607 3049 1678 inquit,
3080 1606 3155 1661 dii
3184 1620 3383 1675 quoque
3411 1603 3864 1673 mnicipulieon-

2268 1704 2548 1759 secratione
2565 1712 2832 1759 censentur
2878 1699 3205 1773 (Tertullum.
3264 1699 3557 1769 Apologet.,
3607 1713 3721 1767 cap.
3778 1695 3877 1758 θλ,

572 1791 776 1846 inlibro
792 1788 1032 1845 secundo
1051 1788 1118 1844 ad
1137 1787 1414 1855 Nationes,
1441 1785 1947 1841 Obodanedussiren.
1968 1782 2164 1840 Corm-
2196 1833 2244 1894 B
2271 1815 2327 1869 ρ,
2343 1796 2497 1869 490),
2524 1811 2660 1868 quos
2690 1795 2916 1850 Romani
2940 1810 3046 1848 ηοη
3075 1791 3343 1847 colebant,
3359 1790 3527 1844 Τειηια
3546 1788 3741 1860 quippe
3761 1796 3883 1843 em,

571 1892 722 1954 ptum
750 1890 929 1936 autem
976 1888 1164 1951 putant
1190 1880 1293 1935 hoc
1320 1893 1514 1934 nomen
1542 1878 1610 1933 ab
1640 1879 1888 1950 imperito
1924 1877 2165 1945 librario,

571 1975 662 2046 qui
703 1990 867 2029 unum
895 1988 963 2029 ex
988 1972 1075 2027 his
1103 1973 1313 2029 duobus
1343 1971 1558 2027 Obodan
1582 1979 1640 2028 et
1670 1971 1929 2027 Dusarem
1958 1971 2166 2027 iecerit.

572 2069 735 2123 Suam
765 2076 942 2121 autem
975 2065 1281 2136 opinionem
1310 2064 1635 2120 conﬁrmare
1672 2073 1936 2121 conantur
1985 2075 2170 2122 aucto-

577 2159 733 2214 ritate
785 2158 1024 2223 Eusebii,
1054 2173 1085 2213 a
1129 2173 1236 2230 quo
1280 2158 1381 2214 bos
1410 2146 1647 2215 Arabum
1674 2158 1806 2215 deos
1842 2168 2170 2233 memoratos

575 2266 697 2308 esse
720 2250 906 2307 dicunt
930 2252 1167 2322 quidem,
1207 2251 1303 2309 sed
1329 2267 1429 2307 nec
1453 2251 1614 2308 verba
1646 2253 1783 2322 ejus,
1824 2266 1927 2308 nec
1972 2252 2169 2308 librum

576 2345 833 2402 iudicant.
868 2345 945 2401 De
969 2355 1196 2417 utroque
1235 2354 1416 2401 autem
1470 2345 1563 2401 illo
1602 2340 1711 2401 'deo
1737 2346 1888 2416 plura
1928 2345 2167 2415 Vossius,

571 2456 730 2513 quem
758 2441 908 2497 adire
935 2440 1103 2497 cuivis
1120 2448 1429 2511 promptum
1456 2446 1544 2494 est
1579 2437 1761 2510 (Voss.
1792 2440 1830 2495 ι.
1857 2438 1925 2495 ιι.
1952 2441 2167 2513 deorig.

578 2547 622 2591 et
652 2552 802 2608 prog.
824 2536 951 2591 idol.
983 2553 1101 2607 cap.
1130 2537 1186 2593 8.
1214 2553 1336 2608 pag.
1390 2534 1555 2607 178).
1586 2536 1799 2591 Patrius
1828 2538 1991 2593 etiam
2036 2534 2171 2591 deus

573 2627 673 2683 fuit
698 2626 907 2683 Noricis
931 2627 1171 2696 Belenus,
1202 2627 1369 2699 inquit
1394 2628 1595 2683 Auctor
1622 2637 1805 2684 noster
1830 2628 2012 2699 (idem,

570 2737 684 2790 cap.
744 2719 860 2786 24,
908 2737 1031 2791 pag.
1078 2719 1260 2790 419);
1319 2719 1413 2774 sed
1466 2727 1717 2789 corrupta
1777 2728 1991 2790 quoque
2053 2717 2170 2774 Ibe—

572 2822 697 2869 runt
726 2814 779 2868 in
804 2814 1183 2883 manuscriptis
1234 2811 1432 2868 nostris
1469 2812 1745 2869 codicibus
1791 2814 1906 2869 Irm’c
1952 2815 2171 2868 nomina

578 2904 715 2960 Νονὶ
738 2905 1021 2973 Cibelenus,
1049 2907 1104 2961 in
1130 2906 1452 2977 quibusdam
1493 2920 1620 2963 vero
1670 2906 1827 2963 editis
1879 2906 2169 2975 Tibelenus,

569 3014 729 3070 quem
757 2998 976 3055 Vossius
1011 3000 1313 3070 suspicatur
1331 3014 1452 3055 eum
1474 3008 1615 3069 esse,
1640 3014 1801 3071 quem
1828 2999 2168 3072 Tybelinum,

573 3094 780 3163 antiqui
821 3094 1062 3149 Saxones
1107 3082 1422 3150 'l‘cbilenum
1451 3136 1465 3162 ,
1497 3102 1553 3149 et
1597 3093 1770 3150 Sclavi
1818 3091 2168 3149 Z‘ecriteboch

575 3187 857 3243 vocabant.
908 3186 1096 3243 Nonne
1142 3200 1272 3243 vero
1322 3188 1478 3259 longe
1531 3186 1858 3257 probabilius
1889 3195 1973 3241 est
2019 3185 2170 3240 illum

578 3280 817 3351 loquide
858 3280 1058 3337 Beleuo
1104 3278 1207 3336 deo
1253 3294 1413 3351 quem
1463 3278 1860 3349 Aquileienses,
1895 3278 1971 3333 uti
1997 3276 2171 3332 Julius

572 3373 905 3443 Capitolinus
935 3372 1191 3446 (Capitol.
1218 3372 1273 3427 in
1293 3373 1381 3428 vit.
1412 3370 1711 3439 Marinum,
1736 3384 1789 3441 p.
1821 3370 1949 3436 561,
1978 3370 2076 3424 col.
2102 3367 2169 3441 2)

571 3478 625 3523 et
650 3467 984 3524 Herodianus
1010 3469 1029 3539 (
1053 3465 1363 3535 Heracliam,
1391 3467 1481 3522 lib.
1511 3465 1580 3532 Il,
1616 3466 1733 3521 hist.
1757 3506 1771 3532 ,
1810 3483 1863 3538 p.
1896 3463 2023 3537 6|?)
2049 3473 2168 3521 me-

572 3563 763 3617 moriae
792 3562 1174 3632 prodiderunt,
1206 3576 1421 3618 summo
1452 3563 1506 3617 in
1533 3561 1741 3618 honore
1780 3561 2084 3627 habebant,
2116 3567 2172 3616 et

572 3652 743 3707 solem
777 3667 898 3708 esse
942 3653 1339 3722 opinabantur?
1367 3652 1632 3708 Prmterea
1660 3651 1963 3709 Grutberus
1994 3650 2171 3706 varias

576 3743 793 3801 exhibet
820 3745 1196 3814 inscriptiones
1223 3744 1331 3800 Deo
1359 3744 1572 3812 Beleno,
1598 3744 1666 3800 ab
1689 3746 1933 3816 Augusto
1952 3745 2172 3801 Ctesare

574 3835 746 3894 editas
776 3834 1079 3908 (Crumen,
1112 3845 1235 3891 tom.
1260 3836 1312 3903 Ι,
1338 3835 1606 3907 Inscript.,
1637 3853 1693 3906 p.
1723 3837 1795 3891 26
1820 3846 1864 3891 et
1890 3837 2006 3907 27).
2031 3836 2170 3904 Quin

576 3930 739 3987 etiam
785 3930 830 3986 is
870 3929 939 3985 ab
987 3929 1226 3985 Ausonio
1268 3929 1731 4001 Burdigalensium
1772 3929 1904 3985 deus
1935 3944 2036 3986 nec
2063 3940 2172 3985 uno

575 4024 793 4097 quidem
829 4025 1067 4081 carmine
1113 4022 1434 4094 praedicatur
1479 4025 1500 4094 (
1536 4023 1757 4089 Auson.,
1802 4024 1866 4077 de
1889 4022 2160 4095 Burdigat.

575 4122 849 4190 professor.
884 4117 1058 4172 Carm.
1086 4116 1144 4183 4,
1176 4117 1204 4191 §
1234 4118 1368 4185 “5,
1396 4125 1443 4172 et
1471 4132 1636 4171 carm.
1670 4116 1774 4183 10,
1807 4117 1835 4189 §
1866 4115 2027 4192 154).
2055 4117 2173 4172 Non

572 4226 602 4264 a
630 4211 760 4264 solis
788 4211 966 4281 itaque
995 4209 1236 4275 Noricis,
1265 4208 1571 4267 Germanias
1599 4210 1811 4281 populis
1831 4251 1847 4277 ,
1876 4209 1975 4265 sed
2008 4211 2172 4265 etiam

575 4302 644 4358 ab
673 4302 792 4356 aliis
819 4300 1048 4357 Belenus
1077 4303 1371 4359 colebatur.
1418 4305 1489 4359 At
1530 4303 1664 4358 istos
1697 4302 1924 4358 forsitan
1956 4302 2171 4359 Tertul-

573 4394 749 4451 lianus
792 4395 1107 4451 nominatim
1148 4396 1269 4452 ideo
1308 4397 1632 4467 appellavit,
1678 4397 1801 4467 quia
1847 4407 2071 4453 noverat
2106 4396 2174 4452 ab

574 4489 704 4561 ipsis
748 4488 892 4545 hunc
934 4487 1097 4545 deum
1139 4504 1249 4559 pra:
1285 4490 1495 4546 caeteris
1526 4490 1785 4546 honorari
1823 4488 2169 4561 (Tertullian.

575 4585 880 4658 Apologet.,
931 4601 1047 4657 cap.
1101 4584 1194 4653 24,
1249 4583 1479 4656 p.420).
1510 4583 1571 4639 Si
1614 4599 1772 4655 quem
1825 4584 2174 4640 nihilominus

574 4677 939 4733 obscuriorem
1000 4676 1319 4733 Noricorum
1380 4687 1473 4731 aut
1536 4676 1756 4732 alterius
1796 4677 1973 4748 gentis
2013 4676 2175 4733 deum

575 4769 642 4825 ab
670 4769 762 4824 illo
783 4767 1095 4825 denotatum
1116 4768 1370 4825 ostendas
1391 4811 1406 4837 ,
1435 4766 1531 4824 tibi
1582 4766 1723 4823 haud
1748 4769 2177 4839 aegreasseutie-

576 4876 718 4917 mur.

647 4999 758 5057 Nec
787 5004 1012 5073 patriam
1043 5018 1195 5060 suam
1224 5004 1314 5062 ille
1346 5005 1557 5072 omisit,
1594 5012 1756 5077 atque
1783 5006 1959 5078 africa:
1988 5004 2179 5062 Caeles-

578 5095 672 5164 tis,
700 5102 755 5152 et
779 5096 832 5151 in
857 5096 997 5152 libro
1024 5096 1092 5152 ad
1121 5096 1394 5165 Nationes,
1418 5096 1642 5153 leestis
1681 5099 1927 5172 Afrorum
1949 5098 2087 5173 (Lib.
2108 5099 2176 5171 II,

580 5187 648 5240 ad
678 5186 893 5243 Nation.
914 5230 930 5256 ,
982 5205 1098 5260 cap.
1151 5188 1208 5260 8,
1233 5186 1288 5260 ),
1319 5187 1388 5244 de
1428 5204 1530 5259 qua
1576 5204 1673 5245 nos
1694 5192 1957 5261 superius.
1986 5190 2179 5262 dispu-

581 5279 813 5335 tavimus
849 5280 1094 5354 (Supr.,
1149 5298 1264 5352 cap.
1318 5280 1421 5346 l8,
1476 5290 1579 5335 art.
1629 5283 1723 5355 6).
1756 5283 2008 5354 Ejusdem
2057 5298 2185 5355 por-

580 5372 895 5443 rogAtricte
948 5374 1096 5444 regio
1148 5384 1262 5430 erat
1312 5373 1645 5441 Mauritania,
1694 5374 1763 5431 dc
1787 5391 1889 5447 qua
1916 5377 2031 5447 ipse
2053 5390 2186 5433 con-

586 5466 735 5521 tinuo
774 5465 891 5521 hinc
915 5465 1224 5523 subnectit:
1258 5464 1589 5523 Mauritania:
1619 5468 1782 5540 reguli
1820 5470 1922 5525 sui.
1970 5471 2039 5525 At
2083 5468 2178 5526 Mi-

585 5556 766 5613 natius
798 5556 951 5613 Felix
990 5566 1046 5614 et
1082 5557 1392 5614 Lactantius
1424 5558 1617 5614 iubam
1662 5560 1942 5616 nominant
1964 5602 1981 5628 ,
2019 5575 2180 5632 quem

588 5647 877 5716 provinciae
902 5647 1063 5719 hujus
1089 5648 1278 5705 incolae
1304 5649 1516 5706 honore
1536 5648 1717 5705 divino
1740 5650 2021 5723 speciatim
2049 5666 2180 5723 pro-

589 5736 972 5807 sequebantur.
1004 5738 1127 5807 Adi,
1155 5740 1202 5796 si
1227 5739 1394 5809 lubet,
1422 5756 1543 5813 qua:
1573 5742 1625 5796 in
1658 5743 1856 5799 nostris
1880 5742 1950 5800 de
1982 5743 2182 5800 utrius-

590 5842 695 5897 que
734 5828 883 5887 libris
909 5831 1375 5893 dissertationibus
1401 5833 1671 5905 disputata
1700 5844 1827 5893 suut
1858 5834 2175 5908 (Dissertat.

2275 1888 2569 1944 incolarum
2605 1887 2987 1956 cujuscumque
3023 1883 3252 1940 civitatis
3292 1882 3504 1937 ciccitas
3542 1892 3605 1936 ac
3634 1878 3881 1945 licentia,

2273 1991 2333 2037 ut
2378 1996 2487 2038 non
2535 1981 2712 2036 solum
2751 1979 2886 2035 deos
2928 1978 3050 2039 aliis
3091 1975 3394 2046 incognitus
3431 1972 3747 2037 habuerint,
3781 1973 3881 2029 sed

2272 2088 2485 2146 quorum
2515 2073 2676 2129 etiam
2697 2113 2712 2139 ,
2747 2071 2821 2126 uti
2851 2070 2942 2127 ille
2968 2070 3043 2124 ait
3060 2109 3079 2136 ,
3108 2084 3172 2123 ne
3191 2068 3452 2122 asininum
3479 2065 3682 2133 quidem
3701 2064 3880 2137 digni-

2275 2177 2353 2221 tas
2404 2165 2639 2219 humanis
2690 2146 3073 2234 cognominibus
3112 2158 3265 2213 distat
3311 2157 3515 2228 (Idem,
3566 2156 3655 2210 lib.
3697 2155 3763 2222 II,
3809 2157 3881 2210 ad

2276 2256 2403 2312 Nat.
2431 2299 2447 2324 ,
2500 2270 2617 2327 cap.
2673 2253 2753 2326 9.),
2807 2255 2876 2309 At
2927 2254 3067 2308 sicut
3106 2264 3300 2307 nomen
3338 2249 3570 2305 hominis
3612 2240 3878 2319 prtelere-

2274 2346 2431 2416 bant,
2462 2350 2538 2404 ita
2566 2346 2854 2404 humanam
2884 2347 3050 2401 vitam
3084 2344 3279 2417 egisse,
3306 2354 3361 2399 et
3389 2342 3591 2398 idcirco
3615 2341 3745 2398 deos
3770 2356 3882 2399 non

2274 2456 2397 2498 esse
2437 2438 2782 2495 manifestum
2824 2444 2928 2494 est.
2969 2428 3167 2492 Plures
3204 2444 3335 2490 Vero
3378 2450 3445 2490 ex
3484 2432 3596 2489 illis
3635 2445 3885 2491 recenset

2275 2528 2510 2606 (Ibid),
2564 2545 2629 2586 ac
2681 2544 2749 2585 ne
2822 2528 2917 2584 ulli
2983 2526 3141 2582 fidem
3200 2525 3299 2582 Sibi
3366 2524 3659 2596 derogaudi
3729 2533 3879 2581 esset

2277 2626 2426 2682 locus
2452 2667 2467 2693 ,
2498 2628 2696 2681 testem
2739 2624 2869 2679 citat
2894 2620 3190 2677 Varronem
3226 2619 3281 2674 in
3308 2618 3426 2688 ejus
3448 2616 3594 2673 haud
3620 2612 3773 2673 dubie
3802 2618 3877 2673 li-

2276 2718 2386 2774 bris
2407 2760 2422 2786 ,
2448 2730 2581 2789 quos
2606 2716 2675 2773 de
2701 2715 2917 2782 divinis,
2952 2722 3087 2769 teste
3118 2711 3416 2783 Augustino
3446 2711 3725 2781 (August,
3774 2708 3876 2768 lib.

2280 2806 2370 2877 VI,
2403 2811 2467 2865 de
2491 2810 2628 2865 civit.
2651 2849 2665 2874 ,
2694 2824 2809 2881 cap.
2840 2807 2906 2875 5,
2943 2824 2995 2878 ρ.
3027 2802 3155 2877 118)
3176 2847 3190 2871 ,
3224 2803 3385 2859 rebus
3409 2802 3668 2859 ediderat.

2351 2905 2715 2962 Obscurorutn
2748 2912 2927 2957 autem
2952 2900 3219 2955 horumce
3246 2897 3467 2954 deorum
3503 2896 3701 2967 agmini
3729 2908 3877 2969 pra-.-

2278 2999 2509 3055 mitlilur
2524 2997 2877 3053 Casiniensum
2899 2990 3230 3047 Delventinus
3251 2989 3569 3063 (Tertullian.
3602 2989 3701 3043 loc.
3728 2988 3874 3059 eiu),

2279 3092 2364 3148 vel
2413 3092 2555 3146 sicut
2579 3089 2794 3145 codices
2826 3086 2997 3142 nostri
3022 3084 3350 3155 antiquiores
3376 3096 3530 3137 manu
3574 3081 3787 3135 exarati
3816 3090 3879 3136 et

2277 3182 2387 3249 alii,
2409 3180 2812 3245 Casianensium,
2836 3177 3155 3233 vetustiores
3166 3173 3321 3238 editi,
3341 3170 3873 3241 Crustuminiensiusn,

2274 3281 2329 3330 et
2358 3282 2541 3343 mystea
2568 3272 2624 3325 in
2649 3268 2969 3341 quibusdam
2998 3264 3350 3329 editionibus,
3376 3260 3716 3319 Delventinus.
3740 3262 3885 3319 Cas-

2274 3367 2449 3424 sinum
2478 3379 2608 3421 vero
2634 3362 2945 3433 Campania:
2968 3359 3230 3432 oppidum
3271 3356 3541 3414 Samnites
3560 3394 3575 3421 ,
3606 3357 3684 3410 ait
3709 3355 3889 3412 Varro

2274 3457 2295 3531 (
2326 3457 2478 3513 γαῖν.
2511 3455 2604 3511 lib.
2645 3453 2740 3523 Vl,
2780 3454 2853 3508 de
2872 3453 3000 3523 ling.
3033 3451 3123 3506 lat.
3166 3468 3224 3523 p.
3256 3448 3403 3521 77),
3435 3462 3504 3505 ex
3533 3446 3751 3504 Sabinis
3775 3447 3883 3504 orti

2276 3552 2539 3624 primum,
2586 3564 2651 3605 ac
2685 3546 2916 3603 llomani
2961 3544 3159 3601 deinde
3196 3549 3506 3600 tenuerunt.
3552 3540 3884 3597 Mentionem

2272 3644 2452 3715 oppidi
2479 3642 2618 3698 illius
2644 3640 2822 3697 iecere
2856 3636 3061 3693 Plinius
3084 3634 3110 3709 (
3135 3635 3278 3692 Plin.
3306 3635 3395 3690 lib.
3417 3632 3511 3702 111,
3540 3635 3658 3689 hist.
3691 3642 3878 3687 natum

2271 3750 2388 3807 cap.
2423 3735 2476 3795 4.
2504 3752 2562 3805 p.
2590 3733 2724 3803 229)
2746 3774 2761 3800 ,
2790 3741 2845 3788 et
2875 3728 3041 3786 Silius
3072 3728 3204 3799 (Sil.
3236 3727 3363 3782 Ital.
3392 3727 3483 3781 lib.
3510 3724 3628 3793 XII,
3649 3740 3703 3779 v.
3722 3723 3878 3796 525).,

2274 3836 2581 3898 nomenque
2609 3824 2738 3880 illud
2768 3824 2823 3879 in
2851 3823 3016 3878 variis
3054 3820 3499 3890 inscriptionibus
3536 3833 3566 3872 ει
3605 3816 3885 3874 ϐηκὶιεω

2281 3919 2440 3976 editis
2461 3918 2695 3974 occurrit
2718 3915 3077 3989 (Gruther.,p.
3098 3912 3202 3969 156
3231 3923 3278 3967 et
3305 3911 3454 3983 151).
3470 3909 3534 3967 Si
3558 3911 3678 3983 quis
3696 3920 3885 3967 tamen

2277 4010 2350 4067 ibi
2387 4011 2566 4080 legere
2606 4008 2791 4075 malit,
2820 4004 3351 4071 Crustuminensinm,
3382 4003 3697 4075 opinionem
3723 4015 3885 4058 suam

2274 4104 2492 4159 ﬁrmare
2522 4102 2719 4172 poterit
2747 4102 2832 4157 his
2858 4099 3066 4170 Virgilii
3094 4098 3340 4154 versibus
3365 4114 3379 4151 :

2403 4210 2417 4265 ξ
2520 4253 2529 4263 .
2630 4252 2644 4266 .
2748 4250 2761 4263 .
2864 4250 2876 4262 .
2973 4211 3080 4262 Nec
3102 4212 3329 4271 surculus
3348 4210 3481 4261 idem

2460 4275 2747 4329 Crustumiis
2765 4276 3018 4340 Syriisque
3041 4278 3191 4339 pyris.

2896 4360 3127 4428 (Virgil.,
3150 4360 3237 4414 lib.
3264 4369 3298 4412 ll
3323 4363 3520 4429 Georg.,
3544 4373 3588 4412 v.
3610 4360 3714 4425 88.)

2275 4448 2493 4507 Servius
2521 4451 2719 4521 quippe
2746 4449 2861 4505 haec
2887 4448 3082 4504 ibidem
3110 4447 3399 4503 observat:
3429 4445 3723 4501 Crustumia
3746 4462 3889 4517 pyra

2275 4553 2393 4599 sunt
2430 4560 2493 4599 at:
2529 4552 2674 4617 parte
2711 4542 2944 4597 rubentia
2972 4542 3034 4594 ab
3083 4539 3281 4611 oppido
3322 4538 3628 4594 Crustumio.
3673 4539 3889 4610 Agrum

2199 4631 2254 4691 D
2279 4651 2409 4693 vero
2427 4635 2833 4692 Crustuminum
2853 4637 3078 4704 ejusque
3100 4634 3261 4689 situm
3287 4632 3492 4688 Plinius
3522 4631 3669 4687 hisce
3696 4631 3895 4688 verbis

2275 4730 2533 4787 describit
2559 4747 2572 4784 :
2603 4727 2744 4783 Citra
2764 4727 3002 4784 tredecim
3036 4725 3201 4782 millia
3228 4742 3475 4797 passuum
3505 4724 3640 4780 urbis
3684 4722 3886 4780 Veien-

2280 4833 2378 4877 tem
2406 4838 2587 4893 agrum
2620 4838 2651 4875 a
2677 4820 3036 4887 Crustumino,
3064 4818 3181 4873 dein
3212 4816 3538 4885 Fidenatem,
3567 4817 3895 4888 laturumque

2279 4932 2311 4970 a
2346 4915 2594 4971 Vaticano
2621 4914 2866 4969 dirimens
2886 4909 3055 4984 (Plin.
3080 4911 3170 4967 lib.
3194 4910 3280 4977 III,
3305 4921 3478 4967 natur.
3502 4912 3646 4978 Itist.,
3678 4928 3798 4981 cap.
3820 4911 3888 4981 5,

2283 5025 2339 5079 p.
2364 5008 2515 5079 523).
2544 5008 2613 5062 At
2635 5005 2794 5077 paulo
2815 5013 2970 5061 antea
2995 5004 3160 5059 alium
3185 5003 3587 5059 Crustuminum
3612 5017 3895 5059 memora-

2282 5109 2431 5155 verat
2460 5097 2639 5171 (llu'd.
2669 5115 2724 5169 p.
2756 5094 2908 5166 522),
2936 5094 3027 5166 qui
3049 5094 3267 5166 quidem
3295 5093 3387 5149 ubi
3413 5094 3547 5150 situs
3567 5092 3746 5159 fuerit,
3766 5092 3895 5163 jam

2289 5191 2588 5264 ignoratur.
2622 5187 2900 5245 Meliorum
2929 5201 3090 5258 porro
3117 5185 3586 5257 antiquiorumqae
3623 5182 3887 5242 codicum

2282 5282 2591 5339 auctoritati
2627 5280 2674 5337 si
2703 5278 3001 5336 cedendum
3027 5289 3152 5345 est,
3191 5276 3552 5333 Tertullianus
3597 5273 3886 5332 Casinien-

2284 5375 2424 5432 sium
2452 5375 2707 5447 Oppidum
2734 5373 3039 5446 designavit
3063 5372 3082 5445 (
3103 5370 3411 5428 Tertullian.
3442 5370 3718 5442 'Apologet.
3757 5384 3891 5439 cap.

2282 5468 2378 5538 24,
2403 5487 2459 5541 p.
2489 5467 2621 5536 420,
2659 5477 2706 5524 et
2730 5465 2819 5523 lib.
2841 5466 2906 5534 ll,
2926 5468 2995 5520 ad
3018 5465 3240 5531 uation.,
3275 5480 3393 5535 cap.
3441 5461 3517 5535 8),
3562 5461 3707 5534 quod
3736 5476 3896 5545 nunc

2284 5572 2522 5619 montem
2546 5558 2803 5618 Casinum
2832 5573 2955 5617 esse
2978 5558 3310 5615 existimant.

2356 5655 2562 5711 Dehinc
2604 5654 2695 5711 ille
2723 5671 2736 5708 :
2768 5651 3138 5708 Narniensium
3194 5647 3513 5705 Visidianus.
3560 5646 3633 5702 At
3677 5638 3901 5708 Plinii:

2283 5747 2373 5803 ubi
2403 5746 2640 5804 Umbria:
2656 5745 2863 5818 oppida
2891 5743 3226 5816 populosque
3255 5747 3538 5797 enumerat
3564 5757 3577 5794 :
3610 5735 3898 5797 Narniae-

2281 5855 2391 5910 εει,
2421 5838 2625 5911 inquit,
2661 5837 2799 5909 quod
2834 5835 3080 5909 oppidum
3115 5833 3409 5909 Nequinum
3439 5836 3605 5908 ;anteu
3641 5840 3893 5889 vocatum
