4212 6262
362 340 509 402 1117

1508 347 1973 412 DlSSERTATIO
2010 353 2074 412 D.
2113 348 2203 413 LE
2238 355 2547 416 NOURRY.

3527 370 3671 430 IIIS

364 467 442 515 est
470 457 645 559 (Plin,
667 496 682 529 ,
708 458 799 515 tib.
822 456 903 559 ill
927 458 1069 559 bist.
1100 468 1296 559 natur,
1323 472 1443 559 cap.
1496 459 1590 532 11,
1619 482 1673 536 ρ.
1706 462 1861 537 365).
1902 464 1972 523 Et
1996 469 2045 529 A
2074 466 2198 525 dum
2241 471 2643 531 observavimus
2674 474 2859 550 (supr.
2882 518 2897 545 ,
2946 495 3062 548 cap.
3100 479 3204 548 23,
3248 493 3348 540 art.
3376 485 3465 559 ὃ),
3499 486 3674 544 Volsi-

367 560 517 608 certe
542 552 798 623 scriptum
830 567 858 606 a
881 551 1029 608 Livio
1056 552 1281 625 legimus
1306 572 1317 607 :
1352 552 1496 609 Alter
1521 559 1700 612 consul
1724 558 1969 629 Apuleius

364 645 421 701 in
451 644 662 701 Umbria
691 643 988 717 Nequinum
1016 648 1262 719 oppidum
1292 649 1634 705 circumsedit.
1668 650 1834 708 Locus
1857 663 1968 709 erat

366 737 564 792 arduus
583 777 597 801 ,
631 729 857 803 atquein
882 748 1031 808 parte
1055 756 1158 793 una
1185 754 1410 811 prazceps
1427 783 1441 805 ,
1471 741 1557 796 ubi
1584 759 1720 798 nunc
1758 743 1966 801 Narnia

364 831 465 885 sita
491 827 744 900 estiam,
770 830 857 884 lib.
885 830 973 897 10,
996 829 1024 903 §
1048 830 1126 901 9).
1149 830 1350 888 Nomen
1372 843 1551 890 autem
1582 833 1708 890 illud
1731 838 1965 907 sumpsit

365 921 436 977 ab
461 936 560 990 eo,
591 936 702 992 quo
736 922 1009 988 alluitur,
1056 922 1198 979 Nare
1238 921 1400 979 ﬂuvio
1422 966 1437 993 ,
1475 927 1550 980 uti
1577 926 1659 982 bis
1697 927 1965 999 intelliges

364 1014 649 1072 Strabonis
674 1015 856 1071 verbis
880 1032 893 1069 ε
917 1023 1086 1087 Νάρνει
1108 1019 1171 1071 δι’
1193 1024 1247 1079 ἧς
1272 1023 1346 1090 ῥεῖ
1374 1025 1399 1073 ὁ
1419 1025 1523 1092 Νάρ
1551 1030 1789 1091 ποταμὸς,
1821 1021 1964 1078 Nar-

359 1109 475 1174 nia,
507 1124 600 1178 per
621 1122 775 1179 quam
802 1109 919 1178 [iuit
943 1108 1059 1163 Nar
1083 1111 1268 1180 ﬂuvius
1302 1111 1498 1183 (Strab.
1548 1114 1636 1168 lib.
1680 1114 1727 1169 ν
1775 1115 1960 1188 Geogr.

362 1218 419 1272 p.
451 1200 614 1271 227).
637 1200 823 1275 .Variis
852 1215 1067 1272 quoque
1107 1202 1247 1271 apud
1287 1202 1613 1261 Grutherum
1659 1207 1964 1279 inscriptio-

361 1294 523 1350 nibus
551 1293 877 1350 Narnienscs
910 1295 1251 1371 celebrantur
1284 1296 1565 1371 (Grut/ter.
1589 1343 1603 1369 ,
1632 1319 1687 1373 p.
1721 1302 1845 1369 174,
1878 1304 1960 1359 ἰη-

360 1388 538 1457 script.
569 1387 623 1453 ις
655 1403 711 1456 p.
741 1386 867 1452 588,
898 1387 1131 1458 inscript.
1161 1389 1218 1456 2;
1245 1406 1300 1460 p.
1335 1391 1467 1455 460,
1509 1392 1740 1464 inscript;
1769 1394 1849 1463 4).

435 1478 702 1532 Przcterca
728 1519 742 1544 ,
787 1477 1192 1533 disculanorum
1244 1480 1540 1550 Ancharia,
1595 1484 1648 1540 in
1703 1484 1843 1541 libro
1894 1482 1961 1542 ad

360 1572 608 1627 nationes
628 1614 644 1635 ,
676 1581 730 1627 et
758 1574 955 1628 nostris
985 1575 1367 1646 manuscriptis
1394 1577 1791 1647 exemplaribus
1816 1594 1829 1633 :
1855 1576 1961 1633 An-

362 1664 539 1718 charia
569 1663 587 1733 (
613 1662 919 1719 Tertullian.
955 1666 1054 1719 loc.
1087 1664 1223 1737 εῖτ).
1258 1667 1302 1725 Α
1326 1665 1504 1723 Plinio
1533 1677 1712 1723 autem
1743 1668 1956 1725 dicitur:

363 1758 575 1815 Colonia
597 1759 838 1814 Asculum
856 1758 1036 1815 Piceni
1058 1761 1368 1815 nobilissima
1387 1760 1551 1829 (Plin.
1581 1761 1668 1817 lib.
1694 1761 1760 1817 IIl
1783 1768 1955 1819 natur.

364 1853 484 1908 hist.
525 1870 641 1923 cap.
681 1854 767 1918 l3,
803 1871 857 1924 p.
891 1852 1017 1926 562)
1042 1896 1055 1918 ,

360 1944 501 2014 apud
531 1944 857 2000 Grutherum
898 1945 1275 2018 inscriptiones
1306 1945 1614 2019 (Gramen,
1640 1965 1693 2018 p.
1720 1948 1844 2013 465,
1879 1948 1962 2002 in-

360 2038 537 2107 script.
570 2038 595 2092 1
628 2046 675 2092 et
702 2036 791 2103 10,
820 2054 941 2109 pag.
974 2039 1099 2103 571,
1131 2039 1361 2108 inscript.
1406 2040 1459 2105 1,
1491 2048 1541 2093 et
1565 2058 1684 2111 pug.
1717 2041 1842 2107 4'27,
1880 2040 1962 2095 in-

362 2128 536 2199 script.
572 2130 644 2199 ί).
672 2114 875 2185 'Sti'abo
900 2136 1033 2186 Vero
1059 2125 1236 2187 Nam)?»
1255 2141 1308 2188 τὸ
1333 2142 1544 2194 πικηνόν.
1577 2133 1682 2188 Sed
1713 2134 1853 2189 aliud
1882 2145 1965 2190 851.

363 2219 641 2289 Asculum,
673 2223 879 2293 ’Apulize
907 2224 1184 2295 oppidum,
1208 2223 1395 2296 Pyrrhi
1425 2226 1577 2280 clade
1600 2226 1960 2282 notissimum.

365 2313 443 2368 De
472 2314 730 2370 alterutro
759 2324 939 2392 autem
985 2316 1125 2371 haud
1173 2317 1333 2373 dubie
1380 2318 1617 2390 loquitur
1646 2320 1848 2375 Auctor
1871 2336 1966 2376 no-

366 2416 498 2473 ster,
545 2407 646 2462 nisi
685 2396 931 2464 eamdem
978 2408 1133 2465 dcam
1180 2411 1235 2466 in
1281 2412 1507 2484 utroque
1558 2415 1753 2469 cultam
1802 2415 1967 2473 fuisse

369 2502 701 2572 probaveris.
736 2502 814 2558 De
838 2503 1021 2573 priore
1061 2512 1238 2559 tamen
1267 2520 1571 2563 sermonem
1599 2507 1668 2563 ab
1697 2508 1785 2562 illo
1826 2507 1962 2578 ﬁeri,

370 2595 473 2651 erit
500 2595 725 2650 forsitan
750 2597 841 2667 qui
881 2595 1079 2653 conﬁci
1114 2612 1280 2668 posse
1312 2599 1517 2670 putabit
1542 2599 1627 2657 bis
1656 2600 1855 2658 Lucani
1899 2602 1969 2660 de

373 2687 597 2744 Lentulo
624 2687 866 2745 versibus
893 2708 907 2743 :
1606 2698 1615 2703 ”

1068 2798 1352 2868 Depellitur
1374 2818 1488 2857 arce

497 2867 736 2918 Lentulus
755 2865 978 2918 Esculea.

893 2930 1092 2992 (Lucan.
1113 2927 1387 2990 ,Pltursal.,
1407 2927 1491 2980 lib.
1513 2937 1566 2993 n,
1591 2944 1637 2982 υ.
1662 2932 1798 2995 156.)

377 3038 603 3108 Quidam
647 3038 790 3094 enim
836 3036 1268 3092 animadvertunt
1311 3035 1527 3093 Esculea
1560 3049 1613 3094 et
1654 3039 1868 3094 Asculea
1896 3037 1972 3094 in-

376 3132 685 3189 dili'erenter
710 3132 934 3197 dictum,
966 3130 1149 3201 quidni
1175 3139 1230 3185 et
1259 3130 1529 3203 lEsculea,
1558 3133 1699 3190 unde
1726 3130 1974 3191 Escula-

374 3228 452 3297 ni,
484 3228 551 3285 de
575 3230 768 3298 quibus
797 3244 939 3284 nunc
967 3228 1174 3300 agitur?

447 3318 713 3375 Cimetram
769 3321 1048 3378 Turnebus
1100 3321 1387 3395 (Turneb,
1438 3320 1526 3375 lib.
1582 3318 1725 3375 XVII
1771 3318 1967 3375 advers.

375 3430 492 3483 cap.
523 3412 630 3485 24)
661 3416 962 3485 suspicatur
992 3415 1300 3469 Anchariam
1322 3427 1441 3468 eam
1471 3425 1592 3467 esse
1618 3410 1795 3477 deam,
1820 3411 1973 3482 cujus

374 3507 559 3565 furore
595 3510 828 3580 correpti
860 3508 1105 3564 homines
1161 3507 1361 3563 ancarii
1402 3506 1766 3573 vocabantur},
1811 3505 1972 3576 idque

376 3603 613 3659 stabilire
631 3603 823 3658 nititur
842 3602 923 3657 his
950 3602 1181 3669 duobus,
1212 3615 1241 3656 a
1267 3602 1442 3657 Nonio
1464 3600 1682 3671 citatisi
1708 3597 1878 3665 Νοη..
1905 3601 1974 3654 ad

375 3710 423 3749 υ.
450 3696 767 3766 Quiritare),
794 3695 982 3751 Lucilii
1032 3693 1360 3750 carminibus
1387 3710 1400 3747 :

528 3810 649 3863 Haec
670 3812 843 3862 eadem
865 3810 1013 3861 rudct
1035 3823 1064 3861 e
1088 3811 1282 3869 nostris,
1303 3816 1452 3873 atque
1477 3806 1735 3873 ejulitabit,

530 3875 834 3926 Coawrsans
857 3874 993 3923 velut
1009 3875 1250 3933 ancarius,
1275 3872 1515 3935 clareque
1540 3872 1792 3935 quiritans.

381 3984 441 4040 In
468 3993 646 4040 nostra
675 3983 888 4055 quidem
914 3981 1104 4037 horum
1127 3980 1423 4037 carminum
1452 3978 1686 4035 editione
1710 3977 1969 4049 legimus:

382 4084 483 4139 Hic
524 4085 798 4155 inquam...
844 4082 998 4136 veluti
1037 4081 1322 4135 arenarius.
1363 4078 1470 4135 Sed
1500 4084 1748 4146 corrupte
1787 4076 1972 4144 procul

375 4177 559 4241 dubio,
585 4192 646 4233 ac
672 4184 856 4232 contra
884 4174 1041 4230 metri
1073 4175 1238 4244 leges.
1274 4172 1654 4228 Verumtamen
1687 4184 1835 4223 mera
1856 4168 1973 4221 hmc

375 4280 459 4325 est
477 4268 712 4325 Turnebi
739 4268 1068 4337 conjectura,
1095 4279 1212 4335 quae
1237 4264 1338 4318 alia
1363 4262 1537 4319 adhuc
1560 4262 1873 4332 probatione
1892 4260 1971 4313 in-

375 4362 541 4433 diget.
571 4362 628 4417 In
674 4361 813 4417 libro
856 4371 1033 4416 autem
1062 4359 1127 4413 ad
1153 4357 1409 4413 Nationes
1439 4372 1634 4412 nomen
1660 4354 1973 4407 Anc‘hariam

376 4454 626 4522 habetur,
654 4460 708 4511 et
736 4448 1179 4526 quampraevcrint,
1229 4450 1371 4521 quod
1401 4446 1749 4518 depravatum
1789 4444 1975 4500 existi-

374 4557 607 4616 montes,
640 4550 823 4618 reponi
856 4542 1072 4601 voluere
1102 4552 1147 4597 et
1176 4540 1593 4613 qttantpt'tt’vet'ittt
1636 4553 1653 4589 :
1693 4535 1787 4591 scd
1829 4535 1970 4590 nt‘tlla

374 4643 585 4700 reddita
615 4642 825 4697 ratione
873 4635 1284 4702 emendationis,
1332 4648 1450 4705 quae
1496 4630 1796 4685 adulterata
1825 4634 1970 4684 textu
1999 4655 2052 4714 D

374 4736 571 4793 melior
590 4750 696 4790 non
728 4733 956 4789 videtur.
985 4731 1322 4801 Quapropter
1353 4726 1617 4781 malumus
1644 4722 1863 4779 alterius
1883 4737 1977 4776 co-

375 4830 511 4887 dicis
541 4842 699 4907 opem
726 4835 1061 4899 exspectare,
1086 4838 1243 4896 quam
1270 4820 1434 4877 variis
1458 4816 1739 4889 indulgere
1768 4813 1978 4886 conjec-

373 4919 532 4981 turis.

449 5013 683 5071 Facilius
710 5014 890 5082 itaque
912 5009 1044 5066 illud
1075 5005 1408 5082 probabitur,
1437 5003 1579 5075 quod
1607 5001 1806 5074 adjecit
1844 4998 1977 5055 Ter-

373 5106 636 5166 tullianus
680 5128 693 5163 :
739 5105 1129 5161 Volsiniensium
1158 5100 1355 5156 Nursia
1388 5097 1734 5174 (Tertullian.
1780 5092 1977 5183 Apolo-

375 5210 503 5276 'get.,
534 5217 581 5254 c.
606 5197 700 5267 2i,
729 5216 783 5270 p.
806 5197 902 5253 42!
930 5195 973 5269 );
998 5197 1050 5251 in
1070 5193 1209 5250 libro
1231 5200 1406 5248 autem
1437 5189 1504 5246 ad
1534 5187 1788 5245 Nationes
1822 5182 1883 5259 (l.
1902 5182 1977 5250 ll,

373 5296 445 5351 ad
476 5292 718 5359 Nation.,
757 5307 873 5361 cap.
902 5288 957 5357 8,
990 5305 1039 5358 p.
1065 5287 1125 5343 ’11
1149 5284 1193 5359 ),
1222 5292 1275 5342 et
1318 5283 1468 5339 libris
1501 5283 1696 5337 nOStris
1724 5278 1939 5335 ineditis
1959 5316 1975 5342 ,

376 5386 577 5443 Narcia
602 5395 658 5442 et
700 5382 909 5448 Nortia,
953 5381 1065 5435 Sive
1089 5388 1150 5435 ut
1179 5378 1231 5433 in
1262 5377 1507 5432 Tacitum
1534 5374 1659 5428 mox
1703 5369 1977 5426 citaudum

319 5523 331 5533 .
370 5487 529 5536 notat
567 5476 799 5548 Lipsius,
833 5471 1101 5527 Neurscia.
1148 5471 1217 5525 At
1253 5468 1436 5523 Livius
1470 5463 1640 5521 semel
1670 5464 1974 5548 iterumque

372 5546 1068 5633 meminit—Volsinensium
1110 5561 1298 5638 '(Liv.,
1347 5558 1482 5632 v,t§
1528 5560 1649 5628 51,-}
1679 5567 1727 5612 et
1758 5546 1847 5611 lib.
1878 5553 1971 5623 ιχ,

380 5669 409 5742 §
437 5667 501 5723 2i
526 5664 569 5739 ),
600 5664 692 5737 qui
719 5664 880 5720 etiam
910 5661 962 5716 in
991 5656 1220 5730 quadam
1248 5652 1596 5724 inscriptione
1632 5664 1668 5706 a
1688 5646 1974 5742 'Grutbero

376 5739 523 5815 edita
563 5758 642 5815 sic
668 5755 1005 5827 appellantur
1028 5751 1056 5825 _(
1081 5748 1347 5814 Gruther.,
1377 5745 1610 5815 inscript.
1647 5742 1696 5810 Ι,
1722 5760 1775 5812 ρ.
1810 5739 1967 5812 585).

379 5851 580 5909 Verum
622 5850 850 5923 ipsemet
876 5844 1234 5906 Tertullianus
1273 5839 1401 5898 alibi
1439 5838 1580 5907 illos,
1611 5833 1958 5910 quemadmo-

1100 1853 1252 1925 cujus
1279 1855 1498 1910 nomine
1529 1855 1711 1911 multae
1738 1865 1959 1913 exstant
1986 1848 2035 1928 Β

2072 561 2191 618 nios
2241 574 2431 631 vocat,
2480 567 2637 622 sicuti
2687 567 3000 639 Propertius
3075 571 3397 645 (Properl.,
3456 579 3545 634 lib.
3597 578 3666 637 IV

2071 655 2195 727 eleg.
2319 675 2366 712 υ.
2400 654 2497 732 2),
2529 670 2584 716 et
2628 660 2833 718 Plinius
2876 663 3082 738 (Plin.,
3117 669 3206 724 lib.
3236 669 3281 725 Π
3309 682 3480 728 natur.
3526 674 3671 744 hist"

2070 764 2185 818 cap.
2218 734 2309 815 se,
2342 768 2395 821 ρ.
2426 751 2552 820 287,
2596 766 2642 810 et
2670 756 2758 811 lib.
2792 734 2895 824 tu,
2912 774 3027 827 cap.
3064 763 3118 829 ιι,
3150 780 3203 833 ρ.
3237 762 3407 838 522),
3439 767 3527 837 qui
3566 734 3676 825 ιεεὶ

2069 839 2342 897 ti’ﬁcantur
2398 843 2590 900 urbem
2659 845 2797 903 hanc
2849 851 3319 920 opulentissimam
3377 856 3673 914 Tuscorum

2067 934 2254 1005 fuisse,
2285 953 2406 1009 quae
2453 953 2593 995 nunc
2617 940 2719 996 sub
2749 958 3081 1001 summorum
3110 949 3426 1019 pontiﬁcum
3470 950 3674 1009 ditiune

2067 1037 2169 1084 est.

2137 1114 2384 1178 Noreiam
2414 1138 2545 1179 vero
2573 1139 2760 1182 eorum
2791 1128 2946 1185 deam
2994 1130 3157 1189 fuisse
3183 1147 3251 1189 ex
3277 1133 3360 1189 bis
3385 1134 3497 1205 jam
3524 1137 3671 1194 citati

2063 1211 2200 1269 Livii
2230 1215 2409 1271 verbis
2433 1216 2690 1275 discimus
2717 1238 2730 1274 :
2765 1219 3009 1278 Volsiniis
3036 1226 3225 1293 clavos,
3255 1226 3449 1282 indices
3475 1233 3676 1288 numeri

2066 1324 2339 1373 annorum,
2372 1311 2503 1378 ﬁxos
2543 1311 2597 1365 in
2625 1314 2812 1384 templo
2857 1315 3060 1371 Nortia:
3088 1327 3301 1374 etrusca:
3328 1321 3437 1376 dea:
3457 1340 3670 1393 compa-

2064 1419 2175 1458 rere
2196 1404 2412 1475 diligens
2435 1404 2614 1459 talium
2635 1422 3070 1465 monumentorum
3097 1410 3497 1471 auctor’Cincius
3520 1418 3670 1488 affir-

2064 1506 2170 1549 ntat
2217 1494 2398 1566 (Liv.,
2447 1497 2534 1553 lib.
2581 1497 2694 1568 VII,
2742 1499 2898 1571 §5).
2928 1501 3202 1560 Juvenalis
3231 1520 3441 1577 quoque
3468 1507 3534 1563 de
3581 1508 3670 1564 illa

2065 1582 2180 1641 haec
2206 1586 2439 1642 cecinit:
3522 1613 3530 1657 ξ

2222 1733 2258 1775 ιη
2325 1737 2352 1773 ι.
2424 1740 2467 1775 Α.
2511 1766 2520 1775 .
2567 1703 2705 1754 Idem
2730 1704 2957 1775 popnulus,
2978 1708 3017 1757 si
3034 1707 3207 1758 Norcia
3232 1709 3523 1774 (l)'l'husco

2218 1759 2456 1837 ﬂevisset,
2481 1766 2522 1837 s_i
2545 1759 3136 1837 0p|_tressa'_foret'secura
3160 1759 3396 1837 senectus

2216 1823 2480 1892 Principis,
2506 1823 2596 1878 hac
2615 1823 2722 1891 ipsa
2737 1829 2969 1892 Sejanum
2992 1832 3183 1883 diceret
3206 1833 3323 1883 hora

2222 1887 2514 1950 Augustum.

2677 1972 2946 2037 (Juvenal.,
2972 1975 3130 2027 Satir.
3155 1985 3213 2041 Χ,
3234 1978 3378 2039 v.70,
3397 1980 3512 2045 etc.)

2065 2072 2359 2143 Prteterea,
2412 2075 2836 2134 Ocriculanorum
2898 2080 3151 2148 Valentia,
3202 2084 3276 2138 ait
3310 2084 3677 2142 Tertulliath

2066 2163 2416 2237 (Tertullian.
2470 2170 2761 2242 Apologet.,
2809 2189 2923 2243 cap.
2947 2174 3018 2228 24
3048 2217 3062 2241 ,
3099 2193 3152 2244 p.
3184 2175 3335 2249 421).
3364 2175 3676 2234 Ocriculum

2066 2269 2266 2327 autem,
2289 2275 2382 2316 seu
2404 2260 2656 2329 Ocriculi,
2679 2262 2927 2320 Straboni
2956 2259 3187 2336 ὸκρίκλου
3214 2267 3240 2339 ~(
3267 2267 3468 2335 Strab,
3493 2269 3582 2324 lib.
3606 2267 3674 2338 ν,

2069 2354 2363 2425 (ἱεοθτηυρ.
2390 2352 2547 2427 227),
2579 2355 2707 2411 urbs
2733 2358 2888 2412 estin
2915 2358 3110 2415 liuibus
3136 2359 3400 2429 Umbritr,
3426 2374 3549 2432 qua
3568 2375 3677 2418 non

2070 2448 2295 2503 multum
2322 2449 2491 2504 Roma
2517 2448 2702 2515 distat,
2734 2465 2983 2521 nuncque
3012 2450 3233 2506 Otricoli
3252 2464 3496 2509 vocatur.
3528 2453 3679 2510 Men-

2071 2541 2270 2597 tlonem
2302 2543 2448 2598 illius
2494 2543 2695 2599 faciunt
2744 2544 2947 2599 Plinius
2995 2544 3205 2619 (Plin.,
3262 2548 3351 2603 lib.
3394 2547 3462 2602 Ill
3505 2558 3677 2603 natur.

2070 2634 2214 2698 Irish,
2243 2650 2360 2704 ειη).
2394 2637 2448 2702 4,
2475 2654 2527 2707 p.
2556 2636 2683 2703 323,
2708 2645 2753 2690 et
2773 2653 2889 2707 cap.
2910 2638 2999 2702 H,
3021 2655 3073 2706 p.
3105 2638 3211 2694 565
3233 2642 3270 2705 ),
3292 2639 3475 2694 Livius
3497 2638 3662 2713 (Liv.,

2075 2727 2164 2783 lib.
2190 2728 2282 2794 IX,
2304 2727 2332 2800 §
2352 2730 2418 2783 41
2447 2728 2487 2798 ),
2510 2729 2708 2799 aliique
2728 2746 2790 2784 ac
2818 2729 3157 2800 potissimum
3187 2732 3499 2802 geographi.
3527 2714 3682 2788 Ocri-

2072 2820 2385 2876 culanorum
2436 2835 2599 2890 porro
2665 2821 2820 2876 deam
2873 2836 3065 2878 revera
3118 2821 3287 2879 fuisse
3340 2823 3679 2893 Valentiam,

2071 2929 2333 2984 agnosces
2387 2913 2488 2969 hac
2542 2914 2712 2969 veteri
2762 2914 3114 2985 inscriptione
3160 2916 3301 2987 apud
3348 2916 3681 2973 ‘Gnttnerum

2071 3006 2093 3078 (
2117 3005 2380 3073 Gramen,
2399 3022 2453 3075 p.
2469 3004 2525 3070 2,
2544 3005 2774 3074 inscript.
2801 3004 2892 3078 l2)
2916 3005 3062 3062 :‘Puo
3090 3020 3429 3063 ssnurutrus
3450 3023 3514 3064 sc
3534 3024 3683 3064 REDI-

2075 3114 2195 3155 τηε.
2228 3115 2280 3154 ι).
2311 3114 2363 3154 N.
2396 3114 2812 3154 SANC'I'ISSIIII....
2853 3114 2925 3155 TI.
2958 3116 3083 3157 ‘AUG.
3114 3116 3418 3159 EDICULAM.
3448 3114 3680 3158 CONCILYI

2078 3206 2311 3259 ποιων,
2342 3206 2660 3254 υεηυιίρυε
2702 3207 2824 3248 AUG.
2866 3206 2921 3247 Π.
2956 3206 3026 3247 εκ
3066 3205 3183 3249 νιεῐ]
3223 3206 3340 3248 DEE
3384 3192 3682 3249 VALENTIE

1999 3258 2043 3323 C
2076 3284 2399 3345 S.P.E.C.

2146 3363 2287 3446 Quid
2315 3377 2506 3447 plura?
2533 3376 2879 3440 Sutrinorum,
2911 3375 2988 3431 ait
3014 3377 3219 3431 Auctor
3247 3383 3457 3444 noster,
3493 3372 3683 3430 Nortia

2073 3469 2443 3539 (Tertullian.,
2491 3470 2590 3524 loc.
2637 3470 2723 3524 cit.
2754 3470 2795 3539 ).
2844 3470 2913 3523 At
2958 3467 3215 3535 Sutrium,
3247 3467 3419 3538 inquit
3473 3465 3677 3535 Livius,

2074 3566 2195 3621 urbs
2235 3565 2373 3619 socia
2416 3564 2785 3629 Romanorum,
2833 3563 2968 3617 velut
3018 3562 3243 3617 claustra
3290 3559 3518 3616 Etruriae
3561 3568 3669 3615 erat

2074 3657 2262 3731 (ιλιι,
2314 3656 2402 3712 lib.
2433 3655 2527 3725 IX,
2569 3655 2720 3727 §32,
2777 3654 2936 3710 ctlib.
2987 3653 3076 3720 Vl,
3124 3654 3269 3727 δῦ).
3326 3657 3500 3709 Antea
3546 3664 3677 3708 vero

2075 3754 2274 3808 fecerat
2331 3751 2659 3806 mentionem
2704 3748 2858 3819 ejus,
2890 3759 3011 3818 qutc
3061 3747 3114 3802 in
3164 3746 3328 3801 variis
3385 3745 3546 3800 etiam
3596 3744 3677 3799 in-

2075 3843 2458 3915 scriptionibus
2507 3858 2538 3897 a
2584 3840 2857 3897 Grutttero
2904 3838 3155 3894 exhibitis
3198 3836 3436 3892 occurrit
3486 3836 3515 3909 ‘(
3539 3834 3677 3890 Gru-

2076 3940 2229 4006 tlter.,
2263 3955 2315 4008 p.
2342 3936 2473 4004 254,
2501 3935 2628 4001 302,
2672 3933 2777 3991 505
2807 3944 2853 3989 et
2879 3933 2978 3989 481
3013 3932 3056 4005 ).
3088 3933 3169 3988 Ab
3198 3931 3332 3987 urbe
3357 3941 3535 3985 autem
3567 3930 3681 3985 Ro-

2077 4050 2163 4089 ma
2190 4033 2354 4088 distat
2381 4028 2452 4086 24
2490 4029 2654 4084 tuillia
2686 4042 2959 4098 passuum,
2994 4027 3133 4080 sicut
3164 4024 3372 4078 Marsus
3401 4022 3683 4078 annotavit

2077 4127 2130 4182 in
2162 4127 2280 4181 haec
2323 4125 2439 4180 Silii
2479 4121 2643 4177 italici
2671 4122 2833 4176 verba
2874 4136 2889 4173 ι
2939 4116 3121 4172 Sutria
3149 4124 3279 4168 tecta
3307 4110 3450 4185 (Sil.
3484 4114 3681 4179 italic.,

2078 4220 2166 4275 lib.
2200 4218 2315 4274 VIII
2338 4261 2352 4286 ,
2382 4234 2431 4271 υ.
2466 4216 2572 4271 408
2599 4217 2639 4285 ).
2688 4212 2901 4268 Videsis
2936 4208 3221 4264 Erasmum
3250 4208 3303 4262 in
3330 4206 3434 4262 hoc
3459 4221 3684 4278 prover-

2076 4312 2243 4375 bium,
2282 4308 2449 4374 ‘Quasi
2494 4306 2729 4360 Sutrium
2772 4310 2887 4356 eant
2931 4298 3178 4374 (Erasm:
3228 4300 3383 4371 adag.
3408 4341 3422 4364 ,
3470 4299 3594 4355 cltil.
3626 4301 3682 4366 4,

2075 4409 2269 4455 centur.
2300 4400 2355 4461 4,
2381 4398 2535 4467 adag.
2562 4394 2654 4459 52,
2684 4412 2736 4463 p.
2766 4393 2866 4448 8M
2893 4390 2935 4463 ).
2966 4391 3135 4461 Hujus
3165 4405 3329 4461 porro
3353 4390 3509 4446 urbis
3536 4389 3686 4443 inco-

2074 4495 2141 4550 lis
2178 4493 2303 4558 dea,
2346 4492 2421 4546 uti
2450 4491 2525 4544 ait
2552 4488 2930 4552 Tertullianus,
2950 4495 3074 4541 erat
3105 4484 3327 4539 Norcia.
3363 4482 3470 4540 Sed
3514 4481 3679 4553 prius,

2075 4587 2214 4641 sicut
2240 4582 2493 4646 vidimus,
2515 4581 2725 4635 dixerat
2755 4578 3127 4633 Volsinensium
3161 4575 3382 4631 Nomia.
3410 4574 3684 4644 Numquid

2078 4688 2207 4750 ergo
2237 4675 2423 4732 eadem
2450 4683 2801 4742 utrorumque
2826 4668 2929 4726 dea
2953 4668 3087 4724 fuit?
3118 4668 3304 4723 Nonne
3336 4667 3407 4723 ibi
3438 4667 3681 4737 peculia-

2079 4786 2188 4837 res,
2216 4785 2283 4827 ac
2308 4768 2558 4842 proprios
2586 4765 2845 4836 cujusque
2871 4764 3102 4819 civitatis
3132 4764 3262 4818 deos
3294 4760 3578 4817 recenset?
3604 4760 3679 4815 At

2080 4865 2219 4921 hanc
2260 4862 2448 4935 procul
2472 4861 2641 4917 dubio
2684 4860 2755 4914 ob
2793 4870 3009 4915 causam
3059 4856 3253 4927 prioris
3283 4871 3479 4910 nomen
3522 4852 3684 4924 paulo

2080 4959 2258 5023 aliter,
2291 4957 2429 5012 sicut
2453 4954 2784 5017 monuimus,
2817 4951 3079 5021 scriptum
3107 4950 3412 5005 voluerunt.
3439 4946 3575 5004 Huic
3600 4955 3683 5002 ta-

2080 5066 2206 5109 men
2237 5048 2598 5108 emendationi
2626 5047 2979 5103 adversantur
3013 5058 3122 5099 non
3164 5043 3335 5098 solum
3364 5055 3556 5099 omnes
3582 5055 3684 5097 no-

2081 5146 2177 5202 stri
2210 5143 2444 5208 cndices,
2470 5141 2569 5197 sed
2604 5140 2796 5195 citatus
2825 5150 3039 5209 quoque
3062 5151 3093 5190 a
3140 5135 3296 5192 nobis
3332 5132 3539 5190 Livius.
3571 5132 3683 5191 Ve-

2081 5252 2201 5296 rum
2230 5238 2353 5310 quia
2393 5233 2693 5291 Volsinium
2718 5239 2775 5287 et
2802 5230 3042 5286 Sutrium
3067 5228 3233 5284 urbes
3280 5226 3513 5282 Etruriae
3560 5224 3681 5281 lue-

2080 5341 2226 5398 runt,
2259 5340 2312 5388 et
2336 5329 2456 5385 haec
2478 5328 2578 5384 dea
2593 5314 2827 5382 Etruria:
2856 5339 2891 5383 a
2912 5324 3064 5379 Livio
3091 5329 3447 5391 nuncupatur,
3472 5321 3677 5376 utrius-

2081 5442 2185 5499 que
2200 5423 2354 5480 urbis
2375 5422 2474 5479 dea
2498 5434 2624 5477 esse
2638 5417 2835 5489 potuit.
2856 5414 2913 5472 Si
2937 5415 3057 5487 quis
3081 5428 3209 5472 vero
3229 5413 3388 5478 duas,
3412 5427 3476 5468 ac
3502 5411 3681 5469 diver-

2078 5531 2140 5574 so
2182 5516 2400 5572 nomine
2436 5522 2655 5569 vocatas
2691 5508 2863 5567 fuisse
2901 5506 3169 5572 ostendat,
3209 5505 3490 5562 sententiae
3532 5503 3678 5559 illius

2079 5612 2221 5668 ultro
2250 5606 2671 5665 subscribemus.

2151 5703 2357 5774 Agmen
2402 5699 2595 5756 horum
2632 5694 3035 5767 municipalium
3087 5690 3497 5765 topicorumque
3541 5687 3679 5747 deo-

2143 5838 2214 5904 (t)
2249 5838 2305 5891 In
2318 5836 2607 5901 quibusdam
2627 5833 2927 5888 editionibus
2948 5827 3155 5888 Nursia.
