4170 6264
494 247 634 306 1119

1560 242 1629 301 lN
1666 235 2132 300 TERTULLIANI
2170 234 2700 311 APOLOGETICUM

3650 241 3794 298 11Ξο

494 381 615 422 rum
647 363 848 421 claudit
890 362 1248 420 Tertullianus
1298 361 1384 417 his
1415 358 1637 416 verbis:
1689 357 2015 413 Faliscorum
2040 353 2096 409 in
2121 351 2539 421 Acognomen?
2585 350 2660 407 De
2705 350 2806 406 hac
2835 358 3012 406 tamen
3053 348 3363 421 conjectura
3406 351 3639 408 aliorum
3681 363 3803 410 e510

501 459 741 513 honorem
771 457 929 524 patris
954 456 1148 511 Curris.
1181 464 1230 509 et
1254 440 1446 524 accepit
1474 468 1750 525 cognomen
1769 448 1909 503 Juno
1932 450 1953 519 (
1969 446 2090 500 Ter-
2187 442 2469 513 judicium.

498 551 700 606 tullian.
719 548 1011 620 Apologet.,
1038 564 1087 601 c.
1124 546 1195 602 24
1214 589 1229 614 ,
1259 565 1312 618 p.
1335 542 1477 613 421,
1497 554 1542 599 et
1575 544 1661 599 lib.
1689 543 1732 597 ll
1759 544 1826 596 ad
1849 539 2090 605 Nation.,

498 660 616 715 cap.
671 642 759 714 8).
820 642 1023 697 Falisca
1079 650 1281 706 autem,
1344 641 1472 694 urbs
1523 638 1773 703 Etrurire,
1834 638 1973 691 inter
2006 631 2096 688 Ci-

498 738 705 792 minum
738 744 972 791 montem
1014 746 1068 791 et
1115 734 1351 791 Tiberim
1399 734 1499 788 sita
1540 742 1642 788 est.
1691 730 1928 788 Coloniae
1968 743 2096 785 vero

500 829 830 887 Faliscorum
860 829 1060 884 mentio
1090 828 1149 882 ﬁt
1182 828 1235 881 in
1271 826 1426 881 Plinii
1469 825 1618 880 libris
1663 821 1682 893 (
1710 822 1877 889 Plin.,
1908 820 1997 875 lib.
2029 818 2097 875 ΙΙΙ

502 923 621 977 hist.
677 929 827 988 nat.,
882 937 996 990 cap.
1053 920 1132 988 4,
1188 936 1240 989 p.
1300 917 1406 973 520
1517 957 1532 983 ,
1589 924 1644 971 et
1695 914 1949 971 Grutheri
2018 911 2101 967 in-

503 1012 885 1084 scriptionibus
920 1010 1220 1082 (Grnther.,
1252 1028 1305 1081 p.
1335 1008 1464 1073 288,
1505 1007 1736 1076 inscript.
1776 1006 1798 1059 l
1829 1001 1873 1077 ),
1906 1003 2102 1074 saepius

504 1120 634 1161 vero
664 1106 716 1160 in
756 1103 861 1160 Titi
906 1090 1043 1159 Livii
1090 1102 1328 1158 historiis
1360 1098 1555 1172 (Liv.,
1588 1098 1677 1153 lib.
1710 1097 1775 1163 γ,
1825 1097 1853 1168 §
1891 1094 2099 1165 17,18,

502 1198 595 1265 26,
618 1207 665 1253 et
692 1197 781 1251 lib.
813 1196 925 1261 VII,
957 1196 984 1268 §
1013 1196 1103 1264 17,
1125 1192 1273 1267 etc.),
1302 1194 1492 1265 hisque
1509 1191 1713 1263 Virgilii
1735 1189 2062 1246 carminibus
2087 1207 2101 1245 :

659 1311 723 1362 Hi
748 1312 1083 1363 Fescenninas
1103 1313 1257 1371 acies,
1281 1323 1548 1374 aequosque
1570 1308 1801 1367 Faliscos,
1822 1326 1829 1329 ν

660 1374 723 1424 Hi
743 1375 957 1425 Soractis
980 1376 1166 1424 habent
1189 1372 1353 1430 arces,
1372 1372 1692 1430 Fluviniaque
1714 1382 1825 1419 arva
1841 1403 1856 1427 ,

661 1436 724 1487 Et
747 1436 920 1488 Cimini
941 1451 1051 1487 cum
1078 1443 1242 1486 monte
1267 1436 1449 1493 lacum,
1476 1434 1711 1496 lucosque
1737 1431 1978 1495 Capenos.

827 1540 1051 1609 (Virgil.,
1070 1542 1152 1593 lib.
1179 1549 1267 1601 \‘tt,
1289 1538 1508 1602 dinem,
1539 1553 1584 1600 υ,
1609 1539 1704 1590 695
1727 1545 1772 1588 et
1795 1534 1952 1601 seqq.)

579 1648 783 1704 Similia
817 1666 847 1703 a
872 1650 1002 1705 Silio
1029 1637 1212 1704 Italico
1242 1631 1521 1703 decantma
1553 1642 1791 1701 iitvenies
1819 1646 1838 1719 (
1864 1642 1968 1706 Sil,
1992 1641 2105 1696 Ita-

2196 564 2203 585 ρ
2265 533 2531 590 Caeterum
2566 534 2794 606 duplex,
2826 551 2922 606 pro
2953 535 3160 592 diversa
3202 535 3447 593 codicum
3487 546 3806 596 nostrorum

2196 625 2449 695 lectione,
2485 636 2661 697 potest
2683 642 2807 682 esse
2836 626 3119 683 verborum
3147 627 3466 684 Tertulliani
3490 644 3709 685 sensus.
3743 630 3807 686 Si

2199 719 2341 774 enim
2389 720 2494 785 ibi,
2522 719 2977 790 quemadmodum
3026 721 3080 774 in
3123 721 3323 776 nostris
3363 736 3523 777 manu
3563 723 3807 779 exaratis

2198 810 2615 881 exemplaribus,
2657 820 2713 867 et
2752 812 2965 882 Rigaltii
3005 812 3239 870 editione
3282 812 3445 885 legas,
3475 813 3808 872 Faliscorum

2201 907 2255 960 in
2285 907 2525 985 honorem
2552 905 2727 985 (MSS.
2758 904 2970 977 honore)
3004 906 3164 976 patris
3193 905 3344 962 Curis
3364 948 3380 973 ,
3409 916 3457 961 et
3482 911 3673 980 accepit
3702 927 3807 965 no-

2205 1014 2318 1054 men
2343 999 2506 1066 .Iuno,
2530 1012 2720 1054 sensus
2746 998 2849 1054 erit
2872 1016 2885 1052 :
2910 997 3245 1054 Faliscorum
3266 998 3367 1054 dea
3392 1007 3476 1055 est
3491 998 3649 1068 Juno,
3674 1019 3809 1073 quae

2204 1091 2259 1147 in
2318 1093 2485 1163 patris
2535 1092 2693 1150 Curis
2747 1091 3005 1148 honorem
3056 1092 3247 1148 sortita
3300 1102 3384 1148 est
3412 1107 3563 1149 suam
3604 1094 3813 1152 Curitis

2206 1166 2641 1253 appellationem:
2674 1182 2731 1238 Si
2759 1198 2890 1239 vero
2916 1198 3040 1238 cum
3069 1182 3283 1257 caeteris
3307 1183 3632 1239 editionibus
3656 1186 3811 1257 legao

2207 1288 2327 1329 mus
2355 1290 2370 1327 :
2404 1272 2726 1331 Faliscorum
2752 1275 2804 1328 in
2821 1274 3011 1329 honore
3034 1283 3105 1329 est
3133 1252 3276 1344 pater
3303 1274 3472 1340 Curis,
3504 1270 3640 1332 unde
3660 1295 3819 1332 acce-

2208 1366 2284 1436 pit
2320 1380 2598 1437 cognomen
2627 1364 2770 1420 Juno
2794 1406 2810 1432 ,
2840 1365 2925 1427 his
2954 1367 3133 1421 verbis
3176 1367 3561 1438 signiﬁcabitur
3597 1370 3816 1426 divinos

2210 1458 2492 1514 bonoresa
2514 1458 2740 1513 Faliscis
2756 1459 3026 1515 eshibitos
3057 1458 3225 1516 fuisse
3259 1461 3395 1530 patri
3443 1460 3597 1539 Curi,
3638 1477 3667 1517 a
3707 1479 3817 1536 quo

2208 1550 2349 1607 Juno
2388 1552 2763 1622 cognominata
2792 1560 2896 1608 est.
2927 1553 2996 1606 At
3038 1553 3085 1607 si
3116 1551 3184 1608 de
3214 1553 3384 1622 patris
3401 1551 3560 1610 Curis
3605 1555 3819 1614 honore

2211 1642 2468 1714 loquitur,
2493 1658 2608 1708 cur,
2637 1658 2822 1714 quasso
2845 1684 2859 1708 ,
2893 1643 2965 1698 ibi
2992 1642 3223 1699 lunonis
3245 1644 3378 1699 nihil
3411 1646 3569 1715 plane
3594 1647 3659 1702 ad
3693 1663 3818 1704 eam

509 1742 620 1808 lic.,
654 1742 741 1798 lib.
776 1741 913 1807 VIII,
944 1759 989 1797 υ.
1011 1742 1118 1798 406
1140 1753 1189 1797 et
1233 1759 1337 1812 seq.
1367 1740 1406 1813 ).
1451 1740 1718 1796 Caeterum
1750 1738 1889 1795 Juno
1930 1737 2099 1808 plura,
2131 1740 2183 1803 B
2211 1752 2322 1791 rem
2365 1736 2613 1793 facientis
2658 1737 2853 1792 inserta
2899 1737 3143 1793 mentio?
3182 1736 3369 1793 Nonne
3398 1738 3464 1793 ad
3494 1738 3823 1797 Tertulliani

509 1832 586 1885 uti
613 1847 771 1887 nemo
798 1831 987 1896 nescit,
1016 1832 1245 1887 habebat
1270 1831 1612 1901 cognomina,
1633 1846 1697 1884 ex
1723 1828 1917 1899 quibus
1939 1841 2103 1881 unum

509 1924 714 1989 Curris,
744 1933 882 1979 teste
927 1924 1110 1990 Festo,
1161 1926 1274 1979 init.
1306 1924 1360 1979 Si
1410 1925 1531 1994 quis
1580 1939 1706 1977 vero
1738 1922 1971 1992 inquirat
2008 1934 2107 1975 cur

512 2021 585 2094 ita
625 2030 924 2090 nuncupata
957 2021 1048 2085 sit,
1104 2021 1149 2075 is
1191 2020 1371 2075 audiat
1413 2004 1657 2074 Servium
1709 2034 1723 2070 ι
1773 2015 1915 2070 Juno
1959 2015 2109 2069 habet

512 2117 674 2171 multa
701 2116 946 2170 nomina:
977 2114 1175 2168 Curetis
1202 2125 1273 2168 est
1292 2155 1305 2178 ,
1337 2114 1458 2185 quia
1484 2114 1643 2166 utitur
1672 2127 1824 2165 curru
1868 2118 1914 2164 et
1960 2109 2109 2162 hasta

518 2211 726 2281 (Serv.,
757 2210 809 2263 in
838 2209 925 2263 lib.
954 2208 976 2263 l
1000 2207 1239 2271 ίΕηρίιΙη
1264 2223 1313 2262 υ.
1351 2209 1383 2262 6
1402 2203 1443 2277 ).
1473 2206 1650 2260 Alium
1671 2204 1868 2270 adhuc,
1896 2202 1941 2256 si
1958 2201 2108 2268 velit,

514 2301 695 2357 audiat
738 2301 960 2356 Festum
993 2301 1305 2369 Pompeium
1332 2316 1346 2353 :
1371 2298 1518 2353 Curis
1547 2307 1620 2352 est
1648 2296 1839 2366 Sabine
1868 2296 2108 2349 Itasta....

518 2393 730 2448 Curitim
754 2394 1010 2448 Junonem
1036 2390 1386 2462 appellabant,
1425 2390 1542 2459 quia
1575 2389 1804 2444 eamdem
1828 2390 1960 2459 [brrc
1985 2386 2110 2440 Itas-

520 2496 623 2540 tam
671 2486 914 2553 putabant
965 2482 1178 2556 (Fest,
1208 2483 1276 2536 ad
1318 2498 1367 2537 υ.
1412 2477 1614 2552 Curis).
1644 2480 1841 2535 Verum
1878 2476 2114 2535 sicut.bi

520 2577 808 2646 scriptores
841 2574 1172 2630 Tertulliano
1208 2582 1394 2629 nostro
1426 2573 1601 2627 lavent
1645 2568 1908 2625 asserenti
1944 2567 2115 2623 Juno-

521 2684 642 2724 nem
669 2668 1096 2738 cognominantur
1136 2664 1299 2720 fuisse
1328 2663 1540 2718 Currim
1570 2664 1683 2717 sive
1711 2661 1947 2715 Curetim
1984 2677 1997 2713 :
2044 2659 2117 2713 ita

523 2760 623 2829 ipsi
653 2760 1042 2825 adversantur,
1073 2766 1256 2828 aperte
1280 2756 1522 2812 dicentes
1550 2756 1649 2809 hoc
1673 2767 1969 2825 cognomcn
2009 2765 2118 2806 non

525 2854 600 2907 illi
625 2854 803 2906 datum
834 2853 886 2906 in
913 2853 1169 2906 honorem
1198 2850 1365 2921 patris
1395 2850 1570 2915 Curis,
1596 2848 1689 2903 sed
1710 2847 1977 2928 exhasta,
2003 2858 2122 2915 qua:

526 2961 553 2998 a
574 2943 788 3000 Sabinis
809 2945 952 2999 curis
980 2943 1370 3014 appellabatur,
1401 2952 1491 2996 aut
1513 2958 1541 2994 a
1565 2957 1746 3005 curru,
1770 2937 2123 3011 quemadmo-

526 3036 653 3092 dum
682 3036 855 3091 innuit
885 3037 1142 3100 Servius;
1172 3035 1262 3103 qui
1293 3044 1471 3089 tamen
1500 3048 1530 3087 a
1562 3032 1856 3097 nonnullis,
1889 3031 2125 3101 priorem

2211 1836 2446 1885 mentem
2502 1828 2720 1900 propius
2748 1829 3036 1896 accedent,
3064 1829 3153 1900 qtti
3184 1831 3528 1900 probaverint
3558 1823 3710 1887 illum
3738 1834 3824 1889 in-

2211 1920 2555 1993 telligendum
2586 1935 2707 1976 esse
2733 1920 2800 1975 de
2820 1920 3031 1977 lunone
3055 1919 3245 1988 Curiti,
3272 1922 3667 1993 quam/Falisci,
3692 1933 3820 1979 tan-

2210 2031 2369 2089 quam
2400 2016 2722 2087 singularem
2750 2015 2898 2071 urbis
2920 2031 3033 2070 suac
3057 2014 3236 2084 deam,
3262 2016 3556 2072 colebant?
3581 2017 3625 2073 Τ
3629 2033 3662 2072 ιι
3688 2034 3823 2074 vero

2212 2123 2330 2178 quae
2370 2107 2548 2163 verior
2590 2108 2662 2163 sit
2708 2107 2866 2164 lectio
2910 2117 2966 2164 et
3013 2108 3419 2179 interpretatio,
3459 2110 3707 2180 expende
3756 2126 3823 2168 ac

2214 2201 2527 2271 pronuntia.

2285 2293 2357 2347 At
2382 2292 2536 2347 nobis
2561 2293 2824 2363 quispiam
2856 2293 3086 2350 fortasse
3115 2294 3326 2350 obviam
3352 2296 3556 2364 veniet,
3578 2306 3636 2352 et
3661 2298 3820 2365 obje-

2215 2384 2380 2441 ctabit
2405 2383 2481 2438 ibi
2509 2382 2726 2440 humani
2753 2384 2950 2456 aliquid
2982 2400 3196 2457 passum
3240 2401 3361 2443 esse
3385 2386 3778 2446 Tertollianunt
3801 2433 3818 2458 ,

2218 2475 2305 2546 qui
2346 2485 2451 2530 tam
2484 2475 2680 2533 diserte
2728 2476 2961 2533 afﬁrmat
3009 2478 3092 2534 itis
3120 2479 3504 2550 provinciarum
3529 2496 3592 2537 ac
3615 2483 3819 2539 civita-

2218 2570 2330 2624 tum
2357 2569 2475 2637 diis,
2511 2569 2771 2626 hactenus
2800 2572 2870 2627 ab
2892 2588 2958 2628 eo
2984 2573 3264 2643 appellatis
3285 2616 3303 2642 ,
3329 2575 3516 2630 nullum
3546 2591 3574 2629 a
3605 2562 3820 2632 Roma-

2221 2662 2307 2718 nis
2348 2662 2616 2719 redditum
2665 2662 2912 2719 divinum
2961 2664 3221 2720 honorem
3264 2666 3499 2737 (Tertull.
3538 2667 3823 2741 Apologet.

2222 2771 2340 2827 cap.
2372 2753 2486 2826 24).
2517 2755 2705 2811 Nonne
2730 2757 2873 2811 enim
2903 2755 3226 2826 Capitolium
3250 2759 3317 2814 ab
3342 2758 3456 2828 ipso
3479 2767 3634 2814 antea
3658 2775 3828 2815 voca-

2226 2856 2337 2902 tum
2382 2846 2559 2903 fuerat
2582 2849 2728 2902 curia
2757 2847 3044 2903 daemonum
3066 2850 3091 2903 ?
3114 2848 3307 2906 Nonne
3348 2849 3525 2906 adhuc
3551 2851 3669 2906 haec
3700 2860 3832 2907 sunt

2228 2938 2370 2995 illius
2393 2939 2501 2995 alio
2525 2939 2576 2994 in
2606 2939 2745 2995 libro
2774 2939 2934 2995 verba
2965 2957 2979 2997 :
3011 2939 3252 2997 Pluribus
3289 2952 3337 2996 et
3365 2943 3708 3015 asperioribus
3734 2961 3828 2999 no-

2230 3032 2451 3087 minibus
2476 3033 2874 3101 amphiteatrum
2902 3043 3245 3100 consecratur,
3272 3038 3427 3105 quam
3451 3036 3529 3106 (in
3557 3034 3822 3106 antiquio-

528 3129 688 3200 hujus
712 3130 946 3186 nominis
984 3129 1357 3202 etymologiam
1376 3130 1643 3183 veriorem
1673 3125 2120 3191 existimantibus,
2149 3126 2195 3190 C
2227 3124 2379 3180 ribus
2422 3124 2580 3179 editis
2605 3125 2758 3181 deest
2797 3126 2974 3197 quam)
3015 3124 3325 3194 Capitolium
3365 3128 3593 3181 omnium
3622 3128 3830 3182 deorum

527 3223 834 3294 corripitur.

601 3318 739 3387 Quid
784 3319 947 3389 ergo?
976 3315 1243 3388 Numquid
1289 3314 1600 3386 responderi
1646 3320 1824 3384 potest
1859 3311 2127 3368 lunonem

532 3411 602 3467 ab
630 3413 779 3466 hasta
807 3413 1035 3467 traxisse
1063 3410 1203 3466 istud
1228 3424 1554 3482 cognomen,
1585 3407 1726 3479 quod
1759 3417 1939 3477 postea
1962 3405 2132 3462 Falis—

533 3502 583 3556 ci
612 3502 661 3555 in
689 3503 856 3572 patris
883 3502 1038 3557 Curis
1068 3503 1327 3558 honorem
1359 3503 1406 3557 ei
1435 3501 1719 3557 dederunt.
1753 3499 1860 3556 Sed
1886 3499 2006 3569 quis
2024 3507 2130 3564 est,

537 3592 766 3662 inquies,
801 3601 950 3661 pater
982 3593 1067 3647 ille
1094 3592 1290 3648 Curis?
1318 3592 1427 3648 Nos
1473 3592 1690 3662 quidem
1719 3592 1878 3648 docet
1913 3590 2134 3646 Ovidius

536 3683 823 3738 Romulum
855 3686 923 3738 ita
951 3692 1196 3739 vocatum
1224 3684 1409 3750 fuisse,
1439 3684 1525 3738 tibi
1552 3684 1699 3739 canit
1724 3701 1736 3737 :

690 3797 919 3848 Proxima
942 3798 1022 3846 lux
1049 3810 1197 3847 vacua
1220 3804 1312 3854 est,
1337 3804 1387 3846 at
1410 3798 1555 3847 tertia
1576 3798 1705 3847 dicta
1727 3798 1946 3858 Quirino,

756 3859 847 3918 Qui
875 3858 1016 3910 tenet
1039 3860 1129 3908 hoc
1152 3873 1351 3917 nomen,
1373 3859 1606 3907 Romulus
1629 3868 1743 3909 ante
1762 3860 1881 3908 fuit:

698 3921 813 3985 Sive
834 3923 966 3985 quod
992 3922 1125 3985 hasta
1143 3923 1275 3971 curis
1298 3923 1467 3985 priscis
1490 3930 1566 3972 est
1587 3921 1717 3971 dicta
1735 3922 1947 3979 Sabinis,

758 3937 813 3970 ve
838 3936 855 3969 (
873 3936 966 3971 uou
992 3936 1125 3970 uasta
1143 3936 1275 3971 ειη-ιε
1298 3936 1467 3985 priscis
1490 3936 1566 3972 est
1587 3936 1682 3971 utet

758 3936 978 4034 Bellicus
999 3996 1025 4031 a
1050 3983 1152 4034 telo
1168 3985 1304 4034 venit
1319 3985 1369 4032 in
1387 3992 1518 4032 astra
1540 3985 1682 4033 deus.

695 4045 812 4119 Sive
828 4060 919 4097 suo
933 4045 1061 4119 Elogi
1080 4058 1493 4119 nomen'posuere
1516 4046 1751 4119 Quirites.

762 4108 863 4159 Seu
887 4110 1001 4173 quia
1022 4107 1246 4160 Romanis
1257 4107 1491 4173 junxerat
1514 4108 1598 4158 ille
1621 4107 1797 4159 Cures.

1181 4212 1368 4276 (0vid.,
1393 4210 1478 4264 lib.
1510 4220 1547 4262 tt
1571 4213 1784 4275 Fastor.,
1809 4213 1837 4278 §
1862 4214 1962 4278 l5.)

548 4321 616 4377 At
645 4335 751 4376 non
779 4319 953 4377 solum
987 4319 1238 4386 Romulo,
1285 4319 1380 4375 sed
1418 4328 1574 4375 antea
1604 4319 1742 4375 lano
1772 4334 1968 4375 nomen
2010 4317 2143 4375 illud

550 4414 856 4484 impositum
883 4410 1078 4476 fuerat,
1108 4411 1182 4465 uti
1227 4411 1526 4467 Macrobius
1572 4419 1825 4466 testatum
1858 4410 1941 4465 his
1967 4410 2145 4466 verbis

2229 3219 2374 3273 curia
2420 3230 2495 3273 est
2537 3217 2733 3292 (idem,
2771 3220 2861 3274 lib.
2907 3219 2971 3274 de
3015 3220 3251 3292 Spectac.
3302 3238 3420 3291 cap.
3474 3221 3612 3294 1‘2)?
3645 3222 3836 3279 Nonne

2232 3310 2424 3375 Roma,
2460 3320 2516 3365 ut
2541 3312 2618 3365 ait
2644 3311 2755 3366 Leo
2781 3313 3004 3382 primus,
3035 3314 3272 3368 omnium
3301 3314 3542 3385 gentium
3568 3314 3841 3371 serviebat

2232 3404 2528 3468 erroribus,
2557 3396 2872 3476 illarumque
2892 3404 3026 3461 deos
3056 3407 3586 3481 assumpserat(Leo,
3610 3426 3766 3465 serm.
3786 3410 3840 3464 in

2234 3495 2396 3549 natal.
2439 3493 2549 3551 SS.
2578 3494 2721 3550 Petri
2747 3506 2794 3550 et
2823 3494 3004 3569 Pauli)
3027 3497 3053 3552 .9
3079 3497 3308 3554 Romani
3332 3486 3504 3570 igitur
3538 3502 3841 3572 quarumli-

2235 3588 2328 3643 bet
2362 3589 2598 3659 gentium
2641 3589 2772 3645 deos
2810 3590 3079 3646 colebant.
3112 3592 3181 3646 At
3222 3593 3468 3663 quamvis
3507 3609 3599 3650 res
3641 3595 3711 3651 ita
3746 3574 3838 3664 sit,

2237 3680 2358 3735 illos
2387 3691 2563 3736 tamen
2589 3696 2777 3739 omnes
2801 3683 3094 3754 generatim
3122 3692 3350 3751 tantum,
3375 3700 3484 3739 non
3505 3700 3639 3741 vero
3668 3687 3839 3742 nolui.
3860 3690 3873 3703 ‘
3926 3730 3939 3739 .

2238 3772 2406 3827 natim
2436 3772 2851 3829 venerabantur.
2883 3774 3015 3830 Nam
3047 3790 3141 3831 eos
3171 3791 3240 3831 ne
3267 3791 3552 3832 numerare
3579 3777 3795 3847 quidem
3819 3820 3835 3846 ,

2240 3874 2441 3936 quanto
2485 3865 2661 3920 minus
2704 3866 2969 3923 honorare
3013 3878 3067 3923 et
3103 3869 3353 3924 invocare
3384 3878 3633 3939 poterant
3660 3870 3676 3926 l
3704 3869 3845 3926 Ter-

2241 3957 2494 4011 tullianns
2557 3967 2737 4012 autem
2801 3957 2870 4014 de
2936 3960 3127 4029 topicis
3200 3970 3253 4017 et
3319 3960 3685 4035 singularibus
3737 3962 3846 4020 diis

2242 4047 2498 4118 disputat,
2529 4063 2664 4119 quos
2706 4050 2915 4105 urbium
2955 4060 3010 4106 et
3040 4053 3432 4122 provinciarum
3464 4054 3658 4111 incolae
3700 4054 3845 4111 sole-

2242 4140 2370 4195 bant
2396 4152 2644 4213 tanquam
2677 4143 2972 4216 municipes
2997 4159 3124 4201 suos
3144 4145 3344 4213 colere,
3365 4160 3428 4201 ac
3449 4147 3563 4203 suis
3590 4147 3846 4204 invocare

2244 4234 2571 4290 nominibus.

2316 4325 2454 4395 Quid
2483 4325 2642 4398 igitur
2667 4326 2881 4393 mirum,
2910 4327 2957 4382 si
2984 4326 3057 4383 illi
3082 4328 3326 4400 plerique
3352 4330 3604 4387 omnibus
3624 4331 3735 4402 jam
3763 4331 3849 4387 iu-

2246 4418 2445 4490 cogniti
2501 4420 2647 4487 sint,
2701 4419 2858 4475 sicuti
2908 4419 3239 4476 Delventinus
3287 4430 3343 4477 et
3405 4420 3740 4489 Visidianus,
3793 4424 3848 4480 in

546 4509 673 4565 fecit
700 4526 713 4562 :
745 4506 811 4561 In
842 4508 1000 4562 sacris
1024 4507 1319 4560 invocamus
1362 4503 1557 4559 Ianum
1590 4503 1893 4571 Junonium,
1949 4503 2141 4559 Ianum
2166 4515 2221 4575 1)
2247 4511 2597 4583 Apulogclico
2641 4511 2898 4575 nominati
2924 4527 2987 4567 ac
3017 4513 3069 4567 in
3106 4511 3245 4568 libro
3271 4512 3341 4569 ad
3371 4500 3650 4583 Nationes,
3685 4501 3849 4570 Athe-

551 4602 887 4669 Quirinum...
928 4609 1125 4671 patrem
1166 4598 1312 4669 quasi
1351 4597 1597 4665 deorum,
1640 4596 1957 4660 Junonium,
1994 4597 2142 4668 quasi

548 4712 649 4749 non
675 4694 841 4749 solum
880 4694 1064 4747 mensis
1102 4691 1363 4755 Januarii,
1402 4692 1492 4745 sed
1521 4691 1771 4744 mensium
1807 4690 2032 4743 omnium
2056 4690 2139 4742 in-

548 4803 750 4860 gressus
779 4795 1044 4841 tenentem.
1080 4782 1144 4837 In
1173 4784 1364 4836 ditione
1389 4792 1558 4836 autem
1589 4781 1811 4836 Jnnonis
1836 4790 1951 4835 sunt
1971 4795 2144 4834 omnes

550 4880 866 4937 enimidem...
900 4879 1192 4946 Quirinum,
1237 4877 1384 4945 quasi
1434 4876 1682 4931 bellorum
1734 4885 2027 4946 parentem,
2080 4876 2144 4929 ab

553 4972 698 5027 hasta
723 4988 874 5043 quam
905 4970 1087 5026 Sabini
1124 4970 1285 5022 curim
1310 4977 1491 5023 vocant
1517 4968 1535 5038 (
1560 4966 1814 5032 Macrob.,
1852 4966 1939 5021 lib.
1968 4965 2012 5032 Ι,
2047 4964 2149 5021 Sa-

557 5065 774 5130 turnal.,
803 5079 918 5134 cap.
950 5062 1043 5132 9).
1080 5061 1237 5115 Varia
1273 5062 1453 5131 itaque
1492 5058 1712 5115 fuerunt
1738 5058 1858 5115 Jani
1906 5057 2144 5124 nomina,

555 5172 781 5229 quorum
831 5155 928 5210 tria
960 5153 1025 5208 ad
1056 5153 1384 5225 propositum
1431 5163 1675 5206 nostrum
1719 5159 1983 5221 spectant.
2030 5149 2151 5204 Pri-

559 5269 702 5309 mum
743 5263 826 5307 est
854 5250 1034 5316 Pater,
1062 5250 1354 5306 secundum
1381 5257 1464 5304 est
1501 5248 1744 5316 Quirinus
1773 5288 1789 5314 ,
1819 5262 1850 5301 a
1880 5246 1990 5301 curi
2040 5245 2154 5301 sive

561 5347 710 5402 hasta
742 5344 1064 5412 derivatum,
1086 5354 1140 5400 et
1171 5342 1382 5397 tertium
1407 5341 1690 5408 Iunonius,
1708 5340 1858 5411 quasi
1882 5349 1935 5395 et
1959 5338 2154 5394 Janua-

558 5440 622 5495 rii
669 5448 723 5494 et
768 5438 1007 5494 omnium
1063 5435 1327 5503 mensiu'n
1377 5435 1449 5489 sit
1494 5433 1706 5490 initium
1757 5442 1812 5487 et
1859 5433 2154 5504 ingressus.

564 5532 752 5586 Nonne
794 5540 970 5584 autem
1028 5528 1151 5583 hinc
1179 5527 1482 5582 conﬁrmari
1528 5536 1739 5597 poteSI,
1771 5525 1915 5597 quod
1945 5525 2160 5595 scripsit

565 5625 928 5680 Tcrtullianns
955 5622 1218 5678 lunonem
1263 5636 1289 5673 a
1321 5629 1471 5690 patre
1498 5619 1648 5683 Curi,
1683 5620 1771 5689 qui
1803 5620 1962 5674 etiam
1994 5618 2164 5672 Juno-

568 5713 682 5766 nius
711 5712 1120 5781 appellatusest,
1150 5726 1305 5767 suum
1327 5709 1501 5775 Curis,
1522 5710 1635 5766 sive
1651 5708 1867 5779 Curitis,
1891 5708 2166 5779 accepisse

2244 4604 2513 4667 niensium,
2557 4602 2670 4658 sive
2713 4605 2893 4675 potius
2930 4604 3340 4660 Atherniensium
3369 4604 3735 4672 Numesttinus,
3764 4605 3855 4663 vel

2252 4695 2587 4751 Numertinus
2615 4695 2857 4769 (Tertull.
2902 4695 3147 4769 Apolog.,
3200 4713 3319 4768 cap.
3375 4697 3467 4752 24.
3518 4707 3566 4752 et
3606 4699 3698 4754 lib.
3722 4698 3858 4755 llud

2251 4787 2466 4845 Nation.
2516 4806 2634 4858 cap.
2680 4789 2781 4859 8).
2843 4789 3048 4845 Horum
3105 4789 3250 4845 enim
3316 4798 3370 4845 et
3422 4789 3651 4845 aliorum
3714 4791 3862 4861 topi-

2249 4898 2434 4939 eorum
2466 4882 2712 4950 dearum,
2742 4898 2968 4954 quorum
2998 4883 3237 4939 inﬁnitus
3266 4883 3364 4939 fuit
3392 4900 3673 4947 numerus,
3709 4885 3861 4942 noti-

2252 4979 2322 5033 tia
2343 4978 2616 5048 nobisjam
2638 4993 2666 5031 a
2698 4978 2858 5048 longo
2886 4987 3127 5049 tempore
3152 4988 3336 5049 erepta
3357 4988 3458 5034 est.
3483 4979 3598 5036 Non
3626 4979 3865 5038 minoris

2256 5082 2434 5128 tamen
2484 5072 2695 5127 roboris
2726 5071 2924 5127 idcirco
2965 5080 3051 5128 est
3077 5073 3327 5128 Auctoris
3356 5074 3526 5129 nostri
3562 5088 3868 5144 argumen-

2257 5177 2389 5236 tum,
2416 5182 2522 5239 quo
2551 5183 2617 5223 ex
2650 5168 2908 5223 hactenus
2933 5167 3092 5224 dictis
3118 5168 3462 5224 meritissimo
3486 5166 3608 5237 jure
3634 5167 3871 5225 conclu-

2257 5260 2335 5316 dit
2374 5259 2738 5331 iniqnissimos
2780 5274 2899 5316 csse
2927 5261 3171 5331 gentiles.
3214 5260 3408 5331 quibus
3450 5276 3572 5317 cum
3616 5270 3874 5333 potestas

2257 5366 2403 5415 esset
2432 5369 2527 5427 pro
2556 5355 2708 5411 libito
2733 5371 2797 5411 ac
2826 5355 3048 5424 libidine
3074 5355 3269 5412 falsum
3298 5355 3596 5426 quemlibet
3626 5366 3682 5411 et
3739 5355 3875 5415 aliis

2260 5452 2507 5521 gentibus
2534 5451 2775 5522 ignotum
2804 5450 2960 5505 deum
2997 5448 3229 5516 colendi,
3260 5464 3369 5506 non
3394 5447 3644 5505 sinebant
3672 5464 3879 5509 verum

2266 5543 2431 5600 Deum
2458 5558 2490 5598 a
2513 5541 2831 5601 Christianis
2871 5542 3101 5598 adorari.
