4170 6264
269 276 404 334 1121

835 387 1062 447 CAPUT
1088 383 1327 443 XXVIII.

276 531 484 598 Quanta
509 528 792 584 insulsitate
826 526 1049 583 Romani
1085 523 1450 580 venditaverint
1479 538 1531 577 se
1555 539 1648 577 sua
1676 522 1730 578 in
1755 520 1875 577 deos

516 622 700 694 pietate
727 621 969 676 nteruisse
996 620 1150 673 totius
1174 618 1313 672 orbis
1339 615 1629 687 imperium.

810 749 1103 791 ARTICULUS
1141 747 1349 788 PRIIUS.

293 874 456 941 Quam
486 872 673 944 {auum
699 872 764 927 sit
804 871 1064 927 Romanos
1095 869 1335 923 meruisse
1378 867 1530 921 totius
1558 864 1693 922 orbis
1736 874 1884 921 terra:

352 966 672 1021 dominatum
696 981 791 1019 sua
814 963 1000 1035 pietate
1027 963 1079 1016 in
1108 961 1229 1015 deos
1258 956 1572 1026 Sterculum,
1598 958 1879 1027 Mutinam,

352 1046 670 1145 Larentiam,
700 1056 956 1127 Cybelem,
983 1053 1185 1123 Jovem,
1207 1053 1488 1119 lunonem,
1515 1052 1765 1124 aliosque,
1796 1051 1885 1124 qui

355 1143 577 1222 patriam
602 1165 747 1203 suam
772 1149 956 1219 magis,
979 1163 1133 1216 quant
1155 1145 1419 1201 Romanos
1444 1145 1574 1200 tueri
1603 1143 1879 1212 debebant,
1917 1220 1923 1225 ἢ

354 1245 539 1317 quique
564 1259 736 1299 omnes
763 1246 873 1313 fato
905 1241 1111 1298 obnoxii
1132 1241 1360 1317 fuerunt.

358 1404 463 1475 Tot
505 1402 772 1473 tantisque
816 1401 1086 1457 rationum
1134 1399 1423 1456 momentis
1465 1398 1539 1454 ita
1568 1411 1815 1454 eversam
1856 1410 1888 1452 a

288 1495 618 1552 Tertulliano
675 1495 905 1549 vidimus
954 1494 1140 1549 falsam
1214 1492 1513 1564 gentilium,
1558 1490 1693 1547 deos
1734 1490 1890 1560 plane

288 1580 684 1645 eomntentitios
736 1585 1051 1652 colentium,
1098 1584 1452 1655 religionem,
1500 1594 1558 1638 ut
1597 1582 1797 1650 nullus,
1843 1581 1890 1636 si

289 1679 406 1735 sani
435 1677 623 1750 capitis
649 1681 719 1734 sit
744 1677 926 1745 homo,
949 1678 1016 1735 iis
1041 1678 1293 1733 reluctari
1319 1691 1478 1748 posse
1492 1676 1757 1732 videatur.
1785 1673 1890 1731 Sed

1402 264 1854 328 DISSERTATIO
1890 268 1957 328 D.
1998 265 2086 326 LE
2124 266 2426 327 NOURRY.

1897 386 1953 447 Α
1976 385 2340 457 omnipotente
2363 386 2494 454 Deo,
2510 394 2749 442 naturam
2770 393 2825 442 et
2841 385 2985 442 omni
2993 386 3303 458 potentiam,
3321 387 3574 443 virtutem

3438 268 3579 328 1122

1977 487 2031 533 et
2080 481 2441 536 sanctitatem.
2491 479 2571 534 Dii
2625 494 2754 551 ergo
2804 495 2912 534 non
2960 488 3104 547 sunt,
3150 494 3250 535 nec
3290 490 3579 551 potuerunt

1979 570 2149 625 ullum
2214 570 2433 643 aliquod
2512 571 2756 628 Romano
2832 571 3059 643 imperio
3126 571 3324 628 afferre
3396 572 3575 630 incre-

1981 674 2247 718 mentum.

2055 754 2315 825 Superest
2352 755 2514 826 igitur
2536 765 2592 810 ut
2616 757 3021 827 peregrinorum
3049 755 3271 813 deorum
3303 755 3503 811 auxilio
3527 764 3585 812 et

1983 857 2251 921 potestate
2272 850 2568 905 accretcrit
2590 849 2818 905 Romani
2843 848 3053 919 imperii
3075 848 3405 920 magnitudo.
3426 848 3589 918 Atqui

1984 943 2168 1015 opinio
2212 942 2300 997 illa
2328 958 2434 999 non
2478 944 2655 998 minus
2682 944 2828 999 omni
2870 957 3089 1013 prorsus
3116 940 3586 998 verisimilitudine

1987 1051 2149 1106 quam
2193 1035 2445 1106 superior
2468 1047 2639 1092 caret.
2666 1036 2800 1091 Nam
2842 1045 3040 1107 przcter
3069 1035 3229 1091 modo
3254 1035 3471 1089 allatam
3501 1049 3588 1089 ra-

1990 1130 2190 1186 tionem
2221 1148 2234 1184 :
2278 1129 2583 1202 Peregrinos
2612 1130 2733 1185 deos
2756 1170 2771 1196 ,
2807 1137 2866 1185 ut
2893 1138 3040 1185 recte
3079 1127 3441 1183 'l‘ertullianus
3471 1126 3585 1195 ait,

1989 1239 2091 1277 non
2143 1231 2315 1291 putem
2357 1231 2611 1277 extranea:
2656 1222 2793 1294 genti
2835 1220 2998 1291 magis
3035 1223 3236 1291 [autum
3273 1218 3511 1284 uoluisse,
3544 1227 3592 1272 et

1991 1314 2216 1384 patrium
2237 1314 2401 1369 solum
2422 1356 2437 1381 ,
2466 1314 2518 1368 in
2543 1330 2642 1385 quo
2668 1314 2776 1368 nati
2796 1355 2811 1381 ,
2840 1311 3039 1383 adulti,
3072 1310 3344 1376 nobilitati,
3376 1310 3591 1382 sepulti-

1990 1424 2087 1479 que
2118 1418 2236 1462 sunt
2260 1447 2278 1476 ,
2307 1408 2660 1479 transfretanis
2686 1407 2886 1461 dedisse
2914 1403 3150 1478 (Tertull.
3182 1404 3444 1475 Apologet.
3473 1419 3591 1473 cap.

1992 1496 2111 1569 25),
2158 1512 2253 1554 seu
2293 1500 2469 1554 minus
2518 1499 2713 1555 favisse
2756 1499 2942 1569 patria:
2980 1508 3035 1553 et
3059 1496 3230 1552 altrici
3261 1507 3418 1553 terrae
3458 1510 3601 1565 suae,

1995 1608 2156 1663 quam
2194 1593 2451 1649 Romanis
2491 1593 2864 1649 transmarinis
2892 1602 2946 1648 et
2970 1592 3263 1648 extraneis.
3308 1591 3426 1659 Quo
3450 1591 3596 1647 enim

1996 1684 2188 1755 ingrati
2240 1685 2401 1740 animi
2443 1685 2572 1740 vitio
2619 1685 2846 1755 patrium
2888 1686 3063 1740 solum
3091 1683 3348 1739 Romanis
3378 1692 3597 1739 vastan-

292 1773 544 1844 quouiam
597 1788 658 1828 ea
715 1781 796 1827 est
840 1772 1136 1827 errantium
1184 1772 1565 1842 plerorumque
1615 1770 1893 1825 hominum
1923 1787 1972 1847 Β
1998 1774 2147 1843 dum,
2184 1785 2239 1833 et
2264 1791 2452 1833 eorum
2481 1777 2710 1847 imperio
2731 1776 3124 1847 subjiciendum
3158 1775 3369 1831 tradere
3399 1787 3594 1846 potue-

293 1865 613 1937 pervicacia,
641 1874 697 1920 ut
719 1864 887 1919 victos
915 1879 976 1920 se
1006 1862 1159 1919 lateri
1190 1879 1462 1934 nunquam
1487 1862 1674 1928 velint,
1705 1870 1894 1917 contra

296 1957 701 2016 cthniciadbuc
732 1961 1113 2031 insurgebant,
1173 1958 1462 2029 nobisque,
1522 1960 1596 2013 uti
1643 1958 1719 2012 ait
1772 1956 1899 2011 Ter.

299 2054 573 2118 lullianus,
601 2054 949 2125 objiciebant,
981 2053 1245 2109 Romanos
1269 2068 1360 2122 pro
1387 2052 1564 2106 merito
1584 2048 1895 2121 religiosita-

299 2146 363 2200 tis
391 2145 796 2217 diligentissima:
822 2147 874 2200 in
904 2156 1105 2199 tantum
1132 2145 1313 2205 elatos.
1345 2153 1401 2196 ut
1425 2144 1596 2197 orbem
1622 2156 1899 2210 occupave-

298 2236 400 2290 rint
427 2235 667 2308 (Tertull.
688 2237 955 2310 Apologet.
982 2254 1029 2290 c.
1055 2236 1148 2305 25,
1184 2254 1238 2304 p.
1266 2235 1391 2300 422,
1416 2244 1460 2288 et
1478 2233 1577 2290 l.lI
1601 2234 1668 2287 ad
1681 2233 1895 2288 Nation.

301 2343 418 2399 cap.
454 2329 567 2401 l7),
604 2330 654 2384 id
692 2339 792 2395 est,
835 2345 1026 2401 magna
1065 2331 1117 2383 in
1158 2330 1291 2384 deos
1324 2342 1452 2382 suos
1489 2329 1684 2398 pietate
1702 2338 1757 2381 et
1775 2327 1902 2382 reli-

307 2423 470 2493 gione
525 2424 824 2478 meruerint
861 2437 924 2475 ac
964 2422 1236 2477 consecuti
1272 2422 1382 2475 sint
1431 2421 1591 2475 totius
1637 2431 1899 2475 terrarum

302 2518 448 2571 orbis
475 2517 777 2587 imperium.
827 2515 1081 2570 Existunt
1121 2529 1248 2584 ergo
1269 2556 1284 2580 ,
1321 2513 1631 2584 inquiebant
1655 2554 1672 2580 ,
1702 2512 1757 2567 hi
1783 2512 1854 2568 dii
1884 2555 1899 2581 ,

303 2609 607 2681 debentque
650 2610 719 2665 ab
766 2610 1017 2664 omnibus
1051 2608 1358 2664 hominibus
1398 2607 1673 2663 honorari.
1711 2606 1901 2662 Totam

304 2709 480 2756 autem
513 2704 652 2756 hanc
681 2701 1203 2771 argumentationem
1226 2741 1241 2765 ,
1271 2714 1429 2769 quam
1456 2699 1581 2754 alibi
1610 2700 1775 2754 fusius
1810 2714 1903 2754 ex-

270 2784 275 2787 ⁷
306 2794 592 2864 plicuimus
617 2794 866 2863 (Dissert.
898 2794 952 2847 in
986 2793 1175 2847 Minut.
1211 2791 1391 2847 θείαν.
1422 2810 1536 2865 cap.
1570 2793 1666 2847 16.
1700 2803 1803 2846 art.
1842 2794 1898 2847 2.

306 2897 353 2942 et
379 2888 433 2960 ὅ)
457 2929 472 2955 ,
501 2886 863 2949 Tertullianus
893 2896 1079 2943 noster
1120 2887 1277 2957 plane
1322 2886 1569 2940 frivolam
1602 2886 1905 2956 nulliusque

306 2981 564 3036 mementi
606 2993 726 3036 esse
765 2979 906 3033 haud
959 2979 1226 3032 immerito
1272 2977 1581 3032 arbitratur.
1628 2976 1706 3032 Ne
1744 2992 1901 3047 quem

309 3081 486 3128 tamen
530 3073 613 3129 vel
662 3073 936 3126 minimum
991 3069 1222 3126 ethnicis
1275 3071 1540 3139 prxberet
1584 3071 1902 3126 mussitandi

1997 1870 2165 1925 runt?

2070 1960 2175 2017 Sed
2223 1969 2278 2015 ut
2310 1961 2361 2016 id
2393 1961 2711 2031 quibusdam
2740 1961 2998 2029 exemplis
3028 1960 3238 2031 planius
3267 1960 3424 2016 faciat
3455 1978 3468 2015 :
3508 1959 3599 2015 νε.

1999 2051 2150 2119 derit,
2174 2052 2363 2124 inquit,
2393 2051 2595 2124 Cybele,
2622 2055 2754 2109 Coeli
2782 2063 2834 2108 et
2861 2052 3039 2109 Terra:
3062 2053 3186 2118 filia,
3208 2055 3422 2115 Saturni
3446 2068 3601 2121 uxor,

2001 2154 2057 2198 et
2098 2159 2287 2215 magna
2336 2155 2528 2211 mater,
2561 2145 2606 2199 si
2652 2134 2825 2199 urbem
2855 2144 3164 2211 Romanam,
3209 2156 3263 2199 ut
3310 2147 3606 2201 memoriam

2002 2236 2191 2306 trojani
2215 2240 2412 2307 generis
2438 2238 2716 2303 adamavit,
2740 2238 2997 2292 uernaculi
3024 2238 3101 2291 sui
3128 2238 3341 2303 scilicet,
3362 2239 3604 2294 adversus

2001 2327 2307 2382 Achivorum
2346 2346 2489 2383 arnta
2519 2331 2770 2400 protecti,
2800 2331 2843 2383 si
2884 2331 2953 2384 ad
2999 2330 3187 2385 ultores
3228 2349 3348 2386 suos
3390 2332 3609 2387 transire

2004 2422 2285 2492 prospexit,
2314 2438 2439 2492 quos
2463 2422 2649 2476 sciebat
2680 2421 2933 2477 Grtcciam
2964 2421 3209 2494 Phrygia:
3234 2423 3607 2477 debellatricem

2004 2512 2301 2570 subacturos
2319 2514 2556 2587 (Tertull.
2580 2516 2735 2587 Apol.
2764 2534 2812 2571 c.
2834 2515 2927 2582 25,
2967 2536 3020 2587 p.
3053 2516 3301 2587 424).\’is
3315 2530 3492 2573 autem
3507 2517 3609 2572 ltu-

2000 2604 2153 2675 jttsce
2180 2608 2501 2678 argumenti,
2530 2618 2585 2662 ut
2614 2608 2985 2677 perSpieiatnr,
3019 2609 3071 2662 in
3099 2609 3413 2662 memoriam
3459 2624 3608 2662 revo-

1965 2732 1977 2742 -
2006 2697 2235 2753 cundum
2283 2708 2403 2764 est,
2443 2698 2695 2770 Cybelem
2746 2698 3064 2768 quibusdam
3114 2698 3277 2753 videri
3330 2714 3361 2753 ιι
3407 2697 3609 2769 Cybelo

2007 2791 2251 2864 Phrygia:
2301 2802 2483 2847 moote
2519 2792 2973 2861 Cognontiuatant.
3007 2791 3194 2847 Nullus
3229 2806 3359 2848 vero
3403 2791 3613 2847 dubitat

2007 2884 2418 2945 celeberrimum
2450 2884 2801 2952 Pessinunte,
2845 2901 2966 2955 qua:
3008 2884 3255 2957 Phrygia:
3300 2884 3428 2940 urbs
3472 2891 3610 2952 erat,

2009 2976 2241 3045 positum
2274 2975 2439 3030 fuisse
2462 2975 2602 3031 illius
2624 2976 2992 3044 simulacrum,
3017 2977 3159 3048 quod
3188 2986 3371 3048 postea
3398 2976 3608 3045 Romae,

2009 3069 2149 3124 sicut
2195 3068 2320 3150 alibi
2370 3069 2609 3124 diximus
2640 3067 2893 3139 (Dissert.
2938 3073 2990 3124 in
3024 3070 3211 3124 Minut.
3243 3088 3360 3142 cap.
3394 3071 3482 3127 19.
3509 3081 3611 3127 art.

309 3166 486 3222 locum
510 3207 524 3234 ,
554 3167 715 3220 variis
745 3163 1181 3234 responsionibus
1222 3162 1322 3217 hoc
1341 3204 1356 3229 ,
1388 3164 1770 3235 qualecunque
1793 3164 1903 3231 sit,
1929 3168 1975 3232 ρ
2010 3166 2063 3231 1,
2097 3173 2143 3219 et
2168 3164 2219 3218 in
2246 3164 2437 3219 Alttob.
2470 3180 2584 3234 cap.
2615 3163 2706 3232 20,
2734 3175 2835 3219 art.
2863 3164 2920 3218 2.
2948 3173 2995 3218 et
3024 3165 3078 3218 in
3107 3163 3343 3219 Lactant.
3373 3181 3491 3235 cap.
3519 3165 3613 3231 51,

312 3269 683 3331 argumentum
715 3256 913 3313 refellit
959 3271 1022 3311 ac
1047 3256 1296 3311 destruit.

383 3353 463 3409 Dii
514 3353 711 3424 quippe
756 3351 1141 3415 Romanorum,
1194 3350 1270 3406 ait
1315 3349 1446 3416 ille,
1493 3357 1585 3405 aut
1633 3350 1910 3405 vernaculi

311 3448 549 3519 ipsisque
597 3445 795 3516 praprii
843 3453 1019 3511 erant,
1075 3454 1166 3498 aut
1223 3444 1488 3514 peregrini
1529 3455 1582 3499 et
1632 3442 1907 3499 adscititii.

310 3537 579 3609 Numquid
618 3546 797 3592 autem
824 3536 929 3591 dici
974 3544 1150 3606 potest
1176 3551 1207 3590 a
1236 3535 1426 3606 primis
1456 3549 1774 3607 propagatos
1814 3537 1913 3592 im-

312 3631 449 3704 perii
487 3628 712 3686 Romani
744 3628 919 3685 lines?
948 3629 1158 3685 Scilicet
1197 3629 1293 3683 ista
1335 3645 1523 3684 merces
1547 3672 1562 3697 ,
1590 3629 1912 3687 Tertulliani

315 3726 455 3781 hanc
500 3724 813 3795 Opinionem
858 3723 1130 3779 irridentis
1178 3723 1341 3778 verba
1390 3734 1556 3791 sunt,
1598 3723 1844 3780 Romanis
1883 3743 1915 3780 a

317 3819 415 3875 diis
457 3835 550 3889 pro
595 3817 760 3889 gratia
788 3832 1010 3887 expensa
1050 3824 1144 3871 est.
1176 3817 1476 3884 Sterculus,
1510 3830 1555 3872 et
1585 3817 1835 3885 diutinus,
1869 3831 1915 3874 et

320 3910 597 3967 Larentina
639 3912 867 3981 provexit
906 3911 1176 3981 imperium
1219 3911 1466 3981 (Tertull.
1515 3912 1617 3967 loc.
1666 3914 1807 3985 cit.).
1859 3914 1917 3970 In

321 4003 710 4074 antiquioribus
758 4003 920 4059 editis
960 4002 1111 4058 libris
1142 4003 1336 4074 legitur
1360 4006 1403 4058 si
1434 4020 1529 4074 pro
1570 4007 1793 4075 scilicet,
1822 4008 1918 4064 sed

322 4076 511 4154 eodem
553 4096 709 4167 plane
735 4110 897 4151 sensu
915 4137 929 4159 ,
955 4094 1223 4150 locutione
1251 4105 1430 4151 t:uuen
1459 4097 1634 4152 minus
1665 4097 1917 4169 eleganti.

324 4189 691 4245 Romanorum
720 4198 898 4243 autem
924 4187 1054 4242 deos
1085 4187 1376 4247 vilissimus
1408 4189 1667 4259 planeque
1696 4190 1922 4245 infames

325 4282 398 4338 ibi
424 4280 678 4352 appellat,
695 4290 753 4335 ut
770 4279 1065 4335 acrioribus
1085 4279 1269 4333 ironite
1292 4278 1494 4334 aculeis
1516 4279 1778 4346 ethnicos,
1796 4282 1925 4336 dco-

326 4390 446 4430 rum
473 4387 692 4429 suorum
710 4371 999 4439 potentiam
1026 4369 1381 4425 insulsissime
1405 4371 1766 4438 venditantes,
1792 4387 1925 4441 putt-

329 4474 499 4536 geret.
546 4462 823 4519 Sterculus
870 4462 1014 4516 enim
1053 4476 1227 4531 agros,
1273 4461 1413 4515 sicut
1456 4461 1546 4517 ille
1589 4463 1716 4516 alibi
1745 4462 1923 4529 docet,

2012 3267 2111 3311 art.
2142 3253 2221 3327 ὅ),
2255 3256 2495 3310 maxima
2524 3270 2645 3310 cum
2676 3269 2872 3326 pompa
2902 3254 3221 3310 collocatum
3245 3265 3352 3310 est.
3382 3257 3454 3311 At
3478 3253 3616 3313 Ter-

2018 3345 2269 3403 tullianus
2322 3346 2443 3401 inde
2482 3347 2560 3403 sic
2603 3357 3007 3419 argumentatur
3051 3346 3362 3419 :Numquid
3409 3347 3613 3425 Cybele

2016 3446 2233 3510 prOpter
2280 3437 2531 3507 Encam,
2581 3438 2738 3509 Troja
2765 3482 2779 3509 ,
2831 3440 3036 3511 Prygia:
3083 3442 3310 3496 minoris
3353 3456 3417 3496 ex
3480 3441 3612 3497 urbe

2014 3528 2321 3597 oriundum,
2352 3539 2513 3601 atque
2541 3530 2740 3586 idcirco
2768 3533 3111 3587 vernaculum
3140 3547 3318 3598 suum,
3350 3532 3620 3589 adamavit

2016 3620 2288 3677 Romanos
2312 3663 2328 3689 ,
2361 3621 2482 3692 quia
2511 3638 2575 3677 cx
2606 3622 2698 3677 illo
2727 3633 3006 3694 postquam
3043 3640 3111 3679 ex
3151 3620 3383 3694 Trojano
3425 3625 3614 3679 incen-

2017 3713 2129 3781 dio,
2170 3725 2226 3799 et
2266 3716 2597 3771 Achivorum
2641 3704 2807 3773 armis
2853 3728 3070 3787 ereptus
3112 3719 3318 3785 luisset,
3347 3721 3610 3791 originem

2019 3820 2171 3881 suam
2200 3805 2574 3864 deduxerunt?
2595 3808 2862 3881 Numquid
2894 3826 3021 3867 tero
3047 3811 3133 3868 illa
3163 3814 3364 3883 sprevit
3392 3814 3619 3884 patriam

2020 3913 2195 3965 suam,
2248 3900 2431 3972 illique
2469 3901 2741 3958 Romanos
2794 3905 3054 3975 praetulit,
3110 3907 3233 3976 quia
3287 3907 3614 3977 pr.uvidebat

2022 3991 2367 4049 simulacrum
2394 4010 2548 4051 suum
2570 3996 2792 4052 Romam
2813 3999 3263 4067 transferendum,
3289 4011 3343 4056 et
3366 4016 3397 4055 a
3418 4001 3621 4058 Roma-

2024 4086 2493 4162 nisdebellandam
2519 4089 2803 4159 Graeciam,
2829 4092 3074 4164 Phrygia:
3100 4094 3286 4163 patriae
3308 4111 3421 4151 sua:
3440 4097 3623 4153 debel-

2026 4180 2306 4237 latricem?
2342 4183 2449 4239 Cur
2475 4200 2604 4255 ergo
2637 4201 2789 4254 passa
2816 4194 2899 4241 est
2928 4185 3065 4241 hanc
3089 4228 3104 4252 ,
3132 4187 3222 4243 ttbi
3267 4206 3479 4246 summo
3524 4193 3623 4247 lto-

2027 4290 2157 4329 nore
2198 4276 2498 4344 colebatur,
2532 4294 2572 4347 5a
2605 4277 2817 4347 Graecis,
2853 4282 3187 4350 expugnari?
3234 4284 3361 4339 Esto
3399 4294 3617 4353 tamen,

2030 4364 2265 4436 illudque
2290 4407 2305 4435 ,
2336 4369 2379 4423 si
2413 4368 2544 4422 velis
2567 4411 2581 4436 ,
2617 4370 2940 4438 permiserit.
2986 4372 3055 4426 At
3075 4375 3344 4443 quomodo
3372 4378 3625 4445 pratscire

2032 4460 2205 4530 potuit
2252 4459 2365 4516 fore
2407 4462 2714 4532 aliquando,
2746 4471 2805 4518 ut
2843 4464 2980 4534 ipsa,
3008 4466 3095 4521 vel
3142 4466 3285 4537 quod
3325 4468 3466 4523 idem
3498 4477 3621 4536 est,

329 4554 631 4613 stercoribus
674 4553 895 4619 iuvando
923 4551 1140 4622 diligens
1170 4550 1263 4622 fuit
1290 4548 1481 4622 (Idem,
1506 4551 1595 4607 lib.
1613 4550 1659 4605 II
1683 4554 1749 4607 ad
1779 4552 1927 4609 Nati.
1953 4560 2008 4620 1)
2033 4551 2377 4607 simulacrum
2403 4567 2557 4607 suum
2592 4555 2909 4611 Pessinunte
2947 4555 3172 4613 Romam
3221 4560 3631 4628 asportaretur‘l

332 4664 448 4720 cap.
497 4647 577 4715 9).
621 4648 693 4701 At
735 4645 803 4700 de
852 4644 963 4710 illo,
1019 4643 1159 4698 sicut
1216 4651 1272 4697 et
1323 4644 1633 4715 turpissimo
1684 4644 1925 4715 Mutino,

333 4750 384 4799 et
410 4740 719 4802 Larentina,
737 4720 859 4809 quae
887 4738 955 4792 ab
974 4736 1166 4793 eodem
1193 4735 1387 4792 dicitur
1407 4737 1664 4808 publicum
1685 4750 1927 4807 scortum,

333 4843 509 4899 antea,
534 4840 695 4902 atque
721 4831 777 4887 in
803 4828 1168 4902 superioribus
1188 4828 1671 4897 dissertationibus,
1690 4830 1931 4903 disputa-

334 4927 508 4980 vimus
529 4924 715 4997 (Supr.
741 4940 857 4994 cap.
887 4922 979 4991 25,
1006 4932 1105 4977 art.
1131 4924 1185 4987 ὃς
1210 4932 1256 4977 et
1280 4920 1493 4977 Dissert.
1518 4923 1572 4976 in
1595 4919 1783 4976 Μίνωι.
1815 4921 1930 4978 Oct.

336 5035 451 5092 cap.
486 5019 578 5085 17,
618 5028 721 5072 art.
748 5017 807 5083 2,
838 5025 885 5071 et
915 5014 1130 5071 Dissert.
1166 5016 1222 5069 in
1246 5012 1394 5069 Lact.
1426 5030 1542 5084 cap.
1579 5013 1669 5081 52,
1698 5024 1801 5071 art.
1831 5016 1853 5070 1
1889 5026 1936 5070 et

335 5113 415 5185 2).
442 5111 611 5168 Nemo
645 5122 825 5179 autem
861 5110 1054 5165 mentis
1098 5123 1209 5164 suae
1233 5122 1452 5179 compos
1496 5106 1640 5164 serio
1669 5108 1939 5165 afﬁrmare

338 5222 574 5279 unquam
602 5204 842 5272 audebit,
871 5204 940 5260 ab
967 5201 1272 5274 huiusmodi
1291 5201 1576 5257 infamibus
1602 5212 1655 5258 et
1682 5217 1939 5259 vernacu-

340 5299 407 5357 lis
431 5299 535 5355 diis
564 5307 842 5369 porrectos
873 5295 1038 5352 fuisse
1063 5294 1291 5351 Romani
1321 5294 1530 5364 imperii
1564 5295 1713 5349 fines.
1756 5294 1940 5366 Neque

340 5391 529 5457 etiam,
562 5390 631 5446 ab
662 5389 783 5444 aliis
823 5387 1133 5443 domesticis
1167 5396 1221 5441 et
1251 5384 1611 5457 peculiaribus
1658 5384 1761 5469 diis
1803 5386 1936 5441 suis.

345 5486 564 5540 Diversa
608 5483 884 5539 enimvero
928 5481 979 5535 in
1027 5479 1263 5550 pluribus
1306 5491 1427 5533 esse
1464 5476 1649 5548 nequit
1690 5479 1801 5533 veri
1846 5478 1939 5535 Dei

343 5575 581 5646 potentia
607 5614 622 5640 ,
655 5575 826 5629 virtus
850 5613 865 5639 ,
889 5571 1148 5628 sanctitas
1168 5609 1184 5636 ,
1209 5569 1366 5626 sicuti
1396 5584 1498 5624 nec
1540 5579 1750 5625 natura.
1778 5569 1940 5640 Atqui

346 5682 507 5724 nemo
543 5680 776 5737 unquam
817 5663 952 5719 dixit
999 5662 1052 5717 in
1094 5661 1327 5733 praelatis
1352 5660 1658 5729 infamibus,
1689 5671 1784 5718 aut
1822 5661 1941 5719 aliis

347 5762 657 5822 domesticis
676 5759 1043 5819 Romanorum
1059 5755 1186 5826 diis,
1216 5755 1378 5813 luisse
1400 5754 1667 5825 eamdem,
1696 5762 1857 5827 atque
1886 5756 1941 5814 in

2031 4642 2149 4700 Non
2177 4646 2346 4716 magis
2374 4647 2521 4702 enim
2552 4647 2655 4702 hoc
2685 4649 2946 4718 przevidit,
2973 4665 3130 4721 quam
3158 4650 3324 4719 diem,
3353 4668 3460 4724 qtto
3484 4652 3631 4708 Mar-

2033 4753 2129 4796 cus
2172 4738 2423 4817 Anr‘elius
2468 4740 2759 4811 imperator
2797 4739 2994 4813 Syrmii
3034 4753 3279 4799 mortuus
3316 4754 3420 4801 est.
3468 4745 3539 4801 At
3580 4745 3635 4801 id

2035 4832 2215 4903 plane,
2264 4832 2338 4886 ait
2384 4831 2767 4900 Tertullianus,
2818 4842 2912 4888 aut
2955 4834 3201 4902 nescivit,
3249 4847 3341 4891 aut
3373 4838 3636 4894 tardiores

2038 4923 2255 4979 nuntios
2293 4923 2439 4979 misit
2465 4924 2531 4978 ad
2561 4926 2887 4996 pra-cipuum
2911 4942 3065 4983 suutn
3100 4928 3432 4986 sacerdotem
3459 4931 3639 4988 archi-

2039 5018 2257 5089 gallum,
2286 5019 2374 5088 qui
2402 5028 2550 5073 sexta
2577 5028 2698 5090 post
2725 5017 2881 5089 hujus
2909 5019 3252 5090 imperatoris
3276 5031 3502 5080 mortem
3524 5023 3634 5089 die,

2041 5109 2279 5165 elicitum
2319 5125 2388 5165 ex
2433 5110 2649 5166 lacertis
2690 5110 2957 5180 impurum
2997 5114 3312 5183 sanguinem
3353 5130 3451 5186 pro
3495 5116 3639 5173 illius

2045 5201 2218 5256 salute
2266 5200 2476 5255 litabat.
2504 5200 2795 5257 Christiani
2851 5203 3029 5273 itaque
3079 5203 3239 5261 talem
3276 5206 3400 5276 jure
3445 5209 3638 5266 merito

2042 5295 2290 5351 ridebant
2332 5294 2512 5362 deam,
2560 5304 2651 5350 aut
2696 5295 2860 5350 futuri
2903 5295 3160 5365 nesciam,
3204 5307 3298 5353 aut
3338 5300 3637 5369 crudelem,

2043 5403 2164 5459 qua:
2210 5404 2366 5459 passa
2409 5398 2487 5445 est
2534 5404 2641 5445 non
2687 5390 2865 5446 solum
2912 5393 3187 5464 archigalli
3227 5395 3311 5449 sui
3358 5410 3641 5466 perperam
3736 5397 3751 5400 ’

2044 5478 2245 5536 eﬂ'undi
2277 5472 2616 5551 san‘guincm,
2635 5480 2731 5536 sed
2763 5483 2986 5552 patriam
3008 5500 3222 5556 quoque
3249 5499 3403 5540 suam
3432 5487 3645 5557 penitus

2045 5571 2205 5627 dirui.
2249 5571 2464 5627 Nullum
2510 5587 2641 5644 ergo
2686 5572 2943 5629 Romanis
2981 5575 3392 5643 atLdilatandos
3432 5576 3646 5646 imperii

2042 5663 2124 5719 sui
2154 5663 2291 5722 fines
2320 5663 2576 5721 auxilium
2603 5665 2721 5722 sine
2747 5666 2933 5738 iniquo
2959 5668 3272 5742 ingratoque
3298 5671 3479 5728 animo
3501 5669 3649 5730 ferre

2040 5756 2235 5833 potuit.
