4212 6262
551 247 695 308 “23

1619 256 1688 318 IN
1724 257 2191 325 TERTULLIANI
2224 265 2756 341 APOLOGETICUM

3714 286 3857 352 κει

619 363 807 434 Neque
847 365 1008 422 etiam
1037 366 1244 438 Jupiter
1274 368 1394 427 illos
1423 372 1623 444 majore
1662 376 1840 433 studio
1867 393 1929 435 ac
1958 378 2141 437 favore
2174 381 2230 445 A
2254 384 2490 458 (Homer.
2522 388 2683 445 Iliad.
2712 393 2798 461 16,
2824 409 2872 450 υ.
2893 394 3000 457 4.5.4
3024 405 3072 453 et
3096 397 3284 472 Odyss.
3312 402 3366 463 5.
3385 417 3434 457 υ.
3459 404 3564 461 157
3588 414 3638 460 et
3664 406 3857 481 ατη),

559 456 840 528 complecti
887 458 1116 515 debebat
1158 458 1487 530 (Tertullian.
1549 466 1815 539 Apologet.
1865 487 1980 541 cap.
2031 471 2146 544 25).

552 548 759 620 Ecquid
789 550 933 605 enim
957 550 1209 607 oblivisci
1242 554 1412 623 potuit
1444 555 1564 612 [diei
1610 559 1753 616 illius
1791 562 1844 616 in
1870 560 2029 620 Creta
2066 565 2151 621 in-

555 641 673 696 sula
694 642 855 709 antri,
877 642 966 696 ubi
991 644 1222 713 gentiles
1250 662 1371 702 cum
1400 658 1582 703 natum
1606 666 1669 707 ac
1695 654 1961 724 sepultum
1990 655 2154 714 fuisse

555 734 960 804 praedicabant?
986 735 1254 809 Numquid
1283 746 1689 817 amore'patrite
1731 746 1784 802 in
1814 749 1993 804 odium
2025 765 2155 807 con-

555 840 732 894 verso,
766 842 956 897 passus
984 838 1068 884 est
1097 829 1298 886 Cretam
1322 849 1490 900 suam,
1520 846 1576 909 ut
1603 838 1839 910 loquitur
1866 841 2154 899 Tertullia-

469 916 481 977 _'
556 934 658 983 nus
708 918 901 993 (Ibid.)
935 963 951 989 ,
1007 922 1255 981 Romanis
1305 928 1527 997 fascibus
1596 940 1651 987 et
1695 936 1858 989 armis
1911 937 2159 992 concuti?

556 1011 825 1085 Numquid
854 1029 920 1070 ex
952 1019 1213 1074 memoria
1259 1035 1472 1093 quoque
1517 1023 1657 1080 illius
1707 1028 2022 1085 exciderant
2049 1014 2159 1088 aera

556 1103 903 1177 Corybantia,
943 1123 1172 1179 quorum
1204 1112 1457 1184 clangore
1495 1130 1558 1171 ac
1601 1119 1778 1174 sonitu
1827 1120 2156 1179 inhumanis-

559 1198 694 1255 siina
740 1200 907 1269 patris
948 1201 1065 1271 ejus
1106 1202 1361 1273 Saturni,
1404 1207 1664 1266 devorare
1709 1212 1856 1268 illum
1906 1216 2157 1287 volentis,

560 1287 747 1346 ieritas
782 1291 930 1348 elusa
970 1296 1093 1349 eSt?
1128 1296 1396 1368 Numquid
1431 1302 1645 1359 tandem
1683 1305 1982 1362 voluntaria
2026 1308 2163 1364 obli-

560 1383 722 1440 vione
772 1387 1026 1443 obruerat
1063 1391 1500 1456 iucundissimum
1529 1397 1637 1453 illic
1665 1402 1875 1457 nutricis
1900 1419 2009 1458 suw
2033 1403 2161 1459 odo-

560 1493 668 1532 rem
709 1478 939 1553 (Ibid)?
967 1483 1073 1539 Sed
1103 1486 1349 1543 dubitant
1381 1491 1564 1561 plures
1594 1510 1713 1565 qum
1753 1494 1910 1552 fuerit
1950 1499 2037 1553 illa
2068 1515 2166 1555 nu-

563 1572 702 1641 tris,
737 1574 985 1645 illiusque
1034 1578 1169 1634 odor
1220 1582 1657 1651 iucundissimus.
1708 1588 1943 1656 Quidam
1987 1601 2165 1647 autem

563 1669 902 1736 suspicantur
921 1670 1304 1729 Tertullianum
1329 1675 1411 1731 bis
1438 1678 1613 1733 verbis
1636 1680 1877 1739 alludere
1899 1683 1966 1738 ad
1987 1685 2170 1739 Amal-

2254 478 2323 533 ab
2350 494 2417 535 eo
2459 482 2673 550 citatus,
2725 484 2839 541 inec
2884 491 3229 557 pronuntiant
3261 511 3273 548 :
3308 493 3459 550 Nihil
3498 498 3556 566 fit
3585 478 3741 554 extrui
3777 478 3866 572 fa-

2260 578 2479 627 tum.....
2531 572 2645 630 Hoc
2682 577 2833 632 sentit
2880 577 3156 650 Homerus,
3202 600 3318 639 cum
3358 599 3652 657 querentem
3678 590 3862 647 Jovem

2256 662 2482 733 inducit,
2512 669 2649 752 quod
2673 669 3025 741 Sarpedonem
3055 675 3218 744 ﬁlium
3259 695 3291 731 a
3338 691 3498 735 morte
3527 683 3724 752 eripere
3759 701 3865 740 non

2259 760 2443 821 posset.
2469 749 2581 816 Hoc
2599 762 2733 818 idem
2752 764 3007 836 signiﬁcat
3023 784 3222 839 gratcus
3240 769 3328 826 ille
3349 771 3403 827 in
3430 789 3543 828 eam
3561 749 3866 833 sententiam

2258 864 2428 905 versus
2454 868 2472 906 ἔ

2416 962 2555 1024 Quod
2576 965 2682 1019 fore
2704 973 2924 1034 parabim
2950 972 3109 1037 esqid
3124 986 3368 1027 summum
3389 978 3863 1042 exsuperatJovem.

2263 1088 2435 1151 Simili
2464 1107 2677 1164 quoque
2713 1096 2876 1152 modo
2917 1098 3119 1155 Seneca
3148 1100 3455 1173 :-Quidquid
3495 1112 3563 1159 est
3598 1108 3735 1177 quod
3763 1124 3866 1163 nos

2263 1184 2336 1239 sic
2380 1185 2542 1241 vivere
2565 1189 2753 1257 jussit,
2794 1191 2866 1245 sic
2894 1186 3063 1260 mori;
3083 1193 3260 1249 eadem
3312 1198 3599 1253 necessitate
3642 1210 3688 1254 et
3734 1201 3867 1257 deos

2265 1278 2461 1350 alligat.
2501 1278 2854 1338 Irrevocabilis
2883 1284 3111 1341 humana
3135 1287 3330 1358 pariter
3369 1305 3429 1343 ac
3473 1290 3652 1345 divina
3682 1309 3869 1347 cursus

2266 1372 2415 1425 vellit.
2447 1370 2549 1428 Ille
2573 1374 2681 1445 ipse
2704 1378 2931 1431 omnium
2966 1379 3198 1434 conditor
3225 1398 3285 1435 ac
3322 1392 3489 1437 rector
3524 1384 3725 1453 scripsit
3749 1385 3870 1455 qui-

2269 1464 2384 1519 dem
2404 1468 2540 1537 fata,
2573 1468 2663 1522 sed
2687 1470 2945 1539 sequitur;
2966 1489 3164 1542 semper
3187 1483 3360 1543 paret,
3386 1477 3542 1531 semel
3568 1477 3719 1544 iussit
3740 1477 3869 1549 (Se-

2270 1575 2379 1615 nec.
2412 1559 2499 1614 lib.
2530 1561 2592 1616 de
2621 1561 2859 1618 Provide.
2885 1581 3000 1635 cap.
3031 1566 3084 1621 5.
3119 1584 3240 1637 pag.
3267 1568 3424 1640 501).⁴
3458 1568 3591 1625 lude
3631 1586 3870 1641 gratcutn

2271 1651 2401 1708 illud
2422 1651 2692 1725 adagium,
2714 1661 2905 1730 Ανάγχῃ
2934 1662 3038 1713 οὐδὲ
3061 1665 3155 1712 θεοὶ
3180 1663 3442 1730 pagana.
3474 1659 3780 1719 Necessitati
3809 1677 3875 1717 ne

566 1758 706 1815 theae
735 1775 923 1829 cornu,
948 1779 1012 1818 ex
1041 1781 1148 1835 quo
1180 1777 1363 1822 nectar
1390 1780 1447 1824 et
1469 1772 1736 1827 ambrosia
1763 1758 2074 1831 efﬂucbaut.
2101 1780 2168 1833 At
2196 1782 2247 1843 B
2274 1743 2567 1843 dii_q_"id_c_'"_'
2595 1747 2854 1843 "esi-5mm]
2890 1748 3095 1835 “(195's
3125 1749 3331 1807 Eram“
3361 1769 3413 1806 m
3445 1750 3552 1809 hoc
3576 1752 3829 1825 adagium
3854 1794 3874 1820 ’

568 1866 702 1907 vana
738 1854 1115 1941 proculdubio
1139 1868 1222 1913 est
1247 1858 1363 1916 ha-c
1403 1863 1658 1932 suspicio.
1685 1864 1874 1935 Agitur
1901 1869 2163 1943 siquidem

569 1944 638 2001 dc
663 1945 810 2001 Jovis
855 1938 1085 2016 nutrice,
1124 1967 1284 2021 quam
1315 1955 1402 2008 alii
1435 1971 1650 2026 capram
1680 1959 2038 2029 Amaltheam,
2076 1962 2166 2016 alii

568 2034 880 2110 Nymphas,
915 2041 1028 2098 sive
1053 2043 1249 2100 Melissi
1275 2047 1450 2104 Creta:
1490 2051 1633 2121 regis
1665 2049 1801 2107 ﬁlias
1828 2067 1951 2108 esse
1979 2055 2169 2124 Opina-

568 2130 779 2185 bantur.
797 2131 1153 2191 Posteriorem
1182 2138 1358 2209 itaque
1387 2138 1527 2196 hanc
1556 2143 1863 2212 opinionem
1891 2145 1936 2199 si
1967 2146 2168 2202 Auctor

570 2232 754 2277 noster
800 2235 1015 2282 secutus
1036 2232 1152 2294 est,
1182 2230 1317 2285 odor
1348 2231 1738 2303 Nympharum,
1781 2251 1898 2306 qua:
1929 2236 2089 2293 melle
2115 2246 2171 2294 et

570 2314 711 2370 lacte
762 2315 952 2389 Jovem
995 2320 1193 2377 aluisse
1241 2322 1591 2391 ferebantur,
1646 2336 1793 2383 recte
1840 2327 1947 2383 dici
2001 2332 2171 2401 potuit

564 2408 1008 2479 iucundissimus.
1060 2415 1155 2470 Sin
1204 2431 1330 2471 vero
1357 2417 1424 2471 ad
1454 2419 1708 2488 priorem,
1738 2429 1794 2475 ut
1828 2424 2170 2479 verisimilius

568 2511 670 2568 est,
702 2507 1032 2575 reSpexerit,
1062 2525 1166 2563 non
1194 2510 1312 2566 sine
1346 2511 1513 2566 ironia
1545 2513 1803 2569 insulsam
1834 2518 2068 2588 exagitat
2090 2518 2171 2573 di-

572 2595 847 2653 \‘iuilatent
890 2599 1060 2672 Juvis,
1094 2603 1185 2672 qui
1210 2619 1387 2675 caprae
1414 2607 1555 2663 male
1584 2608 1779 2664 olentis
1806 2611 1887 2666 lac
1916 2624 2167 2679 suxerat,

528 2678 529 2681 “
569 2703 670 2743 nec
717 2698 925 2759 poterat
994 2695 1239 2749 teterrini
1286 2696 1450 2752 'illius
1492 2698 1673 2755 odoris
1718 2700 1980 2759 oblivisci.
2012 2706 2171 2777 Atqui

568 2779 737 2848 illius,
771 2782 1064 2854 patriaque
1094 2801 1205 2841 suae
1233 2786 1410 2844 Creta:
1435 2832 1448 2856 ,
1477 2792 1520 2844 si
1551 2808 1761 2848 memor
1788 2811 2003 2865 semper
2031 2797 2130 2853 luit
2151 2841 2167 2866 ,

570 2871 709 2928 hanc
756 2876 1017 2945 Capitolio
1060 2888 1390 2949 anteponere
1432 2881 1682 2951 debebat,
1725 2901 1788 2941 ac
1824 2885 2172 2945 Cretensibus

526 2995 532 3000 -
572 2967 787 3036 potius,
814 2984 972 3038 quam
1006 2969 1281 3039 Romanis,
1313 2974 1443 3031 dare
1470 2978 1632 3033 totius
1657 2980 1839 3037 mundi
1866 2980 2169 3052 imperium.

572 3057 649 3123 De
674 3058 816 3113 illius
841 3074 1005 3129 porro
1028 3070 1167 3127 ortu,
1197 3065 1520 3135 nutricibus,
1550 3069 1877 3127 educatione
1917 3083 1973 3128 et
2001 3073 2172 3143 sepul-

571 3163 665 3204 cro
690 3149 816 3204 alibi
842 3150 1194 3209 disseruimus
1220 3154 1513 3225 (Dissertal.
1541 3160 1593 3215 in
1625 3159 1813 3217 Minut.
1842 3162 2023 3220 Octav.
2046 3181 2163 3235 cap.
2196 3173 2243 3238 ε

574 3241 660 3298 15.
692 3251 791 3296 art.
824 3242 903 3315 2);

636 3333 779 3403 Quid
808 3352 936 3393 vero
962 3337 1120 3410 hujus
1144 3339 1292 3397 Jovis
1318 3357 1472 3398 soror
1498 3352 1552 3399 ct
1580 3345 1775 3417 conjux
1801 3346 1986 3405 Juno?
2014 3350 2179 3407 Num-

574 3428 705 3499 quid
731 3430 916 3499 vellet,
957 3432 1032 3488 ait
1057 3434 1439 3506 Tertullianus,
1475 3436 1724 3495 Punicam
1750 3441 1924 3498 urbem
1951 3445 2178 3503 Cartha-

580 3520 758 3591 ginem
789 3523 852 3576 ab
882 3523 1246 3582 zEneadarum
1268 3529 1440 3600 utique
1462 3542 1609 3602 gente
1636 3532 1875 3605 (Tertull.
1905 3537 2175 3611 Apologel.

573 3629 689 3683 cap.
717 3615 810 3681 25,
845 3633 900 3686 p.
937 3617 1040 3672 427
1068 3628 1114 3673 et
1136 3621 1224 3674 lib.
1252 3621 1294 3675 ll
1326 3626 1396 3676 ad
1426 3623 1641 3680 Nation.
1674 3645 1790 3700 cap.
1826 3631 1916 3700 l7)
1943 3674 1958 3699 ,
1990 3632 2043 3688 id
2071 3643 2175 3702 est,

572 3703 832 3760 Romanis
875 3706 1081 3763 deleri?
1124 3710 1313 3767 Nonne
1357 3715 1501 3769 illam
1554 3719 1738 3775 urbem
1788 3722 1887 3778 sibi
1928 3725 2179 3783 dilectam

580 3798 813 3868 prtctulit
850 3797 1012 3855 Samo
1035 3844 1051 3867 ,
1084 3804 1172 3857 ubi
1201 3805 1426 3862 educata
1451 3851 1465 3876 ,
1498 3821 1591 3865 aut
1624 3812 1741 3868 Jovi
1772 3825 1936 3888 nupta
1964 3819 2136 3881 fuerat
2159 3863 2177 3891 ,

577 3889 653 3944 uti
723 3889 889 3962 liquet
951 3894 1033 3949 his
1098 3896 1305 3969 Virgilii
1373 3904 1743 3977 carminibus,
1813 3914 2008 3979 partim
2063 3889 2181 3971 tan;-

577 3992 689 4039 tum
743 4000 806 4041 ac
852 3987 1012 4044 tacito
1051 3992 1285 4048 auctoris
1337 3983 1555 4053 nomine
1598 3998 1666 4055 ab
1712 4002 1949 4062 Auctore
1992 4016 2185 4066 nostro

578 4077 757 4135 citatis
785 4097 799 4134 :

734 4214 1037 4295 Quantun
1058 4220 1215 4295 fertur
1238 4226 1387 4295 terris
1415 4228 1814 4295 magispmnibus
1827 4245 1991 4295 uuam,

731 4278 1009 4355 Rostliabita
1033 4283 1241 4355 coluisse
1257 4285 1417 4338 Samo.
1442 4278 1870 4355 Hicilliuswarma,

732 4339 825 4421 ille
844 4356 1018 4421 curius
1041 4346 1129 4419 luit
1149 4361 1161 4394 :
1292 4339 1501 4412 regnum
1519 4339 1870 4421 derigentibus,
1891 4371 2023 4421 esse,

734 4403 786 4454 Si
813 4418 908 4475 qua
932 4404 1030 4458 fata
1051 4410 1228 4470 sinant,
1244 4403 1471 4472 jam‘ium
1493 4403 2025 4486 tendii’queiov'et'q-ue:

1048 4516 1273 4586 (Virgil,
1295 4522 1378 4575 lib.
1404 4532 1421 4573 ι
1447 4525 1664 4591 ιΕηεὶά.,
1686 4542 1735 4579 υ.
1760 4530 1821 4581 l9
1836 4537 1880 4582 et
1899 4534 2057 4599 seqq.)

2274 1844 2327 1891 et
2353 1835 2517 1907 Lipsii
2545 1839 2595 1892 in
2632 1839 2793 1895 citata
2820 1832 3043 1897 Senecae
3074 1843 3235 1899 verba
3262 1846 3696 1904 observationes.
3738 1848 3879 1906 Vide

2270 1928 2430 1982 etiam
2460 1929 2703 1985 Vossium
2729 1930 2748 2002 (
2765 1931 2934 2001 Voss.,
2960 1934 3047 1993 lib.
3078 1932 3124 1989 Il
3151 1937 3214 1991 de
3237 1938 3368 2009 orig.
3398 1949 3445 1992 et
3469 1956 3644 2012 progr.
3677 1938 3875 1995 Idolol.

2270 2034 2385 2089 cap.
2434 2019 2526 2088 44,
2577 2038 2697 2094 pag.
2739 2022 2848 2077 276
2887 2034 2933 2079 et
2974 2025 3159 2097 seqq),
3190 2035 3245 2082 et
3268 2041 3353 2095 ea,
3396 2029 3442 2083 si
3474 2031 3629 2098 velis,
3668 2048 3788 2102 qua:
3817 2032 3879 2088 in

2272 2122 2453 2168 nostra
2485 2116 2535 2169 in
2561 2114 2845 2171 Minutium
2884 2117 3123 2176 Felicem
3149 2120 3216 2176 de
3265 2122 3408 2186 lato,
3440 2128 3574 2179 etin
3613 2136 3878 2198 sequente

2271 2205 2340 2262 de
2363 2204 2495 2263 Jove
2517 2214 2571 2262 et
2592 2206 2803 2269 lunone
2832 2211 3305 2269 animadvertimus
3333 2213 3626 2288 (Dissertat.
3668 2220 3723 2273 in
3764 2218 3880 2274 Mi-

2235 2323 2245 2333 ν
2272 2308 2381 2352 nut.
2419 2300 2595 2355 Octav.
2629 2318 2744 2372 cap.
2783 2302 2837 2371 6,
2869 2311 2967 2359 art.
3001 2305 3055 2370 5;
3084 2314 3129 2360 et
3155 2303 3378 2362 Dissert.
3402 2309 3456 2363 in
3481 2308 3721 2387 ’Lactant.
3755 2328 3877 2384 cap.

2272 2393 2368 2459 51,
2397 2403 2502 2459 art.
2521 2393 2600 2465 4).

2343 2485 2399 2541 Si
2448 2485 2587 2541 Juno
2638 2487 2799 2560 igitur
2846 2498 3005 2559 atque
3055 2491 3168 2562 ipse
3191 2492 3405 2565 Jupiter
3445 2494 3625 2567 diique
3663 2512 3883 2566 omnes.

2273 2577 2560 2635 fatentibus
2589 2582 2838 2648 ethnicis,
2870 2584 2978 2639 l'ato
3016 2585 3121 2641 sint
3148 2587 3390 2657 obnoxii,
3444 2592 3639 2647 nullum
3682 2592 3884 2662 procul

2274 2670 2436 2726 dubio
2466 2686 2707 2737 romano
2757 2670 2982 2748 imperio
3030 2677 3427 2737 incrementum
3475 2683 3602 2740 dare
3638 2700 3886 2756 unquam

2274 2772 2587 2832 potuerunt.
2640 2764 2772 2821 Jove
2820 2769 2965 2824 enim
2994 2769 3203 2843 diisque
3247 2774 3498 2831 omnibus
3523 2776 3573 2831 si
3607 2778 3886 2848 potentius

2274 2855 2345 2910 sit
2391 2856 2580 2923 fatum,
2612 2859 2811 2915 ethnici
2859 2861 3000 2931 fatis,
3033 2865 3107 2919 ait
3131 2864 3493 2923 Tertullianus
3520 2870 3540 2940 (
3563 2869 3884 2951 Tertullum.

2274 2947 2539 3021 Apologet.
2567 2967 2684 3021 cap.
2706 2952 2792 3019 25,
2817 2973 2870 3036 p.
2894 2954 3044 3036 428),
3064 2957 3359 3015 dedentibus
3374 2960 3467 3015 sibi
3480 2947 3843 3036 Carthaginem
3862 3004 3883 3030 ,

2275 3040 2509 3110 majores
2533 3044 2771 3114 profecto
2793 3026 3024 3103 honores
3046 3048 3257 3107 deferre
3275 3050 3559 3121 debebant,
3585 3070 3653 3125 qu
3664 3026 3753 3109 am
3778 3026 3889 3110 Ju;
3934 3076 3947 3079 -

2274 3134 2425 3200 noni,
2473 3149 2536 3189 ac
2602 3138 3053 3205 prostitutissimae
3091 3141 3232 3213 lupae
3285 3144 3603 3214 Larentinae,
3657 3146 3724 3202 de
3767 3161 3890 3219 qua

2282 3225 2441 3295 paulo
2469 3235 2602 3282 ante
2632 3228 3002 3286 disseruimus.
3036 3231 3252 3290 Falsum
3295 3246 3378 3293 est
3415 3238 3568 3309 igitur
3605 3237 3893 3297 Romanos

2280 3331 2469 3388 magna
2500 3318 2553 3373 in
2596 3318 2885 3388 lunonem,
2913 3322 3099 3380 Jovem
3151 3326 3394 3401 aliosque
3438 3329 3569 3387 deos
3612 3346 3765 3396 suos,
3796 3342 3895 3389 aut

2282 3411 2595 3466 vernaculos
2620 3420 2713 3467 aut
2754 3414 3038 3483 accititios,
3069 3418 3263 3489 pietate
3293 3422 3555 3486 meruisse
3596 3425 3759 3482 tou'us
3800 3439 3898 3482 or-

2280 3500 2364 3557 bis
2388 3508 2546 3559 terra:
2568 3503 2925 3564 dominatum.
3516 3518 3521 3523 ’

2885 3641 3181 3699 Αιιτιευιυε
3219 3629 3277 3686 it.

2285 3761 2529 3832 Romanis
2556 3764 2733 3820 datum
2759 3783 2858 3822 non
2900 3770 3056 3840 fuisse
3098 3771 3159 3825 ob
3208 3788 3355 3827 suout
3401 3774 3455 3827 in
3485 3775 3605 3830 deos
3650 3775 3895 3848 pietatem

2354 3858 2644 3930 imperium,
2673 3861 2810 3932 quod
2846 3863 3118 3933 fundatum
3165 3865 3349 3935 fuerat,
3404 3876 3672 3937 antequam
3711 3866 3897 3925 Numa

2352 3951 2539 4019 uarios,
2563 3953 2651 4022 qui
2670 3952 3010 4025 explicantur,
3040 3957 3240 4012 eosdem
3268 3958 3390 4013 deos
3413 3961 3614 4014 colendi
3650 3960 3780 4015 ritus
3803 3961 3895 4015 in-

2352 4043 2609 4110 stituisset,
2639 4055 2729 4098 aut
2751 4045 2998 4116 fabricata
3019 4049 3232 4120 fuissent
3254 4050 3465 4107 deorum
3486 4051 3788 4124 simulacra,
3807 4053 3896 4108 stl-
3976 4108 3993 4119 κ

2355 4132 2534 4205 iusque
2563 4136 2741 4192 Ruina:
2760 4148 2885 4194 esset
2904 4140 3049 4196 deus.

2352 4280 2489 4338 Aliis
2516 4283 2692 4342 adhuc
2735 4286 3004 4344 rationum
3050 4291 3340 4349 momentis
3386 4255 3748 4351 Tertullianus
3792 4294 3896 4352 de-

2284 4376 2892 4470 monstrat(Tertullian.
2915 4381 3202 4455 Apologet.,
3222 4401 3339 4456 cap.
3367 4385 3458 4451 25,
3504 4405 3559 4465 ρ.
3599 4387 3733 4461 499)
3771 4387 3891 4445 Ro-

2284 4479 2474 4521 manos
2502 4482 2607 4523 non
2635 4470 2878 4539 patuisse
2902 4472 2971 4529 ab
2991 4472 3103 4533 ullo
3138 4490 3361 4545 prorsus
3393 4477 3498 4534 deo
3520 4494 3622 4535 suo
3648 4489 3740 4535 aut
3762 4493 3893 4535 om-

2206 4570 2265 4633 n
2286 4557 2443 4615 nibus
2467 4560 2586 4619 aliis
2613 4562 2858 4632 accipere
2888 4564 3192 4635 imperium,
3224 4577 3318 4623 aut
3348 4569 3511 4624 ullam
3541 4568 3727 4626 (inium
3767 4571 3897 4643 ejus

584 4640 782 4701 Verum
833 4649 1017 4705 misera
1063 4634 1298 4721 illa,'ait
1342 4655 1519 4714 adhuc
1562 4658 1945 4732 Tertullianus,
1995 4668 2169 4738 conjua

2287 4653 2745 4725 propagationem.
2775 4634 3099 4719 Certnmrest
3124 4662 3277 4721 enim
3311 4662 3493 4733 plures
3521 4634 3897 4723 Romanorum

581 4737 727 4796 Jovis
774 4750 823 4795 et
863 4759 1027 4811 soror,
1065 4750 1408 4818 quantumvis
1451 4754 1713 4810 amaverit
1760 4755 2181 4829 Carthaginem,

2286 4742 2439 4811 deos,
2495 4744 2808 4817 Saturnum,
2863 4749 3077 4821 Jovem,
3121 4753 3362 4826 aliosque
3399 4738 3662 4812 summam
3688 4770 3897 4814 conse-

462 5192 481 5203 I
585 5120 695 5188 fato
717 5159 731 5185 ,
764 5119 939 5189 pergit
972 5122 1173 5176 Auctor
1201 5129 1403 5189 noster,
1431 5133 1530 5179 stat
1569 5125 1774 5195 Jupiter
1801 5130 1910 5201 ipse
1940 5129 2183 5200 (Tertull.

584 4847 692 4888 non
747 4834 920 4903 potuit
975 4845 1151 4895 tamen
1206 4840 1467 4911 impedire
1515 4848 1801 4916 quominus
1849 4863 1879 4903 a
1926 4848 2169 4907 Romani:

2287 4847 2440 4895 cutos
2490 4839 2654 4898 fuisse
2705 4843 2905 4915 regiam
2962 4854 3299 4915 potestatem.
3336 4848 3432 4911 Dic
3458 4865 3616 4922 ergo,
3640 4850 3827 4915 sodes,
3857 4864 3897 4909 a

584 4938 939 4985 everteretur.
995 4931 1140 4987 Nihil
1193 4935 1391 5006 quippe
1454 4939 1695 4995 adversus
1752 4940 1967 4999 funesta
2025 4944 2169 5016 hujus

2282 4930 2477 5015 quibus
2504 4931 2624 4988 aliis
2651 4932 2775 5001 diis,
2808 4949 2944 5006 quos
2972 4936 3292 5005 coluerunt,
3340 4940 3489 4997 illam
3538 4940 3901 5012 acceperint?

586 5018 733 5075 urbis
759 5020 869 5091 fata
899 5023 1078 5078 valuit.
1108 5024 1218 5081 Nec
1248 5026 1300 5081 id
1340 5042 1471 5085 sane
1497 5031 1835 5093 mirandum:
1866 5035 1988 5105 quia
2027 5036 2169 5107 plant

2286 5024 2554 5099 Numquid
2585 5027 2815 5085 Saturno
2843 5029 2969 5087 data
2996 5042 3081 5088 est
3121 5048 3150 5089 a
3198 5033 3458 5091 vilissimo
3485 5035 3716 5106 quodam
3741 5033 3905 5093 Ster-

2287 5129 2430 5197 culo,
2462 5129 2529 5189 de
2546 5146 2650 5202 quo
2667 5131 2825 5202 paulo
2861 5142 2989 5189 ante
3014 5126 3366 5190 dicebamus?
3393 5135 3498 5192 Sed
3531 5135 3577 5191 is
3605 5135 3740 5190 vixit
3765 5140 3905 5206 post

584 5211 739 5280 Apol.
789 5227 835 5266 c.
865 5212 936 5268 25
964 5256 976 5281 ,
1006 5232 1060 5285 p.
1089 5214 1240 5287 428).
1265 5217 1456 5275 Nonne
1484 5233 1612 5275 vero
1651 5219 1868 5277 ell‘atum
1899 5222 2031 5279 illud
2057 5225 2191 5283 satis
2290 5222 2601 5280 Saturnum.
2630 5224 2815 5281 Nullus
2857 5237 3036 5282 autem
3083 5228 3299 5297 gentilis
3324 5228 3503 5284 dicere
3530 5243 3767 5300 unquam
3794 5241 3907 5299 po-

585 5312 767 5371 aperte
797 5304 1145 5363 confirmatur
1175 5309 1439 5380 Apollinis
1474 5311 1709 5383 Delphici
1750 5312 1820 5370 ad
1846 5313 2023 5371 Crassi
2052 5332 2188 5373 nun-
2291 5316 2389 5372 tuit
2417 5317 2536 5387 quis
2574 5316 2713 5372 alius
2741 5317 2875 5373 deus
2898 5333 3127 5411 regnum
3157 5318 3234 5374 illi
3260 5318 3488 5375 dederit.
3515 5320 3588 5375 At
3613 5318 3759 5375 nulla
3787 5332 3907 5411 po-

586 5392 695 5447 tios
721 5409 1004 5466 responso,
1036 5398 1182 5469 quod
1210 5398 1293 5455 his
1325 5401 1652 5474 totidemque
1677 5405 1852 5461 verbis
1883 5405 2191 5473 Herodotus
2289 5411 2395 5468 tior
2421 5419 2505 5468 est
2526 5411 2663 5467 ratio
2714 5425 2812 5467 cur
2862 5410 2933 5466 ab
2959 5410 3138 5484 aliquo
3186 5411 3292 5470 deo
3342 5410 3601 5468 Romanis
3650 5406 3903 5469 concés-

585 5487 767 5544 retulit
786 5532 800 5555 ,
830 5503 919 5552 τῆν
943 5504 1247 5568 πεπρωμένην
1272 5498 1487 5554 ἀδύνατά
1524 5506 1649 5555 ἔστιν
1674 5502 1927 5573 ἀπθφυγιῖν
1949 5506 2033 5557 καὶ
2059 5512 2146 5575 θεῷ
2168 5522 2169 5554 ἲ

2292 5521 2411 5563 sum
2440 5505 2667 5563 dicatur.

587 5579 791 5637 Sortem
834 5585 941 5654 [ato
971 5582 1273 5643 destinatam
1302 5590 1541 5663 defugere
1574 5593 1668 5649 deo
1712 5611 1906 5667 quoque
1937 5596 2179 5667 impossi-
2354 5598 2565 5656 Deinde
2578 5613 2708 5655 vero
2723 5597 3126 5671 fundatumth
3161 5599 3442 5670 imperium
3465 5597 3677 5654 illorum
3703 5604 3843 5675 ante
3862 5623 3909 5645 ε-

586 5672 687 5729 bile
709 5673 982 5748 (Herodot.
1009 5680 1096 5735 lib.
1128 5680 1165 5748 Ι,
1193 5678 1221 5754 §
1250 5680 1363 5752 9t).
1384 5683 1460 5764 De
1488 5684 1605 5755 ipso
1624 5696 1802 5743 autem
1831 5687 1962 5744 Jove
1991 5688 2185 5747 Cicero
2290 5707 2447 5764 quam
2477 5692 2697 5750 deorum
2722 5692 2899 5748 cultus
2920 5691 3104 5748 Boium
3128 5693 3401 5748 institutus
3425 5691 3630 5747 luisset.
3660 5672 3887 5746 Etenim

589 5762 776 5835 (Cicer.
805 5768 893 5825 tib.
922 5768 968 5826 Il
997 5771 1060 5827 de
1084 5771 1240 5829 divin.
1266 5760 1388 5845 pag.
1419 5774 1545 5846 281,
1579 5777 1672 5835 lin.
1698 5778 1797 5852 44)
1836 5787 1891 5838 et
1919 5779 2185 5851 Homerus
2286 5760 2321 5841 ll
2347 5779 2540 5856 Numa,
2562 5784 2735 5857 inquit
2761 5784 3121 5845 Tertullianus
3151 5780 3363 5858 (Ibid),
3396 5789 3657 5857 concepta
3676 5788 3754 5840 ut
3788 5788 3911 5854 9&-
