4212 6262
336 326 486 391 N93

1473 318 1930 382 DISSERTATIO
1967 321 2034 379 D.
2072 320 2163 381 LE
2199 320 2511 382 NOURRY.

3487 322 3649 385 [1196

339 446 550 505 riositas
575 442 951 516 superstitiosa,
1001 440 1057 498 id
1081 448 1183 506 est,
1231 436 1445 509 religio,
1497 448 1556 496 et
1603 437 1932 510 superstitio,
1962 438 2016 503 Α
2042 437 2151 507 ille,
2182 449 2239 495 ut
2267 440 2391 495 alibi
2417 439 2749 497 ostendimus
2789 440 2933 513 (tom.
2961 440 3013 495 Ι.
3037 440 3288 514 Apparat.
3326 458 3445 515 pag.
3479 442 3584 499 755
3614 484 3630 499 .

340 556 465 613 (μω
491 554 655 610 prava
702 550 1064 609 perversaque
1100 549 1231 592 cura
1273 531 1427 589 falsis
1460 531 1564 589 diis
1588 531 1935 604 impenditur.

339 632 448 689 Sed
476 646 635 702 quam
699 637 852 699 putas
877 626 950 683 ob
986 640 1233 682 caussam
1284 623 1352 683 ab
1387 624 1479 681 illo
1503 624 1798 680 constituta
1824 622 1942 679 est?

340 708 575 781 Consule
605 720 815 777 Livium
846 720 983 791 (Liv.
1017 720 1107 774 lib.
1138 717 1196 788 Ι,
1233 717 1265 790 §
1312 717 1381 774 i9
1424 726 1471 773 et
1524 716 1707 789 ακρῳ),
1739 715 1939 771 Eutro-

338 817 487 888 pium
521 815 762 889 (Eutrap.
788 813 876 867 lib.
917 810 936 866 1
969 810 1226 879 Breviar.,
1257 827 1378 884 pag.
1410 810 1526 880 64),
1557 809 1799 879 aliosque
1823 807 1937 864 Ro-

339 923 515 965 manae
559 907 801 964 historice
847 905 1161 975 scriptores,
1193 903 1397 973 tibique
1415 901 1852 973 respondebunt:
1882 906 1942 956 ut

338 1003 593 1060 oneratos
624 1043 641 1069 ,
667 1016 732 1057 ac
777 998 1043 1058 militares
1090 996 1463 1053 Romanorum
1517 994 1744 1061 animos,
1794 1002 1939 1052 metu

339 1094 614 1167 religionis
638 1108 703 1149 ac
731 1091 957 1148 deorum
985 1089 1308 1156 contineret,
1357 1088 1773 1159 perpoliretque.
1805 1086 1938 1155 Qui-

337 1201 609 1245 namvero
624 1228 639 1251 ,
659 1184 853 1241 amabo
876 1193 948 1248 te,
967 1190 1122 1239 erant
1140 1181 1299 1251 primi
1322 1179 1403 1235 illi
1433 1180 1689 1237 Romana:
1718 1178 1938 1249 religio-

336 1282 423 1337 nis
446 1281 613 1336 ritus?
646 1277 915 1341 Nondum,
945 1276 1022 1331 ait
1052 1276 1253 1331 Auctor
1277 1283 1479 1341 noster,
1510 1282 1597 1333 aut
1626 1274 1933 1340 simulacris,

335 1386 425 1430 aut
468 1372 669 1444 templis
690 1388 769 1426 res
798 1370 969 1424 divina
996 1368 1137 1441 apud
1164 1368 1426 1427 Romanos
1442 1364 1724 1429 constabat,
1744 1380 1935 1436 quent-

335 1466 631 1523 ndmodum
680 1461 804 1519 alibi
836 1460 1243 1534 explicavimus.
1272 1460 1362 1521 ubi
1416 1459 1739 1529 templorum
1772 1458 1936 1517 simu-

340 1546 721 1629 lacrorumque
770 1554 1211 1625 iuvestigavimus
1270 1551 1535 1622 originem
1585 1549 1932 1624 (Tertullian.

340 1653 637 1725 ApologeL,
665 1666 781 1721 cap.
812 1648 949 1714 450,
966 1663 1086 1718 pag.
1115 1645 1184 1700 27
1200 1653 1261 1700 et
1289 1660 1427 1715 seqq.
1473 1652 1520 1705 et
1545 1642 1633 1698 lib.
1665 1641 1695 1696 Ι
1722 1643 1793 1703 ad
1822 1641 1935 1703 Na-

338 1746 466 1817 tio».
495 1786 510 1809 ,
563 1760 678 1813 cap.
727 1742 815 1807 l7,
851 1755 971 1812 pag.
1004 1736 1109 1794 585
1137 1780 1150 1802 ,
1184 1735 1333 1793 Tant.
1366 1736 1407 1791 ι.
1436 1737 1683 1811 Apparet.
1713 1736 1805 1797 lib.
1846 1734 1934 1802 ιιι,

334 1820 591 1895 dissentit.
618 1837 669 1901 1,
695 1851 812 1907 cap.
846 1834 877 1887 7
908 1842 951 1886 et
981 1831 1035 1897 8,
1224 1830 1325 1887 in
1354 1838 1403 1883 et
1430 1826 1616 1900 seua).

402 1932 536 1986 Tum
563 1934 725 1986 etiam
754 1928 916 1991 nulla,
949 1926 1089 1981 sicut
1129 1923 1220 1980 ille
1243 1924 1412 1994 pergil
1435 1920 1623 1993 (lbid.,
1652 1938 1772 1995 pag.
1802 1920 1923 1994 28),

327 2023 585 2093 Capitolia
627 2021 876 2075 certantia
901 2018 1048 2083 caelo,
1080 2016 1133 2072 id
1162 2025 1267 2083 est,
1296 2014 1531 2071 nondum
1555 2023 1926 2073 constructum

323 2115 497 2170 fuerat
552 2114 807 2183 templum
860 2111 1243 2181 Capitolinum,
1307 2108 1445 2166 adeo
1497 2109 1813 2180 superbum,
1865 2121 1925 2167 ut

323 2224 477 2265 suum
511 2208 577 2263 ad
605 2208 774 2264 ctelos
792 2222 968 2278 usque
995 2208 1208 2265 culmen
1230 2205 1477 2261 attollere
1502 2204 1795 2261 videretur.
1825 2202 1923 2261 Nev

322 2317 426 2372 que
467 2301 737 2372 putaveris
764 2300 902 2354 hanc
930 2314 1052 2355 esse
1103 2299 1268 2353 animi
1299 2299 1352 2353 iu
1402 2297 1649 2353 ethnicos
1695 2297 1920 2353 nimium

322 2394 513 2451 infensi
545 2393 1037 2465 exaggerationem.
1072 2391 1207 2447 Nam
1236 2391 1513 2457 Martialis,
1539 2400 1594 2447 et
1616 2392 1730 2461 ipse
1749 2391 1922 2447 ethni-

320 2500 441 2556 cus,
473 2486 660 2542 eadem
686 2485 772 2541 his
795 2484 1039 2540 versibus
1063 2484 1257 2540 cecinit
1285 2500 1299 2537 :

446 2597 551 2649 Nec
573 2596 817 2661 capitolini
841 2609 1082 2661 summum
1106 2596 1364 2661 penetrale
1389 2595 1642 2661 Tonantis,

509 2658 729 2723 Quaene
751 2662 913 2711 nitent
926 2659 1051 2710 ccelo
1075 2658 1296 2723 proxima
1319 2658 1503 2723 templa
1525 2672 1631 2710 suo.

912 2739 1169 2806 (Martial.,
1188 2740 1270 2793 lib.
1296 2747 1353 2805 tt,
1377 2742 1627 2807 Epigr-am.
1651 2742 1750 2807 51.)

318 2826 483 2893 Silius
510 2842 722 2899 quoque
749 2826 960 2883 Italicus
985 2845 999 2882 :

445 2918 535 2985 Illa
560 2921 708 2985 etiam
729 2931 826 2985 qua
842 2920 1004 2985 prisca
1024 2919 1145 2985 ﬁdes
1167 2925 1261 2985 stat
1283 2921 1423 2983 regia
1444 2921 1602 2984 nobis,

445 2983 609 3046 _Aurea
628 2978 1005 3046 Tarpeiaponet
1021 2981 1251 3046 Capitolia
1272 2978 1417 3046 rupe,
1535 3043 1546 3046 _
1587 2978 1598 2984 ’
1684 3026 1689 3035 .

440 3042 504 3094 Et
526 3051 698 3108 tanget
718 3042 885 3095 nostro
908 3042 1200 3108 templorum
1224 3042 1437 3094 culmina
1456 3043 1599 3095 coelo.

1219 3130 1331 3196 (Sil.
1359 3131 1440 3184 lib.
1459 3138 1531 3195 tu,
1555 3144 1598 3183 υ.
1623 3131 1752 3195 630.)

2044 538 2093 585 et
2123 529 2262 587 1227
2290 539 2336 585 et
2380 533 2567 602 seqq),
2603 530 2964 601 prohibuerat;
2994 532 3118 589 inde
3147 532 3517 588 Tertullianus
3548 533 3639 589 in-

2006 626 2011 633 '
2044 620 2165 677 tulit
2200 640 2214 675 :
2249 620 2317 676 Et
2354 619 2488 678 Deus
2511 624 2620 695 ipse
2667 640 2936 695 nusquam.
2984 624 3305 681 Persuasum
3352 626 3638 697 siquidem,

2043 715 2119 771 uti
2150 716 2326 786 capite
2379 718 2624 788 sequenti
2673 717 2995 787 videbimus,
3025 721 3244 775 omnino
3275 718 3528 776 habuisse
3555 721 3639 776 vi-

2043 806 2202 866 detur
2237 823 2357 863 eam
2403 823 2497 879 per
2537 810 2815 880 gentilium
2862 810 3071 869 animos
3103 812 3404 883 pervasisse
3429 813 3639 884 opinio-

2043 915 2194 967 nem,
2236 916 2346 956 non
2373 902 2509 956 alios
2547 916 2669 959 esse
2707 902 2839 960 deos
2868 919 3026 975 quam
3069 904 3282 962 illorum
3327 904 3640 976 simulacra,

2043 993 2130 1049 vel
2159 993 2399 1063 ipsorum
2426 995 2476 1049 in
2505 996 2587 1051 eis
2617 996 2855 1052 residere
2881 996 3235 1053 divinitatem.

2040 1087 2075 1156 Ε,
2113 1084 2279 1143 Vides
2320 1101 2455 1154 ergo.
2490 1102 2651 1157 quam
2680 1096 2827 1145 recte
2863 1105 2930 1144 ex
2959 1088 3116 1153 dictis
3143 1089 3429 1146 concludat
3458 1108 3471 1145 :
3500 1088 3639 1162 Ergo

2041 1197 2143 1236 non
2171 1191 2289 1236 ante
2308 1182 2529 1253 religiosi
2563 1181 2800 1246 Romani.
2823 1200 2975 1250 quam
2996 1185 3186 1255 magni,
3216 1186 3426 1256 ideoque
3449 1202 3550 1240 non
3577 1185 3639 1239 ob

2040 1274 2136 1329 hoc
2166 1275 2376 1347 magni,
2405 1275 2526 1346 quia
2566 1276 2790 1348 religiosi
2832 1275 3163 1348 (Tertullian.
3198 1277 3464 1349 Apologet.
3515 1294 3633 1347 cap.

2038 1365 2129 1431 25,
2163 1383 2282 1438 pag.
2315 1366 2461 1438 450).
2505 1366 2803 1422 Fundatum
2827 1368 3024 1438 quippe
3059 1379 3111 1423 et
3132 1369 3423 1423 stabilitum
3448 1369 3542 1424 fuit
3566 1370 3634 1424 il-

2040 1460 2217 1517 lorum
2260 1462 2565 1532 imperium,
2595 1462 2904 1532 priusquam
2931 1469 3025 1517 aut
3070 1463 3201 1518 deos
3234 1460 3513 1527 haberent,
3542 1472 3635 1518 aut

2037 1568 2135 1611 eos
2161 1554 2353 1610 saltem
2407 1564 2483 1609 tot
2507 1555 2896 1626 superstitiosis
2948 1555 3158 1620 ritibus,
3188 1567 3348 1628 atque
3372 1556 3515 1610 inani
3558 1566 3637 1621 tot
3701 1542 3709 1550 ’

2036 1649 2481 1709 crcremouiarum
2502 1664 2696 1719 pompa
2720 1650 2959 1705 colerent
2990 1659 3045 1706 et
3067 1649 3372 1705 adorarent.
3404 1651 3469 1705 At
3487 1647 3633 1708 certe

2037 1750 2147 1796 tam
2173 1741 2241 1797 ad
2268 1740 2397 1797 illud
2425 1741 2708 1811 imperium
2738 1740 3167 1813 propagandum,
3198 1757 3357 1812 quam
3381 1742 3633 1813 jacieuda

1955 1837 2004 1897 Β
2032 1834 2154 1905 ejus
2188 1834 2530 1891 fundamenta
2563 1835 2676 1905 pari
2706 1833 2946 1905 profecto
2974 1835 3197 1891 deorum
3223 1850 3328 1905 ope
3354 1850 3418 1890 ac
3451 1835 3624 1891 subsi-

2029 1928 2121 1986 dio
2143 1928 2454 1999 indigebant
2476 1970 2492 1995 ,
2522 1928 2665 2000 quod
2718 1938 2895 1985 tamen
2926 1946 3199 2001 nunquam
3229 1931 3482 1987 habuisse
3510 1946 3626 1987 ma-

2029 2021 2283 2079 nifeuum
2307 2031 2409 2077 est.
2431 2020 2537 2078 Sed
2560 2021 2680 2077 aliis
2705 2021 2882 2078 adhuc
2910 2018 3207 2077 rationibus
3231 2021 3284 2076 id
3309 2021 3379 2075 ab
3406 2022 3501 2076 illo
3522 2022 3628 2077 evi-

2026 2112 2345 2171 dentissima
2366 2112 2785 2183 demonstratur,
2825 2128 2948 2185 quae
2989 2129 3020 2169 a
3068 2113 3224 2170 nobis
3255 2113 3627 2170 examinandae

2023 2213 2171 2265 sunt.

2629 2335 2921 2377 Ακτιωιυθ
2957 2337 3036 2377 ιιι.

2026 2432 2150 2489 Νοη
2198 2437 2359 2506 magis
2408 2435 2584 2490 datum
2623 2446 2711 2490 aut
2758 2446 3095 2508 propagatum
3120 2436 3182 2491 ab
3210 2436 3332 2493 ullis
3360 2438 3622 2510 gentilium

2095 2530 2193 2584 diis
2219 2530 2486 2599 imperium
2513 2530 2878 2597 Romanorum,
2895 2547 3046 2601 quam
3067 2529 3484 2603 Babyloniorum,
3511 2532 3623 2587 Me-

2093 2623 2309 2695 dorumf,
2341 2622 2415 2678 1E
2420 2625 2708 2696 gyptiorum
2730 2665 2744 2688 ,
2776 2625 3132 2695 Assyriorum,
3175 2626 3526 2693 Amazonum,
3574 2634 3625 2681 et

2091 2715 2413 2784 Judtcorum,
2440 2718 2528 2788 qui
2553 2726 2670 2771 ante
2694 2717 2897 2771 eosdem
2926 2716 3184 2772 Romanos
3233 2727 3569 2788 regnaverunt
3598 2734 3619 2771 :

2090 2811 2273 2863 horum
2301 2809 2558 2879 impietate
2585 2818 2631 2862 et
2687 2808 2967 2880 sacrilegiis
2984 2820 3293 2882 prapagatos
3310 2812 3510 2879 imperii
3538 2812 3617 2864 sui

2022 2928 2042 2953 κ
2091 2905 2219 2974 ﬁnes
2248 2920 2267 2958 :
2294 2920 2354 2957 ac
2380 2903 2535 2957 nullis
2562 2903 2713 2974 plane
2738 2903 3018 2968 miraculis,
3052 2903 3464 2969 divinationibus,
3495 2920 3616 2959 ora.

2016 3002 2030 3063 ί
2089 2997 2219 3049 culis
2243 2995 2450 3065 probari
2474 3011 2619 3066 posse
2646 2994 2777 3050 ullos
2820 2997 3034 3052 existere
3073 2997 3255 3051 lterum
3302 2999 3623 3070 aliorumque

2089 3087 2349 3159 gentilium
2373 3087 2513 3142 deos.

313 3232 473 3289 Plura
542 3234 601 3290 in
664 3237 954 3294 Alexandri
1008 3238 1196 3294 Donati
1252 3239 1586 3311 aliorumque
1647 3239 1717 3297 de
1778 3239 1915 3297 urbe

2088 3222 2309 3283 Certum
2331 3222 2546 3295 quidem
2598 3232 2701 3292 est,
2748 3224 2891 3296 quod
2937 3234 2992 3283 et
3043 3225 3143 3296 ipsi
3172 3226 3397 3285 Romani
3428 3227 3606 3296 palam

311 3326 483 3383 Roma
510 3328 661 3385 libris
689 3332 907 3400 tradita,
950 3334 994 3389 si
1028 3333 1181 3400 velis,
1212 3333 1364 3389 facile
1410 3333 1652 3389 invenies
1690 3332 1907 3403 (Donat.

312 3419 394 3475 lib.
445 3420 489 3476 ll
513 3422 602 3494 bde
632 3422 768 3479 Urbe
786 3423 975 3491 Roma,
1004 3442 1118 3497 cap.
1143 3426 1196 3482 4.
1231 3436 1277 3481 et
1301 3425 1484 3499 seqq.).

292 3572 297 3573 ,
384 3511 486 3569 Ubi
511 3529 664 3586 ergo,
696 3517 905 3588 rogabit
924 3518 1137 3589 aliquis,
1159 3534 1247 3574 res
1272 3518 1451 3575 divina
1481 3531 1604 3576 tunc
1620 3521 1910 3592 agebatur?

309 3602 632 3674 Temeraria,
686 3607 860 3679 inquit
907 3608 1301 3680 Tertullianus,
1355 3610 1418 3665 de
1478 3611 1915 3680 cespite~altaria

312 3693 644 3768 (Terutlltan.
696 3698 988 3772 Apologet.,
1038 3718 1155 3765 cap.
1201 3701 1292 3758 25.
1322 3720 1378 3773 p.
1408 3701 1518 3758 420
1559 3712 1607 3757 et
1650 3702 1738 3757 lib.
1771 3702 1816 3758 II
1841 3703 1911 3758 ad

308 3786 524 3845 Natiou.
557 3807 674 3862 cap.
708 3793 835 3865 t7),
889 3792 1010 3851 sive
1055 3803 1296 3866 repente,
1353 3796 1530 3852 subito
1585 3811 1651 3853 ac
1689 3796 1910 3853 fortuito

306 3892 437 3935 casu
488 3891 779 3951 exstructa,
828 3884 968 3940 sicut
1013 3900 1081 3942 ex
1120 3885 1382 3943 Cicerone
1427 3885 1632 3961 (Cicer.
1656 3930 1672 3957 ,
1724 3888 1812 3943 lib.
1861 3888 1908 3943 ll

306 3970 372 4025 de
418 3983 589 4029 natur.
647 3975 790 4030 deor.
822 4017 837 4044 ,
893 3993 1014 4048 pag.
1060 3975 1209 4045 298,
1255 3979 1348 4033 lin.
1411 3980 1519 4051 l2)
1573 3989 1626 4037 et
1678 3981 1907 4051 Apuleio

305 4061 533 4135 (Αμιιεί.
562 4065 649 4121 litt.
680 4068 744 4124 de
769 4066 884 4124 Deo
922 4067 1130 4126 Socrat.
1182 4072 1323 4144 init.)
1367 4073 1579 4130 discere
1617 4084 1721 4131 est.
1764 4074 1910 4133 Vasa

302 4170 435 4227 vero
460 4158 658 4228 quibus
697 4161 1103 4219 ministrabatur
1146 4164 1356 4221 sordida
1378 4175 1552 4235 erant,
1609 4168 1905 4225 aitAuctor

301 4260 507 4318 noster,
546 4261 592 4305 et
615 4252 785 4308 adhuc
814 4250 995 4323 santia,
1026 4270 1121 4311 seu
1166 4255 1280 4312 luto
1329 4266 1585 4327 cretaque
1613 4259 1759 4314 molli
1793 4269 1905 4317 tum

300 4343 579 4413 fabricata,
611 4346 888 4418 de’quibus
907 4347 1035 4405 alibi
1060 4348 1294 4407 diximus
1327 4347 1622 4419 (Dissertat.
1663 4350 1716 4404 in
1768 4349 1902 4404 Lac-

303 4444 432 4494 tant.
459 4455 579 4508 cap.
607 4440 700 4508 50,
728 4451 830 4496 art.
855 4440 943 4513 2).

372 4527 584 4598 Adiecit
612 4529 975 4587 Tertullianus
1004 4530 1358 4604 (Tertullian.,
1389 4532 1487 4588 loc.
1520 4529 1640 4603 cit.)
1674 4547 1688 4585 :
1732 4529 1798 4585 Et
1825 4532 1903 4587 ni-

2015 3312 2339 3385 tatebatutu',
2393 3326 2603 3377 terrena
2625 3332 2787 3389 regna
2816 3317 2886 3374 ab
2927 3317 3106 3389 aliquo
3158 3319 3383 3383 institui,
3411 3318 3527 3375 dari
3556 3330 3614 3376 et

2016 3408 2335 3481 dispensari.
2368 3410 2439 3465 At
2491 3423 2551 3465 ea
2582 3418 2821 3481 petestas
2847 3424 3011 3481 penes
3037 3425 3164 3471 eum
3211 3409 3470 3467 duntaxat
3518 3425 3611 3467 so-

2014 3502 2127 3561 lum
2151 3519 2273 3561 esse
2298 3511 2494 3575 potest,
2526 3503 2618 3575 qui
2664 3505 2845 3565 omnia
2871 3506 3093 3562 creavit.
3119 3504 3264 3562 Nulli
3292 3506 3471 3577 itaque
3496 3505 3607 3562 Bo-

2013 3611 2295 3655 mauorum
2321 3597 2395 3655 dii
2417 3611 2645 3668 regnum
2674 3596 2889 3668 aliquod
2908 3597 3205 3655 cultoribus
3224 3599 3337 3656 suis
3373 3609 3464 3655 aut
3489 3599 3612 3653 aliis

2011 3704 2247 3760 unquam
2301 3686 2597 3747 dederunt.
2626 3690 2688 3749 Et
2740 3698 2886 3747 certe
2908 3698 3033 3746 ante
3064 3690 3277 3745 illorum
3300 3690 3611 3756 Pontiﬁces,

2010 3781 2333 3852 Quindecim
2350 3784 2516 3848 viros,
2552 3781 2746 3850 Salios,
2767 3782 3061 3853 Lupercos,
3110 3783 3373 3851 Vestales,
3396 3784 3467 3840 de
3492 3785 3612 3856 qui-

2010 3875 2420 3944 busnosalibi,
2468 3884 2524 3933 et
2565 3885 2692 3932 ante
2748 3890 2938 3932 omnes
2987 3892 3334 3934 romanorum
3383 3876 3607 3934 deorum

2010 3968 2309 4036 ministros,
2365 3969 2475 4024 imo
2503 3976 2789 4039 antequam
2822 3969 2915 4024 ulli
2946 3968 3017 4024 dii
3058 3969 3246 4026 Romae
3272 3969 3601 4037 colerentur,

2010 4061 2255 4119 instituta
2275 4061 2488 4121 fuerant
2517 4061 2952 4133 Babyloniorum,
3000 4062 3299 4129 Medorum,
3329 4061 3609 4134 IEgyptio-

2008 4170 2150 4222 rum,
2190 4155 2556 4226 Assyriorum,
2607 4162 2661 4210 ct
2717 4155 3049 4213 Amazonum
3069 4167 3256 4224 regna,
3281 4170 3600 4227 magnaque,

2007 4250 2087 4305 uti
2113 4263 2275 4305 nemo
2303 4249 2506 4313 nescit,
2541 4256 2804 4318 potestate
2849 4255 2905 4303 et
2948 4247 3119 4317 gloria
3168 4246 3605 4324 ﬂorebant(1‘er-

2007 4341 2211 4397 tullian.
2241 4340 2535 4411 Apologet.,
2585 4355 2700 4411 cap.
2741 4337 2832 4403 26,
2866 4355 2984 4409 pag.
3036 4338 3177 4407 432;
3223 4351 3274 4397 et
3317 4342 3406 4398 lib.
3434 4342 3497 4399 11
3534 4345 3604 4400 ad

2007 4432 2251 4501 Notium,
2279 4449 2394 4501 cap.
2423 4432 2515 4498 9.7,
2538 4449 2589 4502 p.
2815 4432 3034 4489 Constat
3059 4449 3190 4505 ergo
3231 4435 3326 4492 has
3352 4436 3603 4493 nationes

2006 4541 2108 4583 nec
2135 4540 2169 4587 a
2187 4526 2555 4582 Romanorum
2580 4525 2703 4594 diis,
2724 4540 2825 4582 nec
2844 4526 2917 4583 ab
2930 4525 3015 4583 his
3034 4542 3169 4600 quos
3194 4528 3295 4599 ipsi
3315 4529 3585 4598 colebant,

298 4621 396 4677 dor
420 4639 484 4678 ea:
519 4623 645 4693 illis,
701 4627 778 4681 uti
819 4627 875 4689 in
895 4635 1129 4699 utroque
1156 4627 1322 4696 illius,
1360 4642 1481 4683 cum
1510 4627 1855 4697 Apologetico
1875 4669 1891 4692 ,
1916 4628 1971 4688 1)
1996 4621 2266 4691 accepisse
2315 4617 2575 4690 regnandi
2622 4628 2945 4688 potestatem
2971 4635 3112 4677 :non
3141 4636 3172 4676 a
3215 4623 3328 4678 suis
3351 4623 3589 4694 quidem,

297 4723 411 4772 tum
448 4718 516 4773 ad
546 4717 804 4775 Nationes
830 4720 1068 4777 secundo
1095 4720 1233 4776 libro
1260 4721 1485 4792 legimus
1530 4738 1542 4773 :
1594 4720 1645 4775 in
1693 4721 1894 4778 nostris

296 4816 478 4863 autem
505 4809 780 4867 codicibus
812 4813 1192 4891 manuscriptis
1216 4828 1287 4868 ex
1338 4811 1548 4868 duobus
1588 4810 1673 4867 his
1715 4812 1895 4869 verbis

296 4912 487 4969 unum,
526 4902 678 4959 sicuti
706 4904 903 4979 saepius
931 4902 1128 4959 factum
1178 4915 1281 4971 ρει,
1311 4904 1677 4976 scriptumque
1706 4904 1891 4959 exiliis.

295 4991 475 5062 Atque
542 4993 665 5050 inde
722 4995 898 5052 forsan
946 4996 1203 5070 Rigaltius
1249 4997 1442 5068 corrigi
1493 4997 1661 5052 voluit
1713 4999 1894 5067 exilis,

295 5081 439 5139 haud
486 5101 708 5157 prorsus
741 5087 937 5145 infelici
982 5089 1314 5161 conjectura,
1371 5090 1523 5162 cujus
1563 5099 1740 5147 tamen
1793 5092 1894 5147 ali-

294 5190 456 5249 quam
496 5180 684 5235 saltem
725 5182 988 5238 rationem
1020 5182 1247 5240 reddere
1272 5182 1522 5239 debebat.
1570 5181 1895 5238 Conﬁrmari

294 5279 475 5325 autem
501 5269 628 5326 inde
649 5283 845 5343 potest,
870 5274 995 5347 quia
1034 5275 1233 5333 ibidem
1277 5273 1640 5332 Tertullianus
1678 5289 1892 5331 asseve-

298 5371 406 5427 rat,
438 5377 703 5435 pauperes
753 5374 865 5420 tum
915 5365 1080 5424 fuisse
1128 5367 1387 5423 Romana:
1416 5365 1692 5437 religionis
1731 5367 1884 5423 ritus.

292 5453 404 5510 Sed
429 5456 538 5512 duo
559 5457 676 5514 lucc
696 5459 858 5515 verba
875 5476 937 5516 ea:
952 5461 1055 5516 illis
1083 5461 1149 5517 ad
1175 5478 1297 5517 vasa
1318 5461 1481 5515 samia
1507 5502 1522 5528 ,
1555 5459 1747 5529 quibus
1766 5461 1893 5518 sub.

292 5556 602 5617 nectuntur,
632 5550 829 5608 referri
852 5568 1065 5624 quoque
1093 5562 1337 5624 possunt.
1367 5552 1512 5608 Nihil
1538 5566 1669 5623 ergo
1693 5552 1762 5609 de
1788 5551 1890 5610 bac

288 5639 443 5697 varia
466 5641 701 5700 lectione
715 5643 941 5701 deﬁnire
968 5646 1249 5702 audemus.

364 5730 629 5790 Caeterum
665 5734 789 5806 quia
832 5734 1019 5793 Numae
1048 5748 1288 5809 tempore
1336 5737 1483 5795 nulla
1508 5739 1649 5811 apud
1690 5740 1888 5797 Roma-

287 5829 399 5888 nos
420 5831 577 5901 erant
603 5824 829 5885 deorum
868 5827 1186 5898 simulacra;
1218 5827 1329 5889 into
1351 5845 1506 5904 vero,
1533 5833 1661 5906 quia
1677 5847 1741 5893 ea
1767 5833 1885 5892 ﬁeri

1999 4716 2089 4787 qui
2115 4729 2228 4780 eos,
2256 4730 2286 4769 a
2315 4714 2513 4785 quibus
2535 4729 2748 4770 summo
2773 4714 2826 4775 in
2869 4715 3077 4773 honore
3110 4715 3463 4785 habebantur,
3504 4718 3619 4775 de-~

2001 4807 2147 4865 fendi
2176 4822 2283 4864 non
2315 4814 2621 4879 potuerunt;
2654 4822 2831 4878 neque
2867 4823 2897 4862 a
2939 4807 3307 4864 Romanorum
3329 4809 3454 4879 diis,
3498 4811 3591 4882 qui

2000 4903 2238 4960 nondum
2262 4902 2370 4959 ﬁcti
2396 4911 2568 4967 erant,
2594 4912 2650 4958 et
2669 4917 2699 4956 a
2724 4902 2918 4974 quibus
2934 4916 3121 4959 eorum
3138 4903 3423 4974 imperium
3444 4920 3598 4963 ever-

2002 5011 2121 5053 sum
2145 4996 2310 5052 luisse
2354 4995 2582 5053 Romani
2613 4994 2989 5066 opinabantur.
3035 4994 3154 5051 iam
3193 5011 3322 5051 vero
3367 4996 3598 5054 vidimus

1991 5089 2294 5163 lDissertal.
2330 5090 2387 5143 in
2415 5088 2627 5155 μεωειλ,
2658 5106 2773 5161 cap.
2804 5088 2893 5154 ts,
2935 5097 3036 5143 art.
3065 5089 3101 5145 4
3129 5099 3172 5143 et
3194 5090 3277 5160 5),
3318 5073 3590 5161 quomodo

1995 5182 2256 5239 Minatius
2280 5181 2432 5238 Felix
2461 5182 2567 5238 hoc
2592 5191 2909 5253 argumento
2934 5182 3194 5239 adversus
3222 5182 3473 5243 ethnicos
3494 5199 3591 5254 pu-

1991 5273 2254 5345 gnaverit.

2062 5365 2171 5423 Sed
2198 5375 2256 5421 ut
2276 5365 2594 5437 quibusdam
2622 5366 2882 5435 exemplis
2909 5365 3243 5423 manifestius
3278 5366 3331 5422 id
3364 5366 3477 5437 ﬁat,
3499 5383 3591 5423 ur-

1993 5469 2085 5529 get
2105 5458 2467 5514 Tertullianus
2501 5475 2516 5511 :
2544 5456 2648 5512 Cur
2671 5458 2899 5513 Athenas
2926 5474 2959 5513 a
2980 5456 3155 5514 Xerxe
3204 5458 3435 5514 Minerua
3481 5477 3584 5516 non

1990 5552 2239 5622 defendit,
2279 5550 2359 5605 vel
2375 5567 2468 5605 cur
2513 5549 2739 5623 Delphos
2764 5551 2829 5606 de
2857 5567 3013 5607 manu
3042 5550 3237 5623 Pyrrhi
3261 5552 3448 5625 Apollo
3475 5569 3577 5608 non

1988 5646 2125 5700 eruit
2143 5641 2386 5714 (TertuL,
2414 5644 2455 5697 ι.
2490 5640 2534 5696 ιι
2556 5641 2625 5697 ad
2657 5639 2900 5709 Nation.,
2929 5643 3029 5699 loc.
3056 5643 3413 5715 cit.)?—Nullus
3430 5645 3576 5702 enim

1986 5736 2144 5812 plane
2172 5736 2511 5797 ethnicorum
2555 5735 2688 5794 deus
2733 5751 2913 5811 neque
2953 5738 3161 5805 nonne,
3191 5753 3368 5812 neque
3393 5740 3567 5808 ullibi,

1987 5840 2143 5892 tanto
2186 5828 2400 5899 honore
2432 5828 2615 5895 divino
2652 5841 2879 5890 ornatus
2908 5824 3022 5902 'cst.
3080 5841 3287 5904 quanto,
3343 5831 3583 5892 Minerva
