4212 6262
614 316 755 378 “27

1683 319 1749 377 IN
1790 313 2253 380 TERTULLIANI
2291 317 2823 383 APOLOGETICUM

3769 328 3919 389 Hi8

616 433 860 502 Athenis,
892 433 982 490 ubi
1005 433 1251 520 exstabat
1282 431 1490 506 insigne
1519 433 1665 490 illius
1691 444 1987 507 uotumque
2037 436 2215 501 omni:
2241 442 2294 504 Α
2321 438 2606 510 legendum
2651 440 2933 509 decemas,
2982 440 3257 499 fatendum
3287 452 3372 501 est
3416 407 3549 502 nihil
3592 461 3755 518 posse
3798 447 3925 520 fingi

614 527 714 583 bus
744 528 1108 582 simulacrum.
1143 518 1326 597 Neque
1374 526 1562 598 majori
1589 527 1734 583 cultu
1765 529 1906 584 ullus
1947 528 2086 585 Deus
2113 529 2212 585 ho-

614 630 855 676 nestatus
879 630 982 686 est,
1012 636 1170 691 quam
1217 620 1409 691 Apollo
1439 620 1679 691 Delphis,
1709 622 1797 677 ubi
1827 622 2064 691 oracula,
2098 631 2212 677 tota

614 723 876 770 terrarum
925 713 1056 768 orbe
1112 713 1402 782 celebrata,
1453 714 1677 771 fundere
1705 714 2047 772 credebatur.
2104 714 2211 771 Ve-

612 817 912 863 rumtamen
944 823 1042 862 nec
1068 809 1169 863 iste
1193 808 1443 878 Delphos,
1478 824 1578 863 nee
1605 809 1694 863 illa
1735 810 1973 865 Athenas
2012 810 2080 865 ab
2101 803 2214 881 {he-

612 904 774 957 suum
806 917 1026 957 suorum
1058 903 1225 957 armis
1267 912 1373 957 tuta
1420 903 1721 959 reddidere.
1772 903 2052 972 Quomodo
2084 919 2213 974 ergo

611 993 686 1051 dii
712 993 796 1048 vel
823 994 1113 1064 ['et‘egrini,
1141 995 1223 1050 vel
1257 995 1432 1064 patrii,
1466 995 1693 1069 dilatqre
1734 994 1962 1051 Romani
2003 995 2211 1066 imperii

614 1087 748 1145 lines
786 1087 1073 1142 valebant?
1099 1087 1364 1158 Numquid
1393 1088 1513 1142 aliis
1540 1087 1643 1142 diis
1671 1087 2003 1157 patentiores
2018 1089 2216 1143 erant?

615 1179 722 1236 Sed
750 1195 907 1235 verus
937 1180 1075 1236 Deus
1102 1181 1263 1237 debet
1290 1196 1408 1237 esse
1435 1182 1809 1252 omnipotens,
1832 1190 1993 1253 atque
2017 1181 2214 1239 idcirco

612 1285 752 1327 unus
784 1280 989 1327 tantum
1037 1287 1161 1328 esse
1212 1282 1403 1345 potest,
1438 1273 1527 1345 qui
1581 1288 1746 1344 regna
1777 1274 1981 1342 tribuit,
2015 1282 2071 1330 et
2098 1274 2211 1331 dis-

613 1374 821 1435 peus:tl.
2077 1418 2083 1433 ,

681 1458 795 1527 Age
827 1472 975 1522 vero,
1035 1457 1431 1528 instantemque
1475 1456 1864 1512 Tertullianum
1910 1456 2212 1527 subsequa—

610 1563 731 1604 mur
761 1546 958 1621 (Idem,
985 1549 1251 1621 Apologet.
1289 1566 1408 1628 cap.
1434 1549 1529 1617 26,
1556 1567 1611 1621 ρ.
1634 1550 1785 1622 432).
1809 1550 1998 1618 Juda-i,
2024 1550 2212 1620 inquit,

610 1656 738 1699 suos
768 1639 1068 1699 habuerunt.
1115 1659 1288 1714 reges,
1342 1644 1479 1714 quos
1526 1644 1689 1699 etiam
1736 1659 1878 1698 nunc
1931 1643 2211 1709 haberent,

612 1737 715 1792 nisi
749 1735 1020 1792 horrendo
1035 1736 1235 1792 Christi
1258 1735 1541 1806 parricidio
1566 1744 2079 1792 suaseruentassent
2100 1750 2214 1791 ma-

2316 529 2620 599 absurdius,
2643 547 2803 603 quam
2832 532 3106 590 Romanos
3130 550 3224 591 sua
3249 536 3302 591 in
3334 535 3466 594 deos
3482 538 3682 609 pietate
3708 539 3926 596 auxisse

2317 622 2526 693 imperii
2556 625 2637 681 sui
2669 625 2804 682 lines
2825 669 2840 696 ,
2865 642 3001 698 quos
3029 627 3183 684 bellis
3230 628 3578 703 victoriisque
3596 673 3613 700 ,
3640 640 3804 704 atque
3843 633 3926 689 id-

2316 714 2463 769 circo
2485 731 2590 771 non
2616 716 2735 774 sine
2760 719 3075 776 earumdem
3102 720 3326 777 deorqu
3368 723 3559 795 injuria
3586 732 3748 797 atque
3786 739 3923 781 con-

2320 807 2561 875 tumelia,
2579 820 3023 881 propagaverant.

2387 898 2517 967 Quae
2571 917 2729 971 porro
2775 901 3053 975 hucusque
3097 905 3444 977 exposuimus
3478 907 3791 965 Tertulliani
3818 907 3925 964 ad-

2318 1005 2505 1047 versus
2536 993 2903 1051 [lanianorum
2922 997 3409 1070 deosargumenta,
3436 999 3705 1073 plerisque
3724 1000 3924 1058 iisdem

2317 1081 2575 1139 Minatius
2602 1083 2778 1153 Felix,
2811 1088 3262 1159 quemadmodum
3295 1091 3347 1145 in
3398 1090 3565 1161 prima
3595 1100 3777 1146 nostra
3806 1090 3924 1148 dis-

2314 1178 2610 1233 sertatione
2664 1179 2999 1236 ostendimus
3050 1180 3362 1255 (Dissertat.
3409 1184 3462 1238 in
3509 1183 3698 1239 Minut.
3732 1183 3919 1240 Oetae.

2317 1282 2432 1339 cap.
2465 1266 2555 1330 16.
2589 1279 2687 1324 art.
2717 1271 2753 1325 2
2780 1282 2827 1326 et
2846 1272 2928 1345 3),
2961 1273 3140 1329 fictam
3187 1274 3503 1333 earumdem
3534 1277 3803 1332 numinum
3822 1276 3921 1332 di-

2317 1360 2593 1417 vinitatem
2622 1363 2858 1421 funditus
2878 1367 3091 1422 evertit.

2392 1454 2664 1528 Urgebant
2693 1467 2868 1514 tamen
2900 1459 3126 1516 Romani
3147 1462 3435 1533 eaeterique
3482 1476 3672 1518 omnes
3712 1461 3924 1519 etlmici

2317 1564 2476 1606 veros
2494 1564 2615 1606 esse
2640 1549 2773 1607 deos
2792 1565 2941 1619 suos,
2973 1552 3062 1623 qui
3086 1552 3366 1624 stupendis
3403 1554 3590 1624 signis,
3620 1552 3919 1621 miraculis,

2318 1640 2778 1714 praedictionibus,
2828 1644 3098 1714 oraculis,
3158 1644 3600 1712 divinatiottibus,
3649 1660 3714 1700 ac
3761 1644 3921 1700 factis

2318 1734 2659 1806 quibusdam,
2691 1751 2811 1807 qua:
2839 1746 3061 1791 cunctas
3082 1745 3448 1792 creaturarum
3489 1736 3633 1792 vires
3659 1750 3923 1807 superare

610 1846 731 1886 nus.
774 1831 934 1901 Atqui
966 1829 1021 1883 hi
1067 1829 1167 1900 ipsi
1210 1830 1421 1901 penitus
1465 1839 1911 1911 contempserunt
1940 1829 2214 1884 llomano-
2243 1843 2292 1904 Β
2317 1826 2656 1899 videbantur,
2685 1842 2836 1884 suam
2860 1826 3193 1883 divinitatem
3220 1837 3273 1883 et
3298 1827 3745 1899 onutipotentiam
3773 1842 3923 1899 saepe

612 1941 729 1980 rum
769 1922 919 1979 deos.
950 1923 1063 1978 Non
1094 1923 1171 1977 illi
1200 1938 1328 1993 ergo
1354 1924 1405 1977 in
1444 1924 1543 1977 hos
1586 1922 1718 1978 deos
1766 1922 1965 1993 pietate
1991 1936 2215 1991 regnum

613 2028 767 2072 Suum
795 1998 1128 2069 meruerunt.
1159 2015 1382 2069 Romani
1412 2031 1560 2080 vero,
1591 2030 1711 2069 cum
1744 2016 1824 2068 his
1842 2015 2063 2070 deorum
2085 2028 2215 2068 suo-

613 2122 728 2163 rum
784 2106 1024 2162 hostibus
1082 2107 1188 2161 icto
1229 2107 1467 2174 findere,
1523 2108 1923 2163 houoraverunt
1976 2107 2212 2175 ipsarum

615 2200 781 2254 Deum
813 2199 975 2255 caesis
1020 2198 1274 2267 victimis,
1322 2214 1385 2254 ac
1415 2199 1673 2268 templum
1707 2198 1862 2253 donis
1891 2207 1945 2253 et
1975 2197 2213 2252 muneri-

615 2293 733 2347 bus.
764 2296 829 2347 At
853 2292 1066 2363 quibus,
1089 2308 1188 2347 oro
1219 2302 1293 2357 te,
1323 2291 1496 2347 oculis
1525 2292 1603 2346 dii
1639 2291 1712 2345 illi
1733 2290 1869 2345 facta
1895 2306 1923 2344 a
1959 2289 2216 2345 Romanis

614 2386 729 2441 lane
759 2400 886 2441 vero
911 2387 1040 2451 Deo,
1068 2399 1370 2459 eorumque
1400 2384 1736 2450 adversario,
1767 2382 1991 2449 foedera,
2014 2380 2216 2437 sacriﬁ-

613 2478 695 2533 cia
743 2487 797 2532 et
842 2476 981 2532 dona
1028 2478 1224 2533 intueri
1270 2476 1563 2547 poterant?
1606 2474 1794 2531 Nonne
1837 2475 2048 2530 illorum
2078 2475 2213 2529 iram

613 2571 791 2640 potius
814 2612 828 2636 ,
857 2584 1015 2640 quam
1037 2584 1361 2640 propensum
1384 2570 1453 2623 ad
1474 2568 1749 2640 augendas
1775 2568 1982 2623 romani
2005 2568 2214 2639 imperii

615 2661 749 2718 ﬁnes
779 2664 1038 2728 animum,
1064 2661 1363 2718 accendere
1390 2661 1731 2717 debuerunt?
1765 2690 1771 2705 -

686 2754 953 2809 Praeterea
981 2765 1131 2809 certo
1160 2756 1362 2808 certius
1387 2764 1469 2809 est
1496 2768 1659 2824 regna
1698 2756 1767 2808 ab
1795 2738 2098 2808 hominibus
2116 2767 2213 2808 oc-

614 2846 823 2916 eupari,
854 2846 1139 2916 iuvadique
1167 2847 1332 2901 armis
1377 2854 1432 2902 et.
1470 2845 1710 2902 victoriis
1756 2845 1942 2917 (lbid.,
1972 2836 2088 2917 cap.
2119 2844 2212 2911 25,

611 2956 732 3011 pag.
763 2935 923 3009 451).
948 2939 1106 3009 Atqui
1140 2940 1254 2993 ha'c
1285 2938 1398 2992 fieri
1426 2947 1720 3008 nequeunt,
1744 2937 1846 2992 nisi
1872 2938 2076 2993 eversis
2097 2937 2210 3008 ple-

613 3047 840 3103 rumque
870 3031 1116 3097 urbibus,
1139 3047 1202 3087 ac
1231 3031 1459 3102 proinde
1484 3033 1598 3102 pari
1629 3031 1947 3103 templorum
1988 3047 2053 3087 ac
2081 3046 2217 3087 ma:-

614 3125 760 3179 nium
788 3137 986 3195 strage,
1016 3124 1204 3180 eadem
1238 3126 1577 3181 sacerdotum
1621 3125 1768 3181 ca'de
1792 3136 1954 3197 atque
1996 3127 2210 3194 civium,

2319 1921 2515 1991 saipius
2538 1920 3040 1991 comprobaverant.
3075 1919 3142 1976 Et
3163 1920 3279 1977 haec
3318 1931 3467 1978 certe
3495 1937 3616 1992 qua:
3643 1910 3795 1977 extra
3830 1936 3925 1977 so-

2319 2013 2469 2069 litum
2499 2022 2703 2069 naturae
2734 2013 2977 2068 ordinem
3004 2021 3121 2069 acta
3147 2028 3267 2070 esse
3301 2012 3679 2084 opinabantur,
3704 2012 3922 2068 illorum

2321 2106 2508 2161 oculos
2561 2115 2615 2161 et
2651 2115 2882 2161 mentem
2924 2106 3002 2161 sic
3034 2106 3460 2172 fascinaverant,
3517 2115 3574 2161 ut
3599 2120 3924 2176 persuasum
3998 2150 3999 2159 χ

2324 2180 2547 2252 omnino
2572 2196 2857 2252 habuerint
2884 2212 2947 2253 ea
2990 2197 3091 2252 soli
3118 2198 3340 2252 deorum
3388 2198 3638 2268 potestati
3672 2194 3799 2253 esse
3826 2197 3924 2253 tri-

2324 2288 2556 2345 buenda.
2592 2288 2789 2344 Verum
2819 2288 3180 2344 Tertulliauus
3210 2289 3446 2345 ostendit
3469 2289 3606 2345 hanc
3632 2304 3921 2360 argumen-

2319 2382 2574 2437 tationem
2610 2382 2678 2437 ab
2720 2382 2784 2436 iis
2824 2391 3024 2436 tantum
3058 2381 3281 2452 proferri
3310 2392 3363 2437 et
3394 2381 3592 2451 urgeri,
3621 2382 3708 2452 qui
3735 2397 3921 2437 veram

2316 2474 2928 2544 iguarabantell‘ectuum
2951 2475 3442 2529 illorumcaussam.
3460 2474 3694 2530 Semotis
3719 2475 3921 2546 quippe

2317 2565 2565 2621 inanibus
2594 2566 2937 2638 praeiudiciis,
2973 2580 3269 2637 agnoscere
3315 2576 3608 2637 potuerunt
3636 2581 3697 2621 ea
3732 2567 3920 2623 onuiia

2315 2657 2453 2714 facta
2471 2658 2636 2715 fuisse
2656 2658 2963 2714 dmmouuut
2988 2659 3225 2730 agilitate
3249 2659 3505 2722 maxima,
3523 2658 3669 2713 malis
3683 2659 3916 2725 artibus,

2316 2753 2476 2821 dolis,
2526 2753 2800 2809 fraudibus
2839 2769 2902 2807 ac
2951 2753 3253 2824 pra‘stigiis,
3285 2752 3481 2822 quibus
3530 2752 3583 2807 hi
3629 2750 3920 2807 mendaces

2317 2846 2619 2918 itnpuriqne
2668 2845 2890 2916 spiritus
2921 2845 3149 2898 iurantis
3176 2844 3483 2898 hominibus
3524 2844 3681 2914 plane
3727 2843 3925 2902 illude-

2315 2940 2465 2996 bant.
2496 2939 2610 2995 Huc
2625 2939 2785 2994 etiam
2815 2938 3045 3004 accedit,
3077 2938 3219 3009 quod
3240 2939 3439 2993 ethnici
3465 2937 3670 2994 inficias
3711 2939 3793 2994 ire
3821 2954 3925 2994 ue-

2317 3032 2537 3105 quibant
2582 3032 2731 3103 plura
2761 3032 3205 3087 extraordinariis
3229 3030 3468 3096 deorum,
3506 3031 3581 3084 uti
3625 3031 3921 3100 putabant,

2317 3141 2536 3181 suorum
2564 3124 2719 3181 factis
2751 3125 2944 3180 similia
2994 3124 3062 3178 al)
3107 3123 3413 3185 hominibus
3455 3124 3635 3194 magia-
3685 3122 3918 3191 deditis,

613 3233 678 3274 ac
735 3234 915 3274 rerum
954 3219 1225 3275 sacrarum
1274 3220 1723 3290 profanarumque
1755 3219 2032 3275 communi
2070 3235 2215 3290 erep-
2241 3230 2285 3293 ο
2318 3220 2629 3275 earumdem
2659 3219 2961 3274 daemonum
3005 3218 3145 3285 dolis
3173 3235 3235 3275 ac
3263 3217 3689 3275 fraudibusedita
3717 3216 3922 3276 fuisse.

615 3309 760 3366 tione
797 3325 860 3365 ac
882 3311 1058 3381 prmda
1090 3333 1105 3366 ;
1134 3309 1232 3365 Tot
1272 3312 1457 3382 igitur,
1487 3311 1562 3366 ait
1592 3310 1954 3366 Tertulliauus
1999 3309 2210 3384 (Ibid.),

614 3405 882 3476 sacrilegia
913 3404 1279 3459 llomanorum
1320 3414 1438 3475 quot
1465 3412 1682 3474 tropum,
1713 3420 1778 3459 ex
1833 3404 2001 3460 sacris
2028 3403 2212 3476 profa-

613 3496 807 3567 nisque
832 3505 1105 3565 captarum
1135 3496 1344 3551 urbium
1387 3494 1575 3567 spoliis
1621 3495 1842 3550 Romam
1890 3505 2161 3567 asportata
2197 3512 2211 3551 :

616 3597 688 3641 tot
733 3588 796 3641 de
832 3587 950 3650 diis,
982 3590 1071 3658 qui
1100 3589 1327 3659 patriam
1352 3603 1502 3643 suam
1527 3598 1582 3643 et
1608 3589 1788 3655 urbes,
1814 3592 1867 3644 in
1897 3590 2088 3659 quibus
2116 3604 2212 3644 co-

616 3678 882 3741 lebantur,
913 3680 1072 3733 tutari
1098 3696 1205 3733 non
1223 3690 1531 3750 potuerunt,
1554 3693 1674 3751 quot
1695 3682 1757 3735 de
1780 3681 2012 3752 gentibus
2037 3683 2214 3737 trium-

614 3770 726 3842 phi.
748 3767 845 3824 Tot
872 3770 1143 3835 manubia',
1172 3781 1291 3840 quot
1316 3782 1519 3827 manent
1546 3772 1713 3826 adhuc
1741 3775 1922 3828 [latum
1938 3776 2215 3828 simulacra

614 3860 929 3933 captivorum
985 3862 1213 3914 deorum.
1263 3861 1628 3918 Mauubiarum
1657 3874 1838 3918 autem
1890 3880 2109 3934 nomen,
2144 3865 2214 3922 de

616 3966 724 4023 quo
755 3966 852 4006 nos
872 3950 998 4006 alibi
1022 3950 1620 4020 (Dissertat.in‘Minut.,
1643 3970 1690 4007 c.
1727 3955 1813 4021 16,
1845 3965 1945 4010 art.
1970 3957 2004 4009 2
2029 3973 2044 4023 ;
2088 3967 2133 4010 et
2160 3957 2215 4011 in

617 4044 876 4114 Lactant.,
904 4063 952 4102 ο.
980 4047 1041 4101 51
1070 4033 1096 4115 ,’
1115 4056 1215 4100 art.
1242 4044 1301 4119 4)
1325 4088 1338 4113 ,
1363 4065 1393 4101 a
1420 4047 1462 4102 Τ
1466 4049 1750 4103 ertulliano
1780 4050 1850 4104 ibi
1871 4050 2041 4120 accipi
2072 4051 2219 4107 vide-

619 4151 705 4194 tur
732 4154 830 4210 pro
852 4140 1057 4210 Spoliis,
1089 4157 1211 4213 qua:
1240 4140 1466 4197 llatuani
1495 4158 1561 4199 ex
1588 4144 1757 4214 captis
1779 4144 2003 4201 urbibus
2026 4160 2211 4201 secum

620 4229 844 4284 Romani
880 4234 1201 4288 detulerunt.
1246 4233 1520 4305 Praecipua
1559 4249 1689 4291 vero
1713 4244 1870 4291 erant
1890 4236 2111 4292 deorum
2139 4238 2214 4292 si-

620 4322 880 4388 mulacra,
911 4339 1030 4395 qua:
1056 4326 1108 4379 in
1135 4328 1348 4397 templis
1367 4327 1611 4383 solebant
1635 4328 1889 4385 collocari
1914 4371 1930 4398 ,
1952 4344 2017 4386 ac
2055 4331 2216 4387 dein-

620 4433 750 4489 ceps
790 4418 1023 4487 adorari.
1066 4417 1431 4475 Romanorum
1483 4436 1612 4491 ergo
1657 4421 1938 4491 imperium
1983 4427 2220 4489 accrevit

622 4526 731 4566 non
756 4509 969 4579 quidem
1000 4510 1106 4565 ulla
1135 4510 1375 4581 ipsorum
1405 4513 1456 4567 in
1485 4513 1614 4568 deos
1637 4513 1833 4583 pietate
1854 4523 1909 4570 et
1936 4514 2214 4586 religione,

620 4605 713 4660 sed
735 4605 1027 4675 impietate,
1052 4604 1346 4661 sceleribus
1365 4614 1421 4660 et
1442 4606 1758 4676 sacrilegiis.

691 4697 805 4763 Qua
829 4711 959 4767 ergo
980 4697 1189 4752 ratione
1208 4697 1279 4752 dii
1317 4698 1418 4765 illi,
1465 4699 1636 4768 pergit
1673 4701 1877 4755 Auctor
1903 4712 2107 4770 noster,
2148 4703 2216 4758 ab

623 4785 867 4843 hostibus
896 4789 1008 4842 suis
1038 4787 1294 4843 Romanis
1339 4790 1586 4845 sustinent
1633 4790 1875 4856 adorari,‘
1915 4802 1962 4847 et
1991 4794 2096 4850 illis
2120 4796 2218 4848 im-

622 4880 819 4949 perium
844 4879 952 4933 sine
971 4881 1073 4949 ﬁne
1093 4879 1358 4946 dederunt,
1381 4896 1598 4951 quorum
1623 4884 1783 4953 magis
1804 4884 2040 4953 iniurias,
2065 4901 2217 4957 quam

621 4970 945 5025 adorationes
988 4986 1337 5025 remunerasse
1363 4972 1680 5027 debuerant?
1703 4972 1764 5029 In
1794 4977 1995 5031 nostris
2026 4993 2215 5033 manu-

621 5064 835 5133 scriptis
874 5063 1150 5118 codicibus
1192 5079 1255 5120 ac
1300 5066 1462 5120 variis
1517 5067 1864 5136 editionibus,
1918 5073 2214 5141 praesertim

620 5158 1009 5230 antiquioribus
1055 5155 1284 5215 habetur
1307 5159 1660 5225 adolationes,
1702 5163 1817 5219 sive
1853 5163 2175 5222 adulationes
2197 5207 2214 5234 ,

621 5250 1071 5323 quemadmodum
1100 5250 1410 5309 diﬂ‘erenter
1434 5253 1502 5309 ab
1536 5254 1657 5310 aliis
1681 5257 1938 5328 scriptum
1961 5258 2214 5318 occurrit.

621 5343 848 5413 Quidam
881 5355 1057 5402 tamen
1104 5346 1407 5403 maluerunt
1434 5347 1774 5415 adorationes,
1807 5359 1864 5404 ut
1890 5348 1991 5406 hoc
2019 5365 2218 5408 nomen

622 5438 885 5507 superiori
932 5439 1095 5494 verba
1150 5440 1360 5495 adorari
1410 5440 1751 5510 respondeat.
1785 5439 1921 5509 Quid
1965 5458 2117 5509 vero,
2171 5444 2216 5499 si

621 5521 981 5588 Tertullianus
1031 5533 1335 5605 signiﬁcare
1384 5533 1793 5604 volueritdeos
1833 5550 1939 5591 non
1981 5538 2219 5608 potuisse

621 5626 885 5696 patienter
927 5625 1071 5683 ferre
1118 5626 1474 5697 adulationes,
1501 5643 1599 5684 seu
1650 5644 1783 5684 vana
1813 5631 1989 5687 cultus
2027 5645 2215 5686 eorum

620 5716 1005 5787 blandimenta,
1027 5718 1117 5790 qui
1150 5726 1258 5774 tum
1290 5720 1370 5775 eis
1391 5721 1765 5789 adulabantur,
1799 5737 1921 5778 cum
1944 5724 2219 5795 impietate

620 5817 676 5862 et
714 5811 1007 5883 sacrilegiis
1042 5815 1223 5870 omnia
1249 5812 1563 5869 vastabant?
1593 5816 1664 5870 At
1697 5830 2022 5888 quocunque
2051 5818 2214 5878 modo

2239 4621 2293 4681 D

2319 3311 2450 3380 Quis
2477 3325 2627 3383 ergo,
2659 3312 2758 3367 llisi
2797 3312 3048 3378 inSauiat,
3082 3312 3181 3366 hos
3224 3311 3426 3367 idcirco
3458 3327 3613 3368 veros
3636 3312 3770 3367 deos
3796 3326 3928 3369 esse

2278 3484 2289 3493 ι
2315 3405 2546 3462 dixerit?
2598 3407 2726 3474 Quae
2756 3421 2917 3477 porro
2943 3421 3005 3461 ac
3030 3407 3213 3476 quanti
3240 3406 3496 3477 ponderis
3517 3406 3625 3461 sint
3663 3406 3781 3461 hmc
3826 3422 3927 3462 ar-

2315 3515 2589 3576 gumenta,
2631 3504 2825 3573 quibus
2859 3502 3224 3558 Tertullianus
3268 3501 3400 3557 illud
3450 3501 3695 3573 probavit
3723 3500 3923 3575 (Supr.

2315 3614 2431 3667 cap.
2457 3596 2512 3663 8,
2540 3606 2640 3650 art.
2671 3597 2705 3651 5
2723 3606 2769 3650 et
2795 3596 2976 3668 seqq),
3014 3597 3262 3666 Superius
3302 3596 3590 3651 ettucleare
3619 3610 3681 3649 ac
3711 3594 3927 3665 patefa-

2315 3708 2439 3748 cere
2469 3693 2864 3749 contendimus.
2897 3690 2954 3746 lu
2984 3691 3354 3762 superioribus
3381 3694 3542 3747 etiam
3580 3691 3929 3747 dissertatio-

2317 3787 2474 3841 nibus
2505 3788 2619 3842 haec
2644 3797 2700 3842 et
2727 3787 2829 3840 alia
2871 3786 3045 3841 adhuc
3075 3786 3223 3856 plura
3258 3785 3665 3855 esplauavimus
3696 3781 3933 3856 (Disser-

2316 3889 2408 3933 tat.
2430 3881 2482 3932 in
2501 3877 2685 3933 Minut.
2719 3878 2930 3945 Oetam,
2961 3896 3081 3953 cap.
3107 3878 3196 3945 16,
3219 3889 3318 3936 art.
3359 3882 3378 3934 1
3405 3890 3451 3934 et
3472 3896 3610 3950 seqq.
3633 3888 3681 3933 et
3699 3876 3930 3957 Dissert.

2317 3973 2368 4026 in
2391 3973 2603 4038 Arnob.,
2625 3989 2740 4043 cap.
2764 3974 2847 4038 18,
2872 3983 2972 4027 nrt.
2992 3976 3021 4029 1
3043 3984 3089 4028 et
3108 3990 3245 4044 seqq.
3271 3985 3317 4027 et
3349 3972 3560 4028 Dissert.
3580 3974 3632 4027 in
3655 3971 3931 4040 Lactanl.,

2315 4082 2431 4139 cap.
2461 4066 2552 4131 ‘52,
2583 4076 2683 4122 art.
2713 4066 2793 4138 4),
2834 4067 3028 4137 quibus
3049 4066 3136 4121 alii
3163 4075 3360 4121 nostra:
3378 4064 3656 4137 religionis
3681 4073 3933 4121 asserto-

2317 4165 2463 4213 tores
2494 4173 2556 4214 ac
2582 4157 2820 4213 vindices
2848 4140 2989 4213 illam
3016 4157 3300 4229 gentilium
3333 4158 3641 4229 opinionem
3674 4166 3732 4212 et
3760 4171 3931 4227 argu—

2320 4252 2701 4308 mentationem
2722 4252 2980 4307 radicitus
3007 4258 3380 4307 excusserunt.

2878 4366 3110 4425 CAPUT
3149 4362 3344 4425 XXIX.

2462 4501 2540 4558 De
2563 4503 2771 4558 deorum
2792 4505 3122 4576 imaginibus,
3153 4505 3335 4559 statuis
3383 4514 3431 4560 et
3463 4503 3783 4559 simulacris.

2852 4654 3147 4697 ABTICULUS
3183 4655 3395 4696 Ριωιυε.

2322 4754 2516 4821 Quibus
2564 4757 2873 4829 argumentis
2922 4755 3274 4813 Tertullianus
3346 4760 3653 4814 demonstret
3682 4759 3936 4815 ..ταιωά

2395 4867 2497 4904 non
2521 4866 2629 4906 esse
2654 4850 2865 4905 deorum
2889 4850 3165 4906 simulacra
3184 4893 3198 4919 ,
3231 4867 3345 4922 qtae
3370 4850 3513 4906 naua
3536 4861 3654 4905 ante
3686 4849 3936 4909 Numam

2396 4941 2736 5014 Pompilium,
2765 4960 2825 4997 ac
2852 4944 3002 5016 longo
3040 4943 3278 5023 deinceps
3308 4955 3552 5015 (corpore,
3582 4944 3771 5000 Rome
3816 4949 3945 5018 fue-

2392 5046 2511 5091 runt
2534 5054 2554 5104 ,°
2584 5053 2696 5107 quia
2725 5054 2788 5093 ea:
2839 5036 3015 5092 eadem
3042 5038 3257 5092 materia
3282 5053 3342 5092 ac
3390 5037 3510 5091 uilia
3550 5037 3759 5091 uascula
3788 5037 3944 5109 facta

2393 5138 2573 5194 erant;
2597 5143 2712 5199 qua:
2748 5128 2973 5182 ridicula
2995 5127 3375 5183 consecratione
3397 5131 3562 5200 fatum
3602 5137 3947 5187 mutaverant

2393 5235 2579 5285 suum;
2606 5235 2722 5289 qua:
2749 5220 3029 5289 artiﬁcibus
3062 5220 3333 5290 fabricata,
3366 5220 3519 5275 variis
3545 5219 3886 5279 contumeliis
3908 5238 3948 5278 ι

2393 5311 2562 5367 bestiis
2588 5311 2974 5384 hominibusque
3008 5311 3357 5382 aﬂiciebantur
3384 5329 3404 5368 :
3429 5329 3489 5367 ac
3517 5328 3667 5384 quam
3696 5312 3945 5373 absurde

2393 5406 2562 5461 bestia:
2580 5404 2783 5471 Libero,
2813 5404 2994 5478 Cybele
3014 5448 3030 5474 ,
3057 5416 3105 5460 et
3131 5407 3333 5462 Caelesti
3354 5407 3630 5478 applicata
3654 5406 3783 5464 sint.

2392 5542 2528 5598 Cum
2553 5543 2686 5598 satis
2714 5556 2982 5613 superque
3019 5541 3447 5598 demonstratum
3473 5543 3545 5597 sit
3584 5540 3753 5598 falsos
3796 5541 3943 5600 nul-

2324 5636 2509 5707 losque
2530 5651 2650 5693 esse
2673 5636 2950 5707 gentilium
2973 5635 3126 5702 deos,
3158 5635 3283 5690 inde
3311 5635 3622 5692 necessaria
3664 5635 3933 5705 sequitur

2325 5742 2484 5796 vana,
2510 5744 2575 5784 ac
2599 5727 2747 5783 nullo
2769 5726 2981 5800 penitus
3010 5726 3217 5784 honore
3248 5727 3408 5798 digna
3437 5742 3558 5785 esse
3587 5726 3811 5783 illoru
3854 5726 3945 5785 ἠδ

2323 5820 2595 5891 mulacra,
2634 5829 2840 5879 statuas
2878 5829 2934 5878 et
2972 5820 3251 5893 imagines.
3281 5820 3414 5891 Qua
3454 5820 3601 5878 enim
3629 5818 3751 5878 falsi
3789 5819 4001 5895 dei...
