4170 6264
276 308 419 373 1155

1402 308 1853 374 DISSERTATIO
1886 313 1954 371 D.
1996 310 2085 372 LE
2120 308 2429 373 NOURRY.

3437 314 3577 379 1151

283 447 369 487 nio
395 431 655 487 consultus
679 428 921 485 noluisset
941 426 1133 503 (Idem,
1159 429 1454 504 Apologet.,
1486 448 1601 503 cap.
1636 432 1720 500 15,
1749 447 1870 504 pag.
1903 433 1957 494 Α
1982 446 2118 487 onus
2148 431 2540 502 deponebatur.
2578 431 2686 488 Sed
2732 433 2909 504 priore
2950 448 3122 492 sensu
3163 451 3193 493 a
3238 436 3575 497 Tertulliann

283 524 431 593 544).
478 524 674 581 Verum
720 524 767 579 is
794 523 1225 599 animadvertere
1249 524 1408 580 debet
1436 523 1522 579 his
1561 525 1741 581 verbis
1763 540 1874 579 non

1977 534 2253 594 acceptum
2279 524 2443 580 fuisse
2468 540 2533 581 eo
2561 526 2769 581 facilius
2794 528 2950 583 nobis
2972 529 3304 599 probabitur,
3331 534 3474 604 quod
3503 534 3574 591 de

280 614 529 671 denotari
583 616 714 670 deos
755 615 1007 681 selectos,
1056 615 1154 672 sed
1202 620 1522 688 quorumvis
1548 617 1774 673 deorum
1801 616 1877 673 si-
1977 631 2104 673 vase
2124 617 2190 672 ad
2212 618 2363 674 cibos
2384 619 2756 675 conﬁciendos
2785 620 2982 677 ibidem
3006 622 3213 678 locutus
3230 624 3319 679 sit.
3346 626 3421 682 De
3444 627 3577 683 trul-

277 708 541 775 mulacra,
565 723 682 778 quae
710 707 934 773 ethnici,
967 709 1042 764 uti
1087 709 1177 765 ille
1206 710 1403 765 ibidem
1431 711 1651 781 adjecit,
1681 725 1778 780 pro
1816 711 1879 765 li-

273 796 387 855 bito
411 799 971 870 liigiiei-are,vendcte,
992 802 1295 867 immutare,
1326 802 1575 875 frangere
1599 813 1864 873 poterant.

273 894 346 948 At
373 892 427 947 id
450 893 569 948 sine
596 880 806 948 illorum
836 895 1035 964 probro
1064 904 1120 951 et
1140 896 1406 953 dedecore
1436 898 1688 967 nequibat
1713 897 1827 953 ﬁeri
1852 913 1868 965 ;

273 993 434 1055 atque
460 993 585 1040 tunc
612 987 846 1043 maxime
872 987 1088 1057 quando
1115 1003 1222 1044 uno
1247 990 1571 1061 reprobato,
1595 990 1742 1046 aliud
1768 991 1869 1046 eli-

272 1077 514 1148 gebatur.
559 1077 752 1134 Nonne
779 1080 940 1134 etiam
986 1068 1087 1134 dici
1120 1090 1295 1150 potest
1336 1082 1657 1151 argumenti,
1688 1080 1812 1138 inde
1837 1096 1868 1139 a

274 1168 608 1226 Tertullinno
637 1170 802 1235 ducti,
827 1172 936 1225 vim
960 1171 1010 1225 in
1040 1187 1105 1227 eo
1132 1173 1358 1242 positam
1383 1186 1527 1241 esse,
1556 1173 1700 1244 quod
1743 1174 1868 1245 qui-

270 1276 500 1333 cumque
526 1263 601 1317 dii
624 1265 917 1333 tinguntur,
939 1264 971 1318 ii
989 1273 1079 1318 aut
1100 1265 1495 1335 omnipotentes
1514 1280 1633 1321 esse
1650 1264 1862 1332 debent,

269 1366 360 1411 aut
382 1356 510 1410 nulli
535 1355 606 1410 dii
636 1365 781 1410 sunt.
818 1357 889 1411 At
914 1371 1019 1411 non
1064 1356 1205 1411 inter
1236 1357 1417 1427 plures
1440 1358 1863 1427 etruiipotentos,

269 1447 363 1502 sed
390 1447 532 1503 bene
567 1447 784 1519 quidem
811 1448 950 1504 inter
972 1457 1194 1520 tyrones
1232 1459 1281 1506 et
1314 1451 1517 1507 milites
1564 1466 1704 1507 unus
1729 1451 1863 1507 vali-

268 1537 408 1605 dior,
442 1539 616 1608 potius
648 1555 806 1609 quam
838 1541 995 1608 alter,
1025 1549 1205 1612 potest
1221 1542 1397 1614 seligi.

338 1631 603 1686 Ca-terum
649 1632 692 1685 si
737 1639 843 1687 leta
875 1632 991 1688 haec
1023 1634 1414 1704 argumentatio
1462 1636 1671 1691 intirma
1705 1636 1865 1706 plane

269 1722 364 1778 tibi
396 1724 659 1788 videntur,
688 1725 846 1779 aliam
881 1725 950 1781 ab
978 1727 1069 1780 illo
1089 1728 1293 1798 accipe,
1309 1744 1470 1798 quam
1494 1729 1678 1799 procul
1699 1729 1864 1785 dubio

1976 712 2026 767 la
2061 721 2239 769 autem
2294 722 2350 769 et
2397 714 2657 771 cacabulo
2684 715 2891 787 aliquid
2921 717 2970 771 in
3002 717 3164 773 citata
3193 718 3573 779 dissertatione

1973 804 2223 860 diximus.

1959 884 1965 891 ’
2048 896 2188 951 Duas
2213 912 2372 968 porro
2388 899 2458 955 ob
2473 914 2694 955 caussas
2722 900 2773 956 lii
2791 900 2890 968 dii,
2911 903 3026 960 sive
3050 905 3333 962 simulacra
3360 907 3429 962 ab
3453 907 3575 964 eth-

1972 988 2106 1044 nicis
2135 991 2575 1058 immutabaulur,
2602 993 3043 1064 piguerabautur,
3072 1006 3126 1052 et
3172 999 3564 1056 vendebantur.

1971 1082 2049 1138 Ac
2077 1084 2245 1152 prima
2268 1086 2490 1155 quidem
2534 1097 2670 1153 erat,
2705 1088 2878 1158 inquit
2932 1090 3315 1160 Tertullianus,
3345 1105 3398 1148 ut
3427 1097 3570 1167 quis-

1968 1190 2065 1245 que
2088 1178 2210 1230 deus
2242 1178 2511 1247 contritus,
2541 1189 2692 1248 atque
2732 1190 2976 1238 contusus
3003 1193 3096 1249 est,
3117 1185 3238 1239 dum
3269 1187 3356 1241 diu
3387 1190 3572 1243 colitur

1970 1266 2298 1338 (Tertullian.
2332 1272 2627 1343 .lpologet.,
2652 1290 2767 1341 cap.
2813 1275 2967 1345 544).
2996 1276 3178 1348 Itaque
3207 1278 3354 1333 illum
3383 1280 3570 1348 deum,

1976 1371 2244 1419 vetustate
2294 1380 2539 1430 exesum,
2585 1376 2678 1420 aut
2731 1366 3087 1424 deformatum
3118 1372 3573 1442 rejiciebanl,ant

1968 1457 2372 1512 commutabant
2400 1460 2451 1511 in
2482 1457 2647 1514 aliud.
2678 1459 2860 1514 Altera
2883 1475 3071 1517 caussa
3099 1473 3247 1518 erat:
3273 1463 3341 1519 Ut
3360 1467 3571 1536 quisque

1968 1546 2120 1600 deum
2185 1551 2486 1603 sanctiorem
2534 1560 2770 1622 expertus
2822 1562 2894 1606 est
2925 1554 3249 1609 domesticam
3301 1559 3571 1613 necessita-

1968 1647 2084 1692 tem.
2110 1639 2184 1693 lto
2215 1640 2431 1711 quidem
2452 1642 2713 1711 Rigaltius
2740 1662 2753 1697 :
2780 1644 2832 1698 in
2868 1644 3202 1702 Frobeniana
3231 1663 3361 1705 vero
3376 1652 3567 1707 editio-

1967 1746 2034 1785 ne
2062 1748 2074 1784 :
2119 1730 2183 1784 Et
2203 1734 2414 1804 quisque
2437 1733 2718 1788 dominum.
2767 1734 2957 1791 Melius
2987 1737 3038 1791 in
3070 1739 3190 1794 aliis
3237 1740 3564 1798 editionibus

266 1816 487 1886 maioris
510 1817 762 1886 ponderis
786 1834 908 1873 esse
938 1818 1214 1875 fateberis.
1246 1819 1493 1889 Constat,
1522 1822 1713 1894 inquit,
1745 1838 1862 1879 om-
1891 1828 1939 1887 B
1969 1832 2023 1879 et
2049 1825 2299 1880 omnibus
2328 1827 2543 1881 ineditis
2566 1828 2969 1899 exemplaribus
2997 1832 3197 1886 nostris
3228 1848 3241 1884 ε
3276 1832 3569 1905 thuisque

266 1908 353 1964 nia
384 1911 661 1979 gentilium
689 1912 1000 1981 simulacra,
1030 1914 1115 1969 vel
1134 1915 1282 1991 quod
1313 1916 1453 1971 idem
1484 1927 1568 1972 est
1584 1933 1773 1974 onmes
1802 1921 1864 1974 il-

264 1998 437 2055 lorum
455 2001 587 2055 deos
608 2012 698 2057 aut
724 2003 1052 2059 domesticos
1072 2014 1126 2059 et
1150 2008 1405 2075 privatos,
1430 2018 1522 2062 aut
1546 2022 1863 2067 communes

265 2100 319 2145 et
350 2092 594 2161 publicos
627 2093 811 2150 fuisse.
847 2096 1010 2150 Primi
1041 2107 1221 2153 autem
1250 2099 1417 2166 lares,
1452 2110 1507 2156 et
1528 2111 1745 2171 penates
1770 2119 1863 2159 vo.

262 2185 546 2251 cabautur,
575 2202 711 2256 quos
739 2190 1108 2260 unusquisque
1134 2190 1282 2246 domi
1322 2203 1588 2263 servatos,
1626 2197 1729 2250 ritu
1769 2211 1863 2266 pe-

263 2278 447 2332 culiari
478 2279 657 2334 colere
683 2281 889 2335 solebat
915 2280 1109 2353 (Idem,
1135 2284 1430 2355 Apologet.,
1458 2302 1576 2356 cap.
1628 2287 1717 2353 15,
1736 2305 1858 2360 pag.

262 2368 387 2435 564,
417 2379 462 2423 ct
489 2370 578 2424 lib.
607 2372 625 2424 Ι
666 2371 735 2424 ad
764 2370 1001 2440 Nation.,
1033 2390 1150 2444 cap.
1174 2375 1283 2449 I0).
1341 2377 1414 2431 De
1440 2378 1723 2448 penatibus
1757 2395 1853 2434 au-

259 2469 368 2517 tem
396 2462 510 2518 lucc
536 2475 659 2517 sunt
691 2464 887 2519 Tibulli
913 2467 1150 2521 carmina
1175 2484 1188 2520 :

414 2577 616 2651 Al‘lnlill
641 2577 1094 2651 contingatipatrios
1117 2580 1376 2651 celebrare
1402 2591 1635 2651 penates,

473 2638 807 2703 Reddereque
833 2638 1033 2704 antiquo
1057 2638 1307 2693 tuenstrua
1330 2638 1474 2697 thura
1497 2646 1607 2696 lari.

919 2723 1143 2788 (Tibult.,
1170 2724 1254 2778 tib.
1281 2734 1314 2791 ι,
1333 2726 1454 2795 eleg.
1480 2729 1530 2789 δ,
1555 2744 1600 2780 υ.
1623 2732 1731 2794 33.)

330 2834 537 2891 Addam
550 2850 632 2903 us,
664 2836 708 2892 si
738 2837 906 2905 lubet,
937 2849 991 2895 et
1021 2840 1119 2894 ista
1141 2856 1172 2894 a
1199 2840 1420 2912 Virgilio
1444 2844 1593 2899 edita
1625 2862 1640 2898 :

385 2950 744 3024 Opinquaginm
764 2954 898 3004 intus
919 2952 1129 3024 fatnulze,
1156 2958 1337 3020 quibus
1357 2959 1529 3024 ordine
1553 2961 1704 3024 longo

415 3012 545 3063 Cura
558 3012 741 3077 penum
765 3024 979 3077 struere,
1008 3026 1061 3067 et
1082 3012 1289 3070 ﬂammis
1309 3020 1511 3072 adolere
1538 3012 1764 3085 penates.

837 3100 1066 3168 (Virgil.,
1092 3101 1176 3155 lib.
1202 3112 1218 3154 ι
1255 3103 1471 3170 dinem,
1498 3122 1543 3159 v.
1568 3110 1700 3175 707.)

258 3200 335 3259 De
363 3202 574 3259 laribus
604 3220 733 3260 vero
759 3206 1031 3264 Iuvenalis
1059 3210 1290 3265 cecinit:

412 3317 455 3391 ς)
481 3322 612 3391 parvi
637 3322 890 3386 nostrique
912 3323 1062 3391 lares,
1087 3338 1210 3388 quos
1233 3326 1380 3377 thure
1406 3329 1609 3391 minuto,

415 3382 515 3432 Aut
535 3383 684 3445 l‘arre,
709 3392 795 3435 aut
809 3382 954 3436 tenui
968 3382 1118 3437 soleo
1131 3402 1374 3440 exornare
1395 3403 1593 3443 corona.

940 3472 1209 3540 (JuvenaL,
1234 3474 1374 3530 satir.
1393 3481 1442 3542 9,
1462 3481 1571 3532 sub.
1586 3480 1705 3547 ﬁn.)

261 3573 420 3631 Plura
442 3584 619 3633 autem
643 3578 709 3635 de
734 3581 975 3652 utrisque
997 3585 1194 3656 saepius
1214 3588 1401 3643 stricto
1419 3588 1705 3662 soluteque
1733 3604 1854 3649 ser-

261 3681 425 3723 mone
454 3668 521 3725 ab
548 3671 777 3728 ethnicis
801 3672 1085 3731 decantata
1126 3679 1230 3733 huc
1263 3694 1558 3752 congerere
1597 3684 1859 3749 nihilne-

259 3772 415 3815 cesse
443 3771 545 3815 est.
581 3762 781 3819 Verum
807 3781 869 3820 ea
896 3766 997 3821 fuit
1016 3769 1328 3826 eorumdem
1354 3774 1631 3843 gentilium
1664 3783 1859 3833 mentis
1900 3834 1905 3839 ,

262 3852 619 3921 inconstantia
643 3900 657 3923 ,
686 3858 839 3927 isque
867 3859 1064 3931 impius
1101 3864 1325 3920 deorum
1358 3880 1577 3923 suorum
1616 3878 1860 3926 contem-

261 3955 404 4016 ptus,
461 3957 517 4003 ut
572 3966 707 4019 quos
762 3950 853 4007 diu
904 3954 1237 4023 coluerunt,
1267 3957 1638 4027 domesticam,
1689 3962 1861 4034 inquit

260 4036 639 4108 Tertullianus,
673 4043 725 4097 in
775 4042 921 4113 ipsos
956 4060 1271 4104 exercerent
1324 4060 1646 4122 potestatem
1679 4056 1858 4128 pigne-

260 4131 445 4196 rando,
465 4134 788 4202 venditando,
810 4136 1140 4204 demutando,
1168 4142 1445 4214 aliquando
1468 4146 1525 4200 in
1551 4148 1857 4203 cacabulum

262 4224 326 4279 de
348 4226 676 4294 Saturno,.in
707 4233 915 4288 trullam
937 4238 999 4290 de
1030 4236 1269 4293 Minerva
1305 4239 1635 4308 (Tcrtnllian.
1666 4244 1857 4316 Apolo-

262 4328 385 4389 ραι,
411 4336 528 4390 cap.
545 4323 1170 4397 5H).Quemadmodum
1195 4331 1354 4402 igitur
1373 4336 1597 4404 gentiles
1625 4351 1691 4391 ex
1721 4337 1862 4392 vasi-

260 4410 363 4465 bus
386 4413 646 4472 vilissimo
667 4419 807 4483 usui,
837 4430 893 4473 ut
912 4430 1071 4476 antea
1092 4422 1341 4488 vidimus,
1366 4424 1649 4482 destinatis
1694 4429 1863 4483 simu-

261 4500 427 4568 Iaera,
455 4506 570 4561 sive
607 4508 761 4575 deos,
794 4512 865 4565 ita
890 4514 1052 4567 etiam
1093 4529 1157 4567 ex
1185 4513 1268 4584 bis
1313 4516 1418 4570 alia
1448 4532 1573 4571 vasa
1621 4519 1861 4589 postlimc

1968 1917 2229 1980 dominus,
2270 1919 2412 1972 illius
2442 1919 2698 1975 videlicet
2719 1920 2829 1984 dei,
2857 1931 2910 1975 et
2937 1923 3236 1988 simulacri,
3263 1928 3569 1982 sanctiorem

1967 2018 2205 2080 expertus
2227 2020 2299 2064 est
2320 2012 2646 2066 domesticam
2673 2014 3019 2068 necessitatem
3052 2016 3226 2085 (545).
3258 2017 3363 2072 Sed
3406 2020 3564 2088 quid,

1964 2101 2174 2172 rogabit
2226 2102 2439 2173 aliquis,
2473 2118 2667 2159 nomen
2695 2106 2998 2159 sanctiorem
3035 2106 3109 2161 ibi
3137 2109 3435 2178 Signiﬁcat?
3461 2111 3570 2167 Re-

1965 2193 2232 2263 stioudent
2252 2195 2497 2249 nonnulli
2517 2196 2650 2249 nihil
2670 2196 2815 2251 aliud
2833 2197 3217 2253 Tertullianum
3232 2201 3336 2255 sibi
3359 2203 3564 2259 voluis-

1965 2300 2045 2352 se,
2097 2286 2198 2340 nisi
2230 2285 2372 2341 hunc
2401 2287 2561 2342 deum
2606 2303 2650 2361 a‘
2677 2302 2909 2357 paupere
2954 2289 3095 2345 illius
3126 2290 3347 2347 domino
3376 2295 3556 2362 vendi,

1965 2379 2048 2433 cui
2091 2393 2187 2434 sua
2234 2381 2531 2451 necessitaq
2557 2389 2612 2435 et
2639 2381 2814 2451 inopia
2841 2382 2942 2437 sibi
2970 2385 3212 2450 sanctior,
3245 2400 3405 2456 quam
3431 2387 3565 2443 deus

1966 2468 2095 2527 suus
2125 2473 2424 2531 videbatur.
2468 2474 2852 2531 Necessitatem
2872 2475 3014 2531 enim
3045 2479 3366 2535 sanctiorem
3395 2495 3559 2537 voca-

1966 2564 2009 2618 ri
2045 2573 2235 2635 putant
2256 2570 2577 2633 extremam,
2611 2568 2953 2639 maximeque
2978 2582 3281 2639 urgentem,
3309 2573 3566 2641 quemad-

1964 2658 2182 2714 modum
2214 2658 2399 2715 Livius
2427 2670 2583 2714 vocat
2610 2660 2851 2714 sanctius
2878 2662 3153 2728 mrarium,
3184 2664 3326 2731 quod
3350 2663 3418 2718 ad
3449 2664 3577 2720 ulti-

1963 2765 2113 2818 mos,
2164 2739 2374 2821 inquit,
2410 2765 2572 2805 casus
2616 2752 2932 2805 servabatur
2976 2751 3171 2822 (Liv,
3202 2753 3290 2808 lib.
3342 2753 3560 2822 XXVII,

1970 2841 2135 2913 ἕω).
2167 2843 2334 2897 Citari
2377 2858 2588 2913 quoque
2616 2852 2826 2913 poterat
2864 2844 3074 2912 Cicero,
3100 2846 3192 2916 qui
3220 2844 3286 2901 ad
3325 2848 3558 2904 Atticum

1964 2935 2183 3004 scripsit
2224 2934 2503 2989 decretum
2553 2936 2740 3001 fuisse,
2799 2945 2854 2988 ut
2902 2940 3167 3006 pecuniam
3207 2940 3272 2994 de
3308 2943 3563 2998 sanctiore

1963 3028 2146 3081 wrario
2170 3028 2429 3097 aufeirent
2448 3028 2661 3099 (Cicera,
2687 3029 2775 3083 lib.
2806 3028 2934 3096 VIII,
2964 3029 3133 3103 Epist.
3161 3032 3257 3101 Q0,
3284 3037 3351 3089 ad
3380 3036 3559 3105 Attia,

1965 3136 2083 3191 pag.
2109 3118 2237 3184 284,
2271 3120 2364 3173 lin.
2394 3120 2474 3189 ὅ).
2521 3119 2902 3176 Verumtamen
2958 3124 3218 3194 numquid
3262 3139 3292 3179 ιι
3324 3141 3489 3197 scopo
3516 3121 3561 3182 is

1888 3221 1934 3286 ρ
1968 3213 2183 3284 penitus
2231 3212 2523 3279 aberrabit,
2556 3213 2647 3283 qui
2688 3213 2885 3268 dixerit
2922 3215 3050 3269 illud
3094 3216 3415 3288 adjectivum
3441 3235 3562 3275 san-

1962 3306 2188 3372 ctiorem,
2211 3320 2316 3360 non
2342 3304 2407 3360 ad
2439 3319 2636 3360 nomen
2656 3307 3025 3375 necessitatem,
3053 3309 3146 3365 sed
3177 3310 3327 3364 deum
3349 3312 3565 3368 referri?

1962 3398 2095 3455 Nam
2110 3399 2321 3456 ethnici
2350 3414 2464 3471 quo
2495 3400 2820 3455 sanctiorem
2850 3401 3007 3456 deum
3032 3417 3155 3458 esse
3183 3404 3561 3475 opinabantur,

1963 3509 2028 3548 eo
2057 3493 2285 3549 carioris
2316 3492 2467 3547 illum
2500 3492 2826 3548 vendebant.
2871 3493 2941 3548 Et
2962 3503 3110 3550 certe
3138 3496 3252 3566 ipse
3279 3495 3563 3553 Tertullia-

1965 3603 2063 3642 uus
2094 3585 2288 3642 ibidem
2319 3595 2373 3641 et
2402 3585 2457 3640 in
2487 3584 2625 3641 libro
2655 3586 2721 3640 ad
2752 3586 3009 3642 Nationes
3038 3585 3165 3641 :Dii
3186 3630 3199 3655 ,
3229 3589 3421 3660 inquit,
3473 3593 3565 3661 qui

1963 3680 2125 3752 magis
2140 3681 2323 3745 sancti,
2337 3679 2506 3751 magis
2530 3679 2782 3732 tributarii
2802 3677 3156 3751 (Tertullian.,
3192 3681 3321 3736 lib.'l
3344 3684 3414 3735 ad
3440 3681 3561 3737 Na-

1964 3773 2054 3838 tio,
2103 3788 2216 3844 cap.
2248 3772 2359 3840 Ill).
2418 3770 2588 3824 Porro
2617 3778 2794 3824 autem
2845 3771 2959 3824 sive
3014 3771 3178 3838 deus,
3226 3788 3322 3828 seu
3376 3775 3556 3844 potius

1963 3865 2257 3920 necessitas
2307 3862 2645 3917 ethnicorum
2679 3861 2780 3916 ltoc
2827 3863 3097 3916 sanctioris
3150 3864 3368 3920 nomine
3413 3865 3561 3920 desi-

1964 3965 2179 4028 gnetur,
2204 3954 2328 4010 illos
2355 3952 2718 4009 Tertullianus
2748 3952 3038 4008 meritobis
3058 3955 3238 4009 verbis
3266 3955 3559 4027 redarguit:

1966 4047 2203 4102 Privatos
2224 4046 2366 4109 deos,
2391 4060 2518 4115 quos
2546 4045 2702 4107 lares,
2731 4053 2776 4096 et
2818 4053 3023 4110 penates
3054 4044 3329 4098 domestica
3376 4063 3561 4101 conse-

1964 4140 2189 4201 cratione
2230 4136 2519 4208 perhibetis,
2551 4135 2828 4189 domestica
2873 4134 3077 4186 licentia
3129 4134 3414 4201 inculcatis,
3445 4138 3561 4195 sive

1964 4226 2309 4296 conculcatis,
2338 4229 2665 4291 venditando,
2710 4227 3025 4297 pignerando
3054 4243 3148 4298 pro
3174 4232 3469 4286 necessitate
3493 4248 3559 4288 ac

1965 4326 2223 4379 voluntate
2270 4322 2321 4395 (Ι
2330 4322 2418 4375 bid
2428 4363 2458 4383 .,
2485 4338 2606 4392 pag.
2630 4317 2744 4390 55).

1974 4406 1989 4416 ’
2032 4404 2222 4486 Neque
2271 4415 2435 4486 pluris
2468 4412 2730 4467 iaciebant
2758 4410 2890 4465 deos
2921 4425 3049 4467 suos
3095 4414 3360 4483 publicos,
3410 4434 3563 4485 quas,

1966 4510 2042 4565 uti
2073 4508 2163 4563 ille
2191 4506 2550 4578 prosequitur.
2576 4519 2716 4573 atque
2731 4503 2932 4575 publica
2942 4505 3064 4575 jure
3087 4506 3342 4575 {wdabant
3367 4507 3557 4579 (Idem,

261 4596 566 4667 ﬁngebant,
600 4612 693 4657 aut
730 4619 791 4659 ea
820 4605 1195 4676 piguerabant,
1243 4617 1333 4663 aut
1382 4610 1735 4667 vinditabant.
1771 4610 1857 4669 Ex

1970 4602 2259 4677 Apologet.,
2287 4616 2402 4669 cap.
2438 4599 2524 4664 15,
2551 4613 2667 4669 pag.
2702 4597 2833 4665 545,
2861 4608 2909 4651 et
2936 4597 3025 4651 lib.
3060 4597 3165 4651 Iad
3187 4597 3425 4670 Nation.,
3459 4602 3561 4660 loc.

259 4687 494 4748 Saturno
518 4694 683 4760 enim,
717 4697 831 4752 sive
857 4698 1069 4753 Saturni
1101 4700 1390 4756 simulacro
1408 4701 1722 4760 formabant
1753 4706 1857 4761 ali-

260 4785 478 4853 quando
507 4789 842 4855 cacabulum,
865 4791 979 4846 sive
1018 4794 1194 4849 minus
1216 4796 1494 4864 cacabum,
1537 4797 1680 4869 quod
1722 4806 1861 4857 teste

261 4874 526 4943 Varrone,
551 4897 645 4937 vas
664 4896 801 4952 erat,
824 4885 909 4940 ubi
928 4888 1095 4942 cibum
1117 4887 1431 4957 coquebant;
1450 4889 1514 4944 ab
1537 4907 1595 4945 ea
1615 4892 1861 4948 cacabum

261 4970 589 5038 appellarunt
614 4973 821 5045 (Varr.,
853 4979 938 5033 lib.
970 4978 1058 5044 IV,
1092 4982 1154 5034 de
1175 4979 1325 5051 Ling.
1352 4983 1467 5051 lat.,
1502 4982 1861 5055 §27).Trulla

263 5075 394 5115 vero
426 5072 519 5120 vas
546 5066 814 5136 potorium
846 5080 988 5140 erat,
1020 5072 1096 5127 uti
1126 5087 1194 5127 ex
1219 5072 1302 5129 bis
1332 5085 1478 5144 patet
1504 5074 1710 5132 Horatii
1738 5092 1864 5133 vere

265 5153 414 5213 sibus
437 5173 450 5212 ε

517 5277 607 5347 ριιί
631 5277 959 5347 Veientanum
983 5279 1122 5347 festis
1154 5287 1323 5347 potare
1344 5282 1526 5339 diebus

515 5340 757 5405 (imparia
772 5342 940 5393 solitus
955 5343 1122 5397 trulla.

892 5427 1089 5490 (Horat.
1114 5426 1197 5479 tib.
1223 5431 1433 5492 u,satir.
1453 5432 1502 5492 3,
1524 5443 1569 5482 ο.
1598 5431 1735 5495 143.)

266 5524 423 5594 Quod
468 5530 681 5599 quidem
706 5548 737 5588 a
757 5533 1012 5590 Iuvenale
1040 5537 1391 5593 conﬁrmatur
1420 5538 1440 5612 (
1465 5538 1740 5607 Juvenal.,
1768 5554 1858 5596 sa-

266 5621 353 5673 tir.
402 5621 459 5687 5,
508 5639 556 5678 v.
593 5624 740 5697 "2).
766 5627 1069 5698 Aliquando
1097 5637 1281 5684 tamen
1300 5630 1512 5684 videtur
1537 5632 1605 5685 ab
1635 5630 1755 5685 aliis
1771 5643 1864 5687 ac-

266 5714 370 5784 cipi
402 5731 495 5785 pro
523 5733 668 5785 vase,
701 5736 809 5790 quo
833 5723 1040 5776 ventris
1069 5765 1084 5789 ,
1115 5723 1255 5779 sicut
1277 5724 1376 5779 alia
1411 5724 1462 5778 in
1487 5724 1869 5782 dissertatione

265 5806 600 5866 ostendimus
618 5809 916 5883 (Dissertat.
937 5814 1230 5885 in-Arnob.,
1253 5830 1369 5887 cap.
1386 5815 1503 5885 ult.,
1522 5825 1620 5873 art.
1646 5818 1862 5891 ultim.),

1964 4694 2101 4768 cit.),
2159 4696 2268 4751 imo
2318 4707 2448 4748 vero
2502 4689 2801 4745 tractabant
2847 4690 3055 4759 turpius
3095 4705 3158 4745 ac
3204 4695 3565 4750 contumelio-

1966 4789 2094 4846 sius.
2128 4785 2260 4843 Nam
2294 4786 2529 4856 privatos
2554 4782 2922 4853 unusquisque
2949 4797 3046 4852 pro
3070 4782 3294 4853 arbitrio
3320 4786 3563 4856 quidem,

1965 4881 2060 4939 sed
2102 4879 2347 4950 privatim
2379 4876 2673 4941 vendebat;
2706 4874 2948 4945 publicos
2974 4889 3102 4930 vero
3123 4875 3356 4945 publice,
3383 4889 3438 4934 ut
3464 4895 3565 4951 po-

1966 4983 2019 5031 te
2049 4987 2183 5045 quos
2207 4970 2545 5027 habebantin
2574 4967 2799 5021 hastario
2829 4966 3095 5037 vectigales
3125 4965 3339 5041 (lbid.).
3378 4969 3566 5027 IIasta.

1967 5072 2108 5128 rium
2139 5078 2336 5134 autem,
2357 5066 2402 5120 si
2429 5062 2681 5119 Turnebo
2704 5059 2895 5116 credas
2926 5058 3198 5131 (Turneb.,
3227 5062 3314 5115 lib.
3346 5062 3565 5119 XXVIII

1970 5166 2206 5228 Advers.,
2240 5177 2356 5231 cap.
2382 5156 2461 5230 5),
2495 5157 2645 5212 locus
2671 5163 2810 5218 erat,
2858 5152 2945 5207 ubi
2980 5153 3403 5225 proscriptorum
3426 5158 3566 5239 bona

1970 5255 2456 5315 venumdabantur.
2513 5247 2781 5319 Rigaltius
2831 5255 3008 5300 autem
3050 5255 3199 5315 putat
3244 5262 3311 5302 co
3349 5249 3568 5305 nomine

1974 5346 2263 5421 signiﬁcari
2289 5344 2482 5400 librum
2531 5340 2847 5402 hastarium,
2900 5351 2995 5391 seu
3029 5335 3346 5392 tabularium
3393 5348 3447 5394 et
3476 5356 3567 5397 re-

1970 5453 2176 5517 gestum
2208 5437 2616 5509 vectigaliorum
2646 5475 2660 5501 ,
2713 5446 2833 5502 quae
2872 5430 2973 5484 sub
3012 5429 3166 5485 hasta
3195 5440 3249 5486 et
3277 5447 3407 5489 voce
3430 5449 3572 5504 pm.

1972 5539 2123 5596 conis
2156 5532 2520 5607 quinquennio
2547 5541 2761 5601 quoque
2800 5524 2977 5580 addici
3022 5525 3452 5595 redemptoribus
3472 5544 3570 5585 so-

1971 5631 2172 5689 lebant.
2214 5627 2282 5683 Et
2323 5634 2470 5682 certe
2502 5624 2703 5678 Auctor
2755 5627 2940 5673 noster
2977 5635 2989 5671 :
3027 5617 3565 5689 Quosiuhastarium,

1971 5724 2164 5795 inquit,
2196 5717 2475 5791 regessistis
2508 5712 2795 5786 publicanis
2820 5709 2979 5765 sub...
3001 5711 3085 5776 tis,
3119 5700 3257 5763 0min
3285 5712 3572 5783 quinqueno

1974 5818 2080 5887 nio,
2101 5816 2233 5871 inter
2252 5808 2518 5884 vectigalia
2543 5815 2708 5864 vestra
2726 5804 3037 5875 proscriptos
3052 5802 3291 5861 addicitis
3304 5804 3567 5877 (Terntth
