4184 6258
587 289 609 340 1
623 277 740 353 15%,

1639 279 1703 334 IN
1745 275 2205 335 TERTULUANl
2242 276 2776 342 APOLOGETICUM.

3743 281 3882 338 1136

587 406 677 461 lib.
709 405 724 458 l
762 405 830 459 ad
860 402 1096 468 Nation.,
1143 416 1258 472 cap.
1290 397 1401 470 10).
1428 395 1532 454 Sed
1576 406 1861 469 utrumque
1890 396 2020 452 illud
2050 394 2261 457 Ter-,A
2286 397 2531 461 adoratis,
2566 413 2679 450 cum
2709 395 2970 452 Simonem
3021 398 3227 468 magum
3271 401 3438 452 statua
3467 405 3511 450 et
3549 396 3882 468 inscriptione

510 499 514 508 ’
591 501 840 554 tulliauus
866 493 1167 568 significare
1197 493 1381 564 procul
1437 491 1600 546 dubio
1645 490 1874 546 videtur.
1913 489 2000 544 Ait
2033 489 2201 545 enim.

589 595 718 649 deos
760 591 997 662 publicos
1025 590 1076 642 in
1103 602 1225 643 eum
1278 587 1457 641 locum
1507 582 1815 649 transferri,
1872 582 1981 648 ubi,
2042 583 2184 636 sicut

589 687 694 739 alia
726 683 1146 752 proscriptorum
1171 680 1308 733 bona
1334 682 1387 732 in
1419 676 1684 732 tabulario
1710 675 1926 744 publico
1949 674 2200 744 primum;

589 775 878 845 descripta,
917 790 1011 845 per
1030 773 1263 844 quinque
1305 755 1475 825 annos
1517 769 1963 834 asservabantur,
2009 766 2183 822 donec

589 868 953 926 venderentur
985 865 1216 935 publice,
1244 873 1406 933 atque
1435 862 1505 916 ita
1535 863 1629 915 sub
1665 861 1841 914 eadem
1861 901 1875 926 ,
1906 859 2043 914 sicut
2091 858 2185 913 ille

591 963 686 1028 ait,
712 960 879 1026 hasta,
910 958 1000 1011 sub
1065 956 1239 1011 eadem
1282 937 1608 1008 adnotatione
1636 952 1900 1022 quwstoris
1947 949 2186 1003 divinitas

593 1055 804 1110 illorum
852 1051 1125 1106 addicitur.
1172 1047 1361 1104 Nonne
1406 1056 1582 1101 autem
1614 1044 1916 1109 Itastarium,
1945 1051 2003 1096 et
2032 1041 2099 1094 ab
2118 1054 2205 1104 ea

591 1148 742 1202 hasta
761 1189 774 1200 .
804 1155 860 1200 et
884 1145 951 1199 ab
976 1143 1323 1199 annotatione
1337 1141 1450 1197 sive
1481 1139 1711 1210 registro
1734 1134 2018 1206 quaestoris
2044 1149 2209 1188 nun-.

593 1241 777 1314 cupari
806 1237 1021 1309 potuit?
1173 1253 1177 1258 ί
2133 1289 2136 1291 ,
2167 1283 2173 1290 .

621 1397 624 1402 _
663 1332 929 1403 Quidquid
961 1332 1063 1400 sit,
1095 1330 1149 1384 hi
1192 1329 1262 1384 dii
1292 1343 1398 1383 non
1430 1327 1602 1382 solum
1634 1321 1873 1394 venales,
1906 1318 1999 1374 sed
2030 1317 2192 1382 vecti:

590 1429 732 1499 gates
757 1441 989 1497 quoque,
1025 1423 1195 1494 inquit
1225 1421 1624 1485 Tertulliauus,
1661 1414 1993 1470 habebantur
2020 1428 2035 1476 ;
2064 1410 2211 1481 quia,

591 1536 689 1590 pro
727 1517 1106 1591 quinquennali
1134 1516 1186 1569 itt
1219 1512 1453 1568 hastario
1480 1524 1624 1592 mora
1651 1549 1666 1573 ,
1696 1504 1911 1577 aliquod
1938 1502 2212 1564 solvebag

593 1625 682 1671 tur
709 1613 957 1681 vectigal,
1011 1624 1071 1663 ac
1128 1607 1381 1662 tributum
1413 1601 1602 1673 (idem,
1640 1599 1930 1669 Apologet.,
1955 1613 2069 1666 cap.
2098 1595 2211 1660 l5,3

592 1725 646 1778 p.
674 1705 824 1773 544).
867 1704 1080 1770 Quanto
1128 1701 1305 1771 igitur,
1329 1697 1520 1751 amabo
1540 1705 1609 1758 te,
1630 1691 1894 1773 dedecore
1923 1697 2187 1756 etoppro-

2284 495 2444 547 sancti
2469 494 2549 548 dei
2567 495 2879 566 inauguratis
2902 494 3122 568 (Tertul.
3150 497 3327 567 Apol.,
3351 514 3466 566 cap.
3496 497 3670 566 15.-p.
3728 495 3880 565 5J7)?

2285 586 2636 642 Observatum
2668 597 2847 643 autem
2877 605 2905 642 a
2947 589 3100 642 nobis
3156 590 3254 642 fuit
3307 605 3335 641 a
3375 588 3589 643 Justino
3647 601 3881 657 martyre

2287 681 2535 734 traditum
2559 681 2748 747 fuisse,
2773 681 2999 737 Claudio
3027 683 3345 753 imperante,
3375 692 3605 736 statuam
3630 683 3683 735 in
3711 681 3896 735 insula'

2287 770 2540 827 Tiberina
2567 772 2722 843 duos_
2747 773 2886 828 inter
2919 785 3108 843 pontes
3159 772 3282 828 huic
3314 772 3518 828 Simoni
3551 787 3707 842 mago
3728 769 3881 840 posi-

2290 875 2394 920 tam
2423 881 2542 920 cum
2592 866 2680 920 illa
2729 867 3081 938 inscriptione
3115 885 3126 920 :
3159 867 3360 920 Simoni
3385 877 3558 920 sancto
3581 865 3675 918 deo
3706 863 3886 934 (Tom.

2287 957 2307 1012 ι
2339 960 2610 1028 Apparat.,
2667 976 2786 1030 pag.
2819 960 2900 1028 6).
2930 959 3145 1031 Martyri
3190 960 3532 1014 sanctissimo
3563 957 3890 1028 suffragatur

2287 1050 2520 1121 Cyrillus
2534 1051 3057 1122 Hierosolymitan‘us
3068 1049 3254 1122 (Cyril.
3266 1093 3279 1117 ,
3303 1052 3498 1104 cateclt.
3514 1050 3565 1113 6,
3583 1067 3696 1122 pag.
3721 1047 3856 1119 157)
3870 1089 3887 1116 ,

2288 1143 2376 1211 qui
2407 1142 2550 1212 illam
2576 1141 2644 1196 ab
2660 1141 2852 1206 eodem
2904 1140 3131 1196 Claudio
3162 1142 3592 1211 imperatore,'ct
3618 1141 3908 1196 Eusebius

2289 1233 2526 1302 (Euseb.',
2560 1235 2645 1289 lib.
2679 1234 2721 1289 ll
2754 1233 2950 1288 Hister.
2981 1235 3186 1297 eccles.,
3209 1252 3329 1305 pag.
3363 1234 3479 1304 52),
3510 1234 3597 1304 qui
3623 1249 3651 1286 a
3681 1233 3891 1288 Roma-

2291 1329 2375 1381 nis
2410 1329 2745 1383 ‘eolloeatam
2773 1329 2962 1398 tfuisse
2994 1369 2998 1374 .
3036 1327 3177 1383 haud
3238 1328 3546 1383 dubitanter
3595 1327 3912 1382 affirmant.-

2290 1421 2440 1476 Alios
2469 1431 2630 1477 testes
2663 1421 2749 1476 hic
2777 1421 2946 1476 citare
2977 1430 3084 1476 tam
3128 1421 3282 1485 facile
3309 1423 3668 1492 esset,'quam
3699 1435 3912 1490 ευριπ-ί

2291 1531 2603 1570 vacaneum.
2638 1513 2856 1580 Omnes
2878 1515 3158 1578 enimvero
3189 1514 3495 1570 concedunt
3541 1529 3912 1570 communem.

2293 1609 2429 1662 hanc
2459 1607 2623 1662 fuisse
2638 1609 2885 1663 veterum
2918 1607 3250 1678 Scriptorum
3284 1604 3616 1677 opinionem.

2367 1697 2562 1752 Verum
2591 1700 2921 1755 recentiores
2961 1699 3434 1755 critici'audacler
3450 1696 3788 1756 asseverant
3838 1700 3916 1756 il-'-

593 1801 712 1855 brio
732 1798 912 1853 miseri
951 1796 1038 1857 illi
1074 1795 1146 1848 dii
1186 1789 1590 1846 afficiobanlur?
1615 1787 1730 1854 Quo
1760 1785 1901 1839 enim
1935 1781 2095 1836 modo
2119 1778 2184 1833 ad

2303 1792 2395 1843 iam
2424 1805 2606 1844 crasso
2637 1791 2731 1844 niti
2762 1807 2969 1854 errore,
2996 1792 3084 1860 qui
3107 1791 3176 1846 ab
3206 1792 3395 1846 eodem
3424 1794 3659 1860 Justino,
3711 1785 3920 1848 latina:-

590 1909 686 1949 eos
715 1890 1022 1948 vendendos
1066 1898 1120 1943 et
1157 1885 1411 1942 emendos
1445 1883 1567 1937 illuc
1591 1882 1718 1934 itum
1754 1878 1799 1932 si
1821 1889 2032 1946 quaeras
2059 1891 2071 1926 :
2094 1874 2214 1936 Sic,

590 1985 922 2056 (.apitolium,
962 1979 1311 2050 .reSpondcbit
1367 1974 1751 2035 Tertullianus,
1806 1969 1878 2023 sic
1928 1966 2216 2049 olitorium,

594 2083 764 2152 forum
793 2077 978 2148 petitur
1003 2073 1195 2146 (Idem,
1231 2071 1405 2138 ibid.).
1440 2067 1612 2122 Minus
1630 2065 1767 2119 bene
1790 2057 2216 2152 inquibusdam_

591 2147 748 2225 editis
776 2147 799 2222 :7
824 2167 981 2223 Si....
1031 2167 1096 2227 si,
1141 2179 1234 2234 pro
1261 2163 1424 2215 sic.
1457 2160 1549 2213 sic.
1592 2156 1648 2209 ln
1706 2155 1842 2208 ltbro
1880 2151 2080 2222 quippe
2117 2147 2184 2203 ad

590 2264 850 2319 Nationes
880 2260 1108 2330 legimus
1144 2275 1154 2310 ε
1192 2256 1282 2311 Sic
1305 2254 1626 2322 Serapwum,
1658 2249 1730 2302 sic
1762 2244 2071 2315 Capitolium
2098 2258 2185 2311 pe-
2214 2289 2218 2304 ε

593 2360 716 2413 titur
742 2356 831 2428 (Et
851 2355 942 2408 lib.
973 2354 994 2423 ι
1019 2353 1085 2406 ad
1114 2350 1352 2412 Nation.,
1383 2364 1502 2422 cap.
1527 2344 1611 2408 10,
1644 2359 1763 2413 pag.
1790 2339 1903 2411 55),
1940 2340 2042 2392 hoc
2081 2345 2184 2399 est,
2213 2381 2218 2396 ς

591 2451 782 2506 eodem
806 2445 1273 2514 modo,sim_ilique
1301 2441 1497 2496 tributo
1527 2437 1819 2492 hastarium
1849 2432 1914 2487 ad
1943 2431 2075 2487 deos
2103 2444 2218 2494 re-p

594 2542 891 2613 ponendos,
915 2556 977 2596 ac
1000 2535 1402 2594 venumdandos
1430 2534 1654 2593 locatur,
1679 2524 2218 2603 quomodoCapitoq

593 2636 742 2697 lium,
775 2634 1104 2702 Serapzeum,
1136 2636 1190 2684 et
1230 2626 1406 2682 forum
1433 2617 1906 2686 0|ilOl‘lUlIl._Nulli
1931 2625 2110 2671 autem
2135 2615 2219 2680 in_

598 2729 715 2783 haec
745 2708 943 2794 templa
995 2721 1222 2794 ingredi,
1273 2713 1724 2788 quemadmodum
1767 2726 1868 2768 nec
1905 2708 2105 2792 aliquid
2137 2709 2220 2772 in,

597 2823 715 2876 foro
737 2816 956 2873 olitorio
976 2813 1208 2882 vendere
1238 2811 1382 2877 ,nisi
1414 2809 1589 2863 Soluto
1631 2805 1829 2882 tributo
1852 2802 2067 2858 licebat.
2095 2800 2214 2874 Er-__

594 2928 666 2983 go
681 2913 764 2983 qui
788 2909 950 2982 magis
973 2906 1246 2972 tributarii,
1270 2901 1542 2979 concludit
1567 2901 1676 2965 ille,
1700 2898 1860 2968 magis
1881 2895 2064 2960 sancti,
2090 2894 2193 2947 into
2214 2950 2221 2956 ,

592 3006 698 3076 qui,
730 3005 891 3074 magis
941 3001 1130 3064 sancti,
1171 2997 1330 3068 magis
1363 3009 1378 3051 .'
1398 2993 1649 3056 tributarii
1706 2990 1724 3063 (
1761 2989 1898 3044 Ibid.
1938 2989 1977 3060 ),
2012 2987 2062 3042 id
2089 2994 2223 3050 est,

596 3113 704 3168 quo
724 3098 858 3173 deus
887 3093 1018 3148 falsa
1043 3091 1382 3149 ethnicorum
1427 3087 1680 3156 Opinione
1705 3083 1942 3146 sanctior
1967 3079 2216 3143 aestima;

2287 1882 2481 1952 linguae
2505 1883 2930 1953 penitus'ign‘aro
2957 1883 3254 1954 profectus,
3279 1892 3600 1939 caeterorum
3625 1884 3920 1954 deinceps

2286 1974 2494 2029 animos
2523 1974 2938 2043 pervasit._Cum
2962 1976 3105 2030 enim
3139 1975 3227 2030 ille
3250 1975 3300 2029 in
3333 1975 3590 2043 mentem,
3622 1976 3898 2047 inquiunt,

2287 2065 2589 2145 induxisset
2635 2079 2862 2123 statuam
2903 2069 3154 2124 Semonis
3181 2069 3338 2124 Sanci
3366 2070 3450 2124 dei
3483 2070 3621 2125 Fidii
3646 2071 3899 2126 eamdem

2289 2175 2410 2217 esse
2437 2176 2500 2215 ac
2526 2160 2762 2219 Simonis
2794 2162 2956 2232 tnagi,
2988 2162 3089 2232 ipsi
3119 2162 3249 2218 falsa
3279 2163 3511 2217 nominis
3538 2163 3902 2220 similitudine

2287 2254 2535 2323 decepto,
2562 2255 2660 2324 alii
2677 2270 2866 2309 omnes
2890 2256 3087 2310 incauti
3110 2255 3572 2325 subscripserunt.

2361 2345 2976 2416 Quid,ergo?Numquid
3001 2361 3192 2402 omnes
3219 2343 3326 2402 non
3357 2344 3528 2402 solum
3552 2363 3756 2419 graece,
3803 2348 3924 2406 sed-

2292 2439 2454 2494 latiue
2485 2439 2745 2504 scientes,
2772 2447 2932 2508 atque
2959 2439 2992 2493 ii
3013 2438 3196 2502 etiam,
3226 2439 3316 2509 qui
3346 2439 3569 2494 Romam
3600 2449 3721 2510 post
3735 2440 3924 2497 Iusti--

2293 2547 2418 2587 num
2473 2541 2765 2609 martyrem
2817 2531 3113 2586 venerant?
3161 2530 3428 2600 Numquid
3471 2531 3609 2587 hunc
3647 2548 3901 2591 errorem

2295 2622 2470 2677 nullus
2498 2638 2562 2677 ex
2590 2622 2693 2676 illis
2737 2622 3125 2692 deprehendit,
3159 2633 3251 2676 aut
3300 2624 3443 2678 illius
3477 2639 3504 2678 a
3533 2639 3587 2679 se
3615 2615 3791 2693 agniti
3823 2640 3900 2681 ne

2298 2716 2462 2770 ullum
2496 2704 2713 2787 quidem
2751 2715 3087 2770 admonuit?
3139 2715 3407 2787 Numquid
3456 2718 3571 2787 quia
3616 2727 3904 2786 postrema

2297 2818 2454 2864 mtale
2475 2807 2712 2867 Simonis
2735 2807 2898 2864 Sattci
2942 2817 3118 2862 statua
3149 2808 3364 2864 inventa
3398 2820 3499 2874 est,
3550 2810 3673 2864 inde
3718 2825 3907 2866 neces.

2298 2900 2441 2955 sario
2475 2899 2940 2976 sequiturJustini
2977 2911 3218 2970 tempore
3245 2901 3446 2955 nullam
3473 2900 3904 2979 fuisse-Simonis

2300 2990 2480 3062 Magi?
2509 2990 2646 3059 Quid
2679 3007 2826 3056 vero,
2857 2979 3010 3061 quod.
3055 2994 3384 3062 Augustinus
3443 3003 3695 3048 testatum
3750 2996 3904 3064 plane

2309 3082 2437 3137 facit
2464 3083 2668 3137 effictas
2698 3082 2767 3138 ab
2794 3081 2987 3139 eodem
3009 3083 3229 3140 Simone
3257 3079 3413 3156 mago
3441 3096 3493 3140 et
3530 3102 3683 3141 suam
3714 3097 3773 3142 et
3803 3087 3906 3144 He-

600 3170 778 3256 batur,
823 3203 889 3244 eo
911 3185 1089 3256 majus
1116 3199 1214 3254 pro
1257 3182 1398 3236 illius
1445 3182 1495 3232 in
1526 3177 1762 3257 hastario
1795 3189 1968 3239 mora,
2018 3181 2078 3227 et
2108 3170 2197 3225 illo

2303 3175 2452 3231 lenes
2480 3176 2779 3230 meretricis
2834 3177 3128 3248 imagines,
3181 3194 3315 3247 quas
3369 3179 3657 3250 discipulis,
3713 3175 3925 3249 inquit}

598 3278 974 3340 venumdando
1003 3277 1288 3348 exigebant
1312 3273 1536 3343 pretium
1569 3280 1624 3325 et
1648 3269 1925 3324 tributum.

637 3377 904 3445 .Quinam
955 3388 1119 3445 porro
1149 3370 1223 3426 illi
1264 3369 1338 3424 dti
1384 3367 1579 3438 publici
1627 3366 1845 3442 fuerint,
1873 3376 1901 3414 a
1927 3359 2100 3427 nobis
2149 3358 2222 3425 si

601 3470 723 3540 quis
753 3468 972 3524 forsitan
1001 3465 1377 3521 sciscitahitur.
1411 3456 1857 3528 respondebimus
1885 3452 1985 3507 hos
2024 3449 2224 3521 tripli-_

601 3562 680 3614 cis
707 3560 1039 3630 p0tissimum
1063 3555 1226 3610 fuisse
1251 3553 1487 3625 generis.
1521 3550 1619 3605 Alii
1651 3547 1791 3603 enim
1816 3544 2041 3602 erantin
2068 3552 2222 3610 tem:

605 3634 707 3720 plis
727 3648 996 3710 collocati,
1028 3647 1118 3701 alii
1148 3647 1232 3700 vel
1265 3642 1534 3705 fabricati,
1563 3641 1644 3694 vel
1672 3649 1860 3708 empti,
1885 3634 2224 3708 eradi-ceti;

605 3741 694 3796 alii
721 3739 935 3795 tandem
966 3753 1060 3808 per
1089 3739 1237 3792 vicos
1260 3743 1315 3790 et
1343 3734 1564 3802 plateas,
1597 3740 1653 3786 ut
1673 3746 1832 3800 supra
1869 3727 2222 3794 animadver-l

607 3835 768 3890 timus
789 3830 1001 3902 (Snpr.,
1035 3845 1150 3898 cap.
1182 3828 1274 3891 24,
1301 3833 1402 3878 art.
1434 3825 1510 3893 4),
1543 3822 1715 3892 palam
1760 3817 2222 3887 cireumfereban-_

608 3940 716 3984 tur.
746 3929 816 3982 At
857 3925 1012 3995 primi
1056 3921 1139 3976 vel
1184 3920 1352 3975 solam
1379 3918 1447 3972 oh
1481 3924 1823 3978 vetustatem,
1883 3910 2104 3978 secundi
2153 3918 2209 3964 et

615 4014 754 4077 tertii
775 4016 841 4072 ad
865 4016 1200 4072 ethnicorum
1228 4009 1504 4064 arbitrium
1529 4007 1721 4062 tributa
1748 4003 1982 4074 pendere
2007 4011 2062 4057 et
2083 4015 2217 4071 ven-_

616 4117 670 4170 di
709 4115 1124 4168 consueverant.
1159 4103 1346 4158 Nonne
1386 4116 1514 4169 ergo
1563 4099 1653 4168 qui
1700 4097 1803 4152 diis
1854 4095 1966 4151 suis
1996 4102 2223 4163 tantam

618 4205 900 4263 iuurebant
928 4200 1200 4256 infamiam
1227 4240 1241 4264 ,
1274 4212 1370 4252 nec
1397 4194 1539 4260 illos,
1585 4208 1684 4247 nec
1711 4206 1897 4246 eorum
1929 4189 2224 4256 simulacra

618 4301 774 4365 deos,
831 4307 921 4350 aut
975 4271 1155 4348 divino
1206 4291 1384 4361 aliquo
1418 4287 1622 4342 honore
1664 4286 1856 4356 dignos
1887 4298 2008 4339 esse
2053 4282 2221 4352 etiam

622 4389 771 4447 inviti
804 4389 976 4458 palam
1009 4383 1331 4438 fatebantur.

1208 4511 1497 4554 ARTICULUS
1537 4513 1614 4551 Ill.

627 4624 795 4691 Quam
827 4629 1132 4694 praapostere
1161 4605 1371 4690 gentiles
1395 4600 1652 4670 Simonem
1685 4602 1909 4700 alogum,
1939 4615 2068 4668 sicut
2091 4613 2219 4667 alios

697 4718 819 4771 deos
870 4701 988 4768 suos
1027 4721 1196 4764 statua
1253 4709 1332 4763 dei
1373 4708 1536 4763 sancti
1560 4707 1992 4776 inauguraverint,
2025 4715 2222 4776 ‘eosqne

637 4819 640 4822 '
702 4825 874 4864 omnes
895 4803 1360 4878 reprazsentaverint
1390 4802 1561 4855 eodem
1614 4799 1809 4861 habitu,
1840 4800 2113 4862 iisdemque
2138 4801 2222 4852 in-

698 4900 942 4972 signibus,
962 4897 1141 4969 quibus
1166 4905 1310 4959 a'tas,
1336 4910 1439 4957 ars,
1462 4890 1714 4962 negotium
1741 4901 1858 4943 ante
1879 4901 2086 4942 mortem
2113 4895 2228 4960 fuco

634 4987 637 4990 ’
698 5002 835 5057 rant,
889 5009 948 5047 ac
985 5005 1132 5062 pares
1185 4998 1379 5041 statuas
1409 4985 1793 5054 imperatoribus
1821 4983 1944 5047 suis,
1974 4999 2060 5037 seu
2088 4991 2226 5036 moré

699 5087 818 5151 tuis,
837 5101 922 5139 seu
950 5082 1070 5138 vivis
1093 5080 1396 5143 statuerint;
1419 5091 1506 5130 nec
1529 5075 1644 5128 inde
1663 5075 1857 5142 aliquid
1871 5075 2053 5142 conﬁci
2074 5071 2222 5146 posse

700 5187 876 5232 contra
908 5184 1108 5228 sanctas
1131 5169 1538 5227 Christianorum
1562 5166 1847 5237 imagines.
2077 5175 2080 5178 '

637 5357 643 5360 .
697 5311 957 5371 Ultimum
995 5306 1312 5364 Tertulliani
1341 5303 1605 5359 adversus
1653 5303 1872 5358 iu5anos
1905 5301 2224 5377 simulacro:

627 5422 751 5463 runt
783 5404 1018 5459 cultores
1041 5408 1415 5470 argumentum
1448 5410 1553 5450 non
1577 5395 1722 5448 otnni
1754 5409 1974 5463 prorsus
1996 5392 2230 5448 difficul-

627 5471 926 5556 tate‘carel.
959 5496 1298 5564 Quapropter
1323 5491 1470 5545 illum
1518 5503 1809 5559 parumper
1836 5488 2009 5542 adhuc
2040 5487 2225 5542 audia-

627 5608 767 5658 mus,
797 5590 1042 5648 ethnicos
1072 5587 1154 5641 his
1182 5585 1360 5639 verbis
1391 5584 1756 5651 increpantem
1793 5599 1804 5632 :
1839 5579 1977 5647 Qua,
2029 5579 2222 5645 inquit,

625 5685 822 5746 lroate,
866 5680 1117 5744 Jnnones,
1166 5675 1387 5737 Cereres,
1441 5673 1660 5738 Dianas,
1695 5674 1807 5728 sive
1839 5672 2222 5737 illarunt,alia-

623 5785 844 5836 rumque
899 5780 1193 5823 vestrarum
1247 5766 1464 5819 dearum
1533 5782 1592 5817 ae
1664 5764 1883 5820 deorum
1937 5765 2222 5822 simulacra

2220 3317 2226 3325 .
2297 3268 2402 3321 suis
2423 3267 2675 3338 prazbebat
2703 3268 3013 3332 adorandus,
3047 3280 3092 3323 et
3122 3267 3300 3323 Ranae
3324 3279 3562 3337 tanquam
3599 3273 3814 3324 deorum
3838 3273 3909 3326 si-

2283 3358 2525 3435 mulacra
2567 3341 2879 3413 auctoritate.
2918 3361 3120 3430 publica
3155 3351 3480 3415 constituerat
3511 3363 3784 3433 (Δωρίδι,
3817 3363 3902 3418 lib.

2305 3453 2368 3505 de
2401 3449 2622 3516 eres.,
2657 3469 2770 3522 cap.
2803 3450 2996 3523 l,'pag.
3022 3453 3098 3522 6).
3131 3453 3289 3523 Atqui
3316 3455 3361 3508 si
3393 3454 3488 3507 has
3531 3456 3796 3526 imagines
3816 3455 3914 3510 Ro-

2305 3561 2407 3598 mae
2435 3547 2728 3606 constituit,
2763 3561 2940 3599 nonne
2965 3546 3160 3599 Jllnlllll
3211 3546 3388 3600 adhuc
3440 3556 3683 3617 tempore
3725 3547 3924 3619 aliqua.

2307 3646 2522 3692 exstare
2553 3637 2804 3706 poterat?
2834 3638 2968 3704 Quid
3000 3654 3130 3708 ergo
3163 3639 3411 3708 prohibet
3449 3643 3742 3710 quominus
3786 3657 3923 3697 san-'

2309 3738 2428 3782 ctus
2459 3729 2548 3784 ille
2593 3738 2799 3800 martyr
2827 3739 2883 3784 et
2909 3732 2998 3785 alii
3020 3731 3284 3802 deinceps
3311 3732 3548 3802 aliquam
3591 3751 3659 3788 ex
3690 3736 3796 3788 illis
3821 3742 3914 3788 aut

2315 3822 2580 3888 viderent,
2611 3832 2704 3878 aut
2743 3823 2811 3878 ab
2845 3823 2968 3878 aliis
3005 3824 3172 3879 visam
3219 3841 3340 3880 esse
3390 3825 3517 3880 facti
3571 3829 3686 3882 sint
3713 3828 3915 3882 certio-

2315 3918 2454 3986 res?
2559 3983 2563 3986 _
2976 3979 2982 3985 _
3171 3951 3174 3954 .
3344 3957 3424 3964 ._
3801 3965 3806 3967 _

2387 4008 2490 4062 Sed
2521 4008 2622 4074 fac,
2657 4011 2702 4064 si
2734 4011 2840 4065 Deo
2871 4011 3062 4080 placet,
3092 4011 3383 4075 .lustinum,
3438 4015 3827 4084 Augustinum,
3861 4027 3916 4072 et

2317 4097 2454 4154 alios
2485 4116 2643 4169 quam
2679 4102 2941 4170 plurimos
2972 4118 3206 4170 errasse,
3241 4121 3344 4159 non
3370 4107 3548 4160 minus
3580 4117 3763 4162 tamen
3790 4109 3924 4163 vali-

2320 4187 2386 4243 da
2416 4200 2500 4244 est
2521 4189 2839 4246 Tertulliani
2863 4193 3120 4263 adversus
3147 4195 3371 4249 deorum
3399 4206 3603 4251 statuas
3628 4213 3930 4267 argumeno.

2322 4284 2474 4338 talio.
2501 4283 2689 4359 Cuncti
2717 4286 3000 4359 enimvero
3019 4289 3208 4344 saltem
3238 4288 3469 4344 fatentur
3501 4294 3741 4360 positum
3761 4293 3928 4354 fuisse.

2327 4377 2509 4432 Roma:
2529 4377 2779 4434 Setnonis
2803 4379 2960 4436 Sanci
2983 4382 3350 4446 simulacrum.
3376 4387 3445 4436 At
3471 4398 3576 4437 non
3611 4386 3791 4440 minus
3812 4385 3920 4438 im-

2327 4469 2471 4538 pium
2504 4481 2621 4524 erat
2649 4471 2767 4527 falsi
2801 4473 2962 4542 hujus
2993 4471 3118 4540 dei,
3151 4490 3308 4544 quam
3339 4475 3576 4530 Simonis
3609 4478 3750 4547 magi
3786 4477 3922 4532 ima-

2245 4569 2298 4628 1)
2328 4562 2505 4638 ginem
2530 4563 2774 4620 adorare.
2805 4565 3073 4642 Praeterea
3104 4567 3244 4622 idem
3287 4579 3426 4625 erat.
3454 4568 3506 4623 iu
3541 4569 3796 4636 deorum,
3849 4568 3925 4625 ait

2333 4654 2720 4732 Tertullianus,
2761 4659 2951 4726 statuis
2985 4657 3227 4726 Habitus,
3254 4660 3441 4715 eadem
3485 4662 3735 4732 insignia,
3767 4673 3930 4733 atque

2327 4759 2383 4801 ut
2409 4759 2554 4821 tetas,
2585 4760 2635 4802 ut
2664 4767 2770 4826 ars,
2805 4761 2858 4804 ut
2887 4753 3144 4823 negotium
3186 4757 3374 4807 mortui
3419 4755 3541 4824 fuit,
3590 4756 3663 4807 ita
3705 4757 3831 4809 deus
3856 4764 3936 4809 est.

2331 4839 2660 4904 (Tertullian.
2691 4843 2986 4914 Apologet.,
3021 4861 3136 4912 cap.
3163 4846 3314 4913 547).
3344 4846 3478 4913 Quid
3507 4858 3687 4902 autem
3729 4849 3932 4903 absur?

2330 4931 2472 4996 dius,
2504 4948 2664 5003 quam
2695 4947 2817 5011 cum
2867 4952 3022 4990 senex
3051 4935 3113 4988 de
3136 4937 3397 5002 Saturno,
3450 4939 3591 4992 sicut
3623 4939 3713 4993 ille
3739 4940 3850 4993 alio
3875 4938 3938 4996 in

2329 5023 2468 5078 libro
2495 5025 2728 5094 scripsit,
2752 5025 2989 5080 imberbis
3015 5026 3079 5081 dc
3103 5027 3358 5095 Apolline,
3387 5029 3528 5097 uirgo
3556 5028 3620 5082 de
3641 5027 3826 5102 Diana
3862 5030 3936 5096 ,6-

2331 5126 2566 5187 garatur,
2599 5127 2644 5172 et
2667 5117 2811 5170 miles
2840 5119 2894 5171 in
2941 5118 3129 5186 Marte,
3177 5129 3224 5172 et
3269 5121 3321 5172 in
3382 5117 3610 5175 Vulcano
3638 5121 3781 5190 faba
3803 5119 3936 5190 [ατὶ

2331 5219 2654 5262 consecratur
2681 5208 2873 5278 (Idem,
2905 5209 2994 5264 lib.
3026 5209 3136 5263 lad
3170 5209 3413 5276 Nation.,
3443 5227 3564 5278 cap.
3622 5212 3756 5283 i0)?
3793 5211 3936 5279 Quis

2333 5298 2475 5353 enim
2507 5314 2570 5353 ea
2601 5293 2896 5368 Spectando
2917 5341 2932 5366 ,
2963 5317 3069 5355 non
3103 5302 3248 5356 illico
3278 5291 3497 5358 videbat
3525 5301 3648 5375 illos
3678 5302 3934 5358 homines

2333 5393 2520 5460 fuisse,
2551 5393 2747 5448 vilibus
2773 5393 2937 5448 etiam
2965 5395 3168 5450 artibus
3204 5394 3332 5450 olim
3385 5404 3696 5467 occupatos,
3721 5395 3808 5466 qui
3839 5394 3924 5450 dii

2335 5489 2536 5544 idcirco
2562 5504 2682 5544 esse
2725 5504 3004 5562 utinquam
3029 5491 3356 5558 potuerunt?
3377 5487 3494 5544 Non
3528 5503 3738 5544 summa
3764 5489 3936 5558 igitur

2336 5582 2453 5637 sine
2479 5581 2751 5654 impietate
2778 5581 2991 5636 illorum
3022 5591 3271 5653 tanquam
3292 5581 3516 5648 deorum
3543 5580 3826 5638 simulacra
3871 5587 3938 5646 es

2340 5673 2598 5744 imagines
2619 5671 3002 5728 adorabantur.
3042 5745 3044 5748 _
3268 5737 3272 5745 ,
3430 5733 3436 5741 ,

2347 5829 2367 5840 η
2418 5767 2651 5836 Denique
2695 5767 2851 5822 iidem
2878 5767 3102 5838 gentiles
3127 5784 3231 5824 non
3262 5767 3434 5825 solum
3472 5767 3555 5825 his
3576 5767 3800 5840 aliisque
3821 5779 3938 5821 νε-

4061 5801 4116 6106 t'
