4212 6262
584 328 722 389 1139

1649 321 1715 378 ΙΝ
1754 315 2216 378 TERTULLIANI
2252 314 2793 375 APOLOGETICUM

3745 316 3891 376 1140
3950 368 3961 374 -

584 446 859 518 gentilium
885 441 1204 516 pervicacia,
1226 439 1573 510 impietas,et
1600 438 1844 494 avaritia.
1866 435 1981 492 Non
2011 435 2168 491 aliam
2194 431 2251 497 Α
2277 439 2570 503 tyrannus,
2601 438 2659 486 et
2710 429 2834 496 alii,
2854 443 3091 514 «quorum
3120 428 3247 487 alibi
3278 429 3501 487 iecimus
3532 431 3885 501 mentionem,

512 538 521 547 ’
585 553 716 594 sane
742 537 810 592 ob
843 550 1086 592 caussam
1115 533 1198 590 dei
1222 531 1510 603 cujuslibet
1532 528 2067 601 templum,mdesque
2091 543 2176 584 sa-

586 646 676 686 cra
708 629 1059 695 construitur,
1105 627 1208 683 nisi
1253 634 1314 683 ut
1361 625 1732 696 frequentatur
1778 624 1847 679 ab
1890 623 2173 688 omnibus,

584 732 746 792 atque
773 721 971 776 idcirco
1008 720 1182 775 facilis
1202 761 1214 785 ,
1249 718 1581 773 voluntarius
1601 732 1665 772 ac
1686 715 1949 787 gratuitus
1973 715 2179 770 cunctis

584 830 706 869 esse
743 813 909 870 debet
939 812 1083 868 illius
1116 812 1312 867 aditus.
1349 810 1729 867 Verumtamen
1775 809 2008 876 ethnici,
2037 809 2181 865 sicut

584 926 793 965 summa
838 911 1119 982 iniquitate
1157 908 1490 981 Christianos
1539 907 1606 963 ad
1650 924 1715 963 ea
1756 906 1999 965 adeunda
2031 903 2181 959 omni

585 1018 868 1073 pmnarutu
900 1017 1100 1074 genere
1119 1017 1313 1073 cogere
1337 1002 1673 1066 nitebantur;
1696 1000 1767 1055 ita
1795 999 2029 1055 maximo
2050 1012 2179 1053 ava-

583 1096 725 1152 ritiae
749 1094 884 1150 vitio
915 1094 1145 1165 gentiles
1172 1108 1299 1149 suos
1324 1093 1388 1148 iis
1422 1094 1524 1149 nisi
1553 1093 1678 1147 dato
1704 1093 1876 1162 pretio
1902 1090 2177 1163 arcebant.

584 1189 690 1245 Per
742 1203 839 1245 eos
880 1187 1162 1243 enimvero
1193 1187 1321 1242 nulli
1353 1201 1571 1257 prorsus
1601 1185 1802 1241 licebat
1830 1185 1883 1239 in
1918 1183 2178 1253 templum

584 1280 800 1352 aliquod
830 1281 1002 1350 gratis
1029 1279 1259 1350 ingredi,
1284 1279 1379 1334 sed
1405 1294 1434 1332 a
1471 1279 1713 1350 quolibet
1740 1278 2045 1333 introeunte
2070 1276 2182 1331 exi—

588 1374 809 1449 gebant,
841 1374 1011 1443 inquit
1033 1371 1415 1438 Tertullianus,
1440 1371 1714 1425 mercedem
1737 1387 1830 1440 pro
1849 1369 1957 1425 solo
1985 1368 2182 1439 templi,

588 1481 681 1536 pro
726 1465 871 1518 aditu
911 1465 1047 1518 sacri
1086 1463 1104 1537 (
1134 1462 1439 1518 Tertullian.
1474 1464 1769 1533 Apologet.,
1810 1480 1926 1533 cap.
1961 1464 2030 1518 15
2057 1460 2102 1531 ),
2130 1460 2182 1516 id

593 1566 697 1623 est,
724 1571 893 1611 sacra:
922 1557 1051 1612 tedis
1086 1556 1350 1625 ingressu.
1381 1554 1497 1611 Soli
1525 1566 1702 1609 autem
1746 1555 1965 1610 nomine
1992 1554 2062 1608 ibi
2092 1553 2185 1609 de-

590 1649 833 1719 signatur
876 1647 1060 1712 locus,
1104 1650 1155 1702 iu
1199 1663 1304 1717 quo
1347 1646 1462 1701 inec
1496 1661 1649 1701 sacra
1697 1644 1840 1700 (edes
1879 1653 2187 1699 constructa

589 1750 728 1794 erat.
762 1738 915 1807 Quod
959 1739 1175 1809 quidem
1220 1739 1411 1794 Cicero
1455 1738 1604 1794 hisce
1634 1738 1815 1794 verbis
1838 1737 1983 1794 clare
2011 1736 2186 1808 expli-

591 1841 709 1888 cat:
743 1831 927 1887 Solum
958 1841 1178 1900 vertunt,
1208 1833 1301 1885 hoc
1341 1840 1432 1898 est,
1462 1830 1631 1886 sedem
1669 1848 1729 1884 ac
1784 1831 1954 1885 locum
1994 1838 2187 1883 mutant
2216 1826 2265 1888 B

597 1924 617 1997 (
646 1923 806 1979 Cicer.
840 1932 971 1978 orat.
1002 1923 1070 1978 12
1100 1940 1192 1996 pro
1221 1923 1434 1991 δαείω,
1473 1941 1591 1996 pag.
1624 1921 1725 1978 241
1756 1923 1795 1995 ).
1830 1922 1971 1977 Alibi
2010 1937 2138 1976 vero
2168 1938 2180 1975 :

592 2015 860 2072 Civitatem
887 2016 1053 2083 hanc,
1092 2019 1295 2087 inquit,
1328 2028 1445 2071 ante
1481 2028 1681 2070 mutare
1726 2032 1827 2069 non
1871 2015 2184 2087 potuissent,

592 2122 746 2178 quam
771 2109 922 2179 hujus
948 2106 1113 2163 solum
1141 2109 1357 2164 civitatis
1385 2110 1663 2162 mutatione
1690 2107 1950 2161 vertissent
1994 2102 2183 2179 (Orat.

592 2198 665 2257 36
697 2215 793 2272 pro
835 2198 1038 2255 Cornel.
1072 2201 1247 2267 Balb.,
1281 2219 1409 2281 pug.
1433 2202 1559 2265 5l9,
1592 2201 1685 2255 litt.
1716 2199 1846 2271 58).
1878 2199 2042 2254 Patth
2080 2198 2186 2253 ita-

592 2306 697 2364 que
727 2292 1011 2348 obscurius
1042 2282 1482 2349 Tertullianus‘in
1513 2293 1685 2362 primo
1730 2290 1797 2346 ad
1836 2288 2092 2347 Nationes
2120 2291 2186 2346 ii-

590 2389 690 2445 bro
740 2389 873 2446 dixit
912 2390 989 2455 ab,
1024 2387 1253 2445 ethnicis
1303 2386 1611 2454 extorqueri
1672 2385 1973 2440 mercedem
2008 2426 2022 2449 ,
2093 2400 2186 2455 pro

591 2484 885 2552 stipitibus.
917 2499 1010 2556 pro
1059 2481 1200 2535 ostiis
1257 2480 1576 2549 templorum
1631 2476 1845 2532 cuilibet
1885 2475 2188 2547 aperiendis

595 2574 813 2631 Tertull.
847 2575 933 2630 lib.
960 2573 982 2629 1
1001 2575 1069 2628 ad
1100 2572 1256 2639 Nat.,
1276 2589 1322 2627 c.
1350 2571 1463 2641 10).
1485 2568 1847 2627 Gothofredus
1868 2579 2049 2625 autem
2074 2569 2187 2640 opi-

598 2678 756 2723 natur
785 2676 1101 2736 corruptum
1145 2678 1264 2720 esse
1307 2663 1410 2718 hoc
1455 2677 1651 2717 nomen
1696 2661 1978 2732 stipitibus,
2011 2675 2075 2716 ac
2105 2659 2188 2714 le-

591 2757 823 2829 gendum
862 2754 1118 2825 stipibus;
1150 2755 1272 2825 quia
1308 2754 1422 2820 ipse
1447 2752 1804 2809 Tertullianus
1846 2753 1899 2807 in
1922 2752 2191 2823 Apoinge-

594 2850 701 2902 tico
728 2846 942 2917 scripsit
969 2864 981 2900 :
1012 2845 1183 2916 Stipes
1209 2854 1389 2915 quotus
1429 2845 1637 2915 quisque
1648 2846 1764 2917 jam
1782 2845 1950 2914 jactat
1976 2843 1994 2915 (
2018 2840 2185 2910 Idem,

594 2939 888 3009 Apologet.,
931 2952 1047 3007 cap.
1082 2934 1225 3007 42)?
1259 2919 1335 2990 At.
1373 2937 1550 3006 priora
1594 2936 1736 2991 illius
1768 2937 1932 2991 verba
1970 2943 2095 2991 sunt
2119 2935 2189 2990 de

593 3030 847 3100 templum
878 3027 1296 3099 ingredientibus
1315 3070 1330 3094 ,
1366 3028 1817 3098 posteriora‘vero
1842 3028 1909 3083 de
1935 3026 2055 3098 'jam
2102 3028 2187 3082 in-

593 3122 812 3193 gressis.
842 3119 957 3176 Non
1002 3120 1142 3175 male
1179 3135 1309 3191 ergo
1338 3118 1599 3191 Rigaltius
1629 3118 1846 3175 retinuit
1874 3134 2069 3175 nomen
2099 3121 2189 3174 sti-

2281 522 2439 593 plane
2485 510 2981 593 spoliassent,“non
3033 522 3250 592 quidem
3299 523 3438 583 sicut
3477 522 3590 590 illi,
3641 525 3888 581 avaritia

2280 604 2495 682 caussa,
2522 612 2619 668 sed
2648 614 2882 683 propter;
2904 613 3107 669 scelera
3145 628 3208 669 ac
3235 614 3512 686 sacrilegia
3538 656 3553 682 ,
3582 630 3702 686 qua:
3728 616 3789 671 in
3808 617 3889 673 δὴ

2280 707 2653 778 patrabantur.
2699 706 2857 762 Plura
2886 722 3017 763 vero
3044 706 3111 763 de
3143 707 3480 764 ethnicorum
3508 718 3669 778 atque
3714 709 3888 767 etiam

2282 797 2711 854 Christianorum
2759 800 2973 870 templis
2999 799 3052 854 in
3082 799 3261 855 citatis
3278 799 3751 857 dissertationibus
3778 817 3887 859 no.

2282 892 2412 947 stris
2456 890 2849 961 disputavimus
2888 891 2905 962 (
2952 891 3222 946 Dissertat.
3278 893 3333 945 in
3372 891 3586 961 Minut.,
3627 910 3744 965 cap.
3780 895 3887 964 12,

2285 994 2387 1039 art.
2408 982 2476 1050 2;
2508 987 2560 1038 in
2584 985 2803 1053 Arnob.,
2832 984 2948 1058 cap.
2973 983 3068 1054 21,
3095 994 3197 1039 art.
3232 986 3259 1041 1
3288 1001 3303 1052 ς
3330 994 3376 1040 et
3398 985 3453 1039 in
3480 984 3740 1058 Lactant,
3765 1003 3885 1059 cap.

2286 1075 2386 1143 ⁸55,
2412 1085 2511 1131 art.
2546 1076 2573 1131 1
2604 1076 2647 1147 ).

2887 1229 3181 1270 Λιιτιευωε
3220 1230 3277 1269 II.

2291 1328 2460 1396 Quam
2497 1329 2742 1385 scelerata
2770 1329 3109 1402 conscientia,
3137 1338 3429 1398 quantaque
3455 1329 3658 1382 avaritia
3682 1330 3885 1387 ethnici

2360 1423 2458 1478 diis
2502 1423 2609 1479 suis
2649 1423 3085 1499 sacriﬁcaveriut,
3118 1432 3165 1476 et
3205 1422 3477 1477 obtulerint
3518 1438 3678 1493 grana
3723 1424 3895 1479 thuris

2360 1515 2512 1568 unius
2557 1515 2683 1570 assis
2706 1554 2723 1578 ,
2752 1514 2880 1570 duas
2928 1514 3053 1568 meri
3101 1523 3303 1585 guttas,
3351 1515 3649 1584 sanguinem
3690 1514 3897 1585 reprobi

2362 1606 2520 1671 bovis,
2552 1606 2681 1659 mori
2721 1606 2965 1677 optantis,
2994 1589 3150 1675 atque
3178 1615 3371 1670 enecta,
3405 1605 3623 1671 tabiosa,
3651 1606 3892 1676 ungulas,

2361 1698 2924 1770 capitula,iplumarum
2952 1708 3267 1769 setarutuque
3294 1698 3565 1769 prazvulsa,
3583 1714 3646 1752 ac
3670 1698 3899 1757 debitam

2368 1790 2578 1845 Herculi
2610 1790 2856 1871 decimam
2888 1790 3321 1859 defraudauerint.

2351 1926 2467 1983 Non
2495 1926 2673 1999 major
2692 1926 2933 1998 profectu
2953 1927 3048 1983 fuit
3067 1927 3344 1999 gentilium
3372 1929 3423 1983 in
3446 1928 3730 1986 sacrificiis
3757 1932 3898 2001 suis,

2291 2032 2451 2089 quam
2478 2018 2530 2072 in
2565 2018 2777 2088 templis
2829 2018 2999 2088 pietas
3028 2034 3091 2074 ac
3119 2020 3336 2090 religio,
3371 2034 3469 2075 nec
3512 2021 3688 2077 minor
3732 2025 3898 2079 etiam

2291 2112 2509 2167 avaritia
2529 2153 2545 2179 ,
2577 2122 2920 2182 qutrstusque
2963 2115 3209 2170 aviditas.
3245 2114 3352 2169 Dtis
3381 2116 3522 2170 enim
3551 2118 3662 2172 suis
3681 2120 3895 2174 sacriﬁ-

2288 2214 2511 2272 cantes,
2539 2205 2837 2262 offerebant
2878 2215 2991 2277 post
3028 2210 3233 2274 omnia,
3278 2209 3451 2280 inquit
3487 2209 3855 2268 Tertullianus
3877 2256 3895 2281 ,

2289 2298 2670 2368 inquinamenta
2698 2300 2851 2352 etiant
2880 2300 3239 2353 conscientiam
3277 2318 3514 2367 spurcam
3545 2300 3894 2375 (Tertullian.

2294 2380 2593 2461 Δροιοςειζ,
2626 2404 2742 2460 cap.
2790 2389 2861 2446 30
2903 2396 2946 2461 ),
3001 2392 3115 2446 sive
3168 2395 3588 2449 contaminatam
3646 2396 3900 2453 omnibus

2293 2483 2398 2539 illis
2422 2484 2737 2540 criminibus
2757 2525 2772 2549 ,
2806 2499 2927 2554 quae
2954 2485 3115 2554 paulo
3142 2496 3295 2541 antea
3322 2528 3335 2551 ,
3371 2499 3427 2541 et
3456 2489 3657 2559 passim
3698 2490 3754 2543 in
3793 2490 3899 2547 hac

2292 2576 2670 2632 dissertatione
2725 2586 2905 2633 notata
2954 2586 3100 2633 sunt.
3143 2578 3318 2645 Quale
3357 2596 3489 2636 vero
3525 2597 3588 2636 ac
3631 2593 3893 2653 quantum

2294 2668 2468 2724 thuris
2496 2668 2795 2734 adolerent,
2827 2669 2871 2723 si
2893 2670 3032 2725 scire
3061 2685 3243 2737 aveas,
3274 2673 3619 2742 respondebit
3646 2675 3737 2729 tibi
3768 2677 3855 2729 Att
3875 2702 3891 2716 ο

2292 2771 2408 2815 ctor
2434 2770 2636 2828 noster,
2665 2777 2826 2831 grana
2854 2761 3017 2815 thuris
3046 2762 3196 2816 unius
3223 2764 3370 2826 assis,
3404 2776 3452 2818 et
3486 2764 3700 2819 ambire:
3732 2766 3896 2819 arbo-

2292 2855 2364 2908 ris
2386 2854 2641 2925 lacrytnas
2661 2855 2679 2927 (
2699 2853 2872 2925 ibid),
2900 2854 2953 2909 id
2984 2864 3086 2922 est,
3114 2871 3278 2926 grana
3311 2856 3500 2920 thuris.
3534 2875 3638 2914 non
3669 2863 3895 2930 quidem

2299 2945 2494 3012 sabaei,
2549 2945 2691 3015 quod
2720 2946 2921 3016 majore
2949 2946 3286 3003 vcndebatur
3305 2992 3320 3017 ,
3349 2950 3441 3005 sed
3474 2938 3706 3019 arabici‘,
3742 2953 3897 3023 quod

2295 3039 2469 3107 pretio
2499 3038 2775 3094 emebatur
2801 3039 3082 3094 vilissimo.
3112 3042 3251 3107 Quin
3279 3043 3430 3097 etiam
3454 3045 3597 3097 avari
3625 3043 3890 3101 homines

2295 3147 2404 3189 non
2431 3133 2581 3203 plura
2611 3133 2770 3204 hujus
2798 3133 2991 3199 thuris,
3025 3137 3411 3205 quantumlibet
3438 3140 3733 3193 communis
3752 3152 3896 3210 gra-

602 3214 811 3286 pitibus,
842 3211 937 3269 sed
964 3212 1195 3284 aliquam
1237 3211 1505 3303 opinionis
1534 3227 1645 3266 sua:
1673 3212 1951 3303 rationem
1967 3210 2194 3267 reddere
2222 3217 2267 3282 C
2302 3238 2391 3287 na,
2421 3223 2515 3279 sed
2548 3223 2717 3279 tribus
2744 3232 2968 3288 tantum,
3001 3236 3057 3280 ut
3083 3238 3239 3282 antea
3261 3228 3670 3284 observabamus
3694 3231 3898 3303 (Supr.

598 3306 848 3363 debebat.
881 3305 1046 3362 Nobis
1092 3319 1220 3361 vero
1265 3302 1419 3359 facile
1465 3301 1869 3375 persuadebitur
1911 3302 2193 3359 Tertullia-

602 3416 734 3456 num
783 3399 887 3456 hoc
934 3400 1152 3454 nomine
1192 3397 1445 3469 stipitibus
1475 3397 1778 3469 signiﬁcare
1822 3398 2058 3455 voluisse
2101 3407 2192 3454 aut

596 3491 832 3563 lapides,
871 3500 963 3545 aut
1001 3488 1221 3546 forsitan
1252 3489 1382 3545 deos
1419 3487 1752 3546 Terminales
1777 3533 1791 3559 ,
1821 3501 1945 3546 ante
1970 3491 2188 3562 januam

596 3589 915 3657 templorum
959 3588 1195 3656 positos,
1228 3585 1315 3656 qui
1347 3584 1554 3654 stipites
1594 3598 1783 3641 revera
1827 3585 2186 3656 vocabantur,

593 3677 748 3732 sicuti
775 3676 829 3730 in
853 3676 1028 3730 citatis
1056 3676 1175 3729 aliis
1216 3675 1411 3729 nostris
1436 3674 1900 3730 dissertationibus
1943 3686 2189 3732 veterum

592 3780 871 3840 poetarum
903 3767 1146 3823 versibus
1172 3765 1502 3822 ostendimus
1529 3767 1548 3837 (
1574 3766 1847 3823 Dissertat.
1877 3768 1932 3822 in
1971 3766 2184 3836 Μίνωι,

595 3877 712 3931 cap.
745 3859 834 3924 19,
865 3868 964 3915 art.
990 3860 1027 3913 2
1051 3869 1097 3913 et
1120 3857 1217 3924 i7;
1241 3868 1287 3913 et
1317 3857 1588 3913 Dissertat.
1620 3861 1674 3915 in
1700 3856 1960 3928 Lactant.,
1991 3874 2047 3931 p.
2078 3862 2183 3931 '52,

595 3952 813 4026 art.2).
854 3950 987 4008 Nam
1033 3952 1106 4008 ibi
1150 3951 1240 4008 ille
1275 3951 1604 4023 distinguere
1644 3952 1856 4008 videtur
1908 3952 2183 4025 stipitem,

591 4048 785 4105 ostium
806 4089 820 4115 ,
852 4055 907 4103 et
948 4046 1148 4102 aditum
1183 4045 1397 4116 templi;
1427 4056 1483 4101 ut
1515 4045 1596 4101 his
1617 4038 1882 4103 distinctis
1905 4051 2184 4107 avaritiam

534 4192 543 4203 ,
592 4141 1026 4211 impietatemque
1052 4136 1388 4194 ethnicorum
1428 4137 1604 4193 acrius
1631 4139 2003 4196 insectaretur.
2047 4138 2189 4209 Quid

595 4243 769 4289 tamen
812 4244 960 4290 certo
1001 4242 1235 4289 statuere
1283 4233 1518 4301 audeas,
1546 4235 1592 4290 si
1635 4242 1946 4305 corruptum
1988 4244 2185 4293 nomen

592 4337 696 4393 est,
727 4340 828 4381 nec
854 4325 1130 4382 meliorem
1158 4324 1400 4381 codicem
1429 4325 1755 4382 nanciscaris
1780 4326 1805 4381 ?

659 4418 924 4475 Cancrum
972 4418 1170 4473 ethnici
1211 4427 1403 4488 praeter
1431 4419 1526 4475 has
1557 4418 1905 4477 intolerandae
1944 4423 2185 4479 avaritiae

589 4510 810 4579 sordes,
837 4510 1024 4566 eadem
1054 4510 1277 4566 deorum
1318 4525 1536 4565 suorum
1580 4512 1777 4582 templa
1823 4514 2103 4570 lenociniis
2129 4523 2184 4571 et

588 4602 886 4668 adulteriis,
913 4600 1365 4672 quemadmodum
1393 4616 1553 4672 supra
1578 4603 1716 4674 (cap.
1736 4602 1826 4670 26,
1856 4615 1956 4659 art.
1976 4603 2031 4678 lt)
2057 4622 2177 4662 cum
2204 4607 2265 4671 ll

588 4693 917 4750 Tertulliano
956 4705 1144 4749 nostro
1170 4694 1511 4749 observatum
1538 4704 1620 4749 est
1652 4694 1672 4766 (
1700 4691 2002 4752 Tertulliau.
2036 4697 2180 4769 Apa-

586 4789 759 4860 loget.,
790 4804 905 4859 cap,
936 4788 1069 4860 15),
1103 4798 1211 4843 tam
1251 4788 1614 4858 impudenter,
1638 4805 1797 4860 quam
1818 4790 2044 4862 impune
2069 4792 2180 4863 poi-

583 4879 825 4935 luebant.
848 4880 964 4948 Qua
987 4895 1116 4951 ergo
1144 4879 1352 4935 ratione
1379 4880 1600 4936 credere
1624 4890 1871 4949 poterant
1894 4884 2025 4939 deos
2051 4899 2179 4940 suos

580 4969 636 5026 in
666 4970 747 5026 his
778 4971 1018 5027 habitare
1059 4972 1291 5040 templis,
1320 4987 1439 5041 qua:
1483 4973 1779 5042 saepissime
1810 4975 1969 5030 tantis
2006 4972 2174 5032 dede-

552 5072 565 5083 ’
582 5062 842 5118 curabant
870 5061 1082 5133 ﬂagitiis
1111 5078 1173 5118 ac
1203 5062 1535 5119 sceleribus?

652 5155 794 5211 Nihil
826 5156 1017 5211 mirum
1059 5156 1236 5227 itaque
1274 5157 1317 5211 si
1345 5156 1655 5226 Christiani‘,
1679 5158 1753 5213 ait
1776 5154 2169 5227 Tertullianus,

577 5249 697 5306 haec
723 5251 1024 5320 teutpla‘nec
1049 5250 1270 5304 interdiu
1295 5251 1464 5305 norint
1505 5249 1525 5324 (
1553 5250 1859 5307 Tertullian.
1887 5252 1988 5306 loc.
2016 5251 2099 5309 cit.
2129 5246 2189 5325 ),'

583 5343 636 5398 id
676 5353 790 5409 est,
820 5342 910 5397 illa
955 5357 1059 5397 non
1106 5343 1335 5399 adierint
1362 5360 1456 5414 per
1482 5342 1657 5411 diem,
1690 5344 1961 5416 multoque
1993 5348 2169 5404 minus

579 5452 676 5507 per
703 5446 937 5501 noctem,
960 5445 1228 5492 tantorum
1247 5437 1530 5493 criminum
1558 5438 1849 5494 consciam.
1875 5438 1931 5495 Si
1955 5439 2169 5511 quando

575 5537 754 5584 tamen
795 5528 1222 5600 ingrederentur,
1269 5512 1544 5601 spoliarent
1588 5530 1806 5602 forsitan
1853 5547 1942 5597 ea,
1970 5538 2029 5585 ut
2075 5530 2168 5587 ille

573 5620 680 5684 ait,
726 5630 771 5674 et
819 5620 948 5689 ipsi,
996 5621 1041 5673 si
1087 5602 1147 5675 ea
1188 5621 1490 5686 adorarent,
1524 5620 1625 5676 hoc
1664 5628 1775 5687 est,
1806 5619 1851 5676 si
1878 5621 2167 5692 aliquando

573 5709 860 5766 Christiani
883 5712 994 5767 haec
1018 5712 1067 5766 in
1093 5712 1311 5782 templa,
1337 5711 1787 5782 quemadmodum
1809 5713 2054 5785 gentiles,
2083 5713 2163 5769 in-

569 5800 731 5854 troire
759 5802 1073 5871 potuissent,
1106 5803 1195 5858 illa
1225 5803 1409 5874 procul
1437 5803 1617 5872 dubio,
1652 5804 1819 5861 veluti
1863 5804 2147 5876 Dionysius

2295 3332 2410 3388 cap.
2437 3318 2679 3402 2b,‘art.
2704 3319 2774 3385 5,
2818 3328 2864 3374 et
2899 3318 3169 3374 Dissertat.
3211 3324 3264 3377 in
3314 3322 3571 3391 Lactant.,
3611 3340 3726 3395 cap.
3781 3328 3896 3395 55,

2294 3426 2392 3469 art.
2425 3415 2462 3470 9
2491 3414 2531 3486 ),
2554 3417 2892 3486 apprehensa
2931 3416 3111 3490 digitis
3134 3460 3149 3487 ,
3178 3418 3371 3489 quibus
3401 3418 3719 3489 paucissima
3760 3428 3902 3478 sane

2292 3508 2413 3578 capi
2445 3514 2712 3579 poterant.
2796 3504 2797 3507 “

2363 3599 2501 3667 Quid
2530 3616 2697 3668 vero,
2743 3612 2933 3672 arguet
2977 3602 3204 3673 aliquis,
3238 3616 3419 3658 nonne
3462 3602 3680 3673 plurimi
3733 3603 3901 3674 plena

2292 3708 2455 3749 manu
2502 3704 2644 3750 totos
2688 3694 3045 3751 incendebant
3085 3696 3257 3751 thuris
3294 3696 3458 3751 etiam
3486 3696 3709 3765 pretiosi
3737 3711 3901 3752 acor-

2292 3802 2419 3854 vos,
2448 3788 2902 3872 quemadmodum
2932 3789 3181 3844 Tibullus
3207 3788 3291 3844 his
3321 3790 3567 3845 versibus
3594 3790 3837 3847 cecinit:

2444 3900 2628 3967 Natalis
2647 3901 2675 3951 J
2681 3917 2801 3967 uno,
2811 3911 3002 3954 sanctos
3022 3917 3143 3967 cape
3166 3904 3329 3967 thuris
3342 3916 3559 3967 acervos,

2508 3964 2640 4023 Quos
2662 3965 2750 4015 tibi
2771 3965 2854 4015 dat
2869 3973 3051 4029 tenera
3064 3964 3390 4029 decerpat-lla
3414 3964 3577 4016 manu.

3033 4025 3261 4092 (Tibulli,
3289 4025 3371 4079 tib.
3400 4034 3470 4092 ιν,
3507 4028 3629 4094 eleg.
3658 4028 3735 4091 θ.)

2288 4131 2475 4188 Nonne
2499 4132 2657 4187 etiam
2684 4129 2938 4188 Martialis
2961 4134 3239 4189 cantabat:

2441 4223 2725 4290 Consumpsi
2748 4225 2990 4289 falsasque
3013 4226 3184 4286 molas,
3210 4233 3265 4277 et
3285 4227 3440 4278 thuris
3449 4240 3689 4290 acervos;

2504 4286 2793 4340 Decrevere
2815 4286 3022 4351 greges,
3039 4290 3153 4354 dum
3176 4291 3304 4354 cadit
3326 4304 3451 4354 agna
3476 4286 3713 4354 irequens
3727 4292 3769 4354 ?,

2906 4350 3164 4414 (Martial.,
3187 4350 3272 4403 lib.
3301 4350 3390 4416 Vti,
3416 4350 3703 4417 epingSS.)

2287 4454 2393 4512 Sed
2426 4456 2540 4513 haec
2568 4457 2750 4528 procul
2780 4457 2944 4513 dubio
2975 4459 3215 4528 poeticae!
3241 4461 3680 4530 exaggerationes
3713 4472 3847 4517 sunt
3871 4476 3893 4527 ;

2287 4557 2344 4606 et
2388 4549 2646 4606 Martialis
2690 4550 2763 4606 ibi
2800 4550 3035 4622 loquitur
3079 4552 3148 4607 de
3186 4554 3519 4608 somniorum
3556 4554 3897 4624 interpreta-

2290 4640 2452 4697 tione.
2483 4641 2616 4710 Quis
2656 4657 2786 4697 vero
2832 4644 3039 4699 nesciat
3079 4659 3174 4698 eos
3198 4684 3213 4709 ,
3246 4646 3337 4716 qui
3386 4643 3562 4703 futura
3613 4647 3761 4702 scire
3784 4688 3804 4714 ,
3837 4656 3898 4705 et

2285 4736 2521 4791 maxime
2546 4735 2722 4805 cupita
2751 4735 2993 4793 obtinere
3023 4737 3241 4804 volunt,
3260 4738 3425 4792 nullis
3449 4753 3672 4808 parcere
3692 4754 3899 4811 sump.

2284 4829 2462 4884 tibus?
2504 4828 2687 4899 Neque
2727 4831 2905 4885 minus
2929 4839 3132 4887 certum
3161 4841 3217 4886 et
3241 4832 3385 4887 solos
3410 4832 3605 4891 divites
3628 4874 3645 4899 ,
3673 4834 3901 4906 hosque

2282 4920 2636 4991 paucissimos
2685 4921 2788 4977 diis
2841 4922 2953 4978 suis
2991 4930 3084 4977 aut
3121 4923 3386 4994 plurima,
3427 4934 3519 4980 aut
3575 4926 3896 4995 pretiosam

2279 5012 2439 5068 thura
2467 5013 2792 5081 adolevisse,
2822 5015 2916 5070 sed
2941 5022 3054 5071 tum
3077 5016 3292 5086 quidem
3315 5032 3435 5072 cum
3456 5018 3632 5089 aliqua
3667 5033 3907 5089 premw

2279 5104 2473 5163 bantur
2522 5107 2868 5173 necessitate,
2900 5118 2993 5162 aut
3020 5116 3077 5163 ut
3124 5109 3296 5165 inanis
3322 5109 3561 5179 gloriola:
3588 5126 3892 5170 rumuscu—

2277 5195 2359 5250 lus
2386 5207 2798 5266 aucuparentur.
2836 5196 3028 5254 Caneri
3068 5208 3245 5254 autem
3286 5201 3529 5271 plerique
3557 5216 3745 5258 omnes
3776 5205 3893 5263 tria

2278 5301 2369 5346 aut
2397 5301 2625 5361 quatuor
2652 5291 2851 5347 dabant
2878 5292 3048 5347 thuris
3074 5308 3259 5364 grana,
3289 5302 3344 5348 et
3369 5295 3497 5349 duas
3518 5334 3547 5360 ,.
3564 5296 3705 5351 sicut
3722 5296 3895 5357 addit

2275 5383 2666 5453 Tertullianus,
2692 5386 2815 5439 meri
2842 5382 3007 5456 guttas
3036 5385 3055 5457 (
3079 5385 3383 5441 Tertulliau.
3431 5387 3727 5459 Apologet.,
3748 5405 3889 5462 cap.

2273 5476 2347 5534 30
2366 5477 2410 5547 ),
2438 5476 2541 5533 hoc
2562 5485 2665 5542 est,
2697 5493 2859 5549 quam
2883 5478 3055 5535 thuris
3076 5488 3130 5535 et
3150 5480 3258 5535 vini
3289 5489 3537 5550 poterant
3559 5482 3881 5540 minimum.

2270 5570 2377 5627 Sed
2426 5586 2534 5642 quo
2579 5572 2745 5628 animi
2784 5588 2969 5639 sensu,
3001 5572 3177 5630 disces
3215 5573 3300 5630 his
3326 5573 3501 5631 Ovidii
3530 5574 3778 5634 versibus
3803 5576 3903 5636 ἆρ’

2268 5676 2377 5718 antt
2399 5663 2733 5719 sacriﬁcante
2765 5681 2777 5716 :
3858 5674 3895 5733 ἐ

2388 5753 2735 5833 νίιξὲξιξιρςυίξ
2755 5754 3472 5833 ίῑιειὶιὲθεινίηίμυράωωφεξ
3514 5759 3745 5833 etiam
3764 5762 3883 5827 εει.

2446 5816 2688 5882 Διιιῖρδό,
2713 5825 2798 5869 aut
2822 5820 3041 5882 comites,
3068 5816 3176 5883 plus
3198 5829 3363 5874 tamen
3387 5816 3492 5887 ipsa
3529 5820 3670 5873 bibit.
