4212 6262
372 376 509 464 illi

487 490 970 559 «limiteslme
993 490 1287 559 inimicaque
1307 492 1559 559 vinximus
1577 508 1715 559 ora,»

548 555 690 608 Dixit
711 554 987 617 discedens,
1013 554 1382 620 ebriaqneexit
1413 570 1552 607 anns.

1008 617 1190 682 (Ovidi,
1217 617 1298 670 tib.
1327 622 1382 667 nt
1406 628 1593 672 Faster.
1618 620 1645 684 ς
1668 619 1765 685 15.]

374 726 577 784 Eodem
608 726 767 797 plane
807 725 1043 781 avaritiae
1064 726 1195 782 vitio
1232 726 1433 782 ethnici
1465 726 1815 782 immolabant
1855 725 1925 780 ho

360 823 522 888 'stias,
553 834 659 875 non
708 808 930 891 pingues
976 819 1217 888 profecto
1237 862 1251 888 ,
1295 831 1388 875 aut
1414 822 1673 885 selectas,
1704 828 1793 877 aut
1822 820 1958 874 inte-

359 930 512 987 gras,
544 914 639 970 sed
683 915 982 985 sanguinem
1004 956 1018 979 ,
1047 915 1497 982 quemadmodum
1544 913 1718 969 adhuc
1742 912 1954 971 Tertul-

358 1008 565 1072 lianus,
595 1008 798 1078 reprobi
841 1007 981 1062 bovis
1026 1008 1154 1061 mori
1197 1009 1420 1078 optantis
1460 1007 1480 1079 (
1511 1008 1816 1062 Tertullian.
1851 1008 1953 1061 loc.

358 1101 447 1155 cit.
475 1100 517 1169 ).
549 1101 620 1155 At
646 1098 861 1170 quidam
890 1098 1237 1153 delicatiores
1261 1098 1433 1153 critici
1461 1099 1717 1168 scriptum
1748 1097 1817 1153 ibi
1846 1096 1954 1152 vel-

356 1191 470 1247 lent
499 1208 606 1247 non
661 1192 798 1245 bovis
829 1190 1078 1261 quidem,
1108 1191 1202 1248 sed
1232 1193 1452 1246 hominis
1472 1235 1485 1257 ,
1515 1192 1606 1262 qui
1633 1192 1778 1246 solus
1806 1207 1952 1246 mor-

355 1297 471 1344 tem
504 1296 697 1358 optare
732 1294 930 1356 potest.
978 1286 1175 1343 Verum
1214 1286 1333 1342 haec
1372 1302 1523 1341 mera
1559 1285 1837 1341 cavillatio
1869 1295 1961 1342 est

355 1388 543 1435 contra
569 1392 911 1433 communem
935 1376 1178 1433 codicum
1202 1379 1442 1433 omnium
1461 1393 1803 1433 consensum.
1822 1377 1953 1444 Quis

358 1485 592 1540 namque
648 1485 751 1525 non
800 1468 943 1523 videt
972 1469 1098 1523 illud
1125 1487 1152 1522 a
1186 1470 1519 1545 Tertulliano
1562 1479 1749 1525 nostro
1780 1478 1951 1524 meta-

354 1561 579 1631 phorice
603 1560 803 1615 dictum
824 1559 890 1615 de
908 1560 1064 1626 bove.
1089 1561 1262 1625 senio,
1287 1563 1479 1630 macie,
1497 1569 1555 1617 et
1582 1562 1705 1618 tabe
1732 1562 1803 1619 ita
1826 1562 1976 1621 ρων

357 1653 500 1709 lecto
523 1694 537 1717 ,
564 1663 622 1707 ut
648 1662 897 1720 mortem,
930 1653 974 1707 si
1004 1654 1073 1707 ita
1105 1663 1286 1722 psset
1314 1654 1452 1721 fieri,
1474 1654 1607 1708 vita
1640 1654 1957 1723 perstet-ret?

355 1746 712 1813 Quamobrem
757 1745 870 1814 ipse
910 1744 1084 1801 adhuc
1114 1745 1473 1800 Tertulliauus
1503 1746 1749 1802 ethnicos
1789 1758 1950 1803 antea

356 1840 443 1894 his
472 1836 648 1891 verbis
693 1836 1144 1906 compellaverat:
1176 1836 1389 1903 Enecta,
1419 1847 1464 1890 et
1512 1837 1725 1904 tabiosa,
1759 1847 1806 1891 et
1832 1854 1947 1892 sca-

356 1914 498 1983 biosa
527 1943 740 1998 qumque
768 1929 1175 1992 mactatis......,
1196 1943 1308 1997 aute
1335 1929 1474 1983 domi
1516 1945 1714 1999 quoque
1744 1930 1945 2001 pueris,

352 2020 466 2073 sive
492 2017 685 2084 servis,
714 2017 789 2071 vel
815 2016 1025 2072 canibus
1052 2016 1435 2091 destinassetis(
1469 2017 1771 2075 Tcrtulliau.
1804 2020 1953 2090 Apo-

350 2111 529 2181 lOget.,
553 2126 669 2179 cap.
700 2108 788 2175 l4,
819 2119 868 2164 et
898 2110 985 2163 lib.
1016 2108 1127 2163 latl
1159 2107 1400 2176 Nation.,
1431 2127 1544 2182 cap.
1580 2109 1703 2183 10).
1738 2112 1950 2167 llostias

353 2212 530 2257 tamen
563 2200 823 2268 integras,
846 2202 1097 2272 optimas,
1122 2213 1175 2257 et
1196 2202 1418 2258 decoras
1448 2203 1552 2257 diis
1576 2205 1688 2259 suis
1714 2216 1951 2260 mactare

350 2293 453 2350 hac
482 2292 803 2351 tenebantur
829 2293 945 2364 lege
964 2334 980 2361 ,
1011 2308 1168 2361 quam
1211 2292 1401 2351 Cicero
1429 2294 1651 2351 totidem
1680 2294 1828 2353 hisce
1855 2312 1945 2352 re-

351 2388 470 2443 tulit
496 2385 675 2440 verbis
701 2401 713 2437 :
753 2382 965 2455 Quaque
992 2384 1176 2455 cuique
1199 2386 1317 2438 divo
1345 2385 1547 2439 decorae
1574 2397 1832 2457 grataque
1849 2388 1961 2442 sint

354 2479 552 2542 hostile,
590 2476 885 2548 providequ
922 2474 1125 2547 (Cicer.
1158 2476 1244 2528 lib.
1281 2474 1326 2529 II
1367 2476 1429 2529 de
1463 2476 1637 2547 legib.,
1671 2494 1790 2547 pag.
1821 2479 1946 2545 554,

353 2571 445 2624 lin.
477 2567 713 2640 46).-E:e
739 2575 941 2633 autem,
973 2566 1422 2638 quemadmodum
1453 2567 1745 2637 Vitruvius,
1774 2585 1804 2623 a
1834 2570 1948 2625 Ma-

352 2662 534 2717 crohio
578 2661 809 2724 citatus,
845 2659 1041 2724 docet,
1073 2658 1409 2713 vocabantur
1451 2660 1695 2729 eximiae,
1725 2662 1807 2717 vel
1829 2665 1952 2735 quia

350 2759 642 2825 eximuntur
669 2770 701 2806 α
728 2769 897 2824 grege,
930 2752 1008 2806 vel
1038 2753 1176 2824 quod
1213 2753 1404 2807 eximia
1445 2754 1611 2823 specie
1641 2757 1784 2825 quasi
1815 2758 1945 2823 o/I'e-

354 2847 524 2900 renda!
552 2846 842 2899 numinibus
867 2843 1122 2915 eliguntur
1152 2842 1407 2915 (Macrob.
1435 2844 1521 2898 lib.
1552 2843 1620 2900 ΙΙΙ
1653 2846 1944 2914 S‘aturnaL,

356 2958 471 3011 cap.
495 2940 528 2994 5
550 2938 591 3008 ).
637 2939 812 3007 Atque
858 2924 1014 3000 inde,
1047 2944 1187 2991 teste
1221 2936 1432 3003 Plinio,
1460 2953 1577 2994 mos
1599 2949 1717 2996 erat
1747 2940 1948 2999 hostias

355 3032 613 3104 probandi
663 3047 725 3086 ac
769 3029 1050 3101 seligendi.
1102 3029 1343 3086 Meminit
1384 3040 1561 3088 autem
1594 3032 1753 3103 hujus
1782 3032 1946 3090 moris

356 3124 610 3195 Virgilius
636 3122 725 3177 illo
746 3137 903 3178 versu
928 3139 942 3175 :

597 3274 608 3285 .
678 3276 689 3287 .
759 3236 970 3286 Mactant
991 3234 1146 3287 lectas
1166 3234 1230 3285 de
1248 3248 1385 3286 more
1408 3236 1659 3288 bidentes.

966 3319 1188 3386 (νέφει,
1216 3316 1302 3370 lib.
1328 3327 1379 3369 ιν
1398 3317 1592 3375 Δςηείά.
1616 3335 1669 3373 υ,
1685 3322 1794 3385 57.)

355 3430 487 3487 Nam
514 3430 670 3486 sicuti
699 3430 833 3485 scite
862 3429 936 3485 ibi
962 3436 1187 3483 auuotat
1212 3427 1465 3483 Servius:
1496 3429 1652 3482 moris
1678 3428 1777 3499 {ait
1812 3437 1865 3489 ut
1886 3430 1956 3485 ad

305 3547 311 3551 δ
355 3522 612 3593 sacriﬁcia
640 3522 943 3593 eligerentur
972 3536 1120 3587 oves,
1162 3520 1342 3590 quibus
1372 3518 1503 3573 nihil
1544 3520 1770 3587 deesset,
1805 3531 1859 3575 ut
1900 3522 1956 3576 in

357 3623 498 3668 sexto
518 3654 534 3681 ,
566 3612 806 3683 ejusdem
850 3611 1100 3666 nimirum
1145 3610 1327 3667 Poeta:
1351 3651 1367 3677 ,
1399 3610 1571 3677 libro,
1604 3610 1690 3667 ubi
1742 3626 1954 3667 rursum

360 3706 583 3761 cecinit:

515 3818 655 3869 Nunc
682 3830 843 3880 grege
865 3818 930 3868 de
953 3819 1133 3881 intacto
1155 3826 1346 3881 septem
1370 3826 1586 3869 mactare
1597 3820 1835 3879 juveucos

514 3882 827 3941 Praestiterit,
853 3881 1056 3931 totidem
1080 3880 1232 3931 lectas
1252 3881 1316 3929 de
1335 3894 1471 3931 more
1496 3881 1741 3932 bidentes.

1006 3967 1219 4032 (Idem,
1239 3962 1323 4017 lib.
1350 3972 1463 4016 νιν.
1482 3965 1561 4026 38,
1584 3972 1629 4017 et
1644 3967 1807 4032 seu.)

368 4076 436 4131 At
476 4075 612 4131 sicut
641 4074 892 4145 Virgilius
918 4074 1104 4128 eadem
1148 4072 1371 4143 repetit,
1401 4072 1471 4126 ita
1518 4070 1740 4128 Servius
1773 4074 1825 4126 in
1858 4071 1959 4128 hos

365 4184 551 4223 versus
576 4168 750 4224 denuo
775 4167 890 4223 haec
916 4167 1202 4222 observat:
1237 4165 1316 4219 De
1354 4182 1492 4220 more
1534 4166 1773 4236 antiquo,
1812 4183 1961 4237 quem

367 4263 707 4335 praetermisit.
761 4262 907 4327 quasi
936 4260 1169 4316 ouilibus
1202 4268 1393 4324 notaui,
1427 4259 1485 4311 id
1504 4270 1596 4325 at,
1628 4276 1721 4317 nec
1742 4259 1969 4315 habeant

366 4358 585 4411 caudam
609 4355 929 4420 aculeatam,
948 4370 1040 4411 nec
1063 4355 1291 4424 linguam
1321 4353 1523 4421 ﬁssam,
1545 4367 1637 4409 nec
1668 4368 1845 4408 autem
1881 4354 1961 4407 ui-

368 4468 512 4522 gram
537 4467 554 4504 :
587 4467 675 4520 per
703 4451 840 4519 quod
861 4449 1005 4503 docet
1032 4446 1177 4501 aliud
1205 4449 1474 4510 intactum,
1507 4445 1651 4499 aliud
1683 4448 1890 4499 lectum.

441 4545 652 4601 Ethnici
684 4560 812 4616 ergo
857 4553 1043 4599 contra
1087 4541 1264 4596 datam
1312 4540 1484 4609 legem
1504 4580 1518 4607 ,
1548 4554 1610 4594 ac
1639 4526 1843 4593 morem
1877 4553 1963 4593 re-

370 4647 580 4710 ceptum
598 4679 612 4702 ,
641 4638 870 4707 pessima
913 4650 1135 4705 qumque
1163 4632 1460 4688 olferebant
1478 4673 1492 4698 ,
1524 4640 1579 4687 et
1616 4631 1921 4702 sanguinem
1945 4672 1961 4698 ,
1989 4666 2044 4727 Β

370 4731 444 4784 uti
493 4729 692 4784 dictum
744 4739 846 4794 (εει,
871 4726 1073 4798 reprobi
1102 4726 1258 4791 bovis,
1292 4724 1394 4778 hoc
1435 4732 1548 4789 est,
1579 4724 1745 4779 veteri
1773 4739 1959 4780 eormn

372 4822 490 4893 lege
530 4836 785 4891 moreque
825 4819 1095 4890 reprobati
1136 4833 1196 4871 ac
1237 4817 1443 4887 rejecti.
1472 4817 1526 4873 Si
1565 4817 1653 4888 qui
1693 4832 1822 4871 vero
1861 4817 1962 4871 ali-

371 4914 585 4985 quando
612 4913 842 4983 optimas
869 4953 882 4975 ,
913 4921 1067 4981 prout
1114 4910 1320 4979 iussum
1358 4918 1472 4963 erat
1495 4951 1508 4976 ,
1542 4908 1744 4965 hostias
1773 4923 1965 4964 revera

373 5004 682 5075 seligere-nt,
718 5019 819 5056 non
850 5017 942 5057 eas
966 4998 1204 5072 profecto
1231 5001 1465 5071 integras
1491 5008 1544 5055 et
1574 5002 1799 5056 intactas
1832 5016 1968 5071 prce-

368 5095 573 5165 ,behant
593 5137 607 5160 ,
640 5092 734 5148 sed
760 5094 965 5164 aliquas
1003 5092 1263 5147 duntaxat
1307 5101 1364 5148 et
1390 5093 1603 5163 pejores
1632 5107 1816 5148 earum
1847 5106 1969 5161 par-

374 5196 477 5254 tes,
503 5186 577 5241 uti
609 5186 855 5256 capitula,
877 5186 953 5241 ait
978 5186 1359 5253 Tertulliauus,
1389 5187 1503 5241 sive
1527 5187 1719 5257 capita.
1753 5187 1966 5242 Etenim

376 5281 491 5350 ipse
532 5278 640 5333 alio
670 5277 723 5332 in
751 5277 892 5332 libro
921 5285 1076 5332 vocat
1111 5277 1512 5354 chamaeleontis
1548 5278 1838 5347 capitulum
1862 5289 1969 5333 sta-

379 5373 469 5425 tim
514 5387 547 5424 a
592 5371 779 5434 dorso;
823 5383 942 5423 nam
994 5369 1163 5437 deﬁcit
1205 5369 1374 5422 cervis:
1402 5367 1421 5437 (
1447 5366 1750 5422 Tertullian.
1785 5368 1872 5422 lib.
1912 5369 1974 5424 de

380 5462 547 5525 Pall.,
579 5478 696 5530 cap.
730 5462 821 5528 5),
854 5475 975 5531 quae
1004 5460 1128 5515 colli
1162 5476 1283 5530 pars
1311 5468 1393 5513 est
1422 5459 1707 5527 posterior.
1748 5457 1975 5531 Capitu-

379 5556 488 5611 lum
528 5556 707 5623 itaque
738 5554 809 5607 ibi
839 5553 907 5607 ab
941 5552 1033 5607 illo
1063 5567 1160 5622 pro
1192 5559 1304 5605 toto
1334 5550 1745 5607 ehamzeleontis
1791 5553 1974 5622 capite

1473 374 1929 436 DISSEBTATIO
1968 349 2036 434 δ.
2076 375 2164 432 LE
2200 376 2510 437 NOURRY.

1970 3274 2016 3336 C

3516 389 3660 448 1142

1986 494 2037 555 Α
2066 494 2364 568 ρτωυιᾳιιι(
2389 496 2478 587 lib.
2520 494 2542 550 ι
2580 496 2649 550 ad
2693 493 2937 564 Nauem,
2987 512 3103 567 cap.
3151 500 3222 554 10
3254 501 3296 571 ),
3344 510 3504 587 atque
3550 506 3655 562 alia

2062 588 2243 653 etiam,
2277 601 2395 657 qua:
2415 586 2618 642 domini
2643 596 2699 643 et
2728 597 2907 659 patres
2933 588 3163 645 familias
3186 594 3362 648 servis
3390 598 3521 661 suis,
3547 598 3653 654 im-

2062 696 2153 736 mo
2182 680 2404 736 cauibus
2431 680 2872 738 destinavissent.
2915 682 2987 738 At
3029 682 3076 737 si
3123 685 3244 755 quis
3288 686 3360 741 ibi
3398 688 3595 760 aliquid
3626 707 3657 747 a

2060 773 2391 829 Tertulliano
2420 780 2736 846 ὑπερϐολικῶς
2765 775 2973 831 dictum
2996 777 3283 833 evidenter
3317 781 3622 847 probaverit
3640 826 3658 851 ,

2059 865 2185 922 huic
2210 880 2317 921 non
2348 867 2574 923 multum
2599 868 3001 923 reluctabimur.
3026 869 3195 924 Nemo
3238 879 3414 926 tamen
3460 889 3657 944 negare

2058 966 2238 1029 potest
2257 968 2401 1013 recte
2423 959 2576 1014 illum
2597 960 2831 1015 ethnicis
2861 960 2990 1013 vitio
3013 961 3241 1015 vertisse
3268 970 3527 1019 mactatas
3551 965 3655 1023 diis

2056 1049 2354 1106 deteriores
2382 1050 2663 1113 victimas,
2692 1059 2855 1119 atque
2895 1051 2965 1106 de
2990 1051 3218 1120 Opimis,
3246 1063 3407 1123 atque
3433 1055 3657 1128 integris

2057 1142 2199 1214 quod
2230 1142 2422 1197 melius
2450 1153 2598 1207 erat,
2635 1141 2965 1208 detractum,
2998 1158 3235 1214 suosque
3281 1155 3549 1202 servatum
3598 1150 3653 1204 in

2058 1249 2206 1290 usus.

2128 1326 2311 1397 Neque
2337 1325 2423 1381 hic
2452 1329 2599 1381 stetit
2625 1340 2782 1380 avara
2811 1325 3151 1381 ethnicorum
3186 1328 3450 1398 impietas.
3484 1331 3642 1387 Debi.

2061 1429 2167 1474 tam
2223 1417 2488 1487 siquidem
2535 1418 2750 1473 Herculi
2794 1417 3058 1472 decimam
3116 1419 3382 1474 bonorum
3434 1438 3653 1477 suorutn

2057 1518 2264 1581 partem
2291 1507 2612 1567 defraudare
2636 1524 2740 1562 non
2770 1508 3116 1564 verebantur.
3150 1509 3413 1576 Quocirca
3445 1511 3659 1567 Tertul-

2058 1603 2233 1657 lianus
2262 1617 2359 1657 eos
2383 1601 2723 1671 alloqucndo
2750 1601 2831 1656 bis
2857 1601 3039 1656 verbis
3065 1603 3286 1673 corripit
3314 1622 3325 1657 :
3361 1603 3436 1659 De
3463 1606 3659 1661 decima

2036 1695 2297 1751 ‘Herculis
2335 1711 2427 1749 nec
2468 1696 2669 1748 tertiam
2709 1704 2907 1764 partem
2945 1696 2999 1748 in
3047 1711 3194 1748 aram
3238 1697 3346 1764 ejus
3395 1698 3658 1767 imponitis

2058 1786 2138 1860 (Τ
2143 1787 2401 1841 ertullian.
2425 1786 2720 1856 Apologet.,
2745 1785 2938 1857 cap.”
2959 1787 3004 1856 ).
3030 1789 3098 1839 At
3123 1787 3312 1841 Cicero
3342 1789 3515 1857 palam
3551 1801 3659 1846 tes-

1979 1888 2026 1947 B
2058 1880 2289 1934 tilicatur
2332 1886 2497 1932 totam
2548 1876 2685 1931 hanc
2721 1876 2984 1933 decimam
3025 1877 3277 1931 debuisse
3303 1878 3370 1931 ab
3397 1879 3498 1933 illis
3529 1896 3655 1950 per-

2054 1972 2189 2029 solvi
2212 1970 2411 2044 (Cica.
2441 1970 2531 2027 lib.
2566 1969 2631 2025 Kl
2657 1970 2725 2025 dc
2746 1979 2915 2025 natur.
2941 1969 3108 2036 clean,
3130 1986 3249 2041 pag.
3278 1969 3408 2038 255,
3427 1972 3652 2045 Ιὶη.22).

2054 2063 2229 2133 Quam
2255 2075 2387 2117 sane
2415 2059 2485 2117 ob
2511 2075 2733 2115 causam
2771 2061 2989 2116 Plautus
3014 2060 3330 2117 Gelusiuum
3370 2064 3653 2133 quemdam

2056 2157 2363 2226 loquentem
2392 2152 2470 2208 sic
2510 2151 2714 2207 inducit
2743 2170 2755 2205 :
3294 2167 3303 2177 ·

2176 2268 2285 2319 Huc
2307 2268 2503 2317 venisse
2527 2279 2651 2329 Opus
2673 2273 3022 2329 est,7quantum
3035 2273 3216 2329 potest,

2183 2305 2515 2383 vitam.
2528 2305 2971 2392 ῊεΗἸ-ιὶῖ-ἓῦῖῖ
2978 2305 3270 2393 ᾗδῖιϊέἔὲιὶι.

2604 2413 2649 2475 (1
2668 2409 2785 2463 (aut.
2821 2410 3061 2472 Trucull.,
3085 2418 3180 2463 act.
3201 2414 3248 2473 2,
3267 2425 3396 2465 scen.
3421 2417 3498 2479 ιι.)

2052 2524 2181 2592 Nec,
2210 2536 2414 2595 qumso,
2445 2519 2660 2576 dubites
2687 2529 2852 2576 totam
2874 2520 3145 2574 bonorum
3170 2519 3435 2575 decimam
3461 2523 3529 2577 ab
3551 2521 3654 2578 hoc

2053 2624 2210 2687 poeta
2238 2613 2528 2684 designari.
2568 2612 2699 2667 Nam
2727 2610 2853 2665 alibi
2881 2610 3017 2665 dixit
3056 2610 3180 2665 inde
3215 2626 3244 2663 a
3284 2627 3445 2666 servo
3496 2614 3652 2670 facile

2058 2706 2310 2778 cognosci
2341 2719 2498 2775 posse
2525 2712 2783 2773 quantum
2813 2702 2957 2756 illius
2977 2702 3226 2756 dominus
3252 2704 3368 2757 auri
3401 2703 3652 2761 habebat.

2051 2799 2193 2856 Ecce
2221 2799 2454 2869 ipsamct
2482 2796 2600 2865 ejus
2627 2794 2866 2850 carmina
2897 2810 2909 2845 :

2176 2911 2274 2962 Sed
2303 2910 2444 2960 lubet
2465 2908 2596 2958 scire
2620 2914 2852 2970 quantum
2876 2918 3049 2973 aurum
3064 2905 3217 2973 herus
3239 2907 3330 2956 sibi
3348 2906 3577 2973 dempsit,
3604 2917 3658 2961 et

2784 2970 2901 3030 quid
2922 2982 3014 3018 suo
3033 2969 3239 3019 reddidit
3265 2972 3401 3031 patri.

2174 3034 2229 3085 Si
2251 3032 2382 3096 frugi
2405 3040 2499 3095 est,
2520 3029 2790 3081 Herculem
2806 3029 2929 3081 iecit
2954 3044 3017 3081 ex
3043 3039 3214 3095 parte;
3239 3029 3500 3104 decimam
3545 3046 3656 3097 par-

3236 3100 3341 3143 tem
3362 3100 3409 3145 ei

2176 3157 2348 3220 Dedit,
2371 3157 2465 3208 sibi
2485 3169 2669 3207 novem
2687 3153 2906 3205 absttdit.

2639 3239 2819 3308 (Idem.
2845 3237 3082 3291 Bacchid.
3108 3246 3169 3291 ct.
3188 3248 3260 3303 tv,
3283 3254 3410 3295 scen.
3437 3243 3511 3304 4.)

2059 3347 2230 3418 Hujus
2259 3355 2449 3402 autem
2463 3344 2631 3401 moris
2658 3353 2712 3400 et
2738 3345 2968 3400 instituti
2998 3344 3173 3400 varias
3200 3343 3515 3401 Plutarchus
3532 3347 3654 3401 red-

2060 3441 2193 3496 didit
2221 3440 2477 3507 rationes,
2509 3452 2642 3509 quas
2673 3438 3037 3508 unusquisque
3064 3438 3117 3492 in
3158 3438 3274 3508 ejus
3301 3439 3451 3493 libris
3478 3443 3656 3509 legere

2060 3532 2217 3589 facile
2247 3540 2423 3603 potest
2453 3532 2471 3602 (
2503 3530 2770 3586 Plutarch.
2823 3530 3017 3596 Quaest.
3065 3528 3312 3599 Romam,
3345 3543 3525 3604 quiest.
3555 3535 3654 3601 l5,

2061 3643 2183 3697 pag.
2215 3623 2344 3690 ς367,
2374 3633 2498 3677 ιοηι.
2526 3622 2570 3677 ll
2592 3622 2635 3692 ).
2664 3621 2863 3677 Verum
2891 3622 3120 3692 gentiles
3147 3622 3215 3677 de
3242 3622 3345 3678 hoc
3383 3624 3656 3694 religionis

2061 3735 2173 3774 suae
2203 3717 2383 3772 oflicio
2414 3731 2598 3786 parum
2647 3713 2896 3781 solliciti,
2929 3713 3185 3784 quidquid
3238 3715 3456 3784 impune
3503 3726 3657 3785 pote-

2062 3821 2219 3878 rant,
2246 3826 2309 3866 es
2343 3810 2442 3864 hac
2466 3808 2672 3864 decima
2703 3806 3120 3875 subtrahentes,
3150 3823 3249 3863 nec
3280 3810 3489 3863 tertiam
3538 3810 3658 3880 qui-

2063 3906 2183 3963 dem
2216 3903 2494 3960 solvebant
2521 3901 2664 3957 illius
2696 3910 2923 3972 partem.
2950 3902 3122 3969 Quam
3161 3911 3338 3959 autem
3386 3903 3438 3957 id
3471 3919 3657 3960 verum

2063 4002 2157 4068 sit,
2183 3997 2360 4054 disces
2386 3994 2475 4052 his
2499 3994 2674 4051 adhuc
2701 3993 2944 4065 ejusdem
2970 3994 3147 4051 Plauti
3171 3995 3447 4051 versibus:

2189 4110 2297 4174 Non
2314 4111 2413 4174 jam
2434 4110 2499 4160 de
2523 4109 2617 4159 hoc
2638 4109 2858 4169 obsonio,
2881 4108 3096 4174 demina
3121 4120 3217 4174 una
3238 4108 3442 4157 diminui

2188 4168 2331 4223 Μοᾱὸ
2354 4174 2572 4236 quinque
2607 4168 2855 4231 nummos,
2882 4170 3001 4218 mihi
3023 4170 3233 4291 detratiil,
3262 4177 3449 4232 partem
3472 4168 3662 4222 Hercu-

3222 4245 3380 4280 anum.

3222 4246 3309 4279 ana
3315 4245 3361 4280 111
3368 4266 3380 4279 ο

2629 4313 2830 4375 (plan,
2860 4309 3063 4365 Τηίουιὶ
3084 4319 3177 4364 act.
3202 4321 3257 4376 tt,
3280 4327 3409 4365 scen.
3433 4318 3506 4377 7.)

2068 4423 2196 4478 Tam
2227 4421 2403 4493 lepide
2424 4420 2582 4491 igitur
2603 4432 2763 4490 quam
2786 4418 2910 4489 jure
2934 4419 3130 4474 merito
3153 4419 3518 4477 Tertullianus
3546 4422 3663 4477 eth-

2066 4514 2220 4570 nicos
2248 4514 2326 4567 sic
2357 4511 2544 4567 irridet
2574 4529 2589 4565 :
2621 4508 2803 4564 Laudo
2842 4510 3011 4581 magis
3053 4511 3385 4579 sapientiam,
3418 4515 3551 4581 quod
3600 4513 3669 4568 de

2070 4607 2273 4678 perdito
2319 4604 2513 4675 aliquid
2561 4602 2756 4674 eripitis
2790 4600 3143 4672 (Tertullian.
3196 4594 3491 4673 Apologet.,
3540 4620 3659 4675 cap.

2072 4706 2141 4761 M
2168 4702 2206 4777 ).
2237 4702 2508 4759 Perditum
2553 4711 2730 4758 autem
2773 4702 2875 4757 rite
2917 4701 3089 4768 dixit,
3116 4702 3257 4772 quod
3290 4703 3438 4760 falsis
3468 4704 3571 4761 diis
3600 4720 3663 4761 ac

2071 4797 2379 4854 numinibus
2398 4795 2644 4851 dabatur.

2142 4890 2255 4960 Qua
2288 4890 2450 4961 igitur
2473 4890 2680 4955 ratione
2701 4929 2715 4953 ,
2746 4903 2849 4959 qua
2892 4888 3071 4945 fronte
3113 4889 3310 4945 ethnici
3342 4891 3667 4949 christianos

2072 4985 2139 5039 ad
2169 4985 2391 5039 deorum
2417 4996 2635 5037 suorum
2664 4981 2889 5047 cultum,
2921 4982 3107 5052 eisque
3130 4982 3541 5038 sacriﬁcandum
3563 4998 3669 5039 ma-

2070 5076 2175 5146 jori
2206 5074 2467 5145 profecto,
2491 5088 2651 5143 quam
2672 5071 2844 5129 ferina
2872 5074 3193 5129 crudelitate
3221 5075 3545 5145 compellere
3585 5077 3669 5131 ni-

2075 5167 2364 5233 tebantur?
2388 5167 2643 5235 Quamvis
2673 5167 2955 5223 enimvero
2982 5168 3337 5223 credidissent
3366 5169 3484 5225 illos
3509 5184 3669 5227 veros

2073 5276 2196 5317 esse
2220 5262 2370 5327 deos,
2395 5260 2639 5331 quamvis
2664 5275 2757 5315 eos
2780 5267 2887 5313 tam
2917 5260 3128 5315 sincero
3148 5302 3160 5325 ,
3185 5275 3343 5331 quam
3367 5261 3502 5316 falso
3521 5263 3671 5318 cultu

2079 5359 2454 5424 honorasseut,
2488 5354 2732 5426 quamvis
2758 5353 2865 5408 illis
2894 5353 3098 5408 hostias
3127 5355 3380 5425 integras,
3414 5356 3669 5425 selectas,

2079 5460 2133 5506 ct
2149 5450 2387 5506 omnium
2411 5449 2643 5519 optimas
2665 5447 3026 5502 immolassent
3048 5464 3061 5514 ;
3087 5447 3219 5502 nihil
3240 5458 3412 5503 tamen
3438 5449 3672 5520 iniquius

2082 5560 2144 5600 ac
2168 5545 2496 5617 perversius,
2525 5543 2661 5599 nihil
2690 5523 2961 5612 humanis,
2996 5544 3209 5612 divinis,
3245 5554 3557 5618 natumque
3588 5548 3670 5620 ip-

382 5647 632 5702 sumitur.
654 5645 895 5701 Servatis
927 5645 1088 5715 igitur
1116 5643 1432 5698 melioribus
1472 5642 1766 5699 hostiarum
1818 5647 1979 5715 parti-
2082 5642 2194 5697 sius
2228 5641 2437 5713 legibus
2467 5639 2634 5712 magis
2660 5639 2946 5695 adversum
2976 5647 3120 5705 erat,
3152 5655 3308 5710 quam
3333 5641 3669 5699 Christianos

388 5736 522 5804 bus,
552 5745 713 5807 caput
756 5737 1232 5802 immolabantget
1283 5736 1541 5807 ungulas,
1582 5750 1645 5792 ac
1690 5738 1981 5808 plumarum

395 5832 413 5902 ί
438 5832 592 5901 idem,
618 5832 913 5904 Apologet.,
955 5847 1072 5905 cap.
1124 5828 1249 5904 ﬂ),
1281 5839 1339 5884 ut
1382 5828 1506 5887 alibi
1535 5829 1644 5901 ait,

2087 5751 2189 5793 nec
2211 5735 2493 5803 defensos,
2522 5749 2623 5790 nec
2666 5733 2917 5802 auditos,
2948 5732 3045 5790 sed
3083 5749 3237 5790 suum
3281 5734 3543 5791 duntaxat
3603 5737 3675 5794 ob

2087 5844 2285 5891 nomen
2311 5828 2695 5897 condemnare,
2723 5837 2778 5885 et
2802 5827 3255 5899 exquisitissimis,
3285 5843 3407 5900 quis
3447 5829 3686 5889 hominis
