4212 6262
306 389 474 490 »ψει
541 412 551 419 ~

1611 368 1933 442 LIBER’DE
1968 369 2342 443 ossuum.

3491 374 3634 442 1166

309 476 600 563 έισέιιιειιιιη
619 501 984 561 Ambrosianae
999 492 1336 559 bibliothecaé
1357 489 1636 567 codicem;
1661 501 1748 557 ubi
1777 501 1925 572 lege-
1954 490 2008 560 Α
2033 484 2217 564 ϐενε)
2240 484 2462 571 aliisque
2484 478 2667 571 paucis
2694 476 3046 576 scriptoribus
3076 484 3372 566 habemus;
3400 497 3511 554 imo
3541 480 3635 557 vix

319 597 530 654 bantur
567 613 686 668 qua:
725 598 777 651 in
816 584 1045 651 caeteris
1068 584 1296 660 desunt;
1350 595 1607 649 continuo
1648 591 1925 648 anecdotis

335 691 469 746 meis
515 689 696 745 addidi
738 687 896 745 veluti
947 679 1184 756 gemmas
1236 674 1510 742 litterariae
1546 685 1929 757 reipublicaein

322 778 863 851 'primisgratasQua:
879 774 1110 848 cumque
1122 774 1271 834 enim
1285 770 1315 833 e
1332 766 1933 846 Tertulliaiio,om‘uium

333 880 480 928 certe
524 871 606 926 sui
649 864 907 941 temporis
950 862 1343 933 eruditisSimo,
1391 870 1581 925 litteris
1622 870 1933 941 consignata

242 1018 247 1023 .
316 962 458 1021 'suut
478 1005 492 1030 ,
520 979 691 1035 eaque
724 963 1019 1033 praesertim
1039 1004 1055 1028 ,
1085 976 1206 1034 qua:
1235 954 1288 1016 in
1317 963 1507 1017 castris
1545 958 1932 1033 catholicorum

316 1055 577 1126 iscripsit.
633 1054 817 1125 quanti
860 1053 969 1108 sint
1006 1052 1147 1124 apud
1185 1064 1376 1109 omnes
1417 1053 1799 1111 ecclesiastica:
1854 1054 1933 1112 rei

332 1143 569 1202 cultores
587 1185 605 1211 ,
635 1144 721 1200 vel
750 1144 880 1217 ipsis
905 1138 1185 1217 tyronibus
1210 1152 1379 1218 patet.
1408 1135 1796 1201 Ambrosianus
1834 1150 1931 1201 au-

314 1244 439 1294 tem
465 1236 636 1293 codex
654 1251 775 1292 non
794 1250 799 1255 τ
815 1237 903 1291 ab'
923 1228 1182 1291 orationis
1222 1236 1505 1292 dominicae
1546 1237 1891 1305 expositione
1915 1277 1930 1303 ,

316 1328 389 1384 .u‘t
420 1328 470 1385 in
502 1330 661 1386 editis
687 1329 947 1384 habemus
971 1371 986 1393 ,
1015 1322 1108 1384 sed
1137 1329 1205 1384 ab
1237 1324 1335 1396 iis',
1361 1326 1481 1400 quin
1509 1322 1934 1401 linjusmodi‘cx-

298 1420 656 1492 "positionem
694 1415 1154 1490 subsequuntur{
1182 1419 1498 1489 opuscnlum
1554 1408 1935 1474 exortliebatur

260 1518 279 1533 ’
312 1527 456 1568 cum
475 1511 643 1567 hocce
665 1511 821 1567 titulo
851 1529 866 1567 :
888 1508 1081 1582 Incipit
1104 1509 1411 1572 Tertulliani
1434 1509 1748 1565 diversarum
1764 1503 1933 1564 rerum

332 1604 751 1660 necessariarum.
773 1603 909 1658 Tum
933 1612 1093 1672 caput
1111 1599 1342 1674 primum
1364 1644 1379 1669 ,
1398 1603 1554 1672 cujus
1573 1602 1928 1658 iuitium‘est‘:

319 1700 658 1773 .Compendils
684 1694 1023 1773 pauculoruiit
1049 1693 1315 1758 verborum
1341 1744 1356 1770 ,
1386 1712 1492 1759 etc.
1517 1744 1532 1770 ,
1565 1704 1634 1758 ita
1667 1698 1932 1772 praenota-

331 1788 487 1847 batur
514 1810 527 1847 :
556 1793 1029 1861 Anacephaheosis.‘
1058 1791 1219 1849 Posse
1245 1810 1339 1848 nos
1360 1794 1762 1865 'superadjtcere,
1798 1798 1928 1850 titu-

2038 591 2105 648 iis
2151 590 2464 659 constabat,
2508 590 2717 647 eorum'
2739 590 3024 662 quidquam
3051 591 3369 660 superesse.
3394 587 3635 647 Meliore

2016 687 2280 757 profecto
2307 693 2451 742 sorte
2476 685 2669 756 dignus
2696 693 2814 761 erat
2844 684 2994 738 labor
3018 683 3109 739 ille
3128 682 3393 738 Paneiroli
3418 683 3518 739 viri
3550 698 3636 761 ce-

2009 775 2310 834 ‘leberrimi
2335 819 2349 840 .
2381 777 2469 848 qui
2501 791 2605 831 non
2632 758 3071 846 jurisprudeotite
3096 775 3267 830 solum
3293 816 3306 839 ,
3339 774 3434 829 sed
3463 757 3632 829 sacra:
3696 792 3701 795 ν

2016 864 2025 903 Γ
2036 871 2195 927 etiam
2226 878 2280 926 et
2306 869 2542 941 profante
2571 865 2892 925 eruditionis
2922 868 3076 923 laude
3102 868 3354 924 eximium
3385 868 3523 923 inter
3550 868 3635 922 lit-

2012 970 2019 975 '
2042 969 2241 1018 teratos
2267 961 2369 1018 sibi
2394 962 2725 1032 comparavit
2747 961 2946 1018 locum.
2978 960 3043 1015 Et
3066 958 3279 1032 quidem
3303 942 3496 1030 opinor
3517 954 3617 1017 ,ιιι

2017 1056 2091 1109 'et
2118 1052 2440 1109 Possevinus
2486 1052 2540 1107 in
2590 1054 2862 1123 Apparatu
2907 1051 3227 1123 Opinabatur
3264 1092 3280 1118 ,
3326 1050 3631 1107 uberrimos

2037 1146 2155 1226 illos
2175 1147 2226 1201 in
2254 1144 2639 1202 Tertullianum
2660 1138 3096 1214 commentarios,
3128 1160 3263 1216 quos
3303 1144 3364 1199 Β.
3412 1144 3631 1223 Rhena-

2015 1252 2138 1296 ‘urs
2157 1281 2173 1307 ,
2202 1240 2492 1306 Pamelius.
2524 1240 2598 1296 La
2629 1239 2822 1303 Cerda,
2849 1237 3366 1309 Salmasius,'atque
3386 1238 3474 1293 alii
3503 1238 3631 1293 doc-

2036 1331 2228 1386 tissimi
2259 1332 2356 1386 viri
2389 1331 2492 1386 luci
2526 1330 2880 1396 mandarunt,
2908 1330 3185 1386 obstitisse
3213 1346 3281 1387 ne
3310 1331 3394 1385 isti
3444 1328 3631 1400 prodi-

2020 1431 2189 1488 "rent;
2218 1407 2795 1492 potantibus‘nimirum
2825 1423 2888 1478 iis
2913 1464 2927 1489 ,
2956 1420 3463 1494 quibuspostbuma
3495 1421 3630 1474 Pau-

2035 1516 2189 1572 ciroli
2213 1516 2352 1571 l'aiua
2371 1515 2717 1571 coudil'utura
2740 1523 2876 1581 erat,
2900 1516 2959 1571 s‘e
2987 1510 3173 1586 parum
3202 1514 3627 1585 utilem'operam

2036 1607 2250 1663 lusuros
2269 1649 2287 1676 ,
2318 1609 2360 1662 si
2390 1595 2805 1679 easdem’dapcs
2836 1608 3169 1663 eruditorum
3199 1608 3374 1679 palato
3402 1606 3624 1665 exhibe-

2023 1688 2177 1757 rent.
2205 1699 2403 1757 Verum
2436 1688 2540 1754 non
2571 1701 2616 1754 is
2647 1710 2729 1756 est
2752 1698 3149 1765 Tertullianus,
3173 1700 3261 1769 qui
3291 1699 3472 1768 paucis
3500 1713 3625 1752 con~

2017 1793 2328 1848 ‘teutus‘sit
2368 1791 2785 1861 interpretibus;
2836 1799 2890 1847 et
2955 1806 3076 1846 cum
3123 1790 3452 1846 recentiores
3504 1780 3625 1858 ejus

330 1884 414 1939 lus
441 1880 855 1955 erat'sequentis
906 1875 1114 1956 capitis.
1146 1884 1369 1956 Reliqua
1394 1878 1556 1939 etiam
1585 1875 1757 1955 capita
1782 1876 2006 1951 'suos‘B
2034 1885 2356 1954 interpretes
2385 1885 2452 1938 ab
2481 1884 2840 1954 antiquiorum
2886 1882 3164 1939 conatibus
3194 1881 3413 1937 minime
3440 1880 3618 1937 deter-

311 1975 512 2031 .titulos
544 1974 927 2044 prieferebaut,‘
947 1974 1083 2047 quos
1108 1971 1291 2031 itidem
1311 1976 1366 2035 in
1396 1969 1495 2029 hac
1524 1985 1703 2032 nostra
1733 1975 1930 2032 editio-

307 2079 399 2119 -ue
436 2062 771 2120 retinendos
795 2062 1133 2121 censuimus.‘
1176 2066 1259 2138 (a)
1288 2065 1440 2134 Quod
1484 2075 1741 2136 superest
1759 2082 1925 2137 Opus-

306 2156 508 2211 :eulum
538 2155 678 2211 istud
705 2155 900 2228 quibus
923 2160 1024 2210 'am
1052 2150 1318 2213 exornare
1345 2173 1409 2214 ac
1438 2159 1707 2214 illustrare
1744 2165 1927 2216 'anno-

310 2247 619 2303 .tationibus
645 2247 870 2319 placuit.
903 2263 972 2304 ne
995 2248 1140 2319 quod
1183 2248 1409 2320 reliquis
1437 2248 1753 2305 Tertulliani
1779 2250 1931 2308 libris

328 2340 672 2398 eruditissimi
696 2340 795 2397 viri
826 2341 1151 2421 praestitere;
1174 2341 1300 2407 huic
1320 2342 1479 2409 desit,
1505 2352 1561 2399 et
1587 2350 1654 2399 tle
1677 2334 1931 2401 tenebras

302 2443 387 2491 4et
414 2433 645 2492 ferreum
684 2429 1043 2508 asperumque
1069 2426 1348 2507 scriptoris
1377 2436 1533 2505 hujus
1562 2436 1929 2510 stylum'deli-

246 2590 253 2603 ι
308 2527 491 2582 .catuli
521 2527 732 2599 quidam
783 2536 1130 2597 caussautes;
1170 2528 1238 2584 ab
1265 2527 1387 2599 ejus
1416 2518 1927 2585 lectioue'aver'tao-

333 2629 438 2676 tur.
468 2619 685 2677 Nullum
714 2620 944 2693 denique
974 2613 1114 2678 inter
1137 2613 1348 2679 veteres
1374 2618 1715 2677 Christianos
1734 2608 1930 2678 aucto-

308 2728 449 2769 srem
478 2713 732 2769 ostendas
755 2724 773 2782 ε
800 2714 884 2768 cui
905 2706 1229 2771 eruditionis
1267 2725 1324 2770 et
1352 2706 1680 2770 scholiorum
1726 2714 1929 2770 Iumina

303 2807 502 2879 -‘magis
546 2807 881 2863 admovenda
932 2807 1254 2875 videantur,
1306 2808 1466 2878 quam
1500 2798 1865 2873 Tertulliaoo;
1897 2822 1929 2863 a

309 2894 442 2973 'quo
466 2902 764 2959 obscuritas
793 2902 844 2956 iu
874 2902 1105 2958 dicendo
1146 2903 1332 2958 nescio
1387 2912 1564 2958 utrum
1610 2888 1799 2959 evitari
1822 2902 1928 2957 ullo

310 3020 317 3025 ε
334 3005 491 3067 pacto
520 3005 702 3068 posset
731 3013 797 3053 an
827 2997 880 3051 in
907 2995 1448 3078 deliciisbaberetur.
1693 3012 1727 3021 ’λ

2016 1976 2313 2039 τίιίἐίηι,
2361 1975 2650 2044 quominus
2693 1982 2748 2029 et
2793 1987 2921 2028 suos
2966 1972 3493 2043 illi'produecreut,“
3524 1985 3615 2026 cut

2032 2066 2299 2122 Panciroii
2341 2066 2610 2121 studiosos
2648 2065 2714 2120 de
2756 2064 3070 2120 tam'nobili
3114 2063 3339 2119 consilio
3377 2062 3607 2133 dejicere

2011 2158 2219 2215 'debuit
2258 2147 2595 2215 inco’nsultus'
2633 2158 2718 2213 hic
2766 2147 3207 2212 metus?'FaCile
3251 2147 3539 2215 vero'est.
3573 2162 3632 2226 ut

2013 2244 2348 2307 'coeuntib‘us
2392 2250 2444 2313 in
2486 2239 2647 2303 unius
2673 2238 2907 2303 auctoris
2949 2246 3356 2317 explicationem
3390 2244 3632 2315 pluribus

2015 2343 2369 2413 diversisque
2404 2340 2631 2411 ingeniis
2652 2382 2667 2406 ,
2717 2332 2843 2410 ejus”
2879 2342 3031 2393 mens
3076 2332 3138 2392 ac
3165 2337 3369 2407 scripta
3400 2330 3630 2392 clariora

2032 2434 2085 2488 in
2113 2432 2231 2489 dies
2258 2431 2385 2488 ﬁant
2409 2473 2423 2498 ,
2452 2441 2611 2502 atque
2637 2445 2668 2485 a
2695 2429 2936 2486 tenebris
2968 2429 3263 2484 liberentur
3289 2434 3381 2481 aut
3419 2442 3484 2482 ex
3529 2442 3630 2481 an-

2011 2521 2277 2595 'tiquitate
2322 2532 2624 2594 temporum
2648 2562 2662 2585 ,
2702 2530 2797 2577 aut
2842 2535 2908 2577 ex
2951 2520 3205 2576 'iucuria‘
3236 2518 3578 2575 librariorum
3611 2559 3630 2589 ,

2012 2626 2125 2674 'aut
2148 2632 2182 2675 e
2206 2612 2486 2688 scriptoris
2517 2617 2826 2670 austeritate
2874 2611 3239 2667 manantibus.
3289 2610 3420 2679 Quae
3456 2624 3630 2679 quan.

2010 2720 2191 2784 ‘quam
2218 2711 2288 2767 de
2315 2709 2544 2781 singulis
2571 2707 2839 2763 veteribus
2887 2721 3013 2760 vere
3058 2704 3162 2758 dici
3212 2709 3477 2773 possunt,
3528 2702 3629 2755 iui-

2032 2803 2220 2875 primis
2245 2812 2425 2858 tamen
2456 2801 2525 2856 de
2549 2799 2879 2855 Tertulliauo
2909 2805 3034 2850 sunt
3075 2793 3392 2850 altirmanda
3413 2812 3432 2859 ·,
3464 2808 3624 2862 quem

2034 2908 2154 2969 post
2193 2906 2270 2952 tot
2311 2898 2662 2964 interpretum
2707 2904 2879 2947 curas
2907 2888 3169 2945 habemus
3211 2886 3389 2942 adhuc
3437 2884 3632 2942 obscu-

2031 3006 2147 3045 rum
2182 2986 2281 3060 (a).
2312 2986 2516 3041 Eodem
2565 2980 2749 3039 autem'
2787 2992 3059 3052 tempore,
3112 2994 3217 3050 quo
3263 2976 3532 3032 Pamelins
3578 2978 3628 3032 in

2010 3072 2369 3135 i'l‘ertulliano
2397 3073 2722 3148 explicando
2751 3073 3150 3136 exercebatur,
3185 3068 3497 3125 Paucirolus
3528 3081 3627 3120 uo-

302 3104 314 3116 '
402 3089 533 3159 Quae
560 3090 772 3162 quidem
799 3092 1004 3145 'omnia'
1034 3104 1156 3144 cum
1200 3089 1543 3160 digessissem
1591 3103 1688 3158 pro
1726 3086 1929 3143 viribus

332 3182 467 3236 meis
489 3224 506 3250 ,
528 3161 696 3237 subiit
718 3198 825 3237 nou
854 3183 1118 3252 ingratum
1147 3172 1372 3237 eruditis
1401 3182 1633 3235 futurum
1662 3179 1743 3244 ;si
1788 3167 1929 3233 netis
2032 3172 2233 3243 bisque
2253 3167 2687 3240 plenos‘reliquit
2716 3162 3133 3221 commentarios
3181 3164 3235 3218 in
3276 3162 3456 3216 omnia
3488 3161 3630 3216 illius

296 3286 309 3292 ’
342 3275 476 3331 meis
505 3275 623 3331 illas
652 3291 865 3347 quoque
892 3274 1385 3346 subjicergnijquas
1413 3274 1586 3332 Guido
1616 3274 1927 3330 Panciroms
1953 3277 1999 3341 ί]
2032 3265 2230 3333 scripta
2259 3262 2336 3340 ad
2358 3270 2583 3316 mortetn
2615 3274 2783 3330 usque
2813 3259 2964 3347 suam
2994 3257 3261 3325 evulgata.
3293 3254 3500 3347 Horum
3531 3269 3629 3305 auo

322 3354 750 3437 jurisconsultus
773 3367 1097 3439 regiensisin
1127 3366 1374 3421 eumdem
1387 3360 1926 3422 deOrationelibrum

299 3445 743 3529 Tconscripserat.
778 3444 966 3530 quue
995 3459 1248 3515 libentius
1276 3438 1558 3515 consilium
1590 3474 1766 3514 meum
1812 3472 1930 3528 pro-

2031 3447 2173 3507 Mihi'
2192 3444 2385 3505 videre
2403 3442 2800 3504 aedescribere
2828 3443 3077 3517 ccutigit“
3099 3443 3217 3514 ejus
3240 3439 3631 3507 tantummodo

326 3550 510 3606 batum
539 3550 602 3606 iri
624 3529 907 3621 sperabam
934 3550 1123 3622 ,"qund
1152 3532 1634 3628 animadverteram
1661 3550 1928 3619 potiorem
2005 3542 2327 3612 'cxemplar.
2358 3539 2497 3611 quod
2515 3539 2916 3594 accuratissime
2935 3537 3194 3605 scriptum
3227 3534 3277 3586 in
3311 3544 3404 3586 sua
3434 3529 3629 3628 biblio-
3672 3550 3684 3555 ·

2035 3368 2140 3413 tem
2169 3353 2539 3425 autographou
2571 3351 2721 3423 Regii
2760 3345 2947 3422 Lepidi
2999 3350 3050 3404 in
3098 3348 3215 3418 ejus
3259 3347 3430 3419 patria
3482 3346 3628 3400 latet.
3718 3385 3740 3396 -

295 3643 611 3699 ‘clarissimi
643 3643 744 3698 viri
769 3657 951 3698 curam
978 3644 1030 3697 in
1054 3642 1299 3698 obscuris
1338 3626 1646 3698 Tertulliani
1676 3626 1928 3707 sensibus

294 3752 302 3760 '
325 3735 658 3807 exponendis
683 3734 910 3807 positam
937 3776 953 3801 ,
1020 3750 1140 3790 cum
1172 3734 1358 3790 contra
1386 3750 1488 3804 ego
1521 3734 1806 3788 historicas
1832 3748 1927 3804 po-

301 3830 435 3885 stius
462 3845 525 3884 ac
552 3829 791 3884 eruditas
821 3829 987 3884 libelli
1020 3828 1177 3905 hujus
1206 3824 1459 3899 reliquias
1487 3827 1617 3882 mibi
1649 3827 1925 3883 illustrau-

322 3925 425 3976 das
453 3922 872 3992 proposuissem.
910 3921 1206 3976 Dulendum
1257 3929 1433 3976 autem
1465 3930 1547 3976 est
1566 3930 1593 3987 ',
1628 3910 1919 3975 nemiuem

302 4012 503 4067 adhuc
531 4013 582 4066 in
614 4012 757 4067 Italia
790 4012 956 4067 fuisse
986 4052 1001 4075 ,
1030 4014 1119 4081 qui
1150 4012 1216 4067 ad
1250 4022 1450 4066 nostra:
1493 4012 1668 4081 gentis
1695 4010 1923 4082 gloriam

303 4113 557 4160 caeteros
624 4103 883 4159 Pauciroli
934 4106 988 4159 in
1049 4100 1444 4160 Tertullianum
1501 4098 1924 4159 commentarios

298 4194 566 4252 edendos
592 4197 878 4250 curaverit.
911 4196 1012 4252 Vix
1046 4196 1260 4253 brevem
1293 4197 1359 4252 de
1390 4197 1454 4252 iis
1510 4197 1844 4252 mentionem
1876 4195 1921 4249 'a

324 4290 655 4348 Thomasino
685 4291 738 4345 in
768 4290 1032 4346 Panciroli
1068 4289 1184 4345 Vita
1213 4331 1227 4356 ,
1261 4305 1292 4344 a
1342 4289 1595 4360 Dupinio.
1633 4288 1922 4345 Gttillelmo

2230 3596 2407 3687 servat
2438 3631 2499 3685 P'.
2548 3627 2782 3685 Joannes
2810 3596 3061 3695 Baptista'
3091 3624 3384 3678 Cattaneus
3409 3664 3422 3682 .
3456 3596 3631 3676 Fran-

2027 3728 2226 3784 ciscaui
2258 3722 2482 3790 ordiuiS,
2512 3730 2569 3778 nt
2597 3720 2806 3785 vocant,
2836 3721 2904 3775 de
2933 3718 3303 3783 Observantia,
3336 3716 3629 3769 ornamen-

2002 3829 2164 3876 -tum.
2201 3819 2267 3874 Et
2294 3818 2546 3888 quoniam
2580 3812 2736 3883 lt'ujus
2765 3827 2988 3867 munere
3018 3809 3215 3865 factum
3240 3815 3330 3863 est
3353 3847 3367 3870 .
3400 3815 3457 3859 ut
3486 3804 3628 3875 quod
3724 3810 3731 3822 '

2006 3912 2160 3966 -ιιιίΙιί
2193 3911 2419 3965 de‘ms.’
2470 3907 2587 3962 illo'
2616 3920 2780 3976 opere
2835 3904 3050 3973 placet;
3102 3900 3320 3966 haurire
3369 3912 3626 3969 possem,

2033 4006 2120 4060 bic
2148 4004 2429 4073 epistolam
2459 3996 2675 4072 quoque
2704 3997 2835 4052 dare
2864 3996 3027 4050 statui
3055 3994 3245 4048 iisdem
3294 3997 3630 4046 commenta-

1963 4129 1969 4135 -
2006 4092 2124 4155 'riis
2156 4092 2526 4168 praepositam;
2558 4093 2693 4148 inde
2717 4091 2861 4145 enim
2892 4088 3064 4157 palam
3108 4084 3199 4139 lict
3221 4124 3237 4149 ,
3270 4097 3389 4152 qua:
3422 4083 3472 4136 i'o
3503 4080 3633 4134 Ter-

2012 4193 2309 4248 tullianum
2366 4186 2692 4243 Paneirolus
2744 4178 3064 4253 prmstiterit.
3134 4175 3211 4230 Ita
3270 4186 3400 4246 ergo
3448 4172 3634 4230 scribit

2021 4284 2113 4341 ille
2139 4301 2152 4337 :

1145 4472 1304 4582 AD
1358 4497 1362 4501 '
1412 4472 2061 4625 LECTOREM
2160 4476 2807 4633 eANCIRoLI
2887 4573 2892 4581 .

1664 4709 2346 4902 ﬁrmitatis.

1766 5003 2243 5047 ...ωας-.-

404 5168 636 5224 Felicem
668 5168 799 5223 milii
826 5166 1115 5223 adventum
1160 5165 1380 5221 Patavio
1428 5162 1720 5218 Tauriuum
1761 5174 1830 5216 ex
1859 5175 1925 5215 eo
1948 5159 2010 5241 Ι).
2030 5160 2134 5215 lius
2158 5158 2350 5214 Cicero
2378 5172 2406 5212 a
2438 5158 2504 5227 ρ.
2532 5155 2674 5212 Mutii
2703 5153 2945 5241 Scevolaa
2988 5151 3154 5207 latere
3197 5147 3411 5205 doctior
3457 5147 3634 5241 disce-

296 5261 666 5333 'potissimum
697 5260 863 5314 fuisse
911 5260 1186 5323 cxiStimo,
1220 5257 1360 5328 quod
1393 5257 1532 5310 inter
1561 5254 1697 5308 alios
1721 5294 1735 5315 ,
1786 5267 1922 5321 quos

244 5352 249 5359 ’
298 5350 506 5415 ⁴ἱιιιιθιιὶ
533 5351 878 5406 doctissimos
909 5352 1052 5405 viros
1077 5392 1092 5415 .
1136 5348 1394 5417 imprimis
1426 5343 1740 5399 Vincentius
1785 5342 1923 5397 Lau—

301 5432 427 5521 rus
450 5443 842 5517 Monuisregalis
869 5445 1152 5512 episcopus
1172 5448 1234 5517 et
1261 5441 1316 5493 S.
1347 5438 1410 5492 Ι).
1434 5436 1499 5490 Ν.
1526 5435 1763 5505 Gregorii
1802 5432 1921 5489 XIII

300 5533 490 5611 .Pont.
544 5534 684 5589 Max.
716 5536 854 5606 apud
885 5532 1151 5591 Sereuiss.
1208 5522 1612 5586 Emmanucletu
1663 5526 1923 5581 Pbiliber-

327 5611 442 5683 tum
466 5628 750 5684 Sabaudke
778 5628 969 5683 ducem
1000 5625 1219 5681 nuntius
1245 5621 1594 5694 apostolicus,
1652 5633 1717 5674 ac
1742 5617 1921 5674 cardi-

324 5720 469 5776 nalis
488 5721 541 5775 iu
568 5721 712 5776 omni
735 5719 1139 5790 disciplinarum
1169 5729 1364 5788 genere
1391 5720 1637 5769 versatus
1661 5709 1914 5777 occurrit,

324 5812 422 5879 qui
450 5813 576 5868 dum
606 5828 691 5869 me
718 5812 1030 5868 domesticis
1052 5810 1335 5881 colloquiis
1362 5806 1475 5862 suis
1501 5806 1720 5876 dignum
1772 5813 1924 5874 puta-

324 5902 429 5972 vit,
454 5904 693 5985 doctrina
718 5906 996 5965 meliorem
1024 5919 1238 5976 semper
1262 5901 1389 5959 fecit
1409 5915 1425 5973 ;
1449 5905 1502 5959 et
1525 5899 1664 5959 sicut
1694 5896 1763 5956 Μ.
1791 5895 1921 5954 Tul-

2030 5252 2191 5306 tlebat
2221 5250 2294 5321 (in
2328 5249 2516 5315 Laelio,
2546 5249 2651 5303 sive
2679 5248 2742 5300 de
2771 5236 3023 5314 Amicit.),
3057 5244 3123 5298 ita
3151 5257 3251 5312 ego
3281 5256 3347 5296 ex
3376 5240 3634 5295 eruditis-

2026 5342 2179 5397 simis
2189 5341 2527 5396 sermonibus
2544 5341 2656 5394 suis
2674 5355 2778 5393 non
2795 5352 2958 5406 pauca
2974 5335 3300 5391 exhauricus
3318 5331 3637 5401 lowpletior

2005 5426 2163 5487 'abii.
2190 5432 2346 5487 Modo
2372 5432 2514 5484 enim
2538 5446 2622 5484 res
2639 5429 2708 5483 ab
2737 5428 2869 5481 orbe
2895 5427 3109 5481 comlito
3131 5435 3306 5494 gestas
3329 5425 3630 5487 cuarrabat,

2006 5514 2189 5597 :ruodo
2220 5521 2572 5594 philosophia:
2600 5535 2796 5576 arcana
2823 5517 3178 5589 depromebat
3205 5559 3219 5581 ,
3249 5524 3345 5570 aut
3371 5516 3631 5572 obscuros

2087 5716 2171 5779 (a)
2196 5716 2322 5767 Ηὲιιο
2346 5716 2483 5765 novis
2504 5714 2637 5779 item
2652 5714 2927 5779 editoribus
2949 5716 3104 5764 visum
3124 5719 3204 5779 est
3226 5711 3502 5779 lectoribus
3521 5709 3624 5760 fore

2025 5772 2309 5852 ρρὲέι-ειειιιι
2330 5777 2722 5852 aemulentur
2741 5775 2995 5852 θεινίεδίεει-
3020 5789 3097 5852 νγ·
3124 5772 3444 5852 ¹¹³¹ξ⁰ίτίὶ¹ξιεί
3461 5772 3624 5845 "-“ra'

2022 5833 2147 5891 ἰαινῑῖ
2177 5839 2401 5889 selectos
2431 5851 2494 5887 ex
2520 5837 2751 5901 Rigaltio,
2776 5837 3016 5899 Pamelio,
3045 5836 3279 5899 Lacerda,
3306 5833 3623 5899 AlbaSpiueo,

1998 5974 2004 5979 .
2028 5903 2219 5961 Priorio
2242 5909 2383 5957 notas
2404 5900 2729 5965 sobjungere.
