2092 3129
310 176 381 207 ιιι-1

1008 177 1238 209 ΤΕιιΤῦιιιΑΝι

1888 183 1955 214 ΗΒ

311 235 416 271 aliquos
431 237 554 262 auctores
574 233 726 269 explicabat
739 254 747 269 ,
762 231 813 262 ‘vel
835 233 993 263 mendosam
1017 235 1110 264 lectio-
1124 225 1323 268 A‘anctoritate
1333 238 1451 273 experiri
1465 239 1546 269 volui.
1559 238 1651 268 Inveni
1663 244 1752 268 autem
1762 240 1956 270 Tertullianum

312 289 374 309 nem
389 288 422 308 ex
438 280 555 315 probatis
579 280 777 315 exemplaribus
800 281 972 314 emendabat,
1006 282 1049 309 vel
1074 290 1107 310 ex

313 335 362 355 suo
375 327 420 363 pio
435 326 558 354 instituto
571 327 658 361 aliqua
683 334 717 354 ex
741 327 824 355 sacris
837 328 934 356 litteris
949 318 1110 364 interpreta:

312 374 398 402 batur.
415 373 482 401 Cum
495 380 558 401 vero
571 372 727 401 Tertulliani
749 374 856 409 scriptis
871 374 982 402 miriﬁce
996 374 1112 405 delecta-

314 424 356 448 tus
368 419 410 456 (S.
426 419 510 452 Hier.,
525 419 556 446 de
571 419 668 455 Script.
680 419 752 447 eccll.
768 420 795 446 iu
806 419 941 455 Tertull.),
958 428 1018 448 cum
1040 422 1112 449 velut

313 467 382 495 alter
394 465 544 502 Cyprianus
557 465 675 500 quotidie
690 466 717 493 in
743 466 865 494 manibus
890 466 1016 500 haberet,
1032 467 1111 494 valde

313 513 422 541 dolebat
435 533 442 545 ,
455 513 489 539 ita
501 513 642 539 obscurum
655 512 769 539 inveniri
782 532 790 545 ,
806 516 834 539 ut
848 512 938 540 nulltts
948 512 1109 548 quandoque

314 568 349 588 ex
367 560 412 586 illo
427 566 523 586 sensus
537 559 593 585 erui
609 564 709 594 posset.
731 558 784 586 Sed
804 566 865 586 cum
889 558 979 586 multis
999 559 1110 586 obrutus

315 606 430 642 negotiis
441 627 448 639 ,
464 610 524 641 quae
539 605 589 632 sibi
614 605 808 640 Montisregalis
821 605 931 633 antistiti
945 613 979 633 ex
990 606 1047 637 fsua
1072 605 1112 632 di-

316 653 387 680 tione
404 652 579 680 imminebant
590 672 597 684 ,
612 656 638 678 et
655 655 778 686 tanquam
795 651 891 678 summi
913 651 1046 686 pontificis
1070 651 1110 679 le-

314 703 390 734 gato,
403 698 444 726 vel
458 698 542 725 Roma
564 697 723 725 demandata
736 718 742 730 ,
761 697 802 725 vel
823 705 855 724 ex
871 696 1026 732 Subalpinis
1037 717 1044 729 ,
1060 705 1110 724 uu-

315 745 395 780 dique
409 745 571 780 emergentia
585 744 773 776 occurrebant,
788 744 860 771 hunc
873 750 1010 772 auctorem
1020 744 1111 779 expla-

314 792 394 820 nandi
410 793 493 819 otium
509 800 561 819 non
576 791 703 823 haberet,
727 791 842 826 aliquem
860 791 941 818 alium
962 792 1109 827 qumrebat,

314 840 358 874 qui
376 842 448 866 tanto
463 839 537 865 oneri
559 837 698 865 subeundo
724 842 814 872 posset
834 837 969 865 sufﬁcere.
996 837 1111 865 Videbat

317 886 350 912 ad
363 885 498 912 hominem
510 884 636 911 omnibus
649 883 797 918 disciplinis
810 883 952 917 imbutum,
967 891 1000 911 ac
1013 884 1110 919 lingua:

1162 290 1211 311 suo
1223 283 1294 319 ston
1306 305 1313 318 ,
1330 288 1359 312 ut
1372 289 1398 312 et
1411 284 1568 314 Lactantius
1589 285 1739 313 Firmianus
1751 308 1758 320 ,
1773 291 1801 313 et
1815 287 1846 314 D.
1862 287 1957 316 Hiero-

1163 338 1260 366 nymus
1273 330 1391 358 indicant
1404 331 1488 368 (Lact.
1502 331 1598 365 Firm.,
1612 331 1671 359 Div.
1684 332 1750 360 Inst.
1764 332 1782 359 ι.
1795 332 1827 366 ν,
1839 341 1862 360 c.
1879 333 1892 360 1
1904 342 1911 366 ;
1927 334 1957 361 8.

1165 376 1238 405 Hier.
1261 386 1301 413 ep.
1330 378 1365 406 15
1398 378 1433 404 ad
1464 377 1601 414 Paulin.).
1628 378 1772 406 obscurum
1788 400 1796 412 ,
1825 379 1891 406 dum
1914 384 1960 407 aut

1163 423 1263 451 omissa
1292 423 1373 451 verba
1397 423 1454 451 vult
1485 423 1645 455 subaudiri,
1676 424 1717 451 vel
1747 424 1836 452 minus
1860 425 1960 452 usitata

1163 473 1289 502 usurpat,
1304 473 1331 497 et
1344 477 1439 497 novam
1455 470 1535 497 etiam
1559 469 1676 505 phrasim
1698 470 1749 497 sibi
1771 470 1877 498 format.
1900 471 1961 506 Ego

1163 520 1193 542 ut
1216 515 1337 551 legentes
1356 515 1544 548 sublevarem,
1569 515 1663 544 horum
1686 516 1819 550 propriqu
1839 516 1962 544 indicem

1163 562 1301 596 composui
1316 582 1324 595 ,
1341 566 1369 588 ut
1384 562 1409 588 iu
1426 570 1479 596 quo
1493 569 1575 589 sensu
1586 562 1718 589 dictiones
1730 583 1738 594 ,
1753 567 1796 589 attt
1809 563 1891 590 verba
1909 570 1963 589 ac-

1163 608 1258 643 cipiat.
1273 608 1368 643 euique
1380 612 1515 644 appareat.
1532 607 1600 636 Cum
1624 616 1687 635 vero
1714 609 1840 643 majorem
1862 609 1965 644 depra-

1163 654 1217 681 vati
1231 653 1337 681 codices
1358 654 1542 682 difﬁcultatem
1558 654 1671 682 afferant
1682 676 1690 688 ,
1706 655 1780 690 plura
1795 655 1940 683 ornendavi
1956 677 1963 688 ,

1165 700 1212 727 sed
1225 707 1258 726 ex
1273 699 1315 727 his
1328 704 1429 727 tantum
1443 721 1450 733 ,
1466 708 1524 734 qum
1539 700 1608 727 idem
1622 705 1716 727 auctor
1724 692 1796 736 smpe
1808 702 1906 736 repetit
1919 702 1965 729 vel

1166 745 1197 772 D.
1212 745 1391 781 llieronymus
1410 746 1508 781 aliique
1530 750 1590 782 post
1606 754 1668 774 eum
1692 747 1815 774 recitant.
1839 747 1879 774 Ex
1902 755 1964 775 meo

1165 798 1230 818 vero
1243 792 1330 826 Capite
1342 796 1440 826 przeler
1453 792 1569 819 litteram
1583 813 1590 825 ,
1605 797 1651 819 aut
1663 793 1793 828 syllabam
1810 793 1876 820 nihil
1900 802 1962 821 tnu-

1165 842 1223 865 tare
1245 845 1305 864 sum
1328 845 1432 871 ausus,
1459 839 1596 873 maluique
1616 840 1756 874 ambiguos
1779 847 1962 874 permanere,

1165 890 1244 918 qualn
1259 883 1340 910 falsos
1353 889 1398 910 aut
1413 889 1558 912 extraneos
1579 893 1674 912 sensus
1696 885 1826 912 inducere
1837 906 1844 918 ,
1869 890 1898 913 et
1911 887 1964 913 ali-

315 939 420 967 gratcax,
431 930 658 965 historiarumque
672 930 866 964 peritiSSimum
881 931 1112 964 interpretandum
1128 938 1151 968 Β
1167 929 1228 964 qttid
1244 930 1332 964 potius
1344 930 1491 958 desiderari
1514 939 1593 966 quam
1607 932 1751 966 corrumpi.
1776 932 1847 959 Nihil
1873 937 1965 960 tamen

316 985 384 1013 Opus
398 984 457 1004 esse
472 976 548 1009 viro,
564 977 608 1011 qui
633 977 746 1010 plttritttu
762 984 867 1009 rerum,
883 981 909 1003 et
924 976 1056 1011 imprimis
1067 977 1112 1011 ju-

315 1025 351 1051 ris
366 1024 453 1050 civilis
468 1023 589 1050 nolitiam
611 1022 739 1055 haberet,
761 1030 822 1050 cutn
838 1022 1018 1050 Tertullianus
1042 1024 1110 1057 ipse,

316 1074 343 1096 ut
357 1069 450 1096 scribit.
467 1068 598 1096 Eusebius
615 1068 683 1096 Hist.
700 1069 780 1101 eccl.,
798 1068 844 1096 lib.
859 1068 880 1100 Ι,
897 1076 955 1104 eap.
971 1069 1013 1102 2.,
1027 1069 1113 1103 juris—

315 1115 452 1142 consultus
475 1114 588 1148 plurima
609 1122 642 1141 ex
663 1114 723 1148 jure
749 1114 819 1141 civili
835 1113 991 1149 deprompta
1014 1114 1113 1149 passim

315 1161 423 1195 scriptis
437 1161 547 1188 inserat.
563 1160 617 1187 Sed
632 1160 681 1187 etsi
695 1160 739 1187 alii
763 1159 888 1187 doctores
904 1167 956 1187 non
977 1160 1089 1192 deerant
1104 1181 1111 1193 ,

315 1208 360 1243 qui
375 1207 400 1234 id
425 1208 546 1234 exactius
574 1211 701 1241 praestare
725 1206 895 1240 potuissent,
924 1206 998 1241 plura
1023 1211 1113 1235 tamen

316 1254 365 1281 sibi
379 1254 412 1281 de
436 1261 479 1281 me
491 1274 497 1285 ,
514 1260 594 1288 quam
620 1253 691 1280 ferre
713 1260 819 1287 possem
832 1273 839 1285 ,
856 1252 991 1286 pollicitus
1003 1252 1036 1280 ad
1064 1253 1114 1280 hoc

316 1309 412 1328 muntts
434 1306 525 1336 aptum
548 1308 607 1328 esse
626 1300 801 1327 existimavit.
824 1300 891 1327 Dum
913 1300 984 1327 enim
1006 1307 1049 1327 me
1069 1300 1113 1327 ditt

316 1348 434 1379 Patavii,
450 1352 477 1374 et
498 1347 598 1381 aliquot
623 1345 700 1372 annis
724 1346 901 1372 Taurinorum
923 1346 1050 1380 Augustae
1071 1345 1114 1380 jus

315 1394 394 1421 civile
408 1393 555 1428 professum
572 1400 631 1419 esse
646 1392 850 1424 animadvertit,
874 1400 906 1419 ac
928 1392 1046 1419 nondum
1069 1392 1112 1419 in-

315 1440 386 1474 genii
402 1440 453 1466 tnei
472 1439 627 1466 tenuitatem
643 1446 809 1472 agnoscens,
826 1439 932 1473 publico
948 1438 1090 1473 profitendi
1103 1459 1111 1472 ,

316 1486 492 1517 tttarbitror,
515 1485 578 1511 Inibi
601 1492 714 1512 munere
733 1483 894 1511 dematidato
913 1484 1042 1519 deceptus
1054 1506 1061 1517 ,
1081 1485 1114 1512 ad

317 1538 418 1560 tantum
434 1539 501 1559 onus
516 1532 682 1559 subeundum
707 1531 832 1559 idoneum
851 1531 997 1566 judicavit,
1022 1537 1049 1558 ut
1069 1532 1114 1566 qui

287 1578 291 1581 ’
318 1587 370 1606 non
387 1578 467 1606 modo
489 1582 613 1613 tanquam
632 1578 702 1613 juris
720 1578 869 1617 interpres,
889 1578 961 1605 hunc
978 1578 1114 1612 juriseou-

317 1625 414 1652 sultutn
431 1645 439 1657 ,
466 1625 514 1652 sed
542 1625 622 1652 etiam
651 1624 726 1659 plura
747 1624 805 1658 ejus
829 1624 984 1651 obscuriora
1007 1631 1114 1659 possem
1128 1634 1151 1665 ο

318 1672 498 1706 interpretari.

354 1718 428 1745 lianc
449 1718 538 1753 itaque
562 1717 727 1752 provinciam
755 1717 821 1744 mihi
846 1717 933 1753 primo
954 1717 1069 1750 obtulit,
1090 1722 1118 1746 et

319 1765 402 1792 semel
429 1765 579 1799 iterumque
599 1764 734 1792 recusanti
759 1764 854 1791 institit
877 1764 1006 1798 demum,
1021 1769 1048 1791 et
1069 1771 1117 1798 pro

319 1817 366 1837 sua
382 1810 542 1837 auctoritate
555 1810 725 1844 impetravit,
742 1815 769 1836 ιιι
789 1810 913 1837 mandata
938 1811 1114 1845 susciperem.

320 1855 469 1882 Cerncbam
494 1856 601 1890 quidem
626 1856 708 1882 multa
732 1855 798 1882 Inibi
824 1856 955 1883 tenuioris
988 1856 1119 1884 doctrina:

321 1900 424 1928 homini
439 1900 471 1927 ad
488 1905 590 1927 tantum
604 1905 739 1927 auctorem
755 1901 952 1935 explanandum
963 1901 1058 1929 deesse
1071 1923 1078 1935 ,
1092 1906 1119 1930 et

322 1947 485 1974 mediocrem
501 1946 587 1981 legum
603 1946 782 1980 cognitionem
798 1946 832 1973 ad
849 1946 923 1981 plura
934 1967 942 1979 ,
955 1954 1015 1981 qua:
1029 1954 1061 1974 cx
1077 1955 1119 1975 re-

322 1992 437 2020 conditis
451 1992 570 2019 historiis
582 2013 589 2025 ,
605 1991 771 2026 philosophia
790 2012 797 2024 ,
823 1992 953 2020 medicina
980 2001 1011 2020 ac
1035 1993 1121 2021 sacri:

321 2039 418 2067 litteris
441 2039 557 2073 accipit,
583 2038 750 2073 explananda
772 2046 825 2065 non
847 2037 992 2072 sufﬁcere;
1019 2047 1070 2067 nec
1093 2039 1121 2067 id

322 2088 430 2119 tempus
445 2084 566 2119 pluribus
582 2083 630 2111 fori
651 2084 764 2118 negotiis
779 2084 907 2119 implicito
923 2085 1094 2119 pertnittebat
1110 2093 1117 2112 :

321 2130 370 2158 sed
396 2131 468 2166 quod
494 2138 538 2159 me
563 2138 614 2158 nou
640 2138 719 2166 posse
745 2130 867 2158 dicebam
892 2131 936 2159 ille
965 2131 1036 2159 nolle
1060 2139 1119 2160 cre—

321 2177 415 2204 debat;

385 2236 447 2265 Quid
456 2236 583 2261 lacerent?
594 2243 677 2268 neqtte
689 2237 791 2261 servitio
802 2242 842 2260 me
856 2237 928 2261 exire
941 2235 1041 2268 licebat,

382 2267 435 2292 Nec
447 2271 494 2292 tam
508 2267 645 2299 prteseutes
657 2268 693 2293 fas
705 2275 751 2292 non
765 2274 916 2298 cognoscere
934 2267 1011 2292 divos.

833 2309 925 2343 (Virg,
938 2309 990 2334 Ecl.
1006 2309 1039 2341 l.)

323 2362 362 2390 llli
379 2363 467 2398 itaque
485 2364 612 2392 resistere
627 2372 682 2391 non
698 2364 792 2397 licuit,
809 2364 981 2399 parendoque
994 2363 1075 2391 malui
1088 2362 1124 2391 ab

322 2408 368 2436 illo
384 2409 520 2444 ingenium
541 2418 629 2437 meum
645 2431 652 2444 ,
668 2418 747 2444 quam
771 2410 934 2436 voluntatem
961 2409 1044 2444 quaeri
1060 2429 1067 2442 ,
1083 2413 1112 2436 et

322 2456 530 2485 imbecillitatem
542 2466 621 2493 quam
637 2457 833 2485 contumaciam
849 2456 1022 2492 reprehendi.

362 2503 465 2531 Collum
492 2505 571 2539 igitur
599 2504 663 2539 jugo
690 2503 807 2538 subjeei,
834 2508 862 2530 et
885 2503 955 2538 quod
980 2509 1029 2529 nec
1054 2508 1122 2529 mem

322 2554 392 2580 vires
407 2551 585 2587 patiebantur,
603 2557 652 2577 nec
668 2556 771 2584 tempus
785 2549 926 2576 commode
938 2547 1120 2583 permittebat,

323 2598 469 2628 subsceivis
491 2597 565 2624 boris
588 2604 667 2631 agere
691 2596 769 2631 coepi.
795 2596 847 2623 Sed
870 2595 933 2623 dum
957 2595 993 2622 illi
1019 2602 1121 2622 morem

321 2653 406 2681 gero,
423 2651 518 2671 vereor
544 2650 578 2670 ue
602 2642 666 2669 mihi
682 2641 805 2675 eveniat,
821 2641 892 2677 quod
915 2641 1009 2675 Sergio
1031 2640 1122 2668 Galba!

323 2691 434 2726 conligit
446 2711 454 2724 ,
469 2690 513 2724 qui
530 2691 649 2724 privatus
664 2689 777 2723 imperio
802 2688 896 2723 dignus
911 2692 951 2715 cst
965 2687 1098 2722 judicatus
1114 2707 1121 2719 ,

324 2737 450 2771 princeps
465 2743 529 2762 vero
544 2735 629 2762 factus
643 2734 676 2761 ad
692 2734 756 2761 illud
772 2734 879 2768 ineptus
893 2735 1015 2768 apparuit
1027 2732 1121 2769 (Tacit.

322 2783 366 2810 lib.
395 2783 425 2815 I,
455 2782 538 2814 llist.,
569 2790 614 2808 seu
645 2781 739 2808 Annal.
767 2780 906 2816 LXVII).
934 2781 989 2815 Ego
1015 2787 1122 2814 quoqtte

323 2829 415 2855 dubito
427 2849 435 2861 ,
449 2832 478 2854 ut
492 2827 536 2862 qui
551 2832 642 2855 tacens
666 2827 702 2854 illi
729 2826 828 2862 aliquid
845 2827 913 2853 scire
940 2826 1065 2857 videbar,
1081 2826 1122 2853 io-

323 2880 408 2907 qnens
440 2873 640 2900 indoctissimus
671 2873 796 2900 omnibus
830 2872 951 2907 delegor.
986 2871 1121 2906 Quidquid

324 2920 413 2945 tamen
429 2916 544 2944 futurum
561 2918 595 2944 sit
609 2938 615 2951 ,
626 2917 699 2952 iusta
715 2917 846 2953 capiendo
861 2938 868 2951 ,
884 2917 947 2953 quid
960 2917 1060 2952 possim
1072 2924 1121 2945 sua

1122 2302 1124 2304 ν
1134 2291 1160 2321 D

1166 977 1293 1004 intactum
1320 977 1416 1010 omisi,
1432 984 1462 1004 ac
1476 978 1502 1005 in
1527 978 1630 1013 magnis
1651 978 1860 1006 obscuritatibus
1881 980 1966 1007 satius

1166 1029 1225 1049 esse
1237 1022 1300 1049 dum
1315 1043 1323 1054 ,
1338 1022 1472 1057 ingenium
1486 1030 1575 1050 meum
1593 1023 1737 1058 periclitari
1752 1045 1759 1057 ,
1775 1032 1856 1059 quam
1871 1025 1968 1053 conf-1'

1166 1074 1210 1095 Sos
1225 1066 1337 1095 lectores
1350 1067 1458 1095 dimitti.
1475 1068 1507 1096 Et
1528 1069 1596 1096 sicut
1612 1069 1777 1105 Protogenes
1790 1091 1796 1103 ,
1811 1078 1966 1106 quanquam

1166 1114 1289 1149 egregius
1303 1114 1391 1148 pictor
1405 1135 1412 1147 ,
1428 1121 1489 1141 ettm
1509 1108 1660 1143 anhelantis
1672 1115 1733 1150 equi
1748 1123 1875 1150 spumam
1887 1138 1895 1150 ,
1909 1125 1965 1144 rem

1168 1163 1258 1186 tamen
1271 1159 1357 1186 levem
1371 1156 1524 1194 exprimere
1536 1168 1590 1188 non
1605 1166 1694 1196 pOsset
1706 1182 1713 1194 ,
1730 1161 1887 1196 indignatus
1902 1164 1963 1195 arti,

1167 1206 1277 1240 spongia
1302 1206 1427 1233 omnibus
1450 1206 1587 1234 coloribus
1609 1207 1748 1241 impacta,
1773 1212 1801 1235 et
1822 1209 1966 1236 animantis

1167 1252 1245 1281 labiis
1274 1253 1398 1285 admota,
1422 1261 1485 1280 casu
1507 1253 1578 1288 quod
1601 1254 1712 1289 optabat
1731 1254 1843 1289 perfecit
1857 1258 1867 1289 ί
1882 1254 1965 1288 Ριιηη

1171 1301 1191 1326 ι.
1207 1299 1347 1332 XXXV,c.
1365 1299 1408 1333 10)
1422 1308 1429 1326 :
1444 1300 1482 1327 sic
1492 1300 1560 1334 ipse,
1576 1300 1638 1328 dum
1653 1305 1769 1327 mentem
1785 1300 1902 1335 pluribus
1921 1302 1966 1328 in-

1166 1346 1262 1379 volvo,
1278 1347 1365 1380 aliquo
1385 1350 1482 1375 conatu
1502 1346 1611 1374 evenire
1633 1354 1712 1381 posse
1732 1347 1833 1381 putari,
1857 1352 1885 1373 ut
1907 1347 1964 1374 ali-

1166 1400 1245 1427 quem
1273 1391 1341 1419 forle
1365 1392 1483 1419 auctoris
1504 1399 1613 1419 sensum
1638 1400 1792 1427 asscquerer
1810 1411 1816 1417 .
1840 1392 1915 1426 quod
1937 1397 1966 1419 et

1167 1431 1237 1473 apud
1254 1438 1427 1473 philosophos
1442 1440 1575 1465 Averroes
1588 1438 1615 1465 iu
1641 1438 1811 1465 Aristotelem
1822 1459 1829 1469 ,
1840 1442 1869 1464 et
1894 1438 1963 1472 apud

1168 1489 1274 1510 nostros
1289 1483 1406 1518 Angelus
1420 1483 1539 1511 Ubaldtts
1554 1483 1580 1511 in
1597 1484 1710 1518 novellis
1720 1483 1961 1511 Constitutionibus

1167 1528 1484 1563 Justinianiexplicandis
1510 1529 1580 1556 tnale
1596 1529 1621 1558 in
1643 1529 1720 1556 aliam
1745 1529 1864 1564 linguam
1881 1530 1963 1556 versis

1167 1575 1289 1602 elfecisse
1310 1579 1463 1602 censentur.
1485 1574 1616 1602 Historias
1633 1582 1738 1610 qttoque
1764 1583 1859 1602 omnes
1877 1596 1885 1608 ,
1902 1582 1963 1610 quas

1167 1622 1273 1656 attingit
1287 1621 1374 1655 potius
1388 1629 1467 1655 quam
1480 1626 1588 1654 narrat,
1605 1621 1650 1648 ubi
1665 1629 1733 1656 opus
1747 1621 1806 1654 fttit,
1823 1629 1856 1649 ex
1870 1622 1964 1656 proba-

1169 1668 1202 1695 tis
1217 1667 1372 1695 auctoribus
1384 1667 1507 1694 enarravi
1520 1688 1527 1700 ,
1537 1675 1576 1694 .ne
1590 1667 1785 1696 cui_dubitaudi
1813 1669 1963 1703 scrupulum

1171 1713 1362 1748 relinquerem.
1379 1713 1407 1740 In
1422 1713 1518 1748 quibus
1541 1713 1610 1740 liber
1634 1713 1665 1740 de
1680 1713 1783 1740 Corona
1803 1713 1912 1746 militis,
1933 1713 1963 1740 ad

1171 1758 1197 1786 Μ
1201 1758 1348 1794 artyres,de
1362 1757 1438 1785 Cultu
1453 1759 1624 1793 munitorum,
1635 1759 1666 1785 de
1679 1758 1846 1794 Spectaculis,
1860 1765 1889 1787 et
1900 1760 1965 1795 Apo-

1170 1805 1293 1840 logclicus
1305 1826 1311 1838 ,
1327 1805 1374 1831 sed
1387 1804 1518 1839 imprimis
1534 1805 1690 1840 opusculum
1701 1806 1733 1831 de
1748 1804 1834 1837 Pallio
1848 1814 1903 1832 non
1914 1812 1965 1834 me-

1171 1852 1262 1879 diocre
1276 1851 1342 1879 mihi
1359 1853 1495 1887 negotium
1517 1852 1705 1879 exhibueruut.
1730 1851 1859 1886 Quaedam
1883 1860 1916 1879 ex
1929 1852 1964 1880 his

1171 1898 1254 1933 aliqui
1269 1898 1453 1933 explicarunt;
1466 1897 1514 1925 sed
1528 1897 1590 1933 quid
1604 1898 1652 1930 illi,
1664 1903 1690 1925 et
1704 1898 1762 1933 ipse
1776 1898 1944 1933 przcstiteritn
1954 1918 1961 1930 ,

1172 1943 1286 1972 aliorum
1300 1943 1353 1971 erit
1366 1943 1505 1978 judicium.
1528 1942 1661 1971 Cteterutn
1686 1944 1833 1971 levioribus
1856 1944 1962 1979 quibus-

1172 1997 1286 2024 cumque
1304 2010 1311 2023 ,
1327 1993 1354 2016 et
1370 1990 1401 2016 iis
1416 1997 1475 2024 qua:
1490 1989 1575 2017 facilia
1591 1990 1647 2017 visa
1665 1994 1742 2023 sunt,
1758 1991 1961 2025 prtetcrmissis,

1174 2034 1290 2062 difﬁcilia
1305 2040 1405 2062 tantum
1424 2035 1557 2069 explicui,
1573 2036 1683 2071 ipsaque
1697 2044 1778 2071 opera
1791 2036 1944 2064 Tertulliani
1954 2056 1961 2070 ,

1174 2085 1277 2108 mutato
1290 2081 1373 2116 ipsius
1387 2081 1490 2114 ordine,
1504 2079 1530 2108 in
1545 2086 1598 2109 tres
1612 2086 1701 2117 partes
1713 2082 1859 2117 iugraliam
1872 2082 1963 2110 studio-

1174 2136 1265 2156 sorutn
1280 2136 1327 2164 pro
1343 2129 1461 2156 materia:
1475 2130 1604 2156 varietate
1619 2129 1751 2156 distribui.

1209 2175 1235 2202 Si
1250 2175 1313 2210 quid
1328 2179 1416 2202 autem
1432 2175 1550 2209 legentes
1565 2174 1691 2209 adjuvero
1701 2196 1709 2207 ,
1726 2175 1781 2202 Deo
1795 2177 1914 2202 omnium
1924 2182 1963 2202 ve-

1173 2229 1203 2249 ro
1218 2221 1310 2248 lumini
1333 2226 1486 2255 acceptum;
1517 2221 1538 2248 si
1557 2225 1648 2248 contra
1663 2229 1729 2249 mea:
1748 2221 1848 2254 imbce,
1865 2220 1962 2254 illitati,

1174 2271 1254 2302 atque
1269 2267 1387 2294 facilitati
1402 2266 1472 2293 illius
1484 2286 1491 2299 ,
1505 2266 1550 2301 qui
1567 2266 1665 2293 malum
1682 2267 1858 2302 interpretem
1876 2268 1962 2302 elegit,
2004 2284 2008 2288 -

1175 2313 1321 2348 imputabo.
1344 2312 1466 2347 Magnum
1490 2316 1581 2344 cette,
1606 2317 1633 2339 et
1652 2312 1824 2347 antiquorum
1849 2313 1963 2341 Ecclesia

1175 2359 1272 2386 rituum
1299 2358 1454 2393 magistrum
1480 2358 1513 2385 ab
1534 2358 1821 2393 omnibus-legendum
1836 2365 1965 2387 auctorem

1176 2404 1319 2437 habemus,
1341 2404 1427 2438 quiet
1451 2404 1629 2431 recentiorum
1655 2404 1841 2432 luereticornm
1866 2411 1965 2433 errores

1175 2450 1335 2482 contundit,
1353 2450 1415 2477 dum
1441 2457 1513 2485 saepe
1539 2450 1729 2478 eucharistiam
1755 2458 1849 2478 verum
1877 2458 1968 2487 corpus

1174 2498 1272 2525 Christi
1283 2506 1343 2524 esse
1355 2496 1434 2523 tradit
1445 2496 1489 2531 (de
1502 2504 1555 2531 quo
1567 2501 1658 2524 tamen
1669 2505 1749 2525 nemo
1761 2506 1878 2532 unquam
1891 2504 1970 2534 usque

1174 2544 1205 2571 ad
1222 2544 1411 2577 llercngariuni
1423 2543 1602 2570 tlttbitavitaut
1614 2544 1736 2571 dubitare
1746 2546 1851 2579 potuit),
1866 2553 1972 2572 cxomo-

1175 2590 1285 2624 logesim
1302 2596 1470 2625 peccatorum
1487 2590 1635 2617 faciendam
1652 2597 1742 2618 monet
1756 2613 1762 2624 ,
1779 2599 1827 2626 pro
1841 2591 1973 2619 defunctis

1176 2637 1325 2664 oblationes
1350 2638 1406 2663 ﬁeri
1424 2639 1596 2664 consuevissc
1625 2638 1724 2665 indicat
1739 2659 1745 2669 ,
1761 2646 1880 2666 ιοιιιτιιιιη
1903 2639 1974 2667 sedis

1175 2683 1675 2718 auctoritatampraxdieat,aniinasquc
1699 2683 1888 2711 defunctorum
1915 2686 1975 2720 igne

1175 2731 1281 2765 purgari
1297 2752 1302 2762 ,
1316 2731 1415 2764 jejunia
1429 2751 1435 2763 ,
1451 2730 1556 2764 aliaque
1581 2730 1621 2756 his
1646 2730 1742 2757 similia
1756 2751 1764 2763 ,
1779 2738 1840 2765 qua:
1864 2731 1975 2766 longum

1175 2782 1244 2805 esset
1257 2784 1398 2803 recensere
1412 2777 1579 2810 comprobat.
1596 2775 1647 2803 Sed
1666 2776 1765 2803 insutis
1779 2784 1831 2803 non
1847 2776 1925 2804 facile
1936 2782 1978 2805 est;

1175 2824 1345 2856 rationibus,
1367 2828 1411 2849 ant
1433 2823 1634 2850 auctoritatibus
1662 2822 1834 2857 persuadere.
1850 2823 1906 2851 llas
1927 2823 1981 2859 igi-

1176 2875 1218 2897 tur
1232 2878 1305 2897 meas
1321 2870 1564 2897 lucubratiunculas
1580 2869 1694 2906 benigne
1716 2869 1839 2906 accipies
1857 2873 1886 2898 et
1907 2869 1981 2910 ειτιί

1175 2916 1290 2952 bonique
1304 2916 1435 2946 consules.
1454 2915 1526 2945 Vale.
