4230 6256
279 240 423 304 118¹Ι

1535 230 1739 293 LIBER
1787 224 1875 307 vi:
1912 220 2287 290 ORATIONE.

3438 214 3578 276 “58

278 362 411 418 hinc
440 356 719 417 cmlestem
759 352 902 410 illam
932 353 984 409 in
1013 351 1181 411 Deam
1207 361 1421 415 vocem,
1454 359 1510 407 et
1538 350 1771 407 omcium
1800 350 1875 405 tu-
1905 349 1960 410 Α
1983 347 2175 413 cando,
2207 343 2498 415 operando,
2525 338 2860 398 sustinendo.
2884 336 2974 396 Sic
3016 337 3160 394 enim
3196 336 3315 408 ipse
3341 348 3588 407 pronun-

283 468 422 514 turae
457 452 713 511 claritatis
755 449 1039 504 ediximus.
1096 447 1211 504 Hoc
1245 454 1501 518 quantum
1543 444 1610 500 ad
1657 445 1880 516 gloriam

286 550 405 606 Dei.
452 544 697 615 Alioquin
727 551 983 611 quantum
1015 540 1080 595 ad
1106 548 1342 595 nostram
1394 537 1728 608 petitionem,
1757 551 1883 591 cum

288 642 516 698 dicimus
546 656 559 691 :
591 635 956 703 Sancti/iretur
984 649 1166 688 nomen
1195 641 1339 686 tuum
1368 630 1584 701 (Matth.
1610 670 1627 696 ,
1660 628 1746 695 Vl,
1776 624 1882 699 ’9),

291 735 343 790 id
369 725 1050 806 petimusutsanctiﬂcctur
1078 720 1130 778 in
1158 724 1335 787 nobis,
1364 724 1451 794 qui
1471 722 1522 777 in
1553 722 1646 776 illo
1676 736 1881 777 sumus:

292 825 451 885 simul
481 820 604 877 etin
634 817 871 880 ceteris,
906 830 1040 885 quos
1061 815 1236 870 adhuc
1260 814 1430 885 gratia
1463 814 1557 869 Dei
1584 821 1883 883 exspectat,

295 927 353 973 ut
380 925 432 972 et
481 913 603 969 huic
653 909 735 982 (1)
784 916 1052 979 praecepto
1080 923 1395 978 pareamus,
1429 907 1625 962 orando
1664 924 1756 979 pro
1784 922 1893 961 orn-

296 1011 461 1072 nibus,
491 1008 641 1062 etiam
662 1020 756 1072 pro
784 1002 1004 1056 inimicis
1031 1002 1217 1056 nostris
1247 1000 1485 1071 (Matth,
1511 998 1575 1067 V,
1595 1000 1711 1070 44).
1736 999 1893 1055 Ideo-

297 1118 399 1173 que
426 1110 687 1170 suspensa
724 1093 1092 1169 enuntiatione
1134 1107 1241 1148 non
1271 1090 1514 1149 dicentes
1543 1110 1556 1148 :
1587 1091 1900 1150 Sanetilice-

300 1204 385 1251 tur
414 1191 468 1249 in
496 1190 671 1256 nobis,
697 1189 751 1243 in
773 1185 1026 1243 omnibus
1055 1185 1305 1242 dicimus.

926 1319 1156 1379 CAPUT
1196 1320 1285 1375 ιγ.

374 1440 678 1499 Secundum
704 1441 778 1510 (α)
817 1437 955 1493 hanc
992 1436 1222 1491 formam
1247 1436 1621 1506 subjuugimus
1642 1450 1772 1490 nu
1802 1449 1901 1490 vo-

308 1549 511 1592 LUNTAB
549 1548 655 1590 vos
687 1532 761 1606 (ὁ)
789 1548 840 1586 IN
864 1544 1039 1587 εωιιε
1065 1545 1135 1584 ετ
1162 1544 1215 1583 ιιι
1237 1544 1416 1587 sanna
1437 1569 1452 1595 ,
1482 1543 1588 1583 non
1614 1529 1760 1598 quod
1798 1527 1900 1581 ati-

308 1629 429 1699 quis
447 1627 673 1681 obsistat
690 1625 975 1696 quominus
1001 1622 1250 1699 voluntas
1279 1621 1373 1676 Dei
1404 1620 1517 1684 ﬁat,
1541 1630 1589 1675 et
1609 1619 1657 1675 ei
1689 1634 1901 1675 succes-

309 1735 427 1776 sum
455 1717 739 1774 voluntatis
766 1733 875 1771 sum.
905 1730 1121 1771 oremus
1146 1731 1161 1780 ;
1189 1713 1284 1769 sed
1314 1714 1364 1767 in
1393 1712 1643 1777 omnibus
1669 1713 1902 1781 petimus

1990 440 2138 495 tiavit
2162 480 2176 505 ,
2225 454 2328 492 non
2377 452 2562 502 suam,
2605 434 2694 489 sed
2742 432 2917 497 Patris
2961 436 3130 501 facere
3175 445 3228 485 se
3277 429 3585 484 voluntatem

1990 531 2191 602 (Joan.,
2239 530 2339 596 Vl,
2387 529 2498 599 39).
2527 527 2654 584 Sine
2697 526 2860 582 dubio
2900 540 3019 595 qua:
3048 522 3305 589 faciebat,
3332 537 3395 577 ea
3432 528 3589 577 erant

1988 625 2233 681 voluntas
2254 615 2426 678 Patris
2447 664 2462 690 ,
2491 622 2557 677 ad
2587 637 2709 692 qua:
2739 635 2880 675 nunc
2910 632 3006 673 nos
3034 617 3177 673 velut
3206 614 3284 687 (ἀ)
3306 615 3371 669 ad
3397 628 3585 669 exem-

1993 720 2161 791 plaria
2192 731 2546 788 provocamus
2564 758 2579 781 ,
2611 723 2670 770 ut
2699 713 3072 785 prmdicemus,
3106 717 3162 765 et
3183 722 3470 779 operemur
3496 748 3510 771 ,
3537 714 3594 762 et

1993 812 2355 868 sustineamus
2396 807 2462 863 ad
2503 816 2729 863 mortem
2757 820 2943 876 usque.
2973 803 3102 872 Qum
3134 810 3192 856 ut
3220 800 3441 870 implere
3467 812 3595 870 pos-

1998 905 2187 969 simus,
2215 916 2350 973 opus
2375 910 2458 959 est
2480 902 2571 957 Dei
2600 900 2895 954 voluntate.
2940 896 3019 952 Ita
3060 897 3137 966 (‘5)
3170 894 3444 949 dicentes:
3474 891 3597 945 Fiat

1999 997 2236 1051 voluntas
2269 1005 2389 1059 tua,
2420 994 2506 1049 vel
2537 1008 2602 1049 eo
2632 992 2788 1048 nobis
2819 991 2959 1047 bene
2988 996 3257 1060 optamus,
3291 985 3432 1056 quod
3463 983 3596 1039 nihil

2000 1091 2128 1146 mali
2165 1092 2236 1145 sit
2275 1089 2329 1144 in
2360 1090 2453 1144 Dei
2480 1087 2755 1142 voluntate
2779 1128 2793 1151 ,
2826 1085 2987 1140 etiam
3029 1084 3072 1137 si
3109 1080 3236 1153 quid
3266 1095 3360 1151 pro
3392 1078 3597 1133 meritis

2003 1184 2260 1254 cujusque
2280 1196 2435 1237 secus
2463 1181 2747 1252 irrogatur.
2775 1177 2893 1232 Jam
2923 1176 3024 1231 hoc
3051 1174 3215 1239 dicto,
3247 1172 3312 1226 ad
3338 1171 3601 1227 sulfurea-

2006 1279 2133 1331 tiam
2190 1274 2550 1345 nosmetipsos
2606 1284 3020 1344 prtemoncmus.
3079 1267 3335 1321 Dominus
3388 1277 3605 1334 quoque

2004 1387 2125 1426 cum
2175 1372 2275 1426 sub
2310 1349 2637 1425 instantiam
2695 1366 2773 1439 (4)
2831 1366 3095 1437 passionis
3128 1364 3201 1435 (e)
3234 1362 3603 1416 inﬁrmitatem

2003 1464 2180 1519 carnis
2207 1464 2578 1519 demonstrare
2602 1462 2711 1531 jam
2739 1462 2791 1515 in
2815 1477 2907 1515 sua
2934 1476 3094 1515 carne
3116 1457 3394 1521 Voluisset,
3422 1456 3601 1523 Pater,

2005 1554 2198 1626 inquit,
2222 1559 2446 1625 transfer
2474 1552 2710 1625 poculum
2734 1552 2872 1606 istud
2903 1549 3079 1622 (Lua,
3102 1546 3273 1622 “XXII,
3300 1546 3413 1619 42).
3439 1546 3506 1601 Ει
3528 1559 3607 1601 re-

2005 1648 2256 1702 cordatus
2282 1645 2346 1718 (f)
2368 1688 2381 1710 ,
2415 1647 2513 1700 nisi
2541 1645 2675 1715 quod
2703 1642 2782 1717 (g)
2824 1658 3074 1697 mea_non
3096 1683 3111 1707 ,
3142 1642 3230 1695 sed
3257 1650 3347 1694 tua
3387 1640 3478 1709 ﬁat
3521 1653 3609 1692 vo-

2009 1738 2194 1793 luntas.
2224 1737 2342 1808 Ipse
2368 1746 2487 1793 erat
2520 1737 2603 1808 (It)
2636 1736 2904 1800 voluntas,
2930 1745 2983 1789 et
3023 1743 3260 1804 potestas
3312 1732 3522 1796 Patris;
3553 1739 3608 1787 et

312 1814 431 1868 ﬁeri
453 1813 777 1867 voluntatem
800 1809 1022 1881 ejus.Ex
1052 1808 1494 1878 interpretatione
1517 1808 1590 1876 (ε)
1607 1807 1753 1862 enim
1780 1807 1906 1878 ligu-

312 1916 425 1960 rata
450 1906 628 1960 carnis
649 1913 703 1958 et
724 1905 966 1973 spiritus,
988 1916 1087 1957 nos
1106 1900 1189 1974 (2)
1242 1917 1427 1957 sumus
1452 1902 1649 1958 ecelum
1669 1910 1723 1958 et
1741 1911 1903 1958 terra.

312 1996 630 2066 Quanquam
674 1997 775 2050 etsi
812 1994 1129 2064 simpliciter
1167 1993 1572 2065 intelligendum
1606 2003 1726 2059 est,
1763 1993 1905 2049 idem

314 2099 491 2142 tamen
518 2097 600 2142 est
634 2102 826 2142 sensus
858 2087 1150 2156 petitionis,
1180 2097 1241 2142 ut
1278 2089 1330 2143 in
1365 2089 1520 2143 nobis
1544 2090 1636 2142 tiat
1659 2089 1908 2146 voluntas

313 2178 406 2233 Dei
438 2179 488 2231 in
519 2178 711 2244 terris,
736 2186 794 2231 ut
817 2177 985 2246 possit
1011 2178 1215 2233 scilicet
1248 2179 1364 2233 lieri
1400 2188 1453 2233 et
1480 2179 1531 2233 in
1572 2180 1745 2235 cmlis.
1771 2179 1908 2249 Quid

314 2280 494 2324 autem
547 2269 689 2324 Deus
734 2268 868 2334 vult,
915 2284 1072 2339 quam
1130 2269 1385 2325 incedere
1460 2286 1560 2325 nos
1609 2271 1908 2326 secundum

316 2378 467 2419 suam
498 2362 871 2432 disciplinam?
899 2362 1139 2417 Petimus
1164 2378 1310 2433 ergo,
1342 2364 1717 2431 substantiam,
1751 2374 1803 2418 et
1831 2364 1913 2419 fa-

318 2455 571 2511 cultatem
616 2455 906 2509 voluntatis
942 2470 1054 2510 suae
1091 2455 1461 2511 subministret
1488 2455 1669 2524 nobis,
1700 2465 1758 2511 ut
1783 2452 1916 2513 salvi

318 2550 488 2605 simus
506 2559 562 2604 et
590 2549 643 2603 in
663 2548 837 2615 cmlis,
868 2556 921 2603 et
942 2549 992 2603 in
1017 2548 1176 2604 terris
1199 2563 1215 2614 ;
1244 2549 1367 2620 quia
1389 2564 1599 2606 surnma
1625 2560 1707 2607 est
1729 2552 1918 2607 volun-

2012 1838 2187 1885 tameu
2218 1828 2284 1884 ad
2313 1828 2829 1883 demonstrationem
2876 1825 3200 1882 sull‘erentiaa
3231 1823 3431 1880 debitae
3452 1864 3468 1893 ,
3510 1838 3607 1880 vo-

2009 1923 2199 1978 luntati
2224 1939 2283 1979 se
2315 1924 2489 1978 Patris
2522 1921 2760 1977 tradidit.
2838 1958 2860 1988 ά

2648 2056 2877 2115 CAPUT
2914 2057 2981 2113 V.

2084 2180 2293 2236 νείκη-ι’
2332 2191 2545 2249 quoque
2572 2191 2786 2232 necnon
2811 2189 2957 2229 roou
2977 2216 2992 2239 ,
3024 2170 3093 2227 ad
3124 2170 3175 2226 id
3206 2169 3436 2241 pertinet
3463 2166 3606 2240 quod

2015 2282 2071 2329 et
2098 2270 2181 2343 (5)
2216 2271 2335 2325 Fiat
2366 2271 2597 2325 voluntas
2644 2282 2733 2325 tua
2754 2311 2768 2335 ,
2804 2269 2856 2322 in
2885 2268 3038 2323 nobis
3067 2266 3290 2321 scilicet.
3317 2264 3446 2319 Nam
3479 2263 3616 2319 Deus

2019 2365 2233 2437 quando
2261 2380 2367 2418 non
2393 2362 2621 2434 regnat?
2663 2363 2716 2415 in
2760 2362 2910 2427 cujus
2956 2377 3109 2414 manu
3149 2375 3235 2414 eor
3279 2358 3508 2411 omnium
3538 2373 3621 2411 re-

2020 2476 2139 2531 gum
2160 2468 2233 2513 est
2260 2457 2465 2530 (Prov.,
2495 2454 2634 2524 XXI,
2664 2456 2738 2527 1).
2765 2455 2869 2513 Sed
2893 2454 3142 2526 quicquid
3172 2451 3326 2509 nobis
3349 2460 3619 2524 optamus,

2022 2553 2077 2607 in
2110 2552 2260 2606 illum
2287 2565 2611 2622 auguramur
2634 2591 2649 2615 ,
2683 2558 2738 2604 et
2764 2547 3187 2618 illi‘deputamus
3210 2589 3224 2611 ,
3254 2545 3397 2616 quod
3424 2545 3492 2600 ab
3524 2544 3625 2599 illo

324 2641 445 2695 tatis
472 2640 589 2711 ejus
612 2680 627 2705 ,
658 2639 805 2695 salus
834 2654 1018 2694 eorum
1042 2682 1056 2707 ,
1100 2655 1235 2709 quos
1274 2640 1564 2711 adoptavit.
1598 2641 1693 2698 Est
1732 2650 1788 2698 et
1825 2643 1917 2700 illa
2026 2654 2420 2715 exSpcctamus.
2452 2638 2637 2712 Itaque
2666 2642 2726 2710 (i)
2757 2640 2800 2694 si
2832 2640 2897 2695 ad
2929 2638 3018 2693 Dei
3048 2639 3373 2707 voluntatem
3402 2677 3415 2700 ,
3460 2642 3515 2689 et
3554 2632 3622 2688 ad

323 2733 418 2821 Dei
459 2732 742 2802 voluntas,
784 2747 943 2804 quam
990 2732 1245 2789 Dominus
1280 2731 1676 2789 administravit
1723 2734 1919 2805 praedi-
2025 2748 2263 2795 nostram
2307 2739 2375 2809 ti)
2425 2736 2833 2809 suspensionem
2895 2733 3126 2805 pertinet
3164 2730 3319 2804 i'egni
3368 2724 3628 2787 dominici

1550 2847 1929 2909 ωαντιοΜ
1964 2849 2374 2909 VARIANTES.

1960 2993 2005 3056 Ο
2088 2964 2175 3091 ft)
2209 2962 2327 3014 Cum
2345 2963 2622 3035 Suhetantia
2646 2960 2852 3013 Semler.
2885 3023 2895 3035 .
3231 3021 3241 3032 .
3508 3018 3519 3029 .

2123 3027 2175 3090 5)
2210 3025 2415 3091 seniles.
2440 3038 2567 3091 con].
2594 3026 2723 3091 quod
2742 3033 2845 3091 est,
2868 3027 2965 3087 bat,
2991 3026 3106 3088 etc.;
3125 3019 3633 3087 malttLeop.scnbere

2038 3084 2136 3151 quo
2158 3084 2212 3139 et
2233 3088 2315 3139 ﬁat
2332 3084 2406 3139 vel
2428 3090 2487 3138 ad
2506 3084 2639 3151 quod
2665 3094 2715 3138 et
2737 3084 2840 3147 ﬁat,
2864 3084 2961 3137 etc.

1696 3191 2256 3251 COMMENTA-RlUS.

432 2964 479 3028 1)
510 2962 666 3027 Hujus
686 2963 807 3011 Jun.

432 3028 479 3072 Ξ)
511 3026 815 3072 Non‘Venet.
835 3020 940 3072 Mal

432 2964 479 3028 1)
510 2963 666 3034 ῌιῇυε
686 2963 807 3011 Jun.

405 2963 481 3153 12;
510 3026 815 3076 hou‘Yenet.
835 3020 983 3074 Male.
1005 3081 1016 3093 .

428 3091 458 3138 3
514 3089 639 3140 Item
660 3082 867 3137 Semler.
890 3088 1059 3173 Paris.
1089 3086 1259 3136 Venet.
1285 3086 1428 3150 Leop.

403 3312 561 3394 ΟΜ).
588 3309 761 3394 lV.—-
781 3310 1332 3394 (a)'Secum_lum.Itanc
1348 3312 1584 3394 fortnam.
1604 3310 1665 3394 id
1686 3321 1767 3367 est
1783 3311 1927 3394 ordi:

2028 3321 2206 3385 paulo:
2240 3310 2333 3367 Est
2359 3313 2491 3385 enim
2528 3311 2745 3385 Verbum
2774 3310 2870 3366 Dei
2899 3311 3107 3385 artifeag,
3134 3319 3180 3366 et
3205 3310 3456 3382 efﬁciens,
3489 3318 3634 3385 etest

335 3398 460 3441 nem
518 3384 690 3454 ipsius
740 3381 997 3437 orationis
1051 3382 1354 3437 dominicae.
1391 3381 1460 3437 Et
1490 3382 1742 3438 transfert
1770 3398 1828 3439 se
1857 3383 1926 3439 ad
2026 3381 2136 3453 ipse
2164 3382 2341 3438 Patris
2359 3384 2609 3439 voluntas.
2639 3384 2734 3438 Cui
2767 3381 3034 3454 consentit
3060 3383 3118 3454 S.
3149 3381 3504 3454 Augustinus,
3536 3381 3629 3435 lib.
3660 3408 3667 3415 ~

332 3455 488 3519 illud,
528 3455 733 3526 id_est:
768 3454 1014 3507 Adveniat
1038 3470 1249 3526 regnum
1280 3462 1439 3509 tuum.
1471 3454 1536 3509 G.
1570 3454 1858 3510 PANCIROL.

411 3526 511 3600 (b)
541 3524 683 3600 _Fiat
725 3527 957 3579 voluntas
1004 3524 1111 3580 tua.
1167 3524 1528 3600 Hociterum
1561 3526 1808 3600 Christus
1859 3525 1928 3600 ad

339 3596 521 3668 Deum,
538 3597 748 3651 Patrem
779 3600 878 3652 sub
915 3604 1127 3666 tempus
1171 3596 1437 3667 passionis
1480 3596 1615 3651 dixit
1665 3600 1683 3668 (
1718 3598 1930 3661 ΜαιιΙι..

2032 3454 2150 3520 XV,
2176 3456 2243 3511 de
2267 3456 2442 3519 Trio.,
2471 3471 2589 3525 cap.
2614 3455 2705 3517 20,
2737 3453 2823 3509 ubi
2852 3453 3045 3508 Filium
3074 3453 3174 3525 dici
3199 3459 3274 3508 ait
3299 3453 3638 3525 Voluntatem

2037 3527 2104 3581 de
2134 3525 2436 3581 Volnntate.
2473 3523 2695 3591 ouum»
2722 3567 2735 3582 .
2768 3526 2970 3595 inquit,
2997 3541 3065 3595 ne
3091 3523 3138 3578 Ρ
3141 3526 3283 3578 ilium
3309 3525 3529 3587 consilii,
3564 3523 3642 3578 vel

2037 3596 2309 3651 voluntatis
2334 3596 2430 3651 Dei
2459 3599 2680 3651 dicerent
2710 3594 3020 3666 unigenituilt
3052 3594 3299 3662 Verbum,
3320 3597 3491 3665 ipsum
3515 3611 3642 3648 con-

337 3666 533 3740 ΧΧὟΙ)
566 3684 580 3721 :
609 3673 672 3721 Ei
704 3673 757 3741 ex}
778 3672 975 3724 ἃῦνιιτιιι
999 3675 1136 3741 τοῦτο
1160 3677 1213 3724 τὸ
1235 3684 1479 3741 «eripias,
1494 3679 1596 3724 etc.
1618 3666 1926 3741 ψελλιθτζτωτὲ

2041 3670 2332 3741 δὶιίωηλδεῃ
2363 3667 2682 3741 voluntatem
2730 3666 2898 3720 Patris
2938 3668 3072 3741 idem
3111 3666 3322 3741 Verbum
3359 3681 3466 3720 esse
3494 3666 3640 3741 disco

340 3746 525 3809 θίλημέι
550 3762 651 3793 σου.
692 3740 948 3795 Socrates
988 3740 1176 3793 cicuue
1216 3740 1497 3795 sor-bendo:
1536 3740 1830 3809 proximus,
1874 3744 1940 3795 Et

340 3820 492 3885 τιὺτῃ
513 3816 611 3885 τοῖς
629 3816 934 3885 θεοῖς-*φίλονι
954 3816 1105 3884 nos.)
1126 3816 1336 3885 γιγξσθῳ.
1368 3811 1491 3885 litt}.
1511 3841 1583 3852 --
1606 3809 1725 3865 Fiat
1764 3813 1940 3885 volun:

345 3894 422 3938 tas
449 3881 539 3935 tua
582 3884 633 3936 in
664 3882 801 3937 cwlis
820 3893 882 3941 ,et
918 3883 970 3936 in
1002 3881 1156 3936 terra.
1182 3881 1296 3937 Etsi
1327 3884 1540 3937 codices
1568 3898 1756 3939 omnes
1782 3881 1941 3953 gratci

346 3964 402 4009 et
431 3954 581 4007 latini
611 3953 702 4022 qui
733 3953 894 4008 hodie
925 3961 1168 4021 exstant,
1201 3953 1399 4007 addant
1426 3954 1587 4019 sicut,
1615 3955 1736 4023 quia
1767 3964 1945 4009 tamen

347 4024 401 4078 in
429 4032 683 4078 contextu
712 4023 858 4078 nulla
886 4024 1029 4078 illius
1056 4025 1473 4093 comparationis
1495 4024 1762 4089 explicata
1788 4040 1944 4081 men-

347 4096 444 4160 tio,
469 4094 789 4167 rﬁetinuimus
812 4096 950 4149 hanc
976 4094 1263 4167 lectionem
1298 4114 1309 4148 :
1341 4096 1481 4165 quod
1510 4096 1562 4150 in
1586 4095 1647 4152 Β.
1677 4095 1947 4167 Cypriano

349 4179 457 4221 non
484 4166 707 4221 fecimus
731 4207 746 4231 ,
776 4166 900 4237 quia
955 4166 1173 4221 disertis
1203 4167 1381 4222 verbis
1414 4167 1610 4222 ibidem
1639 4169 1770 4225 illud
1820 4170 1949 4224 sicut

350 4238 601 4305 explicat.
630 4239 764 4291 Plin.

423 4307 500 4381 (c)
545 4305 625 4361 Ea:
667 4308 1084 4381 interpretatione
1126 4307 1261 4362 enim
1301 4308 1557 4381 ﬁgurato.
1584 4306 1777 4365 Nostra
1824 4324 1952 4367 caro

355 4378 1052 4452 terram,_spiritus_cmlum
1079 4394 1187 4448 prae
1213 4394 1271 4434 se
1295 4378 1411 4434 fert.
1447 4378 1505 4435 S.
1530 4380 1832 4452 Cyprianus
1863 4381 1953 4437 ubi

356 4460 514 4517 supra
539 4490 554 4514 ,
585 4449 699 4503 lucc
746 4466 775 4503 a
822 4449 1153 4505 Tertulliano
1192 4461 1479 4517 trunnatus,
1503 4449 1626 4506 ait'é
1660 4452 1798 4505 Nam
1837 4467 1954 4505 cum

359 4492 554 4594 corl'pus’
567 4536 594 4573 e
618 4530 770 4587 terra,
793 4531 838 4573 et
854 4522 1087 4589 spiritum
1100 4494 1505 4591 possideamuge
1524 4522 1672 4588 cwlo,
1696 4522 1793 4594 ipsi
1820 4532 1954 4576 terra
1977 4492 2031 4551 Β

361 4599 405 4644 et
431 4587 897 4665 {mlum_sunrns,‘et
924 4594 977 4645 in
1005 4587 1407 4665 nusquam)“:
1432 4587 1724 4661 corporeet
1745 4594 1950 4665 spiritu,

358 4670 413 4715 ut
436 4659 531 4732 Dei
552 4662 783 4732 voluntas
814 4663 926 4732 ﬁat,
955 4659 1179 4716 oramus.
1208 4662 1272 4718 G.
1305 4659 1592 4720 PANCIRDL.

432 4729 512 4803 (tl)
548 4731 697 4786 Velut
722 4733 790 4786 ad
810 4729 1122 4803 exemplaria
1144 4748 1496 4807 provocamur.
1531 4734 1597 4791 Ut
1622 4736 1739 4807 ejus
1766 4750 1952 4792 exem-

361 4802 531 4874 plum,
563 4814 820 4873 actusque
848 4802 1158 4874 sequaman
1189 4804 1253 4861 G.
1281 4806 1568 4862 PANCIROL.

441 4872 517 4998 (γε)
547 4875 654 4929 Sub
669 4872 965 4930 instantiam
990 4876 1263 4946 passionis.
1291 4878 1605 4949 Cyprianus,
1634 4878 1950 4950 Rogatiano:

491 4955 596 4998 ictu
614 4948 864 4998 missionis
886 4963 1002 4998 cum
1027 4944 1233 4998 alapam
1253 4951 1541 4998 accepisset.
1561 4948 1690 4998 Leo-
1712 4966 1876 4998 serui.
1896 4950 1950 4998 8.

491 4944 596 4999 ictu
614 4948 864 5018 passionis
886 4944 1002 5000 cuni
1021 4944 1233 5018 alapam
1253 4944 1541 5018 accepisset.
1561 4948 1691 5016 Leo,
1712 4944 1876 5005 scrin.
1896 4950 1956 5013 8,

367 5013 435 5093 (_le
464 5013 724 5093 Passioue
768 5019 922 5093 Dom.
959 5034 970 5069 :
1004 5013 1263 5093 Dominus
1306 5013 1527 5093 cautae
1573 5013 1826 5093 passionis
1853 5036 1962 5076 sua!

367 5087 659 5212 {intueretur
706 5090 949 5143 instantia
979 5089 1130 5158 dixit,
1161 5088 1317 5145 Nunc
1347 5087 1604 5162 judicium
1657 5092 1834 5147 mundi
1863 5100 1957 5148 est.

418 5172 487 5212 to.

418 5172 487 5215 ια.

442 5229 534 5305 _(f_)
564 5231 626 5286 Et
654 5232 965 5287 recordatus.
995 5231 1213 5305 §eilicet
1240 5233 1386 5301 ejus,
1418 5233 1559 5305 quod
1586 5233 1877 5302 docuerat,
1909 5239 1966 5290 et

368 5299 618 5374 volebat,
637 5313 694 5357 ut
723 5304 957 5374 Slllllell.
987 5302 1052 5360 G.
1085 5299 1371 5359 PANCII’tOL.

444 5371 525 5446 (g)
557 5371 683 5446 _Nisi
708 5371 862 5446 quod.
898 5374 1296 5430 Verumtamen.
1323 5374 1390 5446 G.
1422 5375 1709 5430 Pancmoru
1862 5432 1869 5439 ,

445 5444 527 5515 (lt)
546 5444 665 5518 Ipse
679 5444 784 5519 erat
806 5446 1037 5519 voluntas
1049 5457 1093 5500 et
1114 5458 1334 5519 potestas
1354 5445 1547 5519 Patris.
1566 5446 1748 5519 Recte,
1769 5454 1822 5501 et
1841 5461 1961 5519 cum

377 5515 639 5589 theologis
668 5516 981 5574 melioribus
1008 5515 1125 5573 tum
1142 5520 1332 5589 graecis
1352 5556 1367 5582 ,
1402 5527 1511 5589 tum
1539 5516 1736 5589 latinis,
1761 5517 1965 5589 quiFi-

376 5583 507 5640 lium
526 5583 869 5660 voluntatem,
892 5604 957 5644 ac
979 5583 1267 5660 potentiam
1290 5588 1461 5644 Patris
1482 5583 1831 5657 appellarunt.
1855 5587 1965 5643 Ma-

377 5668 514 5733 gnus
544 5658 867 5716 Athanasius
897 5662 947 5715 in
978 5658 1113 5716 orat.
1152 5663 1204 5717 5.
1235 5669 1333 5717 εστι
1362 5663 1457 5731 γὰρ
1483 5665 1508 5715 ὁ
1539 5661 1688 5733 Aéryoe
1724 5666 1808 5716 τοῦ
1845 5664 1965 5716 Θεοῦ

379 5732 682 5802 Bursam“,
716 5736 797 5789 κιὶ
834 5740 1101 5802 ποιητικός,
1143 5734 1225 5793 nisi
1265 5735 1405 5795 αὖτὸε
1431 5736 1553 5794 (artu
1596 5736 1626 5795 ἦ
1663 5734 1747 5789 τοῦ
1784 5736 1967 5802 Πατρός

2043 3750 2181 3795 runt.
2211 3739 2318 3795 Sed
2343 3740 2523 3793 melius
2547 3780 2561 3802 ,
2593 3750 2854 3809 quantuni,
2878 3740 3108 3792 evistimo
3125 3780 3141 3803 ,
3169 3738 3352 3791 dicitur
3374 3738 3646 3791 coasilium

2046 3811 2109 3865 de
2131 3812 2364 3872 comitio,
2389 3820 2434 3865 et
2467 3808 2712 3865 Voluntas
2729 3813 2793 3864 de
2819 3808 3104 3863 Votuntate.
3128 3809 3414 3864 Faustinus
3437 3809 3642 3874 itidem,

2047 3882 2099 3936 in
2130 3883 2221 3937 lib.
2241 3894 2424 3952 comm
2450 3883 2685 3942 ariauos,
2707 3897 2829 3949 cap.
2858 3881 2904 3934 l:
2928 3879 3023 3935 l’ie
3042 3897 3158 3952 ergo
3180 3882 3378 3952 dictum;
3391 3890 3482 3945 est,
3509 3880 3647 3946 quod

2051 3952 2223 4007 Filius
2263 3951 2508 4007 Voluntas
2537 3962 2607 4006 est
2638 3953 2833 4007 Patris.
2867 3952 3008 4007 ldetn
3034 3949 3321 4006 senserunt
3344 3949 3606 4020 Origenes
3626 3989 3645 4017 ,

2049 4025 2301 4096 Clemens
2320 4026 2624 4096 etCyrillus
2642 4024 3011 4096 Alexandrini,
3036 4023 3327 4096 Gregorius
3347 4022 3645 4096 Nyssenus,

2053 4095 2413 4162 Hieronymus
2434 4090 2453 4159 ξ
2475 4098 2791 4152 Ambrosius
2811 4136 2827 4161 ,
2861 4095 3057 4149 Marius
3085 4090 3411 4153 Victorinus,
3439 4100 3496 4146 et
3533 4090 3646 4146 alii.

2053 4169 2183 4222 Cum
2208 4179 2464 4237 prmterea
2495 4169 2634 4222 Deus
2655 4168 2829 4220 omnia
2854 4181 2950 4233 per
2969 4164 3163 4219 Filium
3186 4165 3389 4228 iecerit,
3414 4163 3541 4219 hinc
3565 4171 3652 4217 est
3680 4207 3681 4210 η

2053 4238 2193 4309 quod
2222 4239 2390 4295 Filius
2415 4239 2779 4309 potentia,_sen
2796 4247 3057 4309 potestas,
3086 4246 3140 4290 et
3165 4237 3238 4309 vis
3258 4278 3272 4301 ,
3290 4245 3358 4309 et
3384 4238 3560 4309 virtus,
3591 4242 3652 4309 et

2056 4306 2256 4373 manus,
2285 4320 2340 4363 et
2366 4306 2626 4363 tim/num
2657 4306 2831 4377 Patris
2855 4307 3173 4375 appellatur.
3202 4308 3368 4377 Cujus
3395 4308 3469 4362 rei
3502 4306 3652 4367 testi-

2058 4382 2235 4433 monia
2268 4380 2564 4449 producere
2594 4376 2921 4449 superﬂuum
2951 4394 3092 4435 reor.
3121 4376 3335 4433 Moon.

2128 4447 2432 4503 CAP.V.—
2450 4449 2515 4519 (i)
2540 4450 2719 4515 Itaque
2738 4450 2780 4502 si
2807 4452 2872 4501 ad
2889 4448 2986 4503 Dei
3013 4450 3341 4503 voluntatem.
3368 4448 3583 4503 Scilicet
3604 4447 3652 4503 si

2059 4535 2088 4574 a
2115 4518 2205 4575 Dei
2236 4518 2682 4589 arbitrio'peudet
2697 4522 2844 4589 regni
2867 4522 3102 4576 celestis
3123 4521 3403 4584 adventus,
3443 4534 3651 4588 uosque

2058 4591 2187 4645 illud
2211 4593 2368 4646 anxie
2393 4603 2597 4659 optare,
2614 4600 2773 4660 atque
2802 4600 3121 4659 exsucctnre
3152 4595 3202 4646 in
3228 4590 3499 4646 recitanda
3530 4605 3654 4646 ora.

2061 4664 2207 4718 tione
2233 4662 2497 4717 dominica
2524 4663 2857 4731 proﬁtemur,
2886 4679 2982 4716 cur
3002 4662 3217 4733 quidam
3243 4663 3424 4717 saeculi
3445 4660 3656 4716 mundi-

2060 4749 2163 4805 que
2187 4734 2345 4788 tinem
2362 4734 2534 4789 serius
2549 4734 2874 4794 desiderant,
2893 4750 3013 4788 cum
3030 4750 3251 4803 regnum
3272 4734 3385 4796 Dei,
3405 4749 3465 4787 ac
3493 4742 3658 4788 teter-

2026 4806 2391 4869 nattfclicitas,
2409 4820 2566 4873 quam
2591 4805 2726 4858 votis
2748 4806 3140 4876 prosequimur,
3163 4822 3268 4859 non
3288 4807 3656 4860 nisieonsum-

2061 4888 2205 4932 mato
2231 4877 2429 4932 smculo
2459 4885 2514 4931 ct
2545 4876 2744 4930 nmudo
2766 4917 2782 4942 ,
2814 4877 3085 4946 impetrari
3126 4877 3332 4947 possit?
3357 4876 3562 4945 Quibus
3586 4888 3656 4947 ex

2064 4950 2242 5002 verbis
2272 4948 2515 5004 fortassis
2542 4949 2805 5018 intelligas
2829 4991 2844 5016 ,
2874 4944 3015 5019 qimd
3041 4944 3159 5002 aliis
3190 4950 3240 5002 in
3284 4944 3413 5003 locis
3435 4944 3657 5015 apertis-

2065 5022 2199 5074 sime
2250 5020 2609 5074 Tertutlianos
2650 5022 2857 5083 sensit,
2938 5035 3132 5089 nempe
3195 5022 3402 5075 annuas
3447 5020 3656 5088 piorum

2064 5106 2291 5157 corpore
2316 5091 2519 5145 solutas
2545 5106 2572 5143 a
2597 5092 2803 5146 caeli-sti
2824 5091 3121 5147 beatudine
3142 5092 3336 5156 arceri,
3360 5090 3532 5146 donec
3554 5103 3657 5142 no-

2066 5163 2340 5232 vissimum
2357 5162 2615 5232 judicium
2634 5181 2660 5214 ιι
2684 5163 2907 5217 Christo
2923 5166 2972 5216 in
2996 5163 3102 5218 line
3123 5162 3306 5218 mundi
3332 5162 3659 5232 instituatur,

2066 5230 2197 5303 Cum
2246 5230 2378 5288 vero
2418 5234 2468 5286 in
2515 5235 2702 5288 eadem
2731 5234 2983 5303 opinione
3013 5251 3117 5288 non
3152 5235 3301 5301 pauci
3334 5247 3398 5288 ex
3427 5230 3659 5303 antiquis

2070 5300 2315 5359 Patribus
2341 5303 2573 5372 nterim,
2621 5300 2777 5360 illam
2797 5302 3124 5361 Tertulliano
3158 5300 3370 5359 veniam
3416 5300 3655 5359 libentis-

2066 5376 2201 5431 sime
2227 5379 2590 5447 impcrtimur,
2633 5393 2789 5445 quam
2834 5377 3053 5445 reliquis
3095 5391 3431 5448 negaremus,
3466 5376 3664 5448 sinpost

2067 5446 2331 5503 contraria
2352 5448 2697 5505 conciliorum
2725 5448 2939 5502 decreta
2965 5449 3102 5503 idem
3128 5446 3325 5503 sentire
3348 5456 3402 5503 et
3423 5446 3660 5501 scribere

2070 5517 2701 5602 pergerent,cujusmpdi
2732 5529 2853 5572 sunt
2886 5521 3082 5601 nostris
3114 5518 3439 5588 temporibus
3476 5515 3653 5602 ϐιζῳεί

2068 5587 2391 5647 schismatici
2428 5587 2482 5646 in
2525 5590 2712 5646 eadem
2766 5591 3028 5647 sententia
3072 5587 3496 5661 perseverantes.
3537 5587 3656 5641 Μυ-

2069 5675 2194 5716 ΕΔΤ.

2139 5729 2205 5803 (j)
2243 5730 2323 5787 Ad
2360 5741 2584 5789 nostram
2613 5730 3016 5803 suspemiouem.
3043 5730 3178 5801 Quia
3204 5742 3304 5793 nos
3329 5744 3513 5794 sumus
3533 5739 3657 5787 sus.
