4230 6256
315 244 456 306 1161

1612 243 1817 302 LIBER
1848 243 1939 303 DE
1977 242 2349 305 ORATIONE.

3486 257 3631 314 “6‘2

318 370 432 421 tur.
482 361 601 420 Hoc
648 369 722 419 est
750 376 932 435 corpus
973 376 1139 418 meum
1170 358 1193 432 (
1219 358 1376 426 Luc.,
1399 351 1574 453 XXII,
1601 361 1717 435 l9).
1742 363 1920 434 Itaque
1944 365 1999 427 Α
2023 363 2453 420 accommodavit
2496 365 2639 421 illius
2677 365 2895 421 hominis
2917 407 2931 433 ,
2978 366 3063 437 qui
3094 369 3496 440 provenientibus
3545 373 3627 444 (2)

312 455 552 529 petendo
600 458 800 528 panem
817 453 1182 525 quotidianum
1200 493 1217 521 ,
1247 454 1662 525 perpetuitatem
1682 457 1919 525 postula-

314 565 438 605 mus
457 549 510 605 in
524 547 764 616 Christo,
783 556 837 604 et
851 545 1275 603 individuitatem
1288 562 1318 602 a
1338 560 1569 618 corpore
1581 548 1716 619 ejus.
1739 547 1844 605 Sed
1865 558 1920 605 et

318 644 443 714 quia
471 643 759 700 carnaliter
777 641 1077 698 admittitur
1102 642 1202 698 ista
1228 656 1355 711 vox,
1380 657 1488 698 non
1516 643 1632 699 sine
1658 644 1919 716 religione

316 745 500 809 potest
530 734 646 792 ﬁeri
673 742 730 791 et
754 734 1014 806 spiritalis
1041 734 1363 806 disciplinae.
1392 734 1591 792 Panem
1636 736 1778 792 enim
1812 737 1918 808 peti

318 830 575 896 mandat,
616 828 761 902 quod
799 828 972 885 solum
1000 827 1248 885 lidelibus
1274 830 1637 886 necessarium
1664 841 1745 887 est
1773 848 1788 899 ;
1816 846 1920 886 cat-

318 929 426 977 tera
459 922 592 978 enim
626 921 860 976 nationes
885 919 1169 990 requirunt.
1194 918 1269 975 Ita
1296 929 1351 976 et
1374 921 1637 992 exemplis
1666 920 1916 990 inculcat,

318 1022 368 1070 et
402 1011 667 1084 parabolis
716 1010 793 1085 (a)
833 1020 1125 1079 retractat,
1152 1027 1275 1068 cum
1317 1010 1393 1085 (b)
1444 1013 1575 1070 dicit
1607 1034 1620 1069 :
1655 1013 1918 1085 Numquid

314 1122 496 1179 panem
544 1105 670 1175 [iliis
717 1115 864 1177 pater
908 1109 1109 1179 aufert,
1158 1115 1205 1161 et
1242 1106 1454 1162 canibus
1489 1108 1644 1162 tradit
1675 1107 1915 1179 (Mallia,

316 1195 484 1266 XXV,
516 1197 638 1270 26)?
670 1197 799 1253 Item
834 1216 847 1252 :
880 1197 1151 1270 Numquid
1193 1199 1302 1270 filia
1351 1216 1534 1270 panem
1579 1203 1804 1274 poscenti
1831 1202 1914 1258 la-

320 1292 491 1364 pidem
519 1292 676 1347 tradit
717 1291 955 1365 (Matth,
989 1291 1103 1360 VII,
1131 1290 1226 1365 9)?
1252 1292 1498 1350 Ostendit
1526 1296 1691 1363 enim,
1732 1296 1858 1368 quid
1888 1313 1917 1353 a

322 1397 477 1457 patre
506 1384 600 1441 ﬁlii
622 1395 959 1456 exspectent.
982 1386 1088 1443 Sed
1109 1396 1165 1443 et
1188 1386 1260 1459 (c)
1281 1398 1558 1444 nocturnus
1574 1390 1662 1445 ille
1691 1392 1921 1460 pulsator

319 1494 504 1550 panem
524 1477 760 1550 poscebat
794 1478 972 1552 (l.uc.,
1000 1478 1094 1547 XI,
1123 1476 1178 1553 5)
1219 1479 1320 1552 (I).
1343 1479 1533 1537 Merito
1561 1491 1739 1538 autem
1766 1483 1919 1555 adje-

315 1571 390 1629 cit
417 1588 431 1626 :
461 1569 544 1625 Da
569 1572 714 1627 nobis
740 1571 911 1638 hodie,
944 1581 1005 1628 ut
1032 1572 1122 1644 qui
1152 1573 1519 1643 prtemiserat:
1550 1573 1728 1631 Nolite
1742 1576 1922 1633 deera-

310 1661 444 1719 stino
473 1662 697 1737 cogitare
722 1662 847 1737 quid
872 1662 1054 1721 edulis.
1095 1662 1194 1721 Cui
1235 1664 1662 1736 rei,parabolam
1705 1683 1919 1741 quoque

476 1932 712 1985 Pulsabat
730 1931 941 1986 Semler.

398 1935 445 2058 l}
476 1935 712 2008 Pulsabat
730 1935 944 2009 Semler.
1078 1994 1091 2007 .
1140 1996 1151 2008 .
1355 1997 1366 2009 '

368 1939 444 2123 li,
476 1994 1626 2123 asperatam:ﬁrmitatis-at:

391 2062 444 2121 5)
476 2059 531 2110 Si
552 2059 608 2109 in
632 2059 706 2110 eis
726 2064 1035 2124 reputamur.
1059 2061 1181 2112 Jun.
1208 2059 1422 2126 Fraiteq.
1466 2064 1520 2113 Si
1537 2059 1655 2115 'iIlis
1697 2067 1913 2122 Semler.

2025 458 2273 530 fructibus
2302 458 2686 529 ampliationem
2715 460 3010 514 horreorum
3034 502 3049 527 ,
3081 469 3123 514 et
3154 463 3319 534 longa:
3345 464 3630 519 securitatis

2026 551 2195 621 spatia
2223 550 2482 622 cogitavit;
2512 551 2557 606 is
2583 552 2697 623 ipsa
2726 561 2870 606 nocte
2908 550 3122 604 moritur
3143 551 3319 622 (Luc.,
3350 553 3466 624 XII,
3487 555 3624 627 .16).

2036 666 2039 671 ·
2621 642 2849 700 CAPUT
2891 642 2998 699 VII.

2099 737 2448 808 Consequens
2469 735 2548 811 (ά)
2588 746 2724 805 erat,
2771 745 2829 793 ut
2857 737 3137 794 observata
3165 739 3257 795 Dei
3288 740 3626 810 liberalitate,

2025 834 2186 889 etiam
2236 835 2579 891 clementiam
2610 835 2728 907 ejus
2779 850 3152 905 precaremur;
3200 836 3324 907 quid
3354 838 3498 893 enim
3528 839 3630 893 ali-

2022 938 2205 983 menta
2230 928 2542 998 proderunt,
2566 928 2610 983 si
2638 928 2709 982 illi
2740 926 2818 1000 (5)
2845 938 3153 998 reputamur
3180 943 3366 984 revera
3384 931 3534 1000 quasi
3558 930 3633 1003 (ε)

2022 1027 2208 1076 taurus
2236 1021 2302 1076 ad
2347 1022 2652 1078 victimam?
2682 1021 2894 1077 Sciebat
2929 1022 3185 1076 Dominus
3214 1038 3273 1077 sc
3313 1024 3487 1078 solum
3516 1025 3633 1080 sine

2022 1112 2220 1171 delicto
2245 1129 2366 1171 esse
2413 1116 2505 1187 (ι’).
2544 1117 2707 1171 Docet
2738 1116 2912 1184 itaque
2942 1124 3189 1187 petamus
3224 1133 3426 1173 DlIIlTTl
3481 1134 3632 1175 NOBIS

2021 1223 2213 1264 nam“
2237 1222 2464 1264 nosrea.
2490 1207 2898 1278 Exomologesis
2925 1218 3028 1275 est,
3060 1209 3243 1279 petitio
3270 1209 3474 1275 venize;
3504 1212 3630 1283 quia

2021 1302 2111 1372 qui
2142 1301 2524 1372 petitveniam,
2553 1301 2805 1357 delictum
2835 1301 3143 1357 conﬁtetur.
3172 1303 3259 1359 Sic
3286 1313 3338 1358 et
3362 1304 3629 1374 poeniten-

2024 1393 2094 1449 tia
2123 1394 2523 1449 demonstratur
2562 1394 2906 1464 acceptabilis
2937 1394 3046 1449 Deo
3075 1436 3089 1461 ,
3122 1397 3243 1465 quia
3290 1396 3367 1466 (4)
3401 1398 3504 1452 vult
3552 1397 3629 1469 (g)

2028 1503 2160 1554 eam,
2191 1504 2343 1559 quam
2372 1498 2587 1544 mortem
2630 1490 2905 1559 peccatoris
2950 1487 3162 1558 (Ezech.
3206 1489 3448 1555 XXXIII,
3510 1493 3625 1562 Il).

2027 1580 2275 1637 Debitum
2307 1590 2488 1637 autem
2539 1582 2592 1636 in
2622 1580 2914 1650 Scripturis
2956 1581 3136 1637 delicti
3185 1582 3350 1653 ﬁgura
3407 1591 3490 1638 est
3515 1583 3622 1654 (h),

2026 1672 2171 1745 quod
2187 1673 2411 1743 perinde
2430 1673 2634 1744 judicio
2654 1674 2933 1743 debeatur,
2957 1682 3011 1730 et
3052 1674 3116 1729 ab
3145 1691 3203 1730 eo
3250 1676 3500 1748 exigatur,
3536 1693 3628 1733 nec

1526 1799 1819 1860 LECTION
1824 1803 1906 1863 ES
1946 1806 2361 1897 VABIANTES.

1945 1902 1995 1963 B

1615 2014 1757 2077 arum
1775 2002 1914 2077 bene.
2195 2011 2288 2072 Qui
2312 2013 2497 2064 mavult
2517 2010 2705 2077 primus
2728 2017 2773 2062 et
2788 2011 2917 2064 solus
2934 2013 3079 2077 Leop.

1616 2190 2179 2260 COMMENTARIUS.

306 2329 595 2406 admodum
657 2330 1023 2406 Augustinus,
1089 2330 1185 2387 lib.
1234 2328 1507 2406 lQumst.
1566 2347 1761 2406 evang.
1806 2335 1902 2399 43,

307 2402 473 2459 dixit:
508 2401 623 2478 Per
664 2403 772 2459 uini
790 2415 1192 2478 _sacramentum
1243 2402 1561 2478 commendat
1608 2401 1903 2478 sanguinem

306 2492 485 2547 suum.
508 2474 629 2531 th.
668 2471 923 2547 —_Tum
959 2478 1098 2547 quod
1117 2489 1302 2547 corpus
1326 2474 1436 2544 ejus
1476 2474 1530 2527 in
1572 2471 1723 2547 pane:
1747 2477 1904 2544 Quis-

308 2548 431 2616 quis
456 2545 739 2619 diligenter
754 2544 873 2619 htec
894 2544 1059 2603 verba
1090 2544 1395 2619 attenderit,
1414 2544 1686 2619 nunquam
1708 2548 1905 2604 Aucto-

311 2615 425 2673 rem
462 2618 516 2673 in
545 2615 973 2676 adversariorum
1004 2615 1325 2676 sententiam
1353 2615 1631 2676 transiisse
1660 2618 1915 2681 dicturus

310 2698 415 2745 est.
430 2689 715 2747 'I'ril'ariam
735 2691 878 2745 enim
896 2689 1012 2745 haec
1025 2688 1223 2747 Christi
1236 2687 1398 2742 verba
1418 2704 1433 2739 :
1460 2685 1657 2745 Panem
1673 2699 1904 2745 nostrum

311 2770 455 2886 auat.
484 2761 737 2832 explicat.
766 2759 1004 2816 Primum
1030 2761 1100 2818 de
1125 2773 1261 2832 pane
1290 2764 1584 2829 communi,
1613 2761 1807 2817 deinde
1831 2761 1900 2817 de

361 2832 526 2886 hristo
548 2835 640 2886 nui
662 2831 994 2886 credentium
1016 2847 1178 2886 verus
1203 2838 1284 2884 est
1313 2831 1495 2886 nanis:
1521 2843 1791 2886 postremo
1833 2834 1900 2886 de

361 2832 526 2888 hristo
548 2831 640 2904 qui
662 2831 994 2904 credentium
1016 2831 1495 2904 verusgestpanis:
1521 2843 1791 2903 postremo
1833 2834 1900 2904 de

314 2917 542 2974 corpore
559 2898 760 2960 Christi
783 2902 927 2974 quod
969 2914 1053 2959 est
1097 2905 1149 2958 in
1172 2898 1624 2974 Eucharistia'uhi
1660 2903 1900 2974 animad-

314 2973 631 3032 vertendum
657 2985 741 3033 est
768 2973 892 3031 eum
917 2974 1206 3031 discrimen
1245 2973 1573 3030 constituere
1622 2974 1760 3029 inter
1812 2973 1898 3029 Je-

313 3059 456 3118 sum,
475 3055 739 3118 quatenus
767 3044 956 3118 ﬁdeles
979 3055 1034 3118 et
1051 3045 1335 3118 credentes
1362 3046 1549 3118 nutrit,
1560 3054 1629 3118 _et
1648 3043 1899 3118 eumdem

314 3116 700 3185 ipsum’Jesum
719 3120 777 3177 in
799 3117 1135 3190 Eucharistia
1162 3116 1507 3190 existentem,
1532 3116 1665 3171 Nam
1686 3116 1781 3190 ubi
1804 3131 1900 3170 ex-

315 3190 513 3262 posuit,
544 3191 891 3262 quamobrem
919 3187 1075 3244 Jesus
1101 3190 1254 3262 panis
1290 3186 1362 3241 sit
1381 3186 1578 3262 eorum
1611 3187 1700 3257 qui
1728 3188 1899 3262 ipsum

316 3257 638 3317 i-oxrﬁtetitur
664 3271 825 3331 atque
850 3261 906 3316 in
929 3275 1052 3315 eum
1073 3257 1321 3325 credunt,
1349 3257 1514 3331 alium
1533 3273 1720 3331 rursus
1743 3257 1902 3331 all‘ert

317 3330 536 3404 modum
563 3348 671 3404 quo
705 3328 934 3404 ipsemet
960 3330 1206 3404 Christus
1218 3340 1278 3404 _et
1306 3328 1479 3404 panis.
1504 3401 1514 3404 _
1535 3329 1718 3404 Itaque
1766 3330 1901 3404 duos

320 3401 444 3485 illos
469 3399 636 3485 panes
659 3399 1230 3485 dtiplicemqnealendi
1257 3399 1606 3485 modum'hnqc
1633 3399 1760 3485 loco
1798 3400 1904 3485 dis-

319 3471 531 3542 tinguit,
552 3474 694 3542 quod
718 3471 893 3530 facere
919 3471 1049 3528 nihil
1071 3472 1167 3527 fuit
1185 3487 1429 3537 necesse,
1454 3473 1497 3528 si
1522 3472 1765 3527 Christus
1791 3471 1904 3526 sola

322 3544 430 3599 ﬁde
455 3545 509 3599 in
544 3542 883 3602 Eucharistia
910 3546 1157 3610 sumitur,
1183 3543 1629 3613 quemadmodum
1662 3543 1771 3597 sola
1802 3542 1907 3596 lide

322 3616 392 3669 ah
419 3616 501 3671 iis-
527 3618 771 3683 sumitur,
817 3615 908 3685 qui
935 3616 987 3670 in
1014 3630 1138 3670 eum
1165 3617 1388 3684 ejusque
1418 3615 1766 3684 Evangelium
1793 3629 1908 3669 cre-

322 3687 478 3742 dunt.
502 3687 767 3744 Prmterea
797 3688 1033 3759 loquitur
1058 3694 1115 3741 ut
1138 3685 1427 3757 plurimum
1450 3686 1911 3759 verbisjuriscon-

324 3759 583 3814 sultorum
615 3756 1036 3830 propriis,’apud
1066 3756 1201 3830 quos
1227 3767 1456 3812 censetur
1494 3756 1636 3812 idem
1677 3764 1833 3830 sonat
1854 3770 1918 3830 ac

326 3841 421 3885 est.
467 3827 695 3886 Amasti.
717 3827 1002 3899 4—Corpus
1032 3827 1141 3898 ejus
1176 3829 1229 3882 in
1254 3844 1386 3900 pane
1421 3837 1668 3900 censetur.
1700 3827 1820 3898 Ipse
1865 3828 1915 3881 in

325 3903 568 3957 eamdem
593 3898 916 3956 sententiam
937 3900 1170 3969 explicat
1210 3898 1387 3955 locum
1417 3916 1483 3955 ex
1518 3898 1766 3955 Ieremia:
1796 3913 1917 3969 pro-

328 3971 539 4042 phetia,
575 3969 698 4026 Veni
726 3972 984 4042 mittamus
1013 3970 1208 4042 lignum
1236 3970 1500 4042 inpunem
1544 3971 1671 4040 ejus,
1704 3969 1799 4042 lib.
1828 3973 1921 4042 ad-

330 4039 473 4098 vers.
512 4041 658 4106 Jud.,
703 4050 759 4098 et
784 4042 877 4097 lib.
912 4041 981 4097 lll
1017 4039 1230 4097 advers.
1258 4039 1606 4104 marcionem.
1631 4053 1686 4097 et
1714 4041 1803 4096 lib.
1829 4039 1919 4095 IV.

327 4112 417 4169 Sic
431 4114 591 4169 etiam
616 4113 827 4185 Iibr._de
848 4113 1041 4170 Resnr.
1065 4113 1263 4179 carnis,
1286 4128 1405 4185 pag.
1430 4112 1536 4169 385
1557 4110 1715 4185 :Caro
1736 4128 1922 4183 corpo-

332 4201 386 4239 re
399 4196 445 4240 el
468 4186 713 4257 sanguine
724 4183 913 4257 Christi
927 4185 1159 4249 vescitur,
1175 4194 1231 4239 ut
1251 4183 1304 4239 et
1320 4183 1493 4257 anima
1509 4185 1571 4239 de
1590 4184 1696 4257 Deo
1709 4186 1896 4257 sagine
1914 4220 1926 4232 .

334 4264 435 4312 tur.
458 4253 687 4312 Amissa.
710 4284 782 4297 —
808 4254 874 4311 In
900 4272 1032 4329 pane
1057 4264 1304 4311 censetur.
1330 4254 1585 4310 IIabetur.
1613 4253 1680 4311 G.
1704 4253 1924 4310 Panem.

406 4350 486 4423 (a)
547 4349 820 4407 Parabolis
898 4360 1156 4405 retractat.
1233 4348 1451 4404 Tractat
1485 4356 1602 4423 _et_
1627 4346 1931 4402 conﬁrmat.

1474 4417 1543 4475 G.
1570 4417 1791 4473 Peneia.

1384 4489 1525 4559 ﬁliis,
1545 4496 1651 4544 etc.
1686 4487 1933 4559 Intelligit

338 4558 483 4636 quod
504 4565 715 4636 legitur
742 4566 794 4620 in
812 4558 1045 4620 Matthaii
1096 4558 1216 4633 ca'p.
1244 4560 1362 4636 XV,
1386 4558 1442 4617 et
1473 4560 1635 4636 Marci
1670 4575 1790 4629 cap.
1816 4558 1926 4626 Vll,

335 4631 847 4763 Euandoﬁananma
875 4638 1097 4718 rogabat
1126 4631 1408 4714 Dominum
1437 4641 1495 4686 ut
1526 4631 1690 4686 ﬁliam
1717 4646 1868 4686 suam
1898 4644 1931 4684 a

376 4707 675 4763 aamonibus
717 4708 1127 4763 hberaret.mse
1149 4703 1457 4763 resnondtt:
1498 4700 1621 4757 Non
1646 4712 1719 4757 est
1746 4703 1930 4755 bonum

376 4707 675 4763 :emonibus
717 4700 988 4773 liberaret,
1010 4706 1127 4777 ipse
1149 4703 1457 4777 respondit:
1492 4700 1621 4777 Non
1646 4712 1719 4757 est
1739 4703 1930 4777 honuni

407 4492 489 4565 (Il)
520 4493 647 4549 Cum
685 4493 840 4549 dicit:
862 4492 1128 4564 Numquid
1156 4507 1339 4565 ponent

339 4794 537 4833 sumere
551 4795 733 4851 panem
755 4779 1000 4851 ﬁliorum,
1025 4773 1069 4833 et
1086 4778 1209 4851 dare
1229 4773 1459 4839 canibus,
1490 4774 1543 4830 id
1571 4773 1928 4851 est‘ethnicis,

336 4851 429 4905 ubi
475 4846 826 4920 in'parabtila
877 4850 1357 4920 intelligitcerpus
1404 4861 1559 4902 suum
1588 4846 1692 4920 sub
1705 4846 1933 4920 nomine

342 4922 517 4994 panis,
540 4918 596 4976 et
617 4936 782 4976 canes
811 4920 1092 4994 ethnicos._
1109 4919 1475 4975 'I‘crtullianus
1502 4932 1631 4994 vero
1661 4918 1750 4972 illa
1771 4919 1932 4994 verba

341 4988 676 5062 aliquantum
704 5001 891 5057 mutat,
920 4991 1016 5046 sed
1046 4990 1185 5046 idem
1217 5001 1301 5047 est
1325 5003 1534 5062 sensus.
1564 4988 1660 5043 llis
1685 4988 1936 5062 omnibus

343 5059 459 5134 vult
476 5066 726 5134 probare,
748 5078 940 5132 panem
957 5076 1051 5131 pro
1071 5077 1301 5132 corpore
1325 5059 1526 5134 Christi
1554 5061 1745 5134 accipi.
1766 5059 1933 5114 PANC.

422 5131 496 5207 (ο)
526 5133 633 5190 Sed
662 5144 708 5187 et
736 5144 1010 5207 nocturnus
1046 5134 1136 5188 ille
1159 5131 1406 5207 pulsator.
1431 5131 1530 5207 Qui
1579 5132 1730 5201 petiit
1772 5145 1938 5207 panes

345 5204 415 5261 ab
433 5200 619 5261 'ainico
645 5204 821 5260 media
849 5215 1028 5271 nocte,
1050 5214 1105 5260 et
1127 5200 1223 5261 e'os
1246 5204 1450 5259 habuit.
1472 5200 1654 5269 (Luca:
1675 5217 1794 5272 cap.
1823 5200 1939 5272 XI).

1092 5302 1093 5305 η
1377 5273 1443 5331 G.
1476 5274 1761 5328 Panemoc.

1092 5302 1093 5305 ‘
1377 5288 1443 5328 li.
1476 5288 1761 5328 PANCIBOL.

419 5345 726 5421 I'JAP._VII2
755 5378 827 5421 -τ
857 5346 940 5421 (d)
980 5346 1298 5421 Consequens
1347 5354 1479 5401 erat.
1534 5343 1683 5399 Nunc
1729 5344 1947 5421 exponit

348 5417 456 5474 alia
483 5418 647 5485 verba
674 5418 744 5474 Et
764 5415 961 5474 dimitte
979 5418 1123 5474 nobis
1142 5415 1309 5472 debita
1324 5426 1519 5482 nostra,
1566 5423 1845 5484 postquam
1870 5415 1950 5470 di—

349 5492 431 5545 xit
458 5490 527 5546 de
544 5489 982 5555 liberalitateDei,
1013 5492 1103 5561 qui
1128 5505 1230 5546 nos
1254 5489 1370 5544 alit.
1389 5486 1456 5544 G.
1480 5488 1770 5543 Pancmou.

425 5582 504 5653 (e)
533 5580 692 5648 Quasi
731 5592 927 5638 taurus.
951 5582 1051 5650 Qui
1075 5581 1367 5653 saginatur,
1397 5589 1453 5634 ut
1479 5580 1773 5653 OCCItIilllll‘.
1803 5576 1947 5631 Idem

351 5648 496 5710 esset
522 5658 592 5709 de
609 5653 785 5717 nobis,
800 5656 900 5709 nisi
919 5648 1112 5709 delicta
1135 5648 1557 5707 remitterentur.
1573 5648 1634 5705 G.
1656 5650 1947 5704 Puerum.

427 5725 492 5795 (f)
526 5724 729 5780 Sciebat
752 5724 1003 5780 Dominus
1049 5740 1111 5795 se
1151 5723 1335 5778 solum.
1389 5721 1530 5777 Sane
1577 5721 1951 5795 intelligendus

353 5792 533 5867 Iocus,
568 5798 727 5855 sicuti
772 5809 819 5856 et
851 5796 1056 5852 similes
1096 5793 1388 5865 Scriptura:
1416 5808 1582 5851 sacrae
1607 5793 1728 5862 loci,
1756 5792 1829 5849 uti
1857 5794 1956 5851 ali-

882 5891 1319 5956 Teuruuasm
1373 5886 1429 5954 Ι.

2006 2339 2136 2396 cubi
2198 2339 2476 2396 annotavit
2521 2339 2579 2395 S.
2614 2338 2965 2409 Augustinus,
3020 2352 3086 2394 ne
3111 2340 3426 2397 excludatur
3470 2342 3627 2400 beata

2007 2412 2182 2495 virgo.
2213 2412 2459 2537 Dgipara,
2513 2425 2671 2481 quam
2693 2412 2811 2467 sine
2854 2409 3002 2467 omni
3051 2410 3249 2467 delicto
3288 2414 3488 2470 vixisse
3537 2416 3626 2472 ille

2007 2492 2229 2537 asserit.
2300 2498 2392 2537 All.

2007 2492 2229 2539 asserit.
2256 2492 2392 2538 I’All.

2083 2574 2170 2652 (ες)Δ
2205 2575 2305 2652 Qui
2341 2575 3142 2652 _uult__eam_.Subaudimnqis;_
3185 2586 3247 2652 et
3287 2588 3370 2633 est
3410 2579 3626 2652 elegans

2008 2646 2230 2703 Ioc'utio.
2248 2648 2441 2702 Dehoc
2464 2647 2744 2710 Ezechiel,
2759 2662 2878 2718 cap.
2897 2647 3087 2702 XXIII.
3103 2648 3169 2704 (ἰ.
3217 2646 3509 2706 ΡΑΝοιιιοιξ

2076 2740 2160 2811 (Ιι)
2202 2739 2439 2813 Debitum
2488 2751 2679 2796 autem.
2708 2740 2911 2797 Nomen
2954 2741 3119 2797 debiti
3149 2744 3413 2813 signiﬁcat
3441 2745 3603 2801 delic-

2006 2818 2142 2884 tum,
2171 2822 2226 2884 et
2253 2820 2337 2866 est
2364 2811 2481 2884 eius
2523 2821 2731 2884 typu_s,_
2761 2827 2854 2866 seu
2902 2813 3089 2884 ﬁgura,
3143 2811 3214 2868 et'
3251 2815 3598 2884 signiﬁcatio.

2005 2882 2126 2952 quia
2149 2883 2289 2936 sicut
2312 2883 2543 2951 exigitur
2568 2884 2617 2935 in
2641 2882 2845 2951 judicio
2870 2899 2897 2937 a
2929 2882 3198 2949 debitore,
3226 2882 3327 2939 nisi
3357 2888 3599 2944 remitta-

2004 2961 2092 3007 tur
2120 2952 2392 3017 delictum,
2424 2952 2493 3006 ita
2513 2961 2565 3006 et
2588 2952 2864 3008 delictum.
2896 2953 3060 3009 Pana.
3081 2986 3152 2996 —
3176 2956 3409 3011 Debitum
3430 2968 3600 3015 autem

2005 3023 2060 3095 in
2090 3021 2366 3095 Scripturis
2393 3023 2561 3076 delicti
2603 3023 2770 3095 ﬁgura
2794 3034 2887 3079 est.
2913 3024 3064 3093 Quod
3095 3028 3347 3083 observat
3388 3030 3603 3087 Tertul-

2006 3093 2558 3169 lianus,'debitum__in
2608 3094 2921 3169 Scripturis,
2954 3096 3135 3152 delicti
3188 3098 3409 3168 ﬁguram
3455 3118 3599 3169 esse,

2006 3164 2367 3241 quiaperinde
2388 3164 2590 3241 judicio
2619 3165 2900 3241 debeatur,
2936 3177 2991 3221 et
3016 3169 3179 3241 abeo
3202 3164 3462 3241 exigatur,
3504 3164 3605 3229 nec

2007 3235 2197 3292 evadat
2240 3235 2497 3305 justitiam
2548 3237 2872 3302 exactionis,
2925 3239 3027 3292 nisi
3080 3235 3315 3295 donetur
3358 3244 3606 3298 exactio:

2006 3317 2424 3378 consentaneum
2448 3306 2657 3362 videtur
2681 3308 2742 3362 iis
2768 3323 2886 3378 qua:
2904 3309 3065 3363 tradit
3083 3312 3417 3375 Aristoteles,
3452 3314 3611 3369 Ethi-

2008 3393 2122 3434 cor.
2154 3377 2242 3445 V.,
2270 3386 2638 3433 contractuum
2663 3377 2798 3433 alios
2820 3394 2941 3434 esse
2970 3381 3319 3448 voluntarios,
3364 3384 3498 3439 alios
3525 3386 3610 3440 in-

2009 3450 2358 3505 voluntarios.
2387 3448 2487 3517 Qui
2528 3464 2642 3504 rem
2668 3451 2898 3520 aliquam
2935 3452 3138 3516 vendit,
3181 3454 3449 3510 contrahit
3485 3469 3610 3513 cum

2012 3529 2293 3592 emptore,
2349 3528 2665 3590 teneturque
2705 3522 3006 3577 actionibus
3052 3523 3218 3592 empti
3260 3533 3313 3579 et
3361 3526 3604 3592 venditi,

2015 3591 2767 3666 voluntariocontractu._Qui
2788 3593 2989 3647 crimen
3037 3591 3257 3665 aliquod
3297 3591 3611 3666 committit,

2017 3662 2287 3735 contrahit
2315 3678 2436 3735 cum
2468 3662 2605 3735 lege,
2641 3663 2711 3717 ita
2744 3671 2800 3718 ut
2834 3678 3030 3734 peiore,
3072 3662 3231 3735 quam
3261 3666 3348 3720 lex
3396 3662 3614 3725 crimini

2017 3733 2170 3798 dixit,
2202 3734 2294 3788 ﬁat
2319 3733 2601 3799 obnoxius,
2633 3734 2795 3789 etiam
2839 3733 3031 3790 nolens
3060 3733 3115 3791 et
3152 3737 3369 3791 invitus.
3401 3737 3490 3794 Sic
3514 3740 3613 3796 de-

2020 3805 2222 3877 bitores
2252 3820 2439 3877 sumus
2465 3805 2596 3869 Deo,
2628 3806 2719 3875 qui
2745 3805 2956 3861 delictis
2977 3807 3305 3877 qnotidianis
3330 3808 3423 3862 Dei
3454 3826 3616 3866 man-

2021 3876 2143 3948 data
2174 3875 2498 3948 spernimus,
2530 3891 2701 3946 eoque
2731 3879 2952 3932 nomine
2995 3875 3260 3934 debemus
3290 3894 3475 3948 poenas
3506 3900 3618 3941 non

2023 3946 2169 4002 leves
2198 3962 2337 4011 ;nec
2367 3946 2627 4002 habemus
2656 3949 2800 4003 unde
2848 3949 3125 4005 immensae
3154 3959 3208 4005 et
3252 3946 3474 4007 inﬁnitae
3505 3970 3619 4009 ma-

2020 4018 2201 4090 jestati
2227 4017 2538 4094 sntislacere
2565 4019 2849 4094 possimus,
2880 4021 2969 4089 qui
2991 4036 3089 4089 per
3115 4036 3211 4075 nos
3240 4022 3435 4075 nullius
3460 4028 3621 4094 pretii

2030 4104 2236 4145 sumus.
2260 4089 2402 4144 Deus
2432 4090 2592 4159 igitur
2616 4089 2850 4144 creditor
2874 4100 3057 4145 noster
3087 4099 3231 4144 tanta
3250 4106 3350 4145 nos
3378 4089 3625 4160 quamvis

2033 4162 2418 4234 immerentes,
2444 4160 2797 4234 beneﬁcentia
2849 4160 3206 4234 p_rosequitu_r,
3255 4170 3310 4234 ut
3339 4178 3445 4230 quo
3466 4176 3624 4234 pacto

2035 4232 2248 4287 liberari
2282 4231 2557 4301 possimus,
2573 4229 2813 4285 edoceat.
2853 4229 3128 4301 Remittite,
3154 4229 3414 4301 inquit,el
3451 4229 3626 4293 remit-

2036 4313 2168 4378 tctur
2192 4303 2348 4378 vobis.
2382 4301 2518 4378 Erga
2548 4300 2818 4378 Imminem
2838 4300 3100 4369 delinquit
3127 4300 3323 4378 homo?
3370 4307 3626 4378 quicquid

2038 4372 2344 4449 intercedit,
2373 4372 2558 4449 utique
2586 4370 2876 4423 humanum
2895 4379 2995 4449 est,
3026 4374 3341 4449 quantulum
3380 4370 3625 4449 estquod

2040 4441 2631 4521 debeturbquantuluin
2682 4450 2765 4521 est
2810 4442 2950 4521 quod
2999 4444 3324 4521 remittitur?
3377 4447 3446 4501 At
3480 4441 3628 4521 erga
3718 4484 3729 4491 ι

1956 4525 2011 4591 1)
2045 4513 2208 4591 Deum
2239 4511 2715 4591 delinquitltomo?
2736 4514 2851 4591 jatn
2877 4513 3000 4591 hinc
3026 4514 3239 4591 debitor:
3267 4515 3447 4584 homo,
3477 4511 3626 4578 illinc

2036 4583 2271 4639 creditor
2323 4594 2378 4638 et
2397 4584 2591 4656 vindex
2625 4584 2782 4639 Deus.
2813 4584 3044 4639 Omnino
3076 4593 3181 4639 tam
3229 4588 3400 4656 impar
3445 4602 3624 4647 certa-

2035 4670 2180 4733 men,
2205 4654 2649 4733 qtlam‘disparata
2677 4664 2799 4709 sunt
2828 4658 2895 4710 ab
2937 4657 3184 4710 humanis
3215 4654 3413 4733 divina.
3444 4659 3627 4733 Itaque

2037 4728 2307 4799 hominem
2335 4725 2475 4799 licus
2503 4725 2692 4799 induit,
2714 4735 2770 4781 ut
2801 4736 2980 4799 nostra
3006 4742 3126 4799 cum
3155 4729 3266 4783 suis
3294 4725 3625 4799 cempenéet.

2037 4796 2247 4871 Nostris
2269 4797 2476 4868 legibus
2513 4797 2788 4871 nobiscum
2817 4798 2953 4871 agit:
2987 4798 3237 4871 delegari,
3274 4799 3373 4871 sibi
3406 4796 3627 4871 patitur.

2040 4869 2315 4924 Dehitores
2339 4880 2465 4923 sunt
2484 4868 2676 4936 nostri,
2701 4869 2789 4939 qui
2810 4868 2967 4923 nobis
2985 4869 3205 4939 injurias
3229 4868 3478 4929 intulere.
3522 4876 3631 4933 De-

2040 4940 2290 5010 legamns
2328 4939 2600 4994 debitores
2651 4950 2865 4995 nostros
2921 4940 3067 5010 Deo,
3129 4941 3339 5008 quoties
3394 4944 3631 5003 debitam

2039 5008 2194 5066 nobis
2219 5009 2540 5066 oII‘ensarum
2566 5011 2781 5066 nomine
2807 5008 3230 5066 SilllsfaClIOIlelll
3255 5014 3483 5071 debitori
3506 5034 3633 5074 nos-

2042 5091 2126 5137 tro
2148 5084 2226 5136 sic
2250 5081 2509 5136 donamus
2528 5123 2543 5149 ,
2575 5091 2632 5136 ut
2662 5083 2830 5152 ipsam
2859 5082 2933 5136 illi
2963 5097 2991 5135 a
3043 5083 3151 5137 Deo
3181 5084 3471 5142 condonari
3498 5090 3635 5145 veli-

2044 5153 2364 5227 nnist'l‘unc
2408 5153 2544 5207 litin
2589 5153 2742 5209 caelis
2771 5153 3129 5227 acceptilatio,
3164 5171 3256 5222 per
3294 5171 3454 5227 quam
3481 5161 3638 5217 vicis-

2044 5226 2145 5296 sim
2185 5225 2324 5279 Deus
2358 5233 2541 5278 nostra
2567 5239 2695 5295 erga
2722 5239 2781 5279 se
2806 5224 2985 5280 debita
3012 5228 3288 5296 expungit.
3311 5224 3513 5294 'Qnare,
3544 5233 3637 5290 ille

2047 5295 2210 5369 ditior
2235 5296 2617 5369 etlocupletior
2644 5306 2726 5369 est
2743 5311 2866 5369 erga
2894 5297 3063 5369 Deum
3082 5295 3311 5369 debitor,
3335 5299 3426 5368 qui
3460 5303 3637 5369 plures

2051 5366 2272 5445 injurias
2300 5367 2539 5445 pertulit,
2570 5368 2771 5422 etenim
2797 5367 2997 5445 plures
3023 5367 3181 5445 habet
3205 5366 3641 5445 quiis—delegare

2051 5449 2214 5509 queat
2236 5438 2508 5493 debitores
2534 5453 2661 5492 suos
2685 5437 2935 5493 creditori
2968 5439 3095 5493 Deo.
3118 5438 3254 5506 Quid
3277 5440 3321 5493 si
3344 5437 3642 5503 debito'rem

2053 5525 2160 5564 non
2187 5510 2510 5564 habeamus?
2539 5509 2720 5563 Placet
2754 5509 3069 5579 reSponsio,
3116 5524 3275 5579 quam
3308 5512 3357 5565 in
3386 5515 3545 5570 scidis
3572 5519 3640 5573 ad

2053 5582 2405 5651 Augustinum
2436 5581 2545 5634 suis
2576 5579 2690 5634 Nic.
2726 5578 2897 5635 Faber
2924 5578 3232 5635 notaverat:
3278 5582 3389 5636 Etsi
3436 5599 3644 5643 scruta-

2055 5652 2423 5726 toricordium
2458 5652 2565 5705 Dco
2591 5652 2839 5726 voluntas
2853 5651 2929 5726 ad
2960 5653 3328 5726 remissionem
3382 5670 3644 5726 propensa

2057 5722 2306 5784 sufﬁciat,
2332 5731 2532 5792 quanto
2563 5733 2741 5777 tamen
2771 5721 2936 5796 ditior
2960 5722 3048 5778 ille
3077 5733 3159 5777 est
3187 5721 3414 5796 debitor,
3445 5721 3645 5796 quamn

2058 5797 2317 5863 securior,
2369 5795 2461 5865 qui
2514 5807 2622 5850 non
2651 5795 2824 5851 solum
2857 5794 3128 5849 voluntate
3154 5794 3474 5855 creditorem
3506 5800 3647 5860 lihe-

2961 5886 3431 5969 (Trente—sept.)
