2092 3129
286 130 356 158 H67

1001 126 1228 156 TERTULLIANI

1865 125 1938 153 “68

286 187 332 221 IV,
348 186 411 223 26),
423 191 451 215 ut
464 185 610 222 Apostolus
622 185 758 213 admonet.
771 184 855 219 Quam
869 189 958 213 autem
967 188 1084 213 temera-
1098 185 1124 215 A
1138 184 1186 217 tis,
1209 184 1304 220 spiritu
1327 190 1390 212 vero
1413 183 1539 212 sordente
1563 182 1712 211 orationem
1735 183 1828 212 obire?
1841 182 1937 219 'quan-

287 235 358 261 riunt
376 238 435 266 est,
455 237 501 260 aut
521 232 592 260 diem
615 232 673 259 sine
694 231 816 260 oratione
838 232 1000 267 transigere,
1020 231 1084 260 dum

288 288 380 309 cessas
397 280 472 307 fratri
485 278 658 313 satisfacere,
673 283 719 306 aut
732 278 882 307 orationem
896 283 1085 314 perseverante

289 327 425 356 iracundia
441 326 566 362 perdere.

568 372 681 401 CAPUT
700 372 747 400 XII
759 372 810 409 (a).

324 430 379 458 Nec
392 429 426 457 ab
439 430 477 457 ira
492 429 528 465 (b)
547 429 726 463 solummodo,
744 429 790 457 sed
807 429 881 457 omni
896 429 1007 457 omnino
1019 437 1086 457 con-

286 477 393 505 fusione
405 477 440 512 (c)
454 477 535 504 animi
549 476 631 504 libera
648 476 729 504 debet
742 484 801 504 esse
817 477 948 504 orationis
962 477 1085 510 intentio,

288 523 324 551 de
341 523 384 550 tali
394 522 433 559 (τι)
444 523 539 558 spiritu
554 522 663 556 emissa,
678 523 765 558 qualis
778 527 818 551 est
832 523 952 558 spiritus,
964 523 996 550 ad
1008 530 1087 557 quem

288 570 411 598 mittitur.
425 568 516 604 Neque
529 568 600 597 enim
615 568 722 604 agnosci
739 568 836 604 poterit
851 576 866 595 a
878 568 977 604 Spiritu
988 569 1088 596 Sancto

289 616 399 651 spiritus
417 615 569 650 inquinatus
584 623 591 647 ;
608 619 652 641 aut
669 614 753 642 tristis
769 622 782 640 a
797 614 869 647 lzeto,
884 619 930 642 aut
943 614 1087 649 impeditus

289 669 305 689 a
322 662 415 689 libero.
430 660 515 688 Nemo
530 660 712 688 adversarium
727 660 821 695 recipit
834 669 840 693 ;
856 669 935 688 nemo
949 661 999 689 nisi
1017 668 1091 688 com-

290 715 381 744 parem
395 714 472 736 suum
487 706 613 734 admittit.

533 763 646 792 CAPUT
666 763 724 791 xui
740 763 776 799 (ε)
803 764 854 799 (ι).

293 817 298 847 τ
332 813 463 841 Cat-terum
475 810 509 848 (ι’)
524 818 583 847 qua:
596 811 664 838 ratio
680 815 719 838 cst
731 831 738 844 ,
753 810 876 838 manibus
889 810 996 846 quidem
1012 811 1089 839 ablu-
1106 809 1130 839 Β

1137 229 1173 258 do
1194 234 1221 258 et
1235 230 1301 265 ipsis
1316 229 1442 258 manibus
1461 229 1597 265 spiritales
1611 229 1749 258 munditia:
1767 231 1822 258 sint
1842 237 1939 258 neces-

1137 276 1225 309 sariae,
1241 280 1270 304 ut
1285 284 1300 303 a
1315 276 1393 310 falso,
1409 284 1424 303 a
1436 275 1520 310 caede,
1536 283 1550 302 a
1566 275 1711 309 veneﬁciis,
1727 276 1762 303 ab
1775 276 1939 309 idololatria,

1138 322 1296 356 creterisque
1308 321 1437 354 maculis,
1459 328 1520 357 quae
1539 320 1636 357 spiritu
1656 326 1793 356 concepta:
1811 329 1939 349 manuum

1139 375 1221 404 opera
1238 368 1432 403 transiguntur,
1448 375 1522 403 pura:
1543 368 1702 395 alleventur.
1726 367 1773 395 Ha:
1788 373 1852 396 sunt
1869 375 1942 396 verae

1140 415 1294 449 munditiae,
1318 423 1371 443 non
1393 422 1461 451 quas
1478 415 1599 450 plerique
1618 415 1804 450 superstitiose
1824 419 1939 448 curant,

1139 463 1171 490 ad
1187 470 1294 490 onmem
1308 462 1457 490 orationem
1471 461 1553 489 etiam
1569 468 1630 489 cum
1652 461 1758 488 lavacro
1781 461 1860 489 todus
1875 468 1942 489 cor-

1139 509 1213 544 poris
1233 516 1329 544 aquam
1349 512 1496 536 sumentes.
1521 508 1548 535 ld
1570 515 1631 535 cum
1646 508 1800 543 scrupulose
1814 507 1853 543 (ς)
1872 515 1943 543 per-

1140 559 1290 587 cunctarer,
1303 558 1330 581 et
1343 554 1473 582 rationem
1483 553 1524 589 (li)
1535 553 1700 588 requirerem
1710 574 1718 586 ,
1734 553 1848 589 comperi
1859 561 1943 581 com-

1140 601 1362 629 memorationem
1376 607 1438 628 esse
1453 600 1480 627 in
1494 599 1602 627 Domini
1616 598 1792 628 deditionem.
1813 598 1868 626 Nos
1884 599 1943 626 Do-

1142 649 1244 676 minuin
1260 648 1413 680 adoramus,
1427 654 1479 675 non
1491 647 1625 675 dedimus.
1637 647 1693 674 lmo
1706 651 1733 674 et
1746 646 1883 674 adversari
1895 645 1946 673 de—

1142 695 1237 723 bemus
1249 694 1380 721 deditoris
1394 693 1537 729 exemplo,
1552 701 1603 721 nec
1624 697 1765 729 propterea
1782 700 1878 720 manus
1891 692 1944 720 ab-

1143 742 1236 775 luere,
1252 741 1303 769 nisi
1331 741 1373 777 (i)
1387 741 1458 776 quod
1478 741 1693 769 conversationis
1706 740 1831 768 humanae
1852 739 1943 775 inqui-

1143 794 1300 817 namentum
1314 788 1484 817 conscientia
1506 795 1600 817 caussa
1615 788 1734 816 lavemus
1749 788 1794 824 (j).

908 868 1100 898 LECTIONES
1118 868 1324 897 VARIANTES.

321 928 359 959 (l)
376 927 434 958 Cap.
447 926 478 951 XI
492 923 561 951 alias.

975 979 1242 1012 COMMENTARIUS
1247 1003 1253 1010 .

327 1051 405 1079 CAP.
432 1049 529 1077 Xll.—-
545 1048 583 1084 (a)
599 1047 652 1075 Tit.
670 1047 730 1074 cod.
746 1046 877 1084 Ambros.
895 1056 902 1074 :
918 1046 1004 1075 Etiam
1019 1050 1089 1076 omni

293 1087 371 1114 animi
382 1086 532 1121 confusione
545 1083 652 1111 uacuum
667 1091 720 1109 esse
733 1083 830 1110 debere.

329 1123 370 1157 (b)
392 1119 447 1148 Nec
467 1121 497 1147 ab
517 1121 566 1157 ira.
590 1121 812 1157 liocetprantem
835 1119 1004 1157 tranquillum
1028 1128 1088 1148 esse

292 1154 419 1194 oportere
429 1178 436 1190 ,
452 1161 482 1184 ut
494 1160 536 1184 est
551 1154 665 1190 Spiritus
680 1154 811 1187 Sanctus,
828 1155 861 1218 aGd
873 1163 954 1217 guem
968 1163 1086 1183 oramus.

856 1210 861 1216 .
895 1198 1016 1218 memon.

856 1210 861 1216 .
873 1198 1016 1218 I’ANCIROL.

329 1229 367 1265 (c)
383 1228 546 1265 Canfrtsione.
561 1226 590 1254 In
605 1234 655 1253 ms.
673 1225 766 1253 codice
783 1226 961 1254 Ambrosiano
975 1227 1090 1255 habetur

293 1263 449 1293 contusioiie.
467 1263 574 1291 Mean.

330 1300 412 1337 (d)De
420 1299 560 1337 talispiritu
569 1298 670 1325 emissa.
727 1297 813 1337 oratio
822 1297 997 1337 prositmisia
1004 1306 1088 1337 puro,

295 1333 459 1364 et'mininie
486 1333 624 1369 inquinata
648 1333 742 1368 spiritu
770 1333 803 1360 ad
820 1333 947 1369 Spiritum
958 1334 1088 1367 divinum,

294 1372 341 1407 qui
355 1371 518 1407 purissimus
525 1368 566 1397 est
576 1390 583 1401 ,
600 1369 654 1407 imo
669 1370 724 1403 ipsa
739 1369 838 1407 paritas
848 1389 854 1401 ,
872 1368 981 1407 feratur.
998 1369 1090 1407 Neque

294 1404 365 1435 enim
380 1405 488 1441 Spiritui
501 1405 600 1433 Sancto
613 1404 719 1441 placere
733 1404 837 1441 animus
853 1404 967 1441 terrenis
979 1405 1091 1441 maculis

293 1439 408 1470 iniectus
424 1445 520 1476 potest.
536 1440 583 1467 Hic
596 1439 875 1476 autem'l‘ertullianus
888 1439 922 1476 ad
936 1440 1014 1475 cap.l
1040 1440 1092 1468 Sa-

293 1478 401 1513 pientiae
417 1474 552 1513 respicere
565 1475 680 1513 videtur,
694 1475 847 1513 ubilegitur
860 1483 866 1501 :
883 1474 997 1509 Spiritus
1012 1484 1090 1503 sanc-

294 1510 334 1540 ius
349 1510 489 1547 discipliiiw
503 1511 713 1547 eﬂugietﬁﬁctuin’.
732 1510 840 1538 MURAT.

1143 1050 1287 1086 Apostolus
1302 1050 1465 1086 loqueretur.
1481 1049 1586 1078 Idcirco
1597 1050 1813 1086 Apostolicarum
1827 1050 1946 1079 Consti-

1143 1085 1276 1114 tutionum
1306 1092 1414 1120 auctor,
1441 1086 1488 1113 lib.
1513 1086 1589 1119 VIII,
1606 1085 1666 1121 cap.
1683 1085 1718 1114 52
1733 1095 1740 1113 :
1757 1090 1807 1117 Πᾶς
1842 1092 1946 1120 πιστὸς,

1141 1122 1247 1157 inquit,
1266 1126 1280 1152 ἦ
1294 1127 1369 1150 πιατῦ
1380 1125 1446 1149 ἔωθεν
1461 1125 1601 1152 ἀναστάντες
1614 1126 1639 1155 ἒξ
1653 1125 1724 1149 ὕπνςυ
1736 1143 1743 1154 ,
1757 1128 1804 1158 πρὸ
1818 1126 1860 1151 τοῦ
1879 1128 1947 1158 ἔργω

1142 1161 1287 1188 laurel-frui,
1300 1162 1422 1192 νιψάμενοι
1431 1162 1648 1193 προειυχέσθωσαν.
1666 1158 1755 1185 Omnis
1772 1157 1942 1190 Christianus,

1142 1194 1181 1220 vel
1195 1191 1340 1221 Christiana
1354 1202 1429 1220 mane
1440 1191 1454 1220 e
1466 1191 1555 1221 soiiiito
1570 1198 1713 1229 surgentes.
1730 1198 1864 1225 antequam
1882 1202 1946 1229 opu

1142 1230 1239 1264 faciant
1250 1250 1257 1261 ,
1276 1228 1391 1256 manibus
1405 1229 1462 1256 lotis
1473 1250 1480 1260 ,
1498 1229 1580 1256 Deum
1595 1228 1675 1256 orent.
1694 1229 1791 1256 Verum
1807 1229 1857 1256 hoc
1868 1228 1946 1264 aper-

1143 1268 1196 1292 tius
1217 1265 1317 1297 patebit
1339 1264 1541 1298 consideranti,
1557 1265 1644 1299 posita
1659 1265 1806 1298 antiquitus
1821 1265 1903 1292 luisse
1917 1266 1943 1293 in

1144 1300 1304 1335 templorum
1328 1300 1403 1327 atriis
1427 1300 1502 1327 labra
1515 1321 1522 1332 ,
1538 1300 1626 1327 fontes
1637 1321 1645 1332 ,
1662 1308 1694 1327 ac
1714 1308 1779 1327 vasa
1791 1322 1799 1333 ,
1815 1306 1844 1328 ut
1865 1305 1944 1328 ante-

1143 1343 1221 1371 quam
1237 1335 1269 1363 ad
1285 1335 1415 1362 orandum
1434 1335 1527 1363 ﬁdeles
1542 1336 1723 1368 accederent,
1741 1344 1836 1363 manus
1850 1335 1943 1364 ablue-

1142 1376 1212 1399 rent.
1228 1370 1256 1399 S.
1273 1371 1399 1398 Paulinus
1415 1371 1440 1398 in
1453 1371 1565 1406 epistola
1580 1371 1613 1398 ad
1626 1371 1772 1399 Severum:

1236 1427 1324 1460 Sancta
1332 1428 1414 1460 niteris
1425 1427 1522 1452 famulis
1533 1427 1644 1453 interluit
1655 1428 1717 1460 atria
1728 1427 1830 1460 lymphis

1236 1458 1380 1489 Cantharus,
1393 1459 1578 1490 intrantumque
1586 1465 1672 1484 manus
1682 1458 1796 1485 lavat.....

1144 1511 1354 1547 Chrysostomus
1362 1510 1483 1546 pluribus
1492 1511 1517 1538 in
1525 1511 1602 1545 locis,
1615 1517 1641 1539 et
1652 1512 1799 1546 prmsertim
1809 1512 1835 1539 in
1849 1513 1943 1541 homil.

331 1546 531 1576 CAPIXIIL—
545 1547 582 1580 (c)
594 1546 646 1573 Tit.
661 1546 721 1573 eod.
739 1547 865 1575 Ambros.
883 1555 889 1574 :
907 1547 945 1575 De
957 1547 1094 1574 Lavationc
1107 1553 1129 1584 ρ
1147 1546 1180 1575 57
1192 1546 1280 1579 ,Vtom.
1297 1546 1330 1579 ν,
1340 1554 1373 1584 7p.
1389 1547 1451 1579 590,
1467 1546 1588 1581 ejusdem
1604 1548 1641 1575 rei
1659 1548 1736 1575 tidem
1751 1548 1793 1575 his
1806 1549 1896 1575 verbis
1907 1549 1946 1575 l'a-

295 1592 427 1612 manuum.

333 1620 366 1657 (Γ)
380 1619 574 1657 Cm!erum_qua:
585 1617 725 1657 rati9.__llic
738 1618 828 1657 docet,
843 1626 939 1646 manus
952 1626 1005 1657 non
1019 1626 1087 1657 aqua

297 1653 456 1687 ablitendas,
470 1654 526 1682 sed.
536 1662 551 1680 a
565 1653 689 1689 nequitiis
707 1654 820 1681 ninndas
830 1662 890 1682 esse
906 1654 1087 1682 lcuendas.G.

298 1693 419 1720 Panc—
425 1691 547 1718 Craterum
554 1698 610 1725 qua:
616 1690 680 1716 ratio
688 1695 735 1722 est,
744 1694 796 1716 etc.
807 1689 1000 1720 Manuum.imo
1009 1691 1090 1717 totius

298 1727 459 1763 quandoque
474 1726 595 1763 corporis
610 1726 674 1752 lotio
687 1726 834 1752 orationem
850 1725 1002 1763 pnecedere
1017 1726 1090 1763 sole-

300 1761 355 1796 bat,
366 1761 421 1790 non
434 1762 504 1797 apud
517 1761 684 1788 Christianos
698 1762 864 1792 tantum,sed
879 1768 905 1788 ei.
918 1761 987 1796 apud
1001 1761 1089 1788 ethni-

300 1806 363 1832 t-os,
379 1803 459 1833 atque
474 1797 591 1825 Judmos.
607 1797 709 1831 Nempe
725 1797 939 1833 ablutoicorpore
953 1797 1091 1824 manilius-

301 1842 353 1866 que
376 1832 543 1868 potissimum
567 1833 702 1868 purgatis,
727 1840 787 1866 qua:
813 1832 916 1859 facilius
939 1832 1096 1867 plerumque

301 1867 394 1896 sordes
402 1867 574 1899 contrahunt,
585 1867 667 1893 lavari
679 1875 785 1901 quoque
795 1875 826 1894 ac
837 1867 975 1894 cmundari
986 1875 1000 1894 a
1010 1869 1096 1902 culpmi

302 1904 426 1932 sordibus
441 1903 569 1932 animant,
588 1902 707 1928 nonnulli
722 1902 931 1929 arbitrabantur.
942 1903 994 1930 Sed
1008 1904 1097 1929 animo

300 1947 370 1975 puro
384 1942 530 1972 ctpurgato
547 1937 681 1975 hominem
697 1937 729 1975 ad
743 1937 969 1975 penniaccedcre
983 1937 1097 1970 debere,

302 1972 364 2003 cum
379 1975 447 2001 ratio
457 1994 464 2005 ,
481 1978 536 2000 ttun
551 1973 645 2007 religio
655 1972 816 1999 suadebant.
834 1973 909 2000 llunc
922 1978 1011 2000 autem
1026 1974 1097 2008 apud

303 2010 416 2046 gentiles
427 2009 571 2046 itit‘aluisse
582 2015 694 2046 morem,
707 2008 1023 2046 omniumantiquissimo
1033 2015 1100 2036 teste

304 2043 433 2081 probabo.
457 2044 588 2071 Homerus
604 2043 728 2071 videlicet
752 2044 777 2070 in
793 2043 912 2081 Odyssea
933 2044 1097 2078 Penelopem

305 2080 383 2109 nobis
396 2081 504 2108 exhibet
519 2087 587 2114 aqua
601 2087 661 2107 sese
676 2084 738 2106 ante
750 2087 843 2114 preces
853 2080 1019 2108 abluentem.
1035 2081 1101 2115 Ejus

305 2117 386 2145 etiam
400 2116 470 2143 tilias
485 2115 663 2143 Telemachus

428 2180 493 2204 ξιιῐρες
509 2177 603 2203 “illigatum;
615 2178 678 2201 πολιῆς
688 2178 731 2201 ἁλὸς
744 2176 799 2204 ιῦχιτ¹
812 2173 877 2203 ibim.

430 2203 498 2228 Lotis
510 2204 533 2227 in
545 2206 620 2235 ponto
633 2204 752 2234 inanibus,
767 2204 802 2228 sic
811 2203 907 2228 Pallada
922 2203 1015 2229 adorat.

308 2257 458 2286 Macrobius
472 2263 546 2287 vero,
563 2254 699 2282 Saturual.
724 2255 769 2282 lib.
783 2255 833 2286 Ill,
850 2263 909 2290 cap.
927 2256 936 2282 l
951 2263 957 2281 ε
976 2255 1098 2288 Constat,

308 2294 394 2328 inquit
407 2313 413 2323 ι
432 2292 480 2318 diis
493 2291 591 2328 superis
605 2299 678 2328 suam
699 2292 827 2328 facturum
843 2292 955 2328 corporis
973 2291 1100 2328 ablatione

309 2326 425 2365 purgari.
438 2328 496 2365 Alia
507 2326 619 2365 hujusce
630 2327 697 2365 ritus
707 2327 829 2365 exempla
841 2334 855 2353 e
865 2326 976 2365 Virgiqu
997 2327 1097 2365 profert

307 2361 341 2392 eo
354 2361 380 2391 in
396 2364 454 2391 loco
468 2362 626 2390 Macrobius.
651 2362 802 2389 Lactantius
823 2369 929 2396 quoque
948 2361 1098 2390 Firmianus

308 2399 419 2427 eosdem
435 2398 556 2426 ethnicos
570 2397 653 2430 ridet,
666 2397 710 2432 qui
726 2405 752 2423 se
767 2398 807 2432 pie
819 2398 975 2432 sacriﬁcasse
990 2398 1097 2432 opinan-

309 2441 360 2468 tur,
377 2435 399 2461 si
414 2439 495 2461 cutem
510 2434 632 2464 laverint,
652 2430 771 2467 tauquam
791 2433 907 2459 libidines
928 2430 994 2459 intra
1007 2430 1097 2466 'pectus

307 2471 419 2497 inclusas
432 2470 478 2497 ulli
493 2477 578 2496 amnes
598 2468 701 2495 abluunt
711 2489 718 2500 ,
735 2473 778 2494 aut
792 2468 845 2494 ulla
855 2469 937 2495 inuria
950 2469 1095 2502 puri/iacnt.

308 2506 407 2534 Iudicis
431 2506 530 2540 pariter
552 2505 578 2532 id
601 2504 796 2540 litorisiluissc,
814 2508 908 2540 auctor
922 2508 962 2531 est
982 2504 1097 2539 pseudo-

306 2538 442 2573 Aristeas‘,
460 2541 486 2567 in
503 2540 596 2574 lib.jde
608 2539 680 2566 LXX
694 2539 848 2574 lnterprct.:
866 2538 932 2574 Iicge
944 2538 1095 2573 consultata,

308 2578 347 2605 ait
367 2578 426 2609 ille,
442 2577 476 2603 ad
498 2576 595 2603 diversa
615 2576 670 2602 loca
683 2576 823 2607 diuertunt,
840 2580 929 2610 atque,
944 2580 970 2601 ut
987 2584 1041 2602 mos
1062 2581 1097 2602 est

307 2613 408 2639 Judan's
421 2612 550 2646 omnibus,
566 2610 681 2638 manibus
692 2611 761 2645 prius
775 2611 800 2637 iii
811 2612 875 2637 iitari
889 2611 956 2642 lotis.
969 2610 1023 2638 Deo
1039 2619 1097 2646 pre-

306 2656 345 2675 ces
360 2648 503 2682 effundunt.
522 2647 586 2675 Vide
596 2648 757 2681 Spenceruui
768 2667 774 2678 ,
789 2647 822 2682 de
834 2646 896 2681 Leg.
907 2646 988 2674 Hebr.
1000 2667 1007 2680 ,
1020 2647 1037 2674 Ι.
1054 2647 1097 2679 lll,

303 2684 369 2711 diss.
386 2685 412 2716 5,
427 2691 452 2711 c.
467 2684 493 2710 5.
510 2683 626 2711 Transiit
639 2687 729 2716 postea
745 2682 776 2709 ad
790 2681 887 2709 Christi
902 2682 995 2710 tideles
1007 2682 1098 2716 hujus-

303 2720 377 2747 modi
393 2719 573 2752 Consuetudo,
590 2723 617 2746 et
638 2719 751 2745 fortasse
765 2719 871 2753 quidam
893 2718 927 2745 ab
947 2719 1004 2752 ipso
1024 2720 1096 2754 Apo-

304 2756 374 2783 szolo
389 2755 415 2782 in
445 2755 455 2782 1
475 2755 507 2782 ad
522 2754 652 2786 Timotb.,
669 2762 726 2788 cap.
746 2753 779 2785 ll,
796 2753 819 2780 id
838 2758 997 2788 prmeeptum
1015 2753 1096 2782 fuisse

301 2795 480 2821 censuerunt,
497 2791 538 2817 tibi
562 2798 609 2817 nos
633 2789 708 2824 jubet
723 2792 803 2824 χεῖρας
820 2792 895 2819 ὀτίους
910 2792 1024 2825 ἰπιιιρεῖν,
1040 2798 1096 2816 ηια-

301 2834 350 2852 nus
361 2835 438 2861 puras
448 2826 482 2852 ad
488 2825 577 2852 metum
584 2825 758 2860 tollere,qtiasi
767 2831 793 2852 et
804 2826 836 2852 de
844 2830 954 2852 externa
969 2833 1094 2853 uiantium

301 2862 416 2894 puritate
432 2868 463 2888 ac
477 2861 621 2893 ablutione,
639 2862 706 2887 velut
724 2861 834 2888 internae
851 2861 972 2895 puritatis
986 2861 1093 2894 indicio,

1119 2238 1143 2267 Ι)
1193 2233 1232 2269 (g)
1252 2233 1282 2260 Id
1306 2242 1362 2261 cum
1381 2234 1527 2269 scrupulose
1544 2240 1730 2269 percuiictarer.

1147 1583 1205 1610 cit.:
1222 1586 1317 1617 Κρῆνις
1328 1583 1389 1609 εῗνκι
1405 1586 1427 1609 ἰν
1441 1584 1494 1612 ταῖς
1506 1585 1590 1613 dilati}
1603 1591 1647 1611 τῶν
1658 1586 1786 1618 εὒχτηρίων
1805 1587 1872 1611 οἴκων
1887 1587 1947 1611 νηό-

1140 1630 1237 1653 μισται,
1253 1622 1289 1645 iu.
1304 1622 1326 1645 οἱ
1339 1622 1458 1652 μέλλοντες
1469 1621 1577 1652 εὔχεσθαι
1594 1625 1626 1653 τῷ
1641 1623 1691 1653 Θεῷ
1701 1622 1811 1654 πρότερον
1825 1623 1945 1654 ἀπονιψὰ-

1140 1666 1207 1688 Iuvat
1221 1656 1263 1684 τὰς
1275 1656 1367 1689 χεῖρας,
1384 1657 1455 1684 οὕτως
1468 1656 1543 1684 mirae
1555 1656 1588 1684 εἰς
1601 1657 1672 1688 εὗχὶν
1694 1657 1850 1683 (ἐμπίνωσιν.
1869 1656 1907 1683 Ul
1921 1657 1946 1683 ἱιι

1142 1690 1214 1717 atriis
1230 1691 1369 1721 domuum,
1385 1690 1411 1715 in
1427 1690 1517 1723 quibus
1531 1694 1630 1721 oratur.
1645 1692 1694 1717 sint
1705 1692 1788 1725 fontes
1798 1712 1804 1722 ,
1820 1692 1946 1718 constitu—

1144 1731 1197 1752 tum
1211 1730 1267 1757 est,
1288 1730 1316 1751 ut
1331 1726 1374 1760 qui
1388 1733 1462 1751 orare
1477 1725 1562 1751 volunt
1574 1746 1581 1757 ,
1597 1726 1668 1760 prius
1683 1726 1786 1752 ablua‘lt
1801 1735 1909 1759 manus,
1924 1733 1948 1754 et

1145 1766 1205 1788 tunc
1218 1760 1318 1787 demum
1330 1768 1372 1787 eas
1386 1760 1419 1786 ad
1430 1769 1515 1795 preces
1528 1761 1674 1788 extendant.
1691 1761 1821 1795 Eumdem
1834 1763 1947 1790 consule

1148 1796 1174 1824 in
1191 1795 1333 1823 homil.82
1344 1791 1741 1829 eit08,tmn.v1,eihomu.
1759 1791 1809 1829 4‘5,
1837 1798 1862 1824 in
1889 1798 1947 1825 lad

1149 1831 1270 1858 Corinth.
1286 1831 1355 1858 Alibi
1371 1836 1459 1859 tamen
1476 1832 1683 1866 Chrysostomus
1699 1833 1766 1867 ipse,
1780 1832 1905 1861 videlicet
1920 1834 1946 1861 in

1150 1867 1243 1894 liomil.
1260 1868 1285 1898 ti,
1303 1868 1328 1894 in
1356 1867 1365 1893 Ι
1385 1867 1417 1894 ad
1432 1866 1617 1898 Timotheum,
1633 1866 1772 1895 externum
1787 1869 1857 1896 hunc
1870 1869 1947 1896 ablu-

1150 1903 1231 1929 tionis
1252 1904 1349 1935 ritum,
1367 1903 1471 1930 interna
1486 1902 1575 1930 cordis
1590 1904 1703 1937 puritate
1715 1911 1768 1930 non
1783 1904 1945 1937 accedente,

1152 1938 1263 1971 irridet,
1280 1946 1394 1973 eumque
1414 1938 1635 1976 appellat-main
1655 1942 1696 1965 ui
1717 1943 1802 1974 λῆρον,
1831 1947 1947 1976 παίγνια,

1153 1976 1193 2000 καὶ
1206 1976 1297 2010 παίᾷων
1310 1977 1437 2009 ἀθύρμιτι
1447 1974 1545 2010 ,Ῑίδιυῃ
1556 1995 1564 2005 ,
1581 1982 1675 2010 nugas,
1686 1975 1760 2010 joco;
1773 1981 1797 2002 et
1812 1974 1947 2010 puerorum

1155 2007 1264 2045 ludicra."
1280 2010 1318 2036 Ea
1331 2007 1439 2045 quoque
1453 2007 1755 2037 Tertulliani'senteutia
1769 2007 1821 2044 est,
1835 2012 1895 2039 illos
1907 2019 1948 2038 re-

1156 2044 1319 2080 darguentis,
1334 2046 1379 2080 qui
1396 2045 1518 2072 manibus
1533 2045 1639 2079 quidem
1653 2046 1758 2078 ablutis,
1775 2047 1869 2080 spiritu
1884 2054 1946 2074 vero

1154 2065 1292 2114 εοτίῖἔῆίὲ,
1305 2065 1577 2108 ὀτῖἅῦὸὶιὲῖἰϊέυρυέιι.
1592 2065 1807 2115 έιλιιριῗῖιῖἰίᾞῖηῖἷί
1818 2065 1944 2115 ξιὶῖἒὶςέιέἰὲ

1154 2116 1271 2143 Orientis
1300 2116 1435 2151 populos,
1461 2124 1492 2143 ac
1520 2117 1686 2150 potissimum
1710 2118 1780 2151 apud
1804 2118 1944 2145 Mahumeti

1153 2155 1311 2184 sectatores,
1326 2151 1426 2179 nostris
1439 2152 1518 2179 etiam
1533 2153 1696 2187 temporibus
1712 2153 1865 2186 huiusmodi
1880 2162 1943 2181 cou-

1151 2187 1264 2214 suetudo
1279 2187 1359 2222 viget.
1375 2187 1480 2215 MURAT.

1750 2236 1841 2270 Quare
1855 2243 1946 2264 manus

1155 2275 1218 2297 ante
1233 2277 1326 2304 preces
1339 2270 1489 2301 abluerent.
1507 2271 1626 2297 nmniulli
1636 2279 1650 2297 a
1659 2271 1826 2299 'l‘ertulliano
1837 2272 1946 2299 interro-

1152 2306 1217 2339 gati,
1232 2313 1261 2332 se
1272 2304 1297 2331 id
1311 2305 1399 2332 lacere
1409 2305 1608 2340 respondebant
1620 2307 1646 2332 in
1661 2308 1945 2335 commemorationem

1152 2340 1469 2378 doniiuictededitionis,
1488 2341 1706 2378 quodrvidelicet
1722 2342 1840 2375 Pilatus,
1862 2344 1946 2378 prius-

1151 2384 1230 2411 quam
1244 2375 1380 2403 Christum
1394 2375 1504 2404 dederet
1526 2376 1641 2409 Judaéis,
1662 2385 1757 2405 manus
1779 2375 1945 2406 lavit.’ﬂanc

1151 2413 1281 2438 rationem
1299 2412 1375 2439 facile
1388 2411 1568 2439 Tertullianus
1582 2413 1715 2445 retundit;
1736 2421 1782 2440 nos
1802 2416 1885 2447 enim,
1903 2414 1944 2441 in-

1148 2447 1215 2482 quit,
1233 2447 1371 2474 Domiuum
1383 2448 1531 2481 adoramus,
1543 2457 1593 2475 itan
1607 2449 1731 2476 dedimus.
1744 2449 1852 2477 Muttn.

1188 2493 1229 2528 (li)
1244 2493 1277 2520 Et
1292 2493 1416 2520 rationem
1431 2494 1592 2527 requirerent.
1605 2494 1693 2528 Quare
1711 2494 1793 2529 aliqui
1809 2503 1838 2522 se
1857 2495 1946 2523 lavent

1150 2529 1268 2561 oraturi,
1285 2530 1403 2563 comperi
1420 2529 1445 2556 id
1461 2537 1508 2557 eos
1523 2530 1611 2557 facere
1623 2533 1647 2557 in
1662 2533 1820 2558 memoriam
1839 2531 1945 2558 Domini

1150 2572 1164 2591 a
1184 2564 1250 2591 Juda
1266 2565 1372 2599 proditi,
1386 2570 1413 2591 ut
1430 2566 1527 2592 factum
1542 2565 1605 2593 illud
1621 2571 1781 2594 execrentur
1791 2572 1818 2594 et
1828 2567 1898 2594 velut
1909 2566 1944 2594 ab

1151 2600 1208 2635 ipso
1223 2608 1251 2627 se
1261 2601 1399 2628 niundent.
1411 2600 1444 2628 G.
1458 2601 1601 2629 Paxcmon.

1187 2646 1210 2682 (i
1222 2646 1230 2682 )
1244 2646 1301 2673 Nisi
1313 2646 1389 2680 quod.
1400 2647 1455 2674 Nisi
1471 2647 1577 2683 aliquod
1589 2647 1818 2683 inquinamentum
1832 2653 1944 2676 conver-

1150 2683 1233 2710 siOnis
1257 2683 1379 2720 humauit:
1404 2683 1522 2711 lavemus
1545 2691 1640 2720 caussa
1666 2685 1849 2719 conscientiae,
1869 2687 1943 2720 βοα-

1149 2726 1228 2754 quam
1244 2719 1341 2745 idolum
1352 2719 1526 2754 tetigerimus.
1543 2719 1730 2747 G.PANCIROL.
1871 2719 1876 2720 ⁷
1919 2745 1921 2747 .

1185 2755 1215 2791 (j)
1236 2754 1401 2781 Conscientia:
1410 2763 1515 2791 raussa.
1537 2755 1612 2782 Hunc
1631 2763 1692 2783 esse
1705 2760 1769 2790 puto
1788 2754 1944 2784 Tertulliani

1148 2797 1267 2828 sensum,
1282 2798 1377 2817 manus
1390 2790 1450 2817 ideo
1463 2795 1565 2828 tantum
1578 2790 1697 2818 lavamus
1708 2797 1737 2819 ut
1749 2792 1831 2819 animi
1848 2791 1946 2828 puriu-

1148 2831 1202 2853 tem
1214 2826 1440 2853 demonstremus.
1455 2828 1542 2861 Atque
1557 2827 1583 2853 in
1596 2834 1629 2854 eo
1644 2826 1863 2862 superstitionem
1871 2828 1947 2855 dam-

1148 2867 1202 2895 nat,
1219 2869 1278 2896 quae
1293 2866 1430 2889 externam
1441 2867 1543 2890 tantum
1554 2862 1711 2891 munditiam
1725 2865 1834 2899 quaerit.
1846 2864 1884 2892 Ls
1894 2863 1946 2893 PI.
