4230 6256
535 371 670 430 H7!

1959 369 2425 431 TERTULLIANI

3700 362 3852 422 H73

535 490 724 561 positis
762 487 844 562 (i)
884 487 1087 560 penatis
1117 485 1197 558 (2)
1233 486 1536 543 orationem
1588 484 1813 554 facere;
1862 486 1941 543 sic
1987 487 2131 543 enim
2157 490 2211 552 Α
2236 500 2321 547 est
2365 491 2706 564 quibusdam,
2759 505 2870 548 non
2908 486 3176 561 perspicio
3214 485 3478 543 rationem
3520 484 3625 541 nisi
3664 485 3711 544 si
3762 484 3846 560 (g)

532 583 734 640 adeunt
762 581 827 637 ad
855 580 995 637 idola
1024 580 1287 634 nationes.
1314 577 1469 647 Quod
1494 578 1678 650 utique
1703 578 1745 634 si
1774 578 1886 635 ﬁeri
1917 587 2131 649 oporte-

538 687 652 745 ret,
680 672 949 747 Apostuli,
985 673 1073 744 qui
1100 672 1170 731 de
1194 671 1381 729 habitu
1406 671 1595 729 orandi
1620 672 1818 729 docent
1840 715 1854 739 ,
1884 687 2133 744 compre-

541 766 893 832 bendissent;
926 764 1029 820 nisi
1055 763 1098 819 si
1129 762 1218 834 qui
1264 771 1489 834 putant,
1520 762 1746 819 Paulum
1774 765 1854 835 (α)
1881 766 2133 836 penulam

536 877 688 918 suam
719 861 774 916 in
802 859 1045 919 oratione
1071 871 1236 928 penes
1273 855 1511 927 Carpum
1541 856 1845 927 reliquisse.
1879 858 2023 914 Deus
2058 858 2134 931 (b)

536 954 746 1012 scilicet
773 966 878 1011 non
905 950 1089 1008 audiat
1112 949 1415 1022 penulatos,
1446 949 1539 1018 qui
1574 956 1682 1005 tres
1707 959 1923 1006 sanctos
1948 951 2003 1006 in
2028 953 2136 1007 lor.

536 1062 675 1106 nace
727 1043 999 1118 bahytonii
1039 1042 1182 1113 regis
1227 1050 1448 1098 orantes
1500 1054 1623 1097 cum
1649 1039 1722 1115 (c)
1769 1041 2036 1099 sarabaris
2085 1049 2141 1099 et

534 1141 703 1217 tyaris
728 1139 840 1197 suis
862 1135 1178 1197 exaudivit?

1088 1228 1315 1286 CAPUT
1353 1227 1471 1286 xv:
1500 1226 1603 1301 (ά).

611 1329 741 1387 Item
767 1324 911 1399 quod
930 1324 1024 1398 (ε),
1045 1324 1313 1394 assignata
1343 1323 1608 1393 oratione,
1631 1321 1903 1380 assidendi
1937 1326 2009 1396 (f)
2023 1338 2142 1381 mos

1759 1438 2138 1501 LECTIONES

597 1585 672 1650 (ι)
706 1585 789 1635 Ita
813 1579 989 1648 Rigalt.
1011 1577 1169 1632 Paris.
1202 1580 1369 1629 Venet.
1394 1576 1571 1629 Positis
1594 1572 1803 1629 Semler.
1821 1578 1965 1643 Leop.

2237 583 2462 661 Hermas
2492 585 2584 642 ille
2608 629 2622 654 ,
2649 584 2805 657 cujus
2833 582 3095 653 scriptura
3126 579 3206 653 (h)
3234 579 3345 635 fere
3367 576 3569 661 fusior
3594 578 3849 634 inscribi-

2237 654 2344 745 t6};
2379 687 2644 736 transacta
2670 654 2915 735 oratione
2940 690 3048 730 non
3087 673 3283 729 lectum
3312 654 3626 741 asseasset,
3654 686 3850 729 verum

2239 769 2381 827 aliud
2409 772 2536 844 quid
2569 772 2809 838 iecisset,
2844 769 2897 826 id
2921 783 3139 841 quoque
3175 766 3242 823 ad
3268 766 3697 824 observationem
3728 767 3855 824 vin-

2240 861 2564 921 dicaremus.
2584 864 2783 936 Utique
2804 862 2873 936 (j)
2891 877 3021 919 non.
3035 859 3508 932 Simplicitereuim
3541 869 3597 916 et
3612 876 3761 917 nunc
3781 860 3848 933 (ἰ)

2243 958 2474 1028 positum
2500 967 2585 1014 est
2615 973 2629 1011 :
2660 957 2789 1014 Cum
2819 955 2893 1030 (lt)
2940 955 3256 1021 adat-assem,
3296 961 3343 1008 et
3367 951 3660 1009 assedisset):
3692 970 3856 1025 super

2244 1048 2452 1117 tectum,
2476 1049 2544 1105 ad
2583 1049 2829 1106 ordinem
2862 1045 3187 1103 narrationis
3208 1086 3225 1113 ,
3256 1057 3362 1100 non
3391 1043 3458 1099 ad
3481 1044 3653 1100 instar
3678 1043 3850 1101 disci-

2245 1143 2425 1213 plina}.
2471 1143 2722 1216 Alioquin
2767 1155 3031 1213 nusquam
3080 1138 3185 1196 erit
3233 1137 3589 1204 adorandum,
3619 1137 3718 1193 nisi
3754 1136 3849 1193 ubi

2245 1235 2405 1292 fuerit
2430 1236 2622 1292 lectus.
2654 1235 2768 1292 lmo
2801 1243 2990 1290 contra
3029 1229 3363 1303 Scripturam
3395 1229 3620 1298 fecerit,
3648 1230 3691 1285 si
3720 1229 3850 1301 quis

2246 1328 2301 1384 in
2341 1329 2594 1387 cathedra
2619 1338 2712 1386 aut
2732 1330 2793 1402 (t)
2823 1326 3079 1385 subsellio
3107 1323 3326 1383 sederit.
3356 1323 3529 1381 Porro
3566 1337 3684 1380 cum
3709 1337 3848 1395 per-

2173 1444 2591 1504 VABIANTES.
2672 1430 2679 1439 '

2293 1583 2367 1650 (2)
2388 1584 2619 1638 Paeoniis
2639 1584 2782 1649 alias,
2806 1542 2998 1651 except.
3024 1582 3175 1637 Seml.

1892 1708 2457 1775 COMMENTARIUS.

543 1832 613 1889 Ut
629 1839 702 1885 est
719 1826 1058 1897 quorumdam
1094 1822 1269 1897 positis
1292 1821 1510 1889 penatis,
1530 1821 1736 1897 etc._lta
1765 1822 1989 1897 orabant
2011 1840 2143 1897 gen-

539 1904 679 1958 tiles.
714 1893 911 1955 Penula
941 1910 1067 1950 vero
1097 1895 1258 1949 vestis
1287 1903 1438 1957 erat,
1466 1908 1570 1962 qua
1600 1893 1787 1961 pluviae
1815 1895 1895 1948 vel
1925 1893 2137 1952 itin'cris

538 1973 709 2045 gratia
739 1969 1043 2045 utebantur.
1079 1964 1415 2045 Lampridius
1444 1964 1506 2039 in.
1525 1964 1833 2019 Alexandro
1858 1981 1871 2018 :
1900 1963 2136 2031 Penatis.

538 2036 731 2112 ᾗιιιιιὶι,
763 2041 901 2095 intra
930 2039 1117 2112 urbem
1143 2036 1350 2112 frigoris
1379 2036 1567 2112 caussa
1592 2045 1647 2090 ut
1668 2050 1825 2091 senes
1855 2045 2138 2112 uterentur

516 2105 807 2185 .permiSit,
857 2125 979 2185 cum
1024 2105 1422 2185 idvestitneuti
1467 2119 1635 2185 genus
1668 2121 1882 2185 semper
1922 2109 2146 2167 itinera-

537 2176 677 2243 rium
705 2193 795 2239 aut
819 2181 1012 2253 pluvia:
1040 2178 1246 2233 fuisset.
1268 2176 1560 2241 Juvenalis,
1593 2186 1694 2231 sat.
1726 2177 1763 2231 V
1790 2176 1807 2229 ξ

796 2295 858 2348 Et
880 2293 1034 2344 multo
1058 2290 1272 2343 stillaret
1293 2289 1475 2354 penula
1499 2292 1680 2342 nimbo.

539 2406 753 2468 Cicero,
778 2403 830 2458 in
852 2402 1000 2458 Orat.
1028 2414 1122 2470 pro
1156 2398 1262 2453 Mil.
1297 2413 1311 2451 :
1338 2398 1462 2470 Cum
1489 2399 1636 2465 alter,
1663 2400 1854 2470 inquit,
1884 2402 2149 2459 veheretur

539 2476 701 2532 rheda
723 2475 1010 2546 minitatus.
1034 2469 1290 2526 Penulam
1314 2485 1411 2541 pro
1433 2469 1643 2525 lacerna
1668 2469 1878 2529 veteres
1902 2475 2151 2546 posuisse

540 2548 808 2607 videntur.
840 2544 906 2602 G.
940 2544 1160 2598 Panem.

618 2621 695 2688 (a)
733 2617 961 2688 Paulum
998 2614 1235 2688 penulam
1257 2628 1428 2688 su_t_tm._
1449 2612 1669 2688 plaudat
1695 2615 1837 2669 enim
1865 2616 2152 2688 Timotheo

542 2701 603 2747 ut
624 2682 869 2761 penulam
899 2686 965 2741 ad
983 2682 1041 2761 se
1056 2684 1281 2750 delerat,
1302 2682 1429 2761 Il__ad
1447 2683 1708 2761 Timoth.,
1727 2700 1846 2761 cap.
1868 2687 1956 2761 ly.
1983 2689 2149 2746 PANC.

541 2754 853 2816 -Ῥαιιιιιιη
876 2758 1113 2828 penulam
1133 2772 1298 2828 suam.
1334 2754 1459 2828 litec
1487 2765 1611 2811 sunt
1635 2756 1778 2828 Pauli
1803 2759 1962 2815 verba
1998 2778 2012 2814 :
2041 2761 2149 2816 Pe-

541 2835 750 2897 nutant,
808 2825 961 2901 quam
994 2828 1176 2901 reliqui
1215 2826 1258 2881 Τ
1262 2825 1415 2901 roatl_e
1462 2828 1600 2901 apud
1646 2825 1905 2901 Carpam,
1947 2833 2150 2887 ueniens

543 2906 675 2974 alfer
701 2896 881 2957 tecum.
909 2896 1115 2974 Ιτοηίοό
1152 2899 1334 2974 itaque
1360 2896 1719 2974 '[ertnlliauus
1747 2896 1829 2974 ait
1853 2920 1866 2954 :
1893 2896 2004 2974 nisi
2049 2905 2152 2960 hoc

460 3037 466 3040 _
543 2968 843 3033 faciendum
863 2981 943 3028 est
964 2970 1031 3025 ad
1047 2969 1351 3041 exemplum
1372 2968 1541 3041 Pauli,
1561 2971 1651 3039 qui
1677 2972 1923 3039 penulam
1936 2972 2152 3032 Troade

549 3062 723 3117 penes
751 3045 983 3117 Carpum
1040 3040 1340 3117 reliquerat
1382 3040 1611 3096 orationi
1660 3045 2152 3117 vacaturus._‘Vide

549 3062 712 3117 penes
751 3057 983 3169 Largum
1040 3057 1332 3113 reliquerat
1382 3057 1611 3096 orauom
1660 3057 1965 3100 vacaturus.
2019 3057 2151 3101 Viue

544 3116 823 3185 Octavium
898 3113 1183 3185 errarium,
1211 3111 1279 3167 de
1303 3111 1385 3167 Re
1413 3120 1546 3167 Vest.
1578 3121 1717 3185 part.
1746 3112 1812 3179 Il,
1844 3116 1939 3171 lib.
1959 3114 2028 3185 Il,
2058 3117 2151 3173 ubi

547 3192 616 3249 de
639 3178 851 3245 Penulis
872 3185 1059 3240 multa.
1093 3183 1307 3239 Munn.
1578 3178 1598 3185 '
1639 3218 1644 3224 .

643 3261 695 3336 b)
734 3258 872 3336 Deus
891 3257 1101 3336 scilicet.
1126 3253 1330 3336 lrgniee
1352 3255 1604 3336 loquitur.
1630 3253 1697 3311 G.
1727 3255 1946 3336 Puncta.

643 3262 695 3336 b)
734 3262 872 3314 Deus
891 3262 1101 3312 scilicet.
1127 3262 1330 3310 lronice
1352 3262 1604 3338 loquitur.
1630 3262 1697 3311 (ἰ.
1727 3262 1946 3339 Panem.

615 3262 693 3405 ie)
721 3328 1144 3405 (Iuntsarabaris.
1175 3327 1248 3382 De
1273 3327 1615 3405 sarabarts‘et
1640 3330 2035 3405 tyart§_dictun1
2069 3340 2155 3387 est

551 3410 603 3462 in
627 3397 720 3461 'lib.
747 3404 813 3459 de
832 3402 1141 3457 Resurreet.
1162 3412 1337 3465 carn.,
1353 3412 1472 3467 cap.
1490 3397 1580 3466 58,
1604 3397 1750 3454 num.
1768 3397 1894 3458 601.
1912 3401 2154 3458 1³ης.-

550 3479 678 3533 Cum
720 3474 994 3530 sarubaris.
1038 3470 1170 3525 Tres
1202 3470 1351 3539 pueri
1393 3469 1444 3523 in
1475 3469 1745 3526 fornacem
1793 3489 1911 3527 cum
1955 3474 2152 3530 braccis

547 3551 675 3615 suis,
695 3558 744 3601 et
762 3547 944 3630 tgaris,
966 3553 1011 3597 et
1032 3541 1403 3607 calceamentis,
1423 3549 1475 3630 et
1491 3542 1708 3630 vestibus
1727 3544 1999 3630 conjeCtii
1999 3561 2151 3628 uere.

549 3610 895 3689 Septuaginta
927 3615 1253 3681 lntcrpretes
1293 3627 1391 3681 pro
1422 3610 1799 3689 femoralibus,
1831 3610 1931 3689 seu
1958 3615 2154 3672 braccis

550 3684 854 3744 ltahent'atw
881 3689 978 3745 τοῖς
1018 3691 1336 3755 σαριϐἀροιςέ
1366 3699 1480 3736 cum
1517 3684 1795 3755 sarabaris.
1829 3687 2008 3753 Quare
2044 3703 2152 3744 non

550 3758 696 3815 aliud
738 3759 841 3812 hoc
872 3756 1134 3827 vocabulo
1167 3753 1453 3827 signiﬁcari
1498 3754 1667 3827 vides,
1708 3771 1866 3825 quam
1907 3758 2153 3827 quaedam

552 3830 787 3886 crurimn
814 3836 904 3882 aut
925 3825 1189 3880 femorum
1223 3826 1608 3890 integumenta.
1643 3824 1698 3879 In
1728 3824 1863 3882 libro
1896 3824 2056 3883 etiam
2087 3829 2155 3884 de

553 3900 817 3957 Triuitate
839 3898 907 3969 (si
931 3894 1145 3969 quidem
1173 3893 1489 3969 Tertulliani
1514 3894 1603 3962 sit)
1631 3905 1685 3950 et
1708 3895 1777 3953 de
1803 3896 1975 3954 Pallio
2016 3901 2155 3957 hanc

550 3987 741 4028 vocem
770 3963 1075 4029 usurpatam
1105 3963 1368 4020 invenias.
1400 3963 1617 4020 Mean.

629 3987 741 4027 cem
770 3983 1075 4096 usurpatam
1105 3983 1368 4048 inventas.
1400 3983 1617 4020 manu.
1975 4040 1986 4053 .

629 4043 784 4099 CAP.
814 4040 861 4097 X
913 4040 955 4095 Ι.
980 4037 1153 4111 —(d)
1199 4035 1305 4092 Tit.
1329 4034 1450 4091 cod.
1477 4038 1749 4095 Ambros.:
1770 4038 1847 4096 De
1883 4040 2155 4097 assidendo

550 4127 666 4187 post
684 4186 687 4187 ν
708 4115 1008 4187 orationem.

622 4186 700 4259 (ρ)
742 4185 874 4239 Item
898 4183 1034 4250 quod
1062 4181 1321 4259 assignata
1351 4181 1598 4237 oratione.
1611 4181 1865 4259 Perfecta
1889 4223 1905 4251 ,
1936 4193 1994 4239 ut
2020 4184 2155 4240 intra

558 4254 688 4314 dicit
712 4298 729 4325 ,
761 4271 824 4311 ac
852 4263 1136 4310 transacta.
1170 4254 1397 4325 Damnat
1417 4268 1508 4325 eos
1534 4254 1625 4325 qui
1654 4254 1842 4311 sedere
1883 4266 2001 4322 post
2032 4269 2154 4310 ora-

551 4323 751 4387 tionem
783 4335 1198 4384 consueverunt.
1226 4323 1344 4379 Non
1376 4323 1750 4398 video,‘inquit
1769 4368 1784 4393 ,
1815 4325 1973 4397 hujus
2000 4327 2153 4398 insti-

545 4402 646 4457 tuti
680 4401 962 4463 rationem,
988 4398 1089 4452 nisi
1136 4398 1270 4451 forte
1308 4395 1529 4451 trahunt
1571 4395 1673 4453 hoc
1702 4413 1769 4454 ex
1820 4395 1959 4455 libro
2014 4396 2153 4453 Pas-

446 4510 475 4519 ί
551 4475 674 4530 toris
711 4470 927 4528 condito
981 4468 1048 4522 ab
1115 4468 1332 4535 llerma,
1381 4483 1542 4537 quem
1591 4468 1741 4536 alibi,
1775 4468 1845 4526 de
1892 4469 2147 4539 Pudicit.,

548 4560 670 4614 cap.
701 4544 792 4609 10,
814 4539 1178 4614 apocryphum
1207 4553 1329 4593 esse
1361 4538 1857 4614 vidimustin‘quo
1884 4549 2066 4597 narrat
2086 4538 2149 4599 se

548 4608 671 4686 post
695 4608 993 4670 orationem
1020 4608 1184 4686 lecto
1220 4608 1505 4686 assedisse.
1557 4610 1665 4667 Sed
1709 4608 1783 4667 ibi
1811 4621 1995 4686 narrat
2031 4629 2145 4668 rem

2243 1830 2651 1904 inter‘antbiguaa
2677 1849 2874 1904 quoque
2906 1834 3222 1888 auctoritatis
3247 1832 3440 1903 scripta
3460 1851 3565 1890 esse
3591 1837 3845 1892 Actorum

2168 1934 2216 1995 Β
2247 1899 2402 1995 gauli
2430 1899 2641 1995 libriin},
2676 1899 2722 1960 et
2746 1899 2999 1995 eumqui
3029 1903 3262 1989 Pastoris
3289 1899 3489 1995 titubant
3512 1907 3681 1995 habet,
3707 1925 3862 1995 quem

2246 1970 2457 2048 Ilertth
2494 1974 2701 2048 quidam
2740 1970 3034 2031 adscribunt
3064 1978 3139 2042 ei,
3174 1978 3255 2048 cui
3292 1978 3346 2031 in
3389 1977 3555 2048 Epist.
3596 1970 3860 2037 editam.

2253 2043 2451 2099 Paulus
2475 2043 2691 2101 salutent
2720 2049 2942 2102 nuntiari
2984 2048 3140 2115 iubet.
3179 2043 3460 2104 Nonnullis
3488 2060 3659 2104 autent
3685 2052 3730 2106 is
3756 2053 3861 2105 ad-

2254 2118 2462 2192 ntodunt
2490 2120 2802 2192 necessarius
2833 2136 2939 2174 esse
2963 2120 3176 2182 videtur,
3200 2120 3270 2174 eis
3301 2122 3557 2192 pracipue
3576 2124 3663 2192 qui
3690 2124 3864 2192 prima

2254 2187 2459 2257 pietatis
2485 2190 2688 2265 discunt
2714 2192 3021 2265 rudimenta,
3053 2192 3270 2265 multum
3290 2187 3510 2265 offerens
3534 2187 3719 2248 maturi
3742 2198 3861 2265 fru-

2252 2268 2364 2313 ctus
2401 2269 2447 2313 et
2467 2261 2735 2336 _uti_l_itatis_.
2772 2260 2895 2336 Non
2922 2263 3071 2336 pauci
3099 2263 3303 2336 quidem
3326 2264 3484 2336 apud
3514 2260 3752 2336 antiquos
3799 2284 3863 2321 eo

2252 2340 2368 2383 sunt
2397 2331 2495 2385 usi.
2546 2331 2806 2387 Eumdem
2850 2331 3108 2389 Eusebius
3138 2333 3491 2390 Caesariensis
3515 2331 3864 2392 commendat

2254 2400 2392 2456 llist.
2427 2402 2625 2474 eccles.
2649 2444 2665 2469 ,
2700 2404 2794 2459 lib.
2836 2403 2925 2468 lll,
2957 2419 3076 2474 cap.
3109 2405 3143 2460 5
3175 2417 3229 2459 et
3256 2420 3375 2474 cap.
3415 2405 3535 2472 35.,
3563 2415 3619 2463 et
3657 2407 3752 2463 lib.
3787 2408 3857 2474 V,

2257 2486 2377 2541 cap.
2407 2474 2460 2529 8.
2489 2473 2851 2530 Tertullianus
2876 2491 3006 2531 vero
3026 2473 3085 2530 in
3119 2476 3213 2531 lib.
3241 2476 3308 2531 de
3327 2473 3591 2533 Pudicitia
3624 2478 3766 2535 hunc
3790 2473 3859 2534 li;

2257 2540 2413 2598 brum
2444 2544 2709 2614 impurum
2733 2554 2907 2614 vocat,
2936 2549 3072 2603 etab
3092 2547 3330 2603 Ecclesia
3358 2548 3518 2603 etiam
3538 2549 3861 2607 damnatum

2258 2615 2477 2689 scribit.
2496 2615 2629 2671 Cum
2658 2632 2786 2689 vero
2817 2617 2904 2672 hic
2932 2618 3062 2673 illud
3091 2633 3224 2689 opus
3249 2633 3354 2674 non
3390 2618 3622 2684 damnet,
3657 2621 3860 2676 catho-

2258 2684 2393 2741 licus
2414 2684 2901 2760 fuissejcredendus
2925 2698 3029 2757 est,
3060 2684 3181 2744 cuin
3204 2690 3320 2745 [nec
3344 2690 3567 2760 scripsit.
3600 2689 3668 2746 G.
3710 2692 3862 2748 Pitu-

2256 2768 2432 2813 cmoL.
2462 2788 2534 2800 —
2566 2758 2686 2815 Nisi
2724 2761 2769 2815 si
2795 2759 3035 2816 Hermas.
3076 2762 3287 2817 llermre
3329 2758 3679 2829 antiquissimi
3715 2766 3870 2818 seri-

2256 2829 2425 2897 ptoris
2462 2829 2689 2897 librum,
2728 2833 2813 2887 cui
2861 2833 3043 2888 titulus
3072 2844 3158 2889 est
3205 2832 3405 2900 Pastor,
3448 2833 3614 2888 latine
3643 2842 3863 2891 tantum

2246 2900 2536 2956 habemus.
2565 2902 2777 2970 Quanto
2823 2903 2876 2957 in
2907 2903 3081 2973 pretio
3122 2905 3306 2970 fuerit,
3354 2904 3576 2960 eruditis
3606 2906 3865 2961 omnibus

2254 2982 2589 3042 compertum
2618 2983 2721 3036 est,
2740 2976 2823 3045 ita
2867 2985 2925 3029 ut
2946 2975 3163 3045 quidam
3209 2976 3349 3030 inter
3377 2976 3667 3032 canonicas
3704 2976 3861 3032 Scri-

2256 3052 2439 3117 pturas
2468 3044 3069 3114 ipsum‘referrent,alii
3111 3062 3240 3103 vero
3271 3047 3418 3101 illum
3441 3048 3525 3102 vel
3556 3048 3696 3102 inter
3723 3064 3859 3117 apo-

2254 3114 2455 3186 crypha
2481 3126 2536 3171 et
2561 3117 2956 3173 contemnenda
2978 3117 3287 3186 rejicerent,
3322 3118 3541 3173 modum
3578 3114 3821 3175 exceden
3838 3149 3859 3161 -

2258 3193 2340 3240 tes
2368 3188 2648 3257 utrinque;
2678 3203 2783 3243 non
2805 3190 2949 3243 enim
2972 3187 3165 3245 librum
3191 3189 3330 3244 hunc
3351 3190 3512 3244 veluti
3537 3191 3858 3246 canonicum

2257 3258 2531 3330 suspicere
2561 3261 2639 3315 las
2668 3271 2780 3324 est,
2813 3260 2909 3315 sed
2937 3270 3085 3317 certe
3113 3271 3362 3330 tanquam
3403 3261 3528 3317 lidei
3579 3260 3862 3318 catholica:

2259 3329 2623 3402 utilissimum,
2643 3332 2965 3401 plurimique
2987 3329 3285 3387 faciendum
3308 3330 3551 3402 judicare
3573 3332 3860 3389 debemus.

2255 3400 2407 3473 Quod
2430 3415 2608 3458 autem
2635 3402 2702 3457 ad
2734 3400 2886 3457 hunc
2904 3404 3079 3459 locum
3110 3400 3361 3473 pertinet,
3394 3414 3542 3459 recte
3573 3419 3641 3459 ex
3673 3404 3867 3473 hujus-

2258 3470 2401 3526 tnodi
2427 3474 2603 3528 verbis
2627 3473 2962 3543 eoujicimus,
2993 3470 3186 3529 librum
3215 3473 3282 3530 de
3302 3471 3561 3531 Oratione
3586 3490 3614 3527 a
3643 3470 3864 3531 Ter'tulo

2256 3543 2423 3616 lianor
2448 3544 2716 3600 catholico
2764 3544 2939 3600 adhuc
2964 3544 3128 3601 fuisse
3147 3547 3534 3616 conscriptum.
3566 3543 3698 3600 Nam
3724 3561 3856 3602 cum

2256 3615 2355 3669 sibi
2407 3615 2632 3671 Pastoris
2670 3617 3042 3673 auctoritatem
3084 3617 3302 3686 objiciat
3326 3659 3342 3681 ,
3392 3632 3501 3671 non
3539 3617 3857 3672 damnando

2258 3686 2487 3757 repellit,
2518 3687 2611 3743 sed
2644 3687 2966 3757 explicando
2994 3687 3097 3756 sibi
3123 3688 3394 3745 conciliat.
3427 3688 3567 3755 Quin
3610 3687 3778 3754 addit,
3807 3690 3862 3745 si

2260 3756 2485 3830 licrtuas
2523 3774 2712 3830 revera
2722 3756 2733 3757 ί
2758 3768 2878 3828 post
2907 3759 3204 3814 orationem
3236 3776 3305 3815 ex
3337 3761 3566 3830 quadam
3596 3760 3863 3830 religione

2261 3829 2629 3895 consedisset,
2663 3828 2716 3886 id
2744 3832 2813 3884 ad
2841 3829 3238 3886 observationem
3260 3828 3528 3896 vindicari,
3558 3828 3762 3886 scilicet
3783 3831 3860 3886 ad

2260 3898 2376 3973 ejus
2404 3901 2775 3967 imitationem,
2808 3900 2923 3957 ﬁeri
2948 3903 3142 3957 merito
3176 3905 3435 3972 potuisse.
3469 3901 3687 3957 Accedit
3708 3902 3860 3973 quod

2260 3971 2394 4025 infra
2435 3972 2758 4042 Scripturam
2781 3974 3085 4040 nominans,
3119 3971 3328 4029 Hermae
3354 3973 3546 4029 librum
3576 3971 3860 4030 canonicis

2260 4042 2551 4115 Scripturis
2588 4044 2916 4115 conjungere
2953 4044 3186 4100 videtur.
3216 4045 3414 4100 Contra
3447 4045 3673 4113 ipsemet
3699 4046 3852 4100 scri-

2259 4123 2392 4186 ptor
2411 4113 2463 4186 in
2497 4113 2732 4169 Montani
2759 4113 2954 4182 castra,
2982 4115 3337 4186 lucresimque
3362 4115 3633 4186 delapsus,
3665 4115 3859 4172 Pasto-

2261 4184 2336 4239 ris
2365 4183 2546 4252 lidem,
2588 4194 2747 4255 atque
2783 4186 3153 4242 auctoritatem
3199 4183 3323 4243 totis
3344 4230 3360 4256 ,
3390 4196 3447 4242 ut
3473 4183 3644 4253 aiunt,
3673 4188 3861 4244 nervis

2259 4255 2491 4328 elevare,
2514 4267 2567 4312 et
2592 4257 2877 4328 infringere
2905 4267 3147 4321 conatur,
3178 4269 3236 4315 ut
3259 4274 3323 4314 ex
3348 4255 3465 4328 ejus
3490 4259 3629 4315 libro
3651 4257 3719 4313 de
3746 4259 3859 4314 Pu-

2257 4326 2459 4396 dicitia,
2490 4342 2612 4400 cap.
2644 4327 2713 4384 10
2735 4326 2789 4385 et
2813 4345 2933 4400 cap.
2958 4328 3029 4386 20
3049 4370 3074 4400 ,_
3096 4340 3308 4386 constat
3330 4371 3345 4394 ,
3380 4326 3547 4400 quem
3575 4338 3725 4386 certe
3756 4345 3858 4399 po.

2256 4395 2517 4456 stremum
2560 4395 2756 4456 librum
2799 4400 2853 4456 in
2881 4395 3277 4458 haereticorum
3319 4395 3853 4527 olli-gnaprocudit.

3468 4487 3630 4527 nan.

3468 4487 3630 4529 UBAT.

2351 4541 2410 4613 h)
2442 4542 2723 4617 Scriptura
2745 4547 2868 4615 fere.
2901 4543 3339 4602 Subaudiendum
3367 4542 3431 4599 ab
3471 4544 3724 4610 omnibus,
3747 4543 3859 4617 ,aut

2252 4613 2579 4670 addendum.
2603 4614 2669 4672 G.
2701 4613 2986 4673 Psucmos.

2177 3296 2224 3361 C

545 4660 1183 4757 ἔέξίπῖιὶῖὶίὀὶῖίίᾖτρᾷᾖῖίὶ
1207 4660 1517 4757 (armis.
1542 4660 1784 4757 31,331.13:
1811 4660 2145 4755 astruit;
2174 4660 2228 4721 D
2253 4660 3018 4757 ‘fei"ante'totf‘sa'ﬁzét
3059 4704 3074 4742 :
3120 4686 3250 4744 illud
3298 4702 3406 4743 non
3451 4687 3855 4744 vindicaremus

544 4758 738 4829 inquit,
757 4751 801 4812 Si
818 4754 959 4812 aliud
980 4751 1219 4829 fecisset,
1241 4753 1380 4807 hunc
1395 4751 1762 4829 imitaremur?
1783 4751 2141 4825 nequaquam.

543 4824 935 4885 G.'PANCIn.-—
962 4825 1239 4897 Assignata
1258 4825 1523 4897 oratione.
1566 4824 1881 4897 Absolutum
1901 4868 1917 4892 ,
1948 4836 2003 4881 et
2025 4842 2146 4895 pcr-

540 4910 717 4956 actam
757 4899 1058 4954 orationem
1078 4894 1393 4964 'signilicat,
1423 4894 1735 4966 metaphora
1761 4896 1989 4952 deducta
2011 4894 2043 4953 e
2073 4898 2145 4953 si-

542 4972 680 5040 gnis,
709 4979 764 5026 et
805 4968 1014 5041 sigillis,
1039 4982 1158 5041 quae
1198 4966 1613 5041 tum_epi_stolis,
1656 4970 2143 5041 tum_testamentis

542 5035 766 5114 abicique
815 5035 1010 5097 ta'bulis
1055 5035 1166 5108 jam
1196 5035 1455 5093 conlectis
1484 5037 1680 5108 apponi
1713 5037 1977 5095 solebant.
2022 5040 2139 5097 Mu-

541 5128 672 5170 RAT.

614 5185 680 5255 (l')
712 5181 1121 5256 Assidendintos
1141 5178 1551 5256 est._Christia_ui
1579 5188 1671 5256 aut
1700 5189 1938 5249 stantes,
1964 5194 2056 5256 aut
2081 5186 2134 5241 in

578 5251 713 5312 enua
759 5252 1176 5326 procumbentes
1221 5251 1390 5326 Deum
1443 5251 1741 5326 adorabaut
1765 5295 1781 5321 ,
1842 5253 2135 5325 precesque

563 5322 853 5384 insidebant.
904 5324 1051 5380 Trita
1108 5332 1193 5379 est
1239 5322 1562 5379 observatio.
1608 5322 1807 5380 Verum
1843 5322 2134 5383 nonnullis

538 5415 728 5455 eorum
762 5413 861 5469 per
882 5395 1178 5469 orationem
1207 5393 1503 5469 sedendum
1528 5409 1651 5451 esse
1681 5395 1991 5469 videbatur,
2022 5414 2132 5455 non

579 5472 680 5527 uod
707 5465 1243 5540 détatigatisedibus
1269 5465 1586 5540 indigerent,
1614 5466 1707 5523 sed
1749 5468 2133 5540 superstitiosis

563 5537 768 5598 errasse
788 5537 1084 5597 rationibus
1104 5537 1269 5593 ducti.
1304 5537 1503 5594 Eorum
1529 5537 1973 5596 consuetudinem
2002 5540 2134 5597 Ter-

532 5613 786 5668 tullianus
815 5610 1103 5668 redartmit.
1138 5608 1352 5664 Murum.

616 5684 693 5755 (ε)
736 5682 856 5737 Nisi
893 5683 937 5755 si
967 5679 1208 5755 Hermas.
1243 5679 1340 5735 Hic
1379 5691 1464 5755 est
1492 5680 1716 5755 Hermes
1741 5697 1900 5753 quem
1930 5681 2136 5742 Paulus

532 5751 686 5823 jubet
711 5754 929 5808 salutari
958 5752 1022 5806 ad
1049 5751 1206 5807 Rom.
1249 5765 1372 5823 cap.
1403 5752 1497 5807 ult.
1534 5752 1733 5823 Dicitur
1757 5751 2133 5823 composuisse

539 5821 732 5893 librum
771 5824 859 5893 qui
887 5821 1428 5893 Pastorinscribitur,
1457 5823 1524 5878 de
1548 5838 1656 5893 quo
1681 5821 2018 5893 Niceph‘nrus
2055 5827 2128 5883 ita

534 5890 798 5959 loquitur,
832 5892 924 5948 lib.
954 5891 995 5947 ll
1046 5890 1180 5948 llist.
1213 5891 1406 5951 eccles.
1430 5932 1445 5960 ,
1480 5890 1607 5963 cap.
1649 5893 1747 5955 ult.
1783 5890 2124 5965 {Accipimus

2249 4754 3000 4832 ad_ora_ndi_observantiam;
3032 4774 3162 4832 ergo
3193 4774 3368 4831 neque
3394 4773 3597 4815 morem
3627 4759 3682 4814 in
3704 4758 3854 4815 lecto

2247 4826 2491 4883 sedendi.
2521 4827 2587 4884 ϐ.
2620 4829 2910 4887 chrsoe.
3098 4826 3121 4832 ⁷
3281 4826 3295 4831 ⁷
3369 4864 3376 4871 .

2319 4898 2383 4971 (j)
2409 4896 2631 4974 Etnunc
2656 4902 2894 4974 positum.
2928 4903 3074 4974 Lego
3102 4920 3114 4956 :
3145 4910 3230 4959 est
3253 4902 3355 4958 hoe
3378 4902 3649 4974 [positum
3678 4899 3848 4957 Scili-

2246 4979 2327 5025 cet
2351 4971 2491 5044 quod
2517 4972 2716 5044 sederit
2742 4972 2795 5028 in
2820 4974 2983 5039 lecto,
3010 4971 3099 5030 est
3118 4971 3435 5044 simpliciter
3460 4973 3713 5043 positum,
3734 4988 3843 5030 nec

2246 5049 2306 5095 ut
2332 5041 2635 5099 traderetur
2666 5043 2797 5117 iure
2817 5046 3158 5114 observatio,
3185 5041 3282 5102 sed
3309 5052 3368 5101 ut
3393 5041 3484 5102 res
3506 5052 3666 5115 prout
3684 5055 3847 5117 gesta

2242 5122 2326 5167 est
2355 5124 2733 5183 exponeretur.
2758 5114 2827 5171 G.
2874 5118 3163 5173 PANCIROL.

2311 5182 2395 5255 (Κ)
2428 5182 2906 5259 ᾨιιῃιίαάρναδδεηι.
2947 5191 3085 5245 Sunt
3131 5190 3245 5259 ipsa
3297 5185 3533 5259 Pastoris
3575 5186 3749 5259 verba
3787 5187 3846 5243 in

2238 5256 2631 5330 proasmiolib.
2655 5256 2720 5323 ll,
2753 5274 2874 5330 quae
2903 5261 2955 5315 in
2998 5256 3164 5316 editis
3198 5260 3271 5314 ita
3314 5272 3376 5314 se
3417 5258 3618 5317 habent
3665 5257 3847 5315 :Cuns

2238 5344 2460 5402 orassent
2488 5328 2727 5402 domi,_t_tt
2764 5328 3099 5387 consedissem
3119 5346 3285 5402 supra,
3302 5330 3510 5402 lectum,
3537 5330 3743 5402 intrauit
3766 5331 3848 5385 vir

2235 5396 2481 5473 quidam,
2499 5410 2606 5456 etc.
2659 5399 2784 5455 lltec
2808 5403 2993 5473 igitur,
3027 5413 3085 5457 ut
3110 5396 3476 5458 Tertullianus
3504 5401 3698 5472 inquit,
3724 5416 3839 5473 non

2236 5469 2403 5525 refert
2442 5471 2685 5543 Hermas,
2715 5480 2774 5528 ut
2807 5469 3105 5531 scdendum
3132 5482 3252 5543 post
3276 5469 3704 5528 orationem—nos
3727 5472 3836 5527 do-

2241 5550 2382 5615 (ἔξω,
2416 5542 2601 5615 βςξάίυι
2629 5543 2865 5600 historiae
2905 5559 3018 5600 sua:
3058 5542 3423 5600 narrationem
3465 5552 3841 5615 persequatur.

2243 5610 2311 5667 Et
2341 5612 2468 5683 quid
2497 5614 2564 5680 si,
2592 5615 2844 5686 addit,'in
2868 5615 3133 5681 cathedra,
3163 5625 3254 5673 aut
3295 5610 3534 5671 subsellio
3564 5610 3684 5685 post
3708 5629 3842 5686 pre-

2238 5698 2329 5739 ces
2356 5695 2600 5759 peractas
2623 5685 2741 5757 quis
2766 5688 2975 5756 sedeat,
3009 5703 3133 5744 num
3160 5688 3214 5743 in
3250 5687 3596 5759 scripturam,
3619 5685 3725 5742 hoc
3742 5693 3842 5759 est

2235 5764 2423 5811 contra
2448 5757 2670 5830 Aﬂermze
2707 5767 3034 5830 praeceptum
3054 5759 3335 5830 peccabit,
3365 5757 3549 5830 quiin
3597 5757 3796 5830 lectulo
3816 5797 3840 5825 .

2233 5834 2413 5882 etnon
2445 5828 2498 5882 in
2541 5827 2821 5893 subsellio,
2864 5827 2978 5885 sive
3016 5827 3072 5885 in
3101 5828 3357 5886 cathedra
3392 5827 3564 5886 sedit?
3614 5827 3841 5885 Maus.

2303 5897 2377 5967 (Ι)
2406 5899 2503 5961 Aut
2531 5899 2768 5961 subsellio
2794 5902 2997 5965 sederit.
3032 5900 3250 5967 Desidet
3271 5915 3366 5967 eos
3390 5902 3479 5973 qui
3503 5898 3843 5978 «Pastoris
