4184 6258
292 415 427 481 1173

1536 411 1744 468 LIBER
1784 409 1876 468 DE
1913 407 2289 469 ORATIONE.
2354 404 2355 409 “

3454 409 3598 468 1174

290 540 406 596 inde
434 537 634 594 faciant
680 532 927 591 nationes
952 531 1053 606 (a),
1072 528 1308 590 adoratis
1328 528 1652 601 sigillaribus
1676 527 1752 602 (b)
1777 529 1890 585 suis
1915 538 1969 601 Α
1997 528 2166 600 magis
2192 528 2293 584 sub
2317 535 2611 597 conspectu
2639 524 2737 584 Dei
2766 526 2904 597 vivi,
2936 528 3127 600 angelo
3156 526 3331 586 adhuc
3364 528 3437 601 (ε)
3462 546 3589 589 ora-

289 629 591 693 residendo,
612 629 708 685 'vel
751 626 825 701 (ε)
854 635 1138 699 propterea
1159 624 1213 680 in
1238 622 1392 680 nobis
1414 623 1739 695 reprehendi
1768 638 1882 680 me-

287 731 457 789 retur,
487 721 631 794 quod
658 719 799 793 apud
833 718 972 776 idola
1002 716 1087 791 (d)
1122 716 1451 773 celebratur.
1479 716 1559 772 Eo
1596 717 1884 788 apponitur

291 824 341 872 et
365 815 724 872 irreverentia:
748 812 973 878 crimen,
997 811 1158 866 etiam
1182 809 1315 880 ipsis
1330 808 1658 878 nationibus,
1681 809 1727 865 si
1751 808 1881 879 quid

288 914 553 980 saperent,
589 903 1019 975 intelligendum.
1056 901 1332 974 Siquidem
1358 902 1659 959 irreverens
1683 910 1766 957 est
1788 914 1879 956 as-

1989 622 2149 678 tionis
2179 629 2405 686 astante,
2434 618 2630 676 factum
2659 620 2798 676 istud
2830 620 3338 693 irreligiosissimum
3356 632 3458 692 est,
3482 625 3587 682 nisi

1987 715 2379 787 exprobramus
2406 715 2541 783 Deo,
2572 714 2713 783 quod
2746 729 2844 770 nos
2868 716 3041 771 oratio
3067 714 3383 787 fatigaverit.

2450 804 2681 863 CAPUT
2719 805 2861 863 xvn
2901 806 2971 879 (ί)
3001 805 3101 880 (ι).

2058 901 2218 974 Atqui
2242 916 2364 957 cum
2413 901 2674 958 modestia
2711 910 2766 957 et
2795 900 3091 957 humilitate
3129 901 3435 971 adorantes,
3467 919 3584 961 ma-

287 999 456 1055 sidere
500 996 601 1053 sub
636 1007 960 1068 conspectu,
1002 1004 1302 1067 contraque
1348 1003 1694 1067 conspectum
1739 994 1879 1065 ejus,
1980 997 2064 1070 gis
2089 993 2584 1053 commendabimus
2611 994 2721 1049 Deo
2763 1009 2952 1065 preces
2993 1002 3222 1062 nostras,
3254 1012 3323 1052 ne
3350 995 3480 1067 ipsis
3506 996 3587 1070 (g)

288 1108 436 1165 quem
468 1106 628 1164 quam
656 1089 889 1148 maxime
910 1090 1230 1160 reverearis,
1258 1104 1322 1147 ac
1348 1091 1653 1159 venereris;
1680 1098 1881 1162 quanto

1983 1088 2202 1163 quidem
2241 1087 2490 1145 manibus
2514 1087 2798 1145 sublimius
2834 1088 2989 1146 elatis
3012 1087 3093 1163 (2)
3114 1132 3129 1159 ,
3157 1089 3252 1146 sed
3290 1098 3587 1162 temperate

1481 1204 1861 1264 LECTlONES
1897 1204 2316 1264 VARIANTES.

338 1321 408 1389 (ι)
440 1322 557 1388 Cap.
582 1319 697 1374 xm
720 1316 862 1374 alias.

2040 1319 2116 1387 (2)
2148 1320 2304 1373 Elatis
2319 1319 2580 1373 delendum
2602 1325 2759 1375 censet
2780 1323 2903 1373 Jun.

1600 1430 2161 1491 COMMENTARIUS.

278 1548 407 1603 libro
447 1554 570 1618 post
606 1547 905 1603 orationem
936 1555 1309 1616 argumentum
1349 1548 1572 1606 sedendi
1614 1558 1857 1617 sumunt,

313 1619 409 1674 uod
430 1634 553 1674 cum
580 1618 693 1687 ipse
725 1619 775 1673 in
799 1620 937 1674 lecto
967 1618 1188 1684 sederit,
1216 1618 1269 1673 in
1293 1634 1516 1675 scamno
1546 1639 1649 1677 non
1673 1623 1744 1677 sit
1771 1636 1858 1675 se-

310 1690 532 1766 cndum;
564 1706 686 1745 nam
716 1690 941 1766 idesset
979 1690 1345 1766 contraillam
1385 1693 1729 1766 scripturam,
1772 1691 1861 1746 ubi

273 1761 382 1833 ipse
420 1762 481 1833 in,
512 1762 651 1817 lecto
677 1761 833 1827 sedit,
876 1776 980 1815 non
1010 1761 1064 1815 in
1091 1759 1365 1833 cathedra.
1401 1762 1464 1833 G.
1494 1759 1784 1820 l’sucmbn.

340 1833 411 1905 (a)
444 1832 570 1905 Cum
611 1833 820 1905 perinde
865 1833 1055 1905 faciant
1098 1832 1344 1905 nationes.
1388 1828 1645 1892 Similiter
1673 1834 1866 1890 faciant

272 1902 483 1962 ethnici.
512 1902 816 1974 qui'sedeut
839 1902 1077 1959 adoratis
1098 1903 1420 1973 sigillaribus
1448 1908 1579 1962 suis.
1613 1906 1687 1962 lta
1717 1906 1860 1961 enim
1893 1910 1941 1974 Β

270 1974 603 2045 appellabant
631 1989 727 2030 sua
756 1974 917 2038 idola,
949 1984 1005 2030 et
1032 1976 1182 2045 signa
1209 2016 1223 2035 ,
1265 1982 1322 2029 ut
1347 1976 1478 2030 alias
1504 1978 1703 2034 dictum
1731 1986 1812 2032 est
1837 2019 1853 2042 ,

270 2045 357 2101 lib.
398 2046 467 2101 de
500 2047 692 2101 Anima
713 2088 728 2112 ,
761 2060 880 2116 cap.
906 2046 960 2109 7,
992 2062 1137 2099 num.
1169 2045 1293 2111 114,
1322 2056 1375 2100 et
1405 2048 1616 2104 advers.
1664 2050 1857 2103 Valen-

271 2118 389 2184 tin.,
418 2132 537 2188 cap.
569 2117 639 2189 12
659 2126 715 2173 et
731 2132 850 2188 cap.
875 2116 964 2185 18,
981 2127 1033 2173 et
1050 2127 1132 2172 est
1155 2117 1295 2189 apud
1320 2117 1667 2188 Macrobium,
1699 2120 1793 2175 lib.
1811 2119 1853 2186 Ι,

269 2190 537 2243 Saturnal.
567 2188 635 2246 ϐ.
656 2189 950 2244 Pancznon.

334 2261 412 2331 (b)
443 2260 772 2332 Sigillaribus
796 2261 919 2332 suis.
935 2258 1218 2332 Sigillaria,
1252 2274 1344 2315 seu
1370 2262 1564 2332 sigilla,
1596 2273 1748 2319 erant
1778 2263 1854 2319 si-

264 2328 361 2403 gna
386 2328 568 2401 parva,
593 2346 687 2403 seu
710 2328 1459 2401 icunculai,'etimagunculiu,
1486 2328 1856 2390 ac'simulacra

265 2402 484 2458 deorum
509 2402 670 2457 modo
698 2402 974 2472 palmaria,
1007 2403 1166 2456 modo
1190 2402 1460 2464 cubitalia,
1494 2408 1563 2459 ita
1595 2406 1853 2460 membris

264 2474 548 2530 artiﬁciose
564 2485 863 2543 compacta,
894 2482 949 2528 ut
971 2472 1151 2527 nervis
1180 2482 1368 2539 tracta,
1387 2475 1471 2528 vel
1491 2474 1684 2531 fidibus
1706 2484 1849 2530 mota

262 2546 462 2606 vivere,
495 2544 863 2609 obambulare,
888 2552 943 2598 et
971 2543 1205 2613 reliquos
1228 2544 1443 2599 humani
1470 2548 1711 2615 corporis
1737 2564 1851 2601 mo-

264 2625 341 2670 tus
366 2631 645 2689 exercere,
691 2626 851 2689 atque
881 2615 1075 2689 imitari
1121 2624 1359 2689 possent.
1410 2616 1606 2672 Nostro
1635 2633 1850 2689 quoque

261 2702 372 2742 aevo
390 2687 592 2759 rsimilia
620 2687 900 2759 habemus,
944 2685 1139 2759 quibus
1168 2685 1353 2759 Romae
1379 2703 1576 2744 nomen
1605 2685 1688 2744 est
1716 2685 1847 2759 pop-

261 2758 417 2828 pacci,
458 2758 592 2813 etin
622 2756 791 2814 Gallia
822 2758 1173 2819 marioneues,
1220 2758 1390 2828 iisque
1436 2756 1729 2815 comoedias
1761 2756 1847 2815 iu-

262 2830 466 2901 tertium
485 2828 904 2901 actasvidimus.
926 2831 1278 2898 Nsupéswmu
1291 2828 1463 2901 Graeci
1490 2832 1847 2901 appellabant.

259 2901 336 2956 Ad
367 2899 669 2971 hujusmudi
701 2899 986 2955 simulacra
1011 2902 1260 2956 alludens
1289 2899 1542 2957 Horatius
1562 2899 1738 2958 aiebat
1763 2919 1777 2955 :

404 3038 479 3105 In
502 3039 618 3105 mihi
638 3040 725 3102 qui
745 3038 1018 3105 imperitas,
1042 3038 1149 3105 aliis
1170 3041 1514 3105 servismiser,
1545 3047 1695 3105 atque

403 3101 637 3163 Duceris,
659 3101 720 3151 ut
739 3103 910 3152 nervis
928 3101 1107 3152 alienis
1130 3101 1312 3153 mobile
1327 3102 1533 3167 lignum.

255 3206 451 3281 Praeter
480 3206 823 3281 Aristotelem
843 3247 858 3273 ,
890 3207 981 3277 qui
1011 3207 1064 3261 in
1095 3206 1188 3281 lib.
1220 3207 1289 3263 de
1320 3207 1531 3281 Mundo
1588 3210 1844 3281 sigillaria

1965 1556 2101 1611 tum,
2120 1544 2220 1622 sed
2235 1553 2290 1601 et
2312 1560 2342 1601 e
2367 1544 2600 1622 Pindaro
2622 1557 2687 1602 ac
2708 1546 2998 1603 Plutarcho
3032 1548 3305 1617 discimus,
3342 1552 3568 1622 gentiles

1966 1618 2316 1672 consuevisse
2369 1616 2649 1673 assidere.
2706 1628 2988 1688 postquam
3038 1632 3242 1677 stantes
3294 1616 3565 1680 orassent.

1967 1688 2230 1766 Pindarus
2271 1690 2415 1766 enim
2435 1730 2448 1753 ,
2469 1689 2584 1766 _od_c
2629 1689 2661 1743 6
2685 1731 2700 1756 ,
2733 1688 3254 1766 isthm.,_descriptis
3283 1695 3532 1764 precibus
3551 1740 3565 1766 ,

1967 1775 2101 1832 quas
2130 1759 2388 1816 Hercules
2418 1758 2484 1814 ad
2523 1759 2654 1815 deos
2683 1760 2927 1830 miserat,
2959 1762 3074 1819 haec
3100 1758 3317 1821 subdit':

2402 1852 2452 1924 ῥς
2476 1857 2547 1912 ἄρα
2570 1863 2690 1909 utrm,
2721 1863 2855 1902 αὐτίκα

2405 1922 2534 1971 Baro.
2563 1951 2574 1962 .
2598 1954 2606 1963 .
2634 1954 2643 1963 .
2669 1954 2678 1963 .

1964 1997 2054 2075 Sic
2094 1994 2326 2075 loeutus,
2372 1997 2545 2050 statim
2585 1997 2831 2075 consedit.
2881 1997 3359 2075 Plutarchusvero
3387 2002 3560 2075 legem
3656 1990 3662 1996 ’

1965 2069 2103 2124 hanc
2132 2084 2163 2122 a
2191 2068 2358 2140 Numa
2394 2068 2780 2140 promulgatam
2803 2079 3018 2125 narrat:
3048 2070 3115 2126 Ut
3135 2072 3391 2140 sedeatur,
3420 2068 3557 2132 nvest-

1960 2156 2114 2212 quam
2142 2139 2412 2213 adoratum
2440 2138 2612 2213 fuerit.
2648 2140 2774 2195 Hmc
2800 2140 2889 2213 ille
2917 2142 2969 2196 in
2998 2141 3162 2212 ipsius
3184 2138 3509 2201 NumasVita
3536 2164 3551 2213 ;

2002 2227 2190 2284 uorum
2236 2211 2395 2284 etiam
2450 2210 2714 2284 triplicem
2764 2210 3174 2284 explicationem
3217 2215 3439 2284 profert.
3490 2210 3550 2272 In

2002 2228 2190 2266 uorum
2236 2228 2395 2264 etiam
2450 2228 2714 2281 triplicem
2764 2228 3174 2281 explicationem
3217 2228 3439 2284 proteri.
3492 2228 3549 2272 In

1960 2228 2359 2356 aumstionibus
2392 2296 2524 2336 vero
2555 2281 2818 2356 Romanis
2841 2283 3020 2350 tradit,
3050 2300 3149 2340 suo
3175 2301 3387 2356 quoque
3413 2296 3549 2343 tem-

1962 2369 2091 2422 pore
2109 2354 2390 2426 usitatum,
2420 2361 2477 2406 ut
2500 2352 2590 2422 qui
2624 2355 2820 2426 precati
2844 2364 3022 2426 essent
3041 2370 3105 2411 ac
3131 2352 3469 2426 adorassent,
3497 2360 3550 2416 in

1960 2424 2173 2491 templis
2197 2432 2496 2493 perstarent
2517 2438 2580 2478 ac
2601 2424 2872 2479 sederent.
2892 2425 3252 2493 Quamobrem
3275 2424 3554 2487 Tertullia-

1959 2512 2060 2569 nus
2090 2496 2191 2569 hac
2213 2495 2631 2569 itidemratione
2646 2494 2981 2569 Christianos
3008 2509 3127 2569 post
3148 2500 3446 2557 orationem
3470 2517 3553 2557 sc-

1957 2566 2088 2622 dere
2110 2567 2294 2622 solitos
2325 2566 2595 2638 objurgat,
2634 2566 2775 2636 quod
2803 2566 3083 2638 gentilium
3108 2572 3552 2629 consuetudinem

1957 2638 2157 2693 imitari
2184 2638 2514 2693 viderentur.
2548 2637 2767 2692 Μυκη.

2027 2710 2105 2779 (c)
2137 2710 2330 2781 Angela
2379 2709 2850 2781 adhuegorationis.
2880 2706 3073 2781 Sentit,
3101 2709 3256 2764 nobis
3300 2713 3549 2781 angelum

1956 2778 2458 2846 orationis’adesse,
2488 2779 2639 2849 cujus
2662 2783 2796 2833 ratio
2845 2789 2928 2834 est
2976 2778 3240 2837 habenda.
3266 2781 3332 2838 G.
3362 2778 3553 2841 Pancr-

1960 2867 2083 2925 [λοι.τ
2111 2883 2187 2892 -
2210 2851 2404 2925 Angela
2434 2850 2601 2925 adhuc
2623 2851 2868 2925 orationis
2895 2850 3147 2905 adstante.
3208 2854 3435 2925 August.
3481 2857 3551 2912 ad

1959 2923 2213 2989 Probam,
2244 2923 2400 2992 epist.
2434 2921 2559 2985 121,
2580 2922 2853 2977 orationes
2878 2932 3090 2977 n05tras
3118 2921 3457 2983 innotescere
3477 2929 3555 2984 ait

1956 2995 2160 3064 angelis
2209 2993 2296 3063 qui
2319 2992 2611 3064 suntapud
2643 2993 2829 3058 Deum,
2852 3003 2909 3048 ut
2929 2993 3326 3064 quodammodo
3350 3013 3442 3053 eas
3472 2999 3554 3054 of-

1954 3062 2130 3137 ferant
2168 3062 2298 3137 Deo,
2339 3073 2394 3119 ct
2428 3062 2602 3119 dehis
2639 3062 3023 3137 consulant,’et
3060 3067 3207 3137 quod
3236 3083 3301 3123 eo
3323 3069 3547 3137 jubente

1953 3135 2280 3206 implendum
2304 3149 2425 3190 esse
2450 3136 2819 3206 cognoverint,
2859 3136 2959 3191 hoc
2982 3135 3137 3192 nobis
3158 3139 3239 3194 vel
3270 3135 3552 3197 evidenter

1951 3208 2038 3281 vel
2081 3208 2309 3281 latenter
2337 3217 2642 3277 apporteut.
2677 3206 2833 3281 ‘Dixit
2856 3208 3041 3281 enim,
3075 3209 3283 3281 inquit,
3324 3213 3546 3281 angelus

262 3279 531 3353 eleganter
558 3277 891 3353 descripsit,
910 3275 982 3353 ut
1021 3279 1163 3349 apud
1194 3280 1474 3353 Apuleium
1514 3275 1663 3336 illius
1684 3283 1847 3339 inter-
1876 3275 1922 3342 C
1956 3278 2159 3353 homini
2188 3277 2307 3353 :_Et
2345 3275 2487 3333 nunc
2515 3275 2728 3353 quando
2753 3277 2949 3333 orabas
2979 3288 3032 3331 tu
3062 3290 3116 3334 et
3139 3275 3291 3344 Sara,
3320 3275 3424 3353 ego
3446 3284 3543 3339 ob-

255 3348 456 3417 preiem
485 3349 670 3404 videre
700 3360 802 3414 est,
830 3348 899 3404 de
928 3348 1231 3419 iisquoque
1252 3352 1580 3408 mentionem
1608 3355 1846 3409 fecerant

249 3419 571 3493 Herodotus,
606 3421 659 3493 in
687 3418 1285 3493 Euterpe,_Xenoplion,
1315 3423 1367 3477 iu
1394 3422 1699 3493 Symposio,
1731 3425 1836 3480 Lu-

249 3440 571 3487 neroaorus,
606 3440 659 3473 In
687 3440 941 3490 nutcrpe,
968 3440 1285 3491 nenopuon,
1315 3440 1367 3477 tu
1394 3440 1432 3478 δ
1473 3440 1699 3493 mpOSIO,
1731 3440 1835 3480 Lu-

247 3493 451 3565 ciauus,
485 3490 553 3565 de
608 3491 712 3565 Dea
739 3490 908 3560 Syra,
937 3490 1304 3565 Gelliustlih.
1344 3440 1486 3562 Xlll,
1524 3510 1643 3565 cap.
1689 3497 1743 3563 1,
1781 3506 1835 3552 et

244 3561 316 3636 Μ.
348 3562 610 3636 Antonius
638 3562 1039 3636 impera_t_or,gin
1064 3564 1153 3618 lib.
1186 3564 1296 3619 Vlll
1336 3565 1404 3621 de
1432 3561 1643 3636 seipse;
1672 3561 1835 3634 atque

244 3634 333 3711 hic
374 3634 709 3711 potissimum
750 3634 1008 3711 sigillaria
1034 3649 1288 3711 expresse
1327 3634 1578 3711 appellat.
1621 3637 1835 3711 Sigilla-

241 3705 373 3778 rium
398 3716 578 3778 autem
612 3706 665 3759 in
692 3704 1028 3778 ethnicorum
1074 3704 1241 3761 sacris
1279 3704 1480 3763 multus
1514 3718 1630 3763 erat
1669 3704 1829 3778 usus,

242 3775 495 3848 nimirum
548 3773 681 3848 deos
730 3777 913 3848 insana
964 3792 1150 3832 eorum
1181 3779 1508 3848 superstitio
1557 3780 1657 3834 sub
1684 3773 1832 3838 hisce

241 3846 504 3918 icuuculis
533 3846 845 3918 plerumque
878 3847 1066 3918 ligneis
1104 3846 1411 3918 exhibebat,
1443 3852 1710 3918 movebat,
1742 3869 1834 3908 ru-

240 3916 362 3973 dem
408 3916 738 3990 plebeculam
762 3916 1272 3990 'adgvencralionem
1315 3916 1473 3977 simul
1512 3916 1827 3990 concitans,

239 3997 397 4059 atpie
426 3989 816 4044 adorationem.
857 3988 993 4045 Hinc
1028 3992 1327 4057 Arnobius,
1374 3994 1466 4048 lib.
1509 3992 1596 4057 Vl,
1642 3988 1828 4051 contra

241 4058 466 4129 Gentes,
499 4060 799 4130 hujusmodi
824 4076 1027 4116 morem
1067 4062 1292 4118 irridens
1321 4064 1533 4119 aiebat:
1562 4065 1629 4119 Et
1666 4068 1827 4121 (ιὸειί-

236 4134 365 4207 netis
396 4149 425 4185 a
451 4133 555 4186 risu
602 4148 715 4207 eum
749 4133 968 4207 prodiis
996 4134 1369 4207 immortalibus
1389 4178 1404 4201 ,
1437 4136 1694 4207 sigilliolis
1728 4139 1825 4192 ho-

1956 3350 2053 3405 tuli
2102 3350 2401 3405 orationem
2449 3359 2682 3406 vestram
2714 3349 2766 3404 in
2810 3359 3104 3421 conspectu
3144 3349 3382 3477 carli‘tatis
3426 3354 3538 3410 Dei.

3282 3438 3353 3477 te.

3282 3438 3353 3480 ιο.

2010 3492 2163 3549 CAP.
2189 3493 2353 3550 XVII.
2379 3522 2453 3534 —-
2476 3490 2540 3565 (Γ)
2572 3490 2678 3547 Tit.
2708 3490 2837 3549 Cod.
2882 3490 3162 3550 Ambros:
3184 3491 3267 3549 De
3307 3496 3544 3553 manibus

1937 3565 2082 3621 elatis
2109 3576 2158 3622 et
2181 3567 2244 3620 de
2271 3566 2434 3620 vultu.

2010 3635 2090 3708 (g)
2121 3634 2204 3692 Ne
2227 3638 2351 3709 ipsis
2370 3635 2571 3709 quidem
2603 3634 2837 3691 manibus
2863 3636 3028 3691 elatis.
3058 3636 3321 3709 Attollere
3346 3653 3539 3696 manus

1937 3707 2003 3763 ad
2033 3707 2256 3774 caelum,
2284 3719 2338 3763 et
2382 3707 2447 3762 ad
2479 3708 2677 3774 Deum,
2709 3723 2834 3763 cum
2865 3723 3054 3778 preces
3096 3707 3409 3778 funduntur,
3445 3727 3540 3767 ve-

1938 3779 2264 3834 tustissimus
2305 3778 2404 3834 fuit
2446 3793 2563 3833 mos
2595 3792 2698 3832 non
2726 3794 2757 3833 a
2781 3778 2981 3835 Iudaeis
3016 3788 3244 3844 tantum,
3268 3781 3361 3835 sed
3386 3792 3440 3837 et
3468 3783 3537 3838 ab

1936 3851 2165 3905 ethnicis
2200 3860 2507 3920 usurpatus.
2552 3848 2746 3905 Furius
2791 3849 3064 3917 Camillus,
3110 3850 3249 3920 apud
3301 3852 3533 3920 Livium,

1931 3920 2026 3977 lib.
2055 3922 2122 3987 V,
2144 3937 2275 3994 cap.
2294 3923 2357 3994 2|
2393 3937 2407 3975 :
2438 3920 2656 3994 Dicitur,
2686 3937 2867 3994 manus
2882 3920 2960 3994 ad
2994 3922 3175 3994 cmlum
3211 3923 3393 3994 tollens
3422 3942 3540 3994 pre-

1932 4004 2075 4047 catus
2104 3992 2230 4049 esse.
2261 3992 2459 4048 Marius
2496 3993 2658 4048 etiam
2696 3993 2837 4063 apud
2877 3992 3223 4048 Plutarchum
3266 3993 3368 4049 diis
3409 3992 3533 4052 vota

1930 4063 2155 4131 faciens,
2177 4072 2422 4134 νιψάμενος
2444 4069 2537 4125 τὰς
2580 4069 2763 4135 χεῖρας,
2791 4068 2877 4118 nisi
2903 4075 3019 4134 πρὸς
3053 4073 3143 4135 λιι-δν
3170 4067 3360 4135 οὖρανον
3392 4088 3539 4120 σινισ-

1931 4146 2059 4206 χὼν,
2093 4138 2209 4191 lotis
2239 4133 2490 4200 manibus,
2520 4152 2581 4189 ac
2628 4133 2680 4189 in
2718 4136 2899 4189 cazlum
2943 4133 3179 4188 sublatis.
3208 4134 3359 4190 Mitto
3394 4138 3532 4195 alios

235 4204 449 4271 minam,
482 4203 660 4275 {armis
688 4204 989 4273 supplicatis
1011 4205 1248 4259 humanis
1265 4206 1291 4259 ἵ
1315 4203 1553 4272 Quinima
1579 4209 1700 4263 deos
1721 4226 1826 4263 esse

236 4275 500 4348 sigillaria,
529 4276 641 4344 ipsa
671 4276 903 4348 censetis,
944 4291 1035 4328 nec
1067 4286 1270 4348 iprceter
1293 4278 1401 4331 ha’c
1421 4279 1696 4348 quidquam
1727 4281 1827 4333 sint

229 4347 439 4401 creditis
482 4347 663 4401 habere
695 4347 953 4420 fdicinam.
993 4347 1134 4420 Infra
1185 4363 1310 4420 vero
1355 4347 1825 4420 additaSwpenu-

1931 4205 2117 4272 testes,
2146 4222 2209 4262 ac
2248 4207 2546 4278 praesertim
2575 4205 2869 4278 latinorum
2899 4214 3176 4278 poetarum
3205 4207 3522 4278 principem,

1931 4219 2117 4272 testes,
2146 4222 2209 4262 ac
2287 4219 2546 4262 raesertim
2581 4219 2869 4260 latinorum
2937 4219 3176 4258 oetarum
3205 4219 3522 4278 prmcrpem,

1929 4279 2022 4349 lib.
2057 4278 2099 4333 ll
2141 4288 2195 4349 ct
2248 4222 2349 4334 ξω
2393 4275 2632 4340 1Eueid.,
2661 4219 2954 4349 Aristotele
2997 4284 3300 4340 contentus,
3343 4279 3432 4349 qui
3474 4282 3526 4336 in

1926 4348 2021 4404 lib.
2054 4350 2120 4404 de
2149 4348 2380 4414 Mundo,
2417 4354 2607 4421 πάντες,
2658 4346 2849 4415 inquit,
2882 4354 2926 4399 oi
2961 4346 3530 4421 iﬁpwnesﬁnah’vapu

230 4434 374 4474 mero
400 4420 624 4474 videmus
650 4419 712 4473 ab
739 4419 1018 4490 artiﬁcibus
1043 4418 1150 4472 hare
1175 4419 1321 4490 signa
1349 4418 1474 4488 (hoc
1497 4429 1579 4473 est
1597 4418 1820 4475 deorum

1942 4425 2013 4479 ινᾶς
2040 4425 2201 4489 χεῖρας
2227 4424 2293 4479 εἰς
2338 4426 2417 4472 τὸν
2452 4420 2659 4488 stipam,
2690 4422 2833 4487 ιῦχὲις
2859 4423 3153 4486 ποιοὺμενοι.
3195 4419 3383 4475 Omnes
3431 4418 3530 4477 ho-

227 4491 543 4563 simulacra)
568 4491 717 4545 modo
751 4489 982 4563 parvula,
1002 4491 1112 4558 ﬁeri
1134 4530 1150 4556 ,
1177 4489 1231 4545 et
1272 4491 1551 4563 palmarem
1577 4491 1630 4563 in
1656 4492 1825 4544 minu—
1926 4492 2086 4544 mines
2110 4491 2178 4563 ad
2189 4490 2388 4563 Aetelum
2416 4505 2597 4563 manus
2641 4490 3085 4563 tollimus,_preees
3113 4491 3321 4563 facturi.
3352 4493 3523 4549 Porro

226 4563 352 4635 tiem
391 4559 666 4635 contrahi;
691 4559 842 4617 modo
872 4562 926 4635 in
950 4559 1420 4635 immensumiolli,
1464 4571 1511 4614 et
1538 4561 1820 4635 admirabi-
1924 4560 2466 4635 antiquissimushiste
2491 4560 2639 4635 rit_us_
2663 4574 2710 4635 a_
2733 4559 2934 4616 ludatis
2963 4559 3140 4635 potius
3178 4562 3251 4635 in,
3272 4563 3522 4635 gentiles,

227 4633 330 4688 lem
363 4636 415 4689 in
437 4634 823 4721 amplitudinem
835 4633 1114 4721 nsublevari.
1153 4631 1489 4721 Rptilane‘hac
1514 4633 1827 4721 ergaseqnio'
1842 4658 1898 4721 Β
1922 4631 2085 4721 quain
2116 4647 2144 4685 a
2171 4631 2458 4721 gentilibus
2508 4631 2578 4721 ag
2609 4631 2827 4721 Jujdaaos
2865 4631 3144 4721 tga‘ns'iisse
3170 4634 3378 4721 videtur
3406 4652 3423 4695 ;
3451 4631 3525 4691 si;

224 4715 335 4771 tur,
367 4700 722 4778 utintelligere
765 4705 1034 4778 debeamus
1073 4703 1126 4758 in
1164 4702 1419 4778 sigilliolis
1448 4700 1670 4778 parvulis
1693 4700 1896 4759 caui"
1922 4700 2247 4778 quidem,_ut_
2263 4704 2489 4778 habetur
2541 4702 2709 4758 Exodi
2734 4718 2853 4778 cap.
2886 4701 3052 4778 Χνλιι,
3085 4705 3273 4778 vult,
3297 4704 3508 4776 Moyses

221 4780 436 4832 trahere
449 4795 502 4833 se
521 4773 662 4843 deo's,
689 4786 734 4831 et
754 4776 909 4831 alieni
931 4775 999 4828 ad
1022 4773 1250 4846 corporis
1275 4774 1655 4830 similitudinem
1672 4791 1817 4829 εστιν.
1921 4773 2282 4847 ipsesublatis
2306 4776 2358 4832 in
2386 4774 2583 4831 caelum
2612 4774 2857 4847 manibus
2878 4775 3070 4847 orabat
3101 4792 3114 4827 :
3144 4773 3367 4847 Cumque
3386 4773 3520 4833 leva-

219 4851 377 4917 ctari,
403 4860 508 4906 ctc.
541 4848 899 4904 Tertullianus
929 4847 1087 4918 igitur
1108 4844 1165 4900 ut
1186 4847 1314 4901 falsa
1342 4846 1580 4911 numina,
1604 4861 1819 4901 eorum-
1920 4844 1997 4901 ret
2023 4845 2223 4918 Moyses
2248 4863 2449 4918 manus,
2479 4844 2886 4918 vincebatlsrael
2902 4864 2920 4911 ;
2948 4846 3027 4901 sin
3054 4855 3221 4901 autem
3250 4844 3519 4918 paululum

217 4936 335 4991 que
369 4922 517 4992 signa
546 4919 758 4976 decenti
798 4916 1016 4992 nomine
1043 4918 1598 4992 insigniat,__sigillaria
1625 4927 1813 4986 vocat,
1920 4916 2215 4992 remisisset,
2238 4916 2510 4992 superabat
2531 4918 2757 4972 Amalec.
2791 4917 3054 4992 Legimus
3081 4916 3258 4975 etiam'
3293 4921 3344 4974 in
3375 4923 3509 4990 psal.

214 4988 369 5063 quod
412 4988 533 5048 vera
571 5001 816 5063 carerent
850 4990 1044 5055 anima,
1079 4988 1238 5063 atque
1271 4988 1455 5063 aliena
1482 4997 1682 5063 tanturn
1707 5004 1816 5063 Aope
1919 4988 2225 5063 CXXXIII,
2259 4988 2555 5063 Extollitte‘
2577 5003 2758 5063 manus
2803 4999 2992 5044 vestras
3019 4989 3092 5063 _iu
3139 4998 3352 5063 sancla_,
3378 4988 3508 5048 Vetc.

211 5059 595 5120 moverentur.
620 5063 701 5118 Ab
722 5061 909 5117 eodem
930 5059 1169 5129 auctore,
1196 5062 1246 5114 in
1271 5059 1363 5133 lib.
1388 5059 1600 5133 advers.
1622 5059 1817 5133 Vallen-
1919 5059 2327 5133 ldem__c_o|ligas
2372 5076 2421 5133 e_
2444 5060 2580 5132 psal.
2609 5059 2770 5133 CXL,
2792 5068 2868 5133 et
2905 5074 2972 5115 ex
3018 5059 3262 5133 Lament.
3302 5060 3504 5127 Jerem.

210 5135 349 5204 tiu.,
377 5151 496 5207 cap.
532 5134 620 5201 l8,
644 5133 925 5207 sigillurius
942 5134 1123 5187 ductus
1156 5132 1464 5207 nominatur
1483 5131 1568 5207 his
1593 5132 1770 5207 verbis
1798 5148 1812 5187 :

208 5208 257 5260 A
283 5202 391 5277 qua
421 5202 618 5261 occulto
644 5202 773 5259 nihil
802 5205 1039 5272 sentims,
1064 5212 1114 5277 et
1139 5204 1271 5257 velut
1297 5202 1549 5277 sigillaria
1572 5203 1817 5277 egrtrinse-

206 5270 308 5332 cus
342 5277 524 5342 ducm,
567 5277 622 5331 in
656 5290 853 5329 onmem
878 5270 1220 5344 Operationem
1246 5270 1557 5344 movebatur.
1594 5270 1649 5328 lu
1682 5272 1818 5329 libro

205 5350 386 5403 etiam
407 5348 834 5417 deAnima,cap.
858 5343 918 5412 6,
936 5346 1210 5418 sigillarius
1231 5354 1398 5399 motus
1423 5343 1583 5418 simili
1614 5346 1820 5418 ratione

200 5420 546 5491 appellatur,
574 5419 666 5489 qui
712 5416 793 5471 lit
817 5416 1038 5473 externa
1070 5417 1142 5487 vi,
1187 5426 1237 5472 et
1269 5417 1580 5487 operatione
1630 5416 1821 5488 impel-

198 5491 385 5547 lente.
419 5491 631 5547 Manu.

284 5565 373 5635 (ς)
414 5562 506 5617 Vel
546 5570 831 5635 propterea.
868 5559 951 5635 Qb
986 5559 1243 5635 id_solum_
1258 5559 1472 5635 anubis
1499 5569 1805 5635 estrepre-

192 5628 682 5692 licudendus’mo's
696 5632 941 5699 sedendi,
969 5633 1089 5703 quia
1108 5630 1244 5702 apud
1264 5630 1573 5703 idololatras
1590 5631 1648 5703 id
1666 5628 1809 5687 cele-

186 5708 409 5771 bratur
433 5723 527 5763 seu
559 5708 947 5777 frequentatur.
975 5701 1066 5759 llis
1091 5701 1320 5777 accedit,
1348 5702 1488 5777 quod
1517 5701 1705 5777 sedere
1725 5711 1811 5759 est

184 5777 585 5837 irreverentia:
614 5772 841 5843 crimen,
869 5777 1031 5833 etiam
1068 5774 1208 5849 apud
1237 5772 1597 5840 Christianos,
1641 5772 1686 5830 si
1716 5787 1812 5830 sa-

183 5850 902 5929 perent._G._Paac_tnor..H
1104 5917 1149 5929 u
1331 5917 1374 5929 ___
1444 5926 1451 5929 Α

180 5916 207 5996 ξ
274 5925 373 5997 (d)
403 5923 559 5996 Apud
597 5923 741 5983 idola
776 5920 1076 5982 celebratur.
1104 5917 1223 5981 Non
1258 5933 1292 5979 e
1331 5916 1661 5981 Tertulliano
1690 5923 1813 5976 tan-

1919 5145 2038 5201 cap.
2068 5130 2157 5196 Ill,
2187 5129 2254 5189 uf
2273 5132 2365 5187 41.
2388 5129 2652 5188 cancrum
2672 5129 3008 5187 Christianos
3036 5131 3281 5189 manibus
3323 5133 3376 5188 iu
3398 5147 3513 5191 cm-

1921 5202 2030 5275 lum
2076 5204 2299 5258 sublatis
2335 5217 2492 5259 orare
2539 5202 2905 5270 consuevisse,
2930 5202 3038 5258 imo
3066 5201 3336 5275 debuisse,
3361 5205 3507 5275 Apo-

1921 5274 2060 5346 s_tolo
2098 5276 2460 5346 praecipiente,
2493 5288 2591 5346 seu
2633 5274 2966 5346 monentein
2996 5287 3118 5346 cap.
3164 5273 3209 5329 ll
3240 5274 3341 5346 Ep.
3373 5273 3506 5332 l'ad

1924 5289 2060 5329 SlOIO
2137 5289 2460 5345 l‘t'BClplenle,
2493 5289 2591 5329 seu
2633 5289 2885 5328 monente
2915 5290 2966 5328 in
2996 5289 3118 5343 cap.
3164 5289 3209 5329 ιι
3240 5289 3341 5346 np.
3373 5289 3395 5330 ι
3436 5289 3506 5332 ad

1924 5289 2184 5412 Tinmtln,
2213 5355 2381 5416 patet.
2412 5343 2589 5417 lnquit
2614 5345 2757 5401 enim
2780 5341 2937 5417 gVolo
2966 5344 3097 5399 viros
3117 5360 3263 5400 orare
3289 5347 3343 5400 in
3372 5351 3512 5404 omni

1922 5417 2053 5489 loco,
2077 5415 2296 5489 levantes
2337 5415 2732 5489 puras'ntanus.
2766 5415 3013 5489 Clemens
3041 5417 3224 5489 Alcy,
3268 5418 3359 5474 lib.
3399 5418 3510 5487 νη,

1926 5487 2310 5555 Strom.,istius
2326 5485 2491 5543 moris
2510 5487 2667 5543 ﬁdem
2689 5487 3080 5552 facit,scribens
3101 5505 3114 5542 :
3134 5485 3273 5544 Dum
3286 5485 3509 5560 oramus,

1907 5576 2102 5636 manus
2128 5560 2402 5636 in__emlum
2436 5560 2667 5636 tollimus
2694 5565 2829 5636 sub;
2860 5564 3022 5631 χιῒρας
3067 5565 3133 5622 ci;
3156 5562 3349 5632 οὕρανδν
3372 5568 3504 5636 αἴρο-

1910 5656 2017 5702 μεν.
2044 5631 2124 5702 Ab
2142 5632 2260 5686 aliis
2280 5630 2580 5688 referendis
2599 5632 2865 5696 abstineo,
2887 5630 3007 5685 cum
3033 5642 3085 5687 et
3103 5630 3219 5686 aevo
3242 5630 3436 5689 nostro'
3455 5637 3509 5692 in

1912 5701 2273 5760 ecclesiastica
2303 5703 2537 5775 liturgia,
2568 5711 2623 5757 et
2647 5702 2697 5757 iu
2733 5704 2900 5759 sacris
2941 5702 3203 5761 faciendis
3228 5703 3508 5764 christiani

1914 5775 2476 5849 sacerdotesuntanus
2525 5777 2774 5833 attollant
2828 5778 2995 5849 Deum
3047 5780 3333 5849 precaturi.
3386 5778 3506 5838 Non

1915 5846 2141 5923 quidem
2159 5847 2424 5923 sublimius
2463 5849 2749 5923 attollunt,
2779 5848 2874 5923 sed
2906 5846 3195 5923 temperate,
3225 5868 3285 5906 ac
3326 5851 3503 5923 probe,

1919 5926 1978 5982 ut
2004 5917 2104 5981 hoc
2126 5918 2180 5981 in
2206 5919 2327 5981 loco
2342 5919 2702 5985 Tcrtultianas
2721 5922 2906 5998 exigit,
2931 5917 3184 5987 videlicet
3210 5917 3373 5997 supra
3410 5917 3511 5985 hu—
