4230 6256
546 312 686 374 1183

1974 312 2440 373 TEBTULLIANI

3713 317 3855 378 ΗΜ

545 438 702 501 cepto
734 428 809 503 (α)
829 441 1057 500 corpore
1086 425 1315 494 Domini.
1345 436 1398 484 et
1422 436 1711 494 reservato,
1731 433 2025 502 utrumque
2045 429 2151 486 sal-
2177 431 2230 494 Α
2256 429 2470 502 quidem
2495 431 2671 487 cultus
2751 441 2805 488 et
2861 439 3097 499 ornatus,
3150 441 3337 504 aperta
3388 431 3724 505 praescriptio
3771 442 3861 490 est

2249 525 2412 581 etiam
2440 525 2606 591 Petri,
2633 525 2933 582 cohibentis
2958 526 3148 582 eodem
3177 541 3294 594 ore,
3313 527 3437 598 quia
3459 527 3649 584 eodem
3665 537 3722 584 et
3743 529 3858 598 spi-

547 538 678 578 vum
703 529 807 587 est,
839 531 892 578 et
917 520 1252 592 participatio
1277 521 1549 587 sacriﬁcii,
1581 530 1636 578 et
1657 519 1909 579 executio
1957 522 2144 580 ofticii.

548 613 607 673 Si
650 614 811 669 statio
857 613 925 670 de
974 613 1188 669 militari
1238 615 1483 685 exemplo
1526 631 1719 672 nomen
1768 617 2148 689 accipit(nam

548 715 606 764 et
635 705 818 760 militia
851 704 948 761 Dei
968 722 1160 772 sumus,
1189 705 1230 762 ll
1261 705 1379 762 Cor.
1408 707 1477 774 X,
1506 709 1540 764 4
1571 727 1584 776 ;
1629 708 1648 764 1
1697 708 1828 766 Tim.
1849 710 1893 779 Ι,
1920 711 2024 783 18)
2049 712 2150 767 uti-

552 815 656 872 que
686 799 832 855 nulla
856 800 930 871 (ὁ)
960 801 1166 869 laetitia,
1198 803 1310 857 sive
1355 803 1566 858 tristitia
1608 804 1901 861 obveniens
1931 806 2146 870 castris,

553 891 818 948 stationes
857 892 1084 948 militum
1124 894 1396 972 rescindit.
1438 895 1574 952 Nam
1625 896 1807 954 laetitia
1859 898 2146 966 libentius,

553 987 764 1044 tristitia
791 987 1069 1045 sollicitius
1093 989 1488 1046 administrabit
1511 991 1868 1064 disciplinam.

1050 1080 1277 1138 CAPUT
1318 1081 1416 1137 xx
1461 1083 1533 1156 (ο)
1559 1084 1658 1155 (ι).

624 1176 703 1233 De
732 1175 919 1230 habitu
954 1175 1032 1248 (Δ)
1061 1191 1189 1231 vero
1238 1177 1498 1233 duntaxat
1538 1178 1904 1246 heminarum,
1938 1179 2010 1251 (e)
2064 1195 2158 1234 va-

554 1270 720 1327 rietas
771 1270 1161 1327 observationis
1214 1270 1524 1344 ell‘eeit(2),
1571 1281 1695 1342 post
1759 1273 2158 1328 sanctissimum

556 1363 898 1435 Apostolum,
956 1378 1056 1420 nos
1085 1364 1167 1420 vel
1233 1365 1466 1421 maxime
1507 1365 1705 1420 nullius
1732 1367 1834 1420 loci
1888 1365 2155 1432 homines,

560 1456 899 1529 impudenter
926 1465 1256 1512 retractare:
1314 1457 1414 1510 nisi
1448 1455 1591 1527 quod
1641 1472 1746 1512 non
1795 1456 2156 1527 impudenter,

503 1627 519 1634 _
561 1549 610 1605 si
646 1548 940 1606 secundum
971 1549 1286 1620 Apostolum
1335 1558 1710 1605 retractemus.
1767 1549 1845 1606 De
1897 1549 2160 1610 modestia

2253 618 2382 684 ritu,
2415 633 2520 689 quo
2550 618 2770 688 Paulus,
2801 627 2855 675 et
2881 619 3108 675 vestium
3137 619 3388 691 gloriam,
3413 629 3469 676 et
3496 621 3612 675 auri
3657 637 3857 691 snper-

2254 711 2417 779 biam,
2450 720 2504 768 et
2532 711 2760 768 crinium
2793 711 2868 784 (5)
2893 713 3141 769 lenonem
3169 713 3547 785 operositatem
3578 712 3670 785 (Ῑ).

2753 805 2976 862 CAPUT
3016 806 3139 861 xxr
3191 807 3266 879 (g)
3297 807 3393 880 (4).

2331 901 2436 958 Sed
2457 900 2586 973 quid
2601 901 2679 973 (Ιι)
2696 901 2775 973 (5)
2801 902 3104 973 promiscue
3126 901 3436 958 observetur
3453 917 3546 973 per
3565 902 3866 966 Ecclesias.

2259 994 2409 1065 quasi
2438 994 2698 1070 incertum
2730 993 2779 1048 id
2807 993 3203 1049 retractandum
3229 1003 3314 1048 est
3359 995 3598 1051 velarine
3625 995 3874 1051 debeant

2259 1087 2515 1158 virgines,
2546 1101 2614 1142 an
2647 1103 2772 1142 non.
2802 1087 2900 1156 Qui
2933 1089 3076 1142 enim
3098 1086 3394 1158 virginibus
3425 1085 3702 1159 indulgent
3725 1087 3874 1157 capi-

2264 1180 2330 1236 tis
2360 1178 2420 1250 (i)
2456 1179 2869 1246 immunitatem,
2903 1179 3006 1234 hoc
3041 1178 3136 1233 niti
3162 1177 3416 1233 videntur
3441 1179 3579 1249 quod
3625 1180 3838 1250 Aposto
3862 1208 3878 1220 -

2266 1272 2348 1326 lus
2378 1287 2485 1327 non
2533 1272 2767 1342 virgines
2797 1272 2868 1344 (j)
2901 1272 3240 1336 nominatim,
3272 1271 3367 1328 sed
3419 1271 3666 1327 mulieres
3715 1273 3838 1326 dcsi
3859 1302 3878 1312 -

2267 1366 2516 1438 gnaverit
2541 1365 2793 1422 velandas
2819 1381 2940 1422 esse
2965 1382 2979 1432 ;
3009 1381 3109 1422 nec
3131 1380 3339 1432 sexum,
3371 1374 3432 1420 ut
3458 1364 3660 1421 diceret
3687 1365 3882 1420 tuemi-

2268 1474 2388 1529 nas,
2417 1459 2512 1515 sed
2543 1458 2763 1531 gradum
2794 1474 2975 1524 sexus,
3000 1458 3230 1515 dicendo
3250 1459 3488 1514 mulieres
3517 1457 3539 1532 (
3567 1458 3587 1513 I
3621 1458 3743 1514 Cor.
3774 1457 3881 1524 XI,

2270 1551 2301 1606 5
2329 1551 2372 1624 ).
2403 1550 2535 1607 Nam
2563 1552 2608 1608 si
2638 1567 2823 1608 sexum
2850 1552 3202 1620 nominasset,
3226 1551 3476 1610 feminas
3499 1551 3755 1622 dicendo,
3783 1553 3888 1608 ab-

1793 1645 2174 1703 LECTIONES
2211 1645 2628 1703 VARIANTES.

737 1738 977 1815 iiiP-.312
998 1739 1140 1815 alias;
1213 1803 1222 1812 .

740 1799 896 1876 [inicit
921 1799 1077 1876 Rigal.
1108 1803 1463 1876 Paris.._t:ene_t.
1491 1802 1642 1855 Seml.
1683 1804 1832 1866 Leop.

738 1867 814 1915 An
838 1866 1116 1915 lenoninam
1139 1866 1456 1932 inquitSeml.

627 1737 672 1928 ii

652 1804 682 1852 ‘2

652 1741 704 1930 ii

652 1869 681 1916 3

578 2021 752 2076 statio.
782 2020 953 2077 Statio
985 2037 1082 2091 pro
1104 2022 1306 2090 jejunio
1334 2023 1619 2093 aliquando
1652 2022 1900 2086 sumitur,
1931 2020 2185 2089 quoniam

576 2093 743 2146 statio
785 2093 929 2148 nulla
961 2095 1078 2150 sine
1106 2095 1345 2163 jejunio:
1371 2095 1765 2148 fiebantauteni
1794 2093 2050 2147 stationes
2080 2106 2179 2146 seu

586 2163 892 2232 frequentes
919 2164 988 2218 ad
1041 2166 1326 2221 ecclesiam
1373 2181 1668 2220 concursus
1699 2164 1843 2218 dieb.
1875 2163 2088 2218 veneris
2133 2169 2188 2217 et

585 2235 869 2295 mercurii.
911 2235 962 2289 in
1007 2237 1198 2302 quibus
1250 2246 1404 2292 erant.
1447 2247 1640 2290 statuta
1688 2235 1913 2304 jejunia.
1968 2233 2186 2287 Frivola

586 2315 766 2360 autem
797 2315 878 2360 est
903 2306 1166 2363 dubitatio
1189 2307 1748 2376 Magdeburgensium,
1782 2306 1869 2375 qui
1899 2304 2186 2374 dejejunio

590 2377 1033 2432 Montanistarum
1058 2378 1301 2448 itl'accipi
1330 2378 1531 2440 dicunt,
1559 2379 1684 2432 licet
1712 2379 1853 2431 enim
1885 2376 1950 2430 ad
1983 2390 2176 2448 vespe-

585 2463 701 2501 ram
732 2463 900 2518 usque
930 2449 1353 2516 producerentur
1386 2449 1501 2502 hinc
1518 2450 1807 2503 stationum
1836 2447 2061 2517 jejunia,
2097 2447 2179 2518 ni-

586 2519 663 2575 hil
694 2530 870 2574 tamen
904 2519 1172 2574 haereticis
1200 2521 1304 2575 illis
1324 2520 1610 2583 conducit;
1645 2520 1830 2574 Patres
1858 2524 2055 2587 quippe
2111 2517 2179 2571 il-

585 2589 678 2644 lud
711 2591 848 2646 inter
878 2590 1111 2644 Montani
1166 2606 1378 2646 errores
1431 2609 1534 2645 non
1565 2599 1867 2645 numerant.
1903 2589 1980 2644 LE
2005 2589 2177 2644 Pa.—

587 2663 667 2715 Ad
711 2678 856 2714 aram
889 2661 982 2715 Dei
1029 2662 1246 2716 steteris.
1300 2662 1558 2717 Alludeus
1596 2661 1660 2716 ad
1707 2662 1964 2716 stationes
2015 2661 2180 2714 utitur

591 2733 810 2802 proprio
840 2747 1113 2786 sacrorum
1162 2735 1346 2787 verbo.
1377 2736 1531 2788 Stare
1558 2733 1622 2785 ad
1669 2748 1815 2786 aram
1847 2731 2041 2802 dicitur
2081 2729 2181 2785 de-

587 2801 820 2860 dicatum
836 2805 1029 2857 animal
1058 2804 1287 2858 victima!
1306 2806 1534 2872 patiens.
1567 2803 1840 2873 Virgilius,
1863 2801 1926 2856 11.
1950 2801 2182 2873 Gcorg.:

712 2873 775 2985 ﬁt
795 2888 949 2924 cornu
973 2875 1150 2924 ductus
1166 2876 1313 2926 stabit
1333 2887 1472 2925 sacer
1493 2876 1658 2925 hircus
1683 2874 1741 2924 ad
1759 2887 1908 2924 aram.

763 2950 972 2985 treus....

763 2950 972 2987 II‘CUS....

642 3007 662 3054 t
685 2999 886 3054 lllartial
911 3017 922 3052 :

642 3007 662 3054 t
685 2999 886 3054 lllartial
911 3017 922 3052 :

592 2999 633 3056 Ε
748 3069 864 3120 Vite
885 3082 1068 3121 nocens
1091 3082 1202 3122 rosa
1219 3071 1380 3122 stabat.
1402 3074 1669 3121 moriturus
1691 3071 1748 3120 ad
1774 3083 1883 3119 aras

1462 3133 1656 3198 (illam,
1675 3133 1802 3198 epig.
1828 3133 1907 3191 “ll,
1943 3128 1977 3180 ι.
2005 3130 2130 3193 VII.)

595 3193 723 3250 Inde
751 3203 807 3251 et
836 3196 964 3251 illud
995 3214 1009 3250 :

693 3263 844 3332 IIo_de,
861 3281 1026 3332 (aper,
1045 3268 1214 3328 vitem,
1236 3275 1396 3318 tamen
1420 3267 1534 3316 hinc
1555 3281 1664 3318 cum
1687 3267 1840 3318 stabis
1855 3264 1914 3314 ad
1931 3277 2083 3332 aram,

750 3329 811 3394 In,
831 3327 1064 3394 tua'quod
1087 3327 1248 3394 spargi
1267 3343 1446 3381 cornua
1472 3332 1639 3394 possit,
1667 3332 1778 3379 erit.
1936 3327 2043 3394 B10.

671 3390 750 3466 (ᾳ)
779 3389 995 3466 Accepto
1047 3389 1258 3466 corpore
1299 3389 1505 3447 Domitii
1545 3404 1590 3446 et
1629 3389 1915 3466 reseruato._
1958 3391 2027 3446 Et.
2085 3389 2189 3466 hoc

601 3460 825 3536 eruditis
849 3460 1336 3536 compertissimum
1377 3475 1480 3530 est,
1503 3474 1714 3520 veteres
1735 3463 2040 3536 christiana:
2063 3460 2191 3536 relif

601 3535 775 3605 gionis
799 3531 1034 3592 cultores
1082 3537 1347 3591 interdum
1376 3537 1724 3591 consuevisse
1755 3549 1951 3602 corpus
1995 3531 2193 3605 Christi

603 3604 633 3657 a
665 3608 945 3662 sacerdote
968 3617 1248 3677 acceptum
1279 3607 1488 3662 deferre
1518 3624 1726 3671 secum,
1758 3617 1818 3660 ut
1855 3605 1999 3659 domi
2033 3619 2096 3659 ac
2141 3604 2193 3656 in

607 3677 829 3747 privatis
849 3679 1095 3746 precibus
1109 3679 1510 3732 nntnducarent:
1530 3695 1646 3747 qua:
1665 3677 1998 3734 consuetudo
2019 3693 2046 3729 a
2066 3689 2198 3747 con-

606 3746 750 3816 ciliis
770 3745 954 3813 poStea
981 3748 1185 3801 sublata
1219 3748 1456 3802 fuit.llnc
1475 3745 1632 3812 igitur
1657 3749 1881 3810 omisso,
1901 3749 2000 3802 alia
2021 3745 2198 3816 potius

607 3815 995 3871 consideranda
1039 3829 1348 3872 occurrunt.
1393 3818 1611 3874 Scilicet
1647 3835 1714 3873 ex
1755 3819 1856 3873 hoc
1878 3815 2198 3874 Tertulliani

611 3887 729 3940 loco
759 3888 1117 3941 recentiorum
1137 3888 1493 3956 quorumdam
1526 3890 1901 3944 haereticorum
1934 3887 2196 3943 sententia

613 3956 894 4022 refellitur,
926 3958 1014 4028 qui
1047 3974 1243 4027 corpus
1272 3960 1478 4014 Domini
1503 3971 1622 4029 post
1645 3975 1796 4014 sacra
1832 3970 2041 4025 peracta
2069 3972 2200 4012 con-

612 4043 832 4103 servare
857 4034 1005 4084 nefas
1039 4039 1245 4103 putant.
1273 4031 1466 4085 Verum
1495 4032 1635 4098 quod
1671 4046 1811 4103 nunc
1842 4033 1893 4084 in
1933 4029 2198 4103 catholica

614 4100 850 4156 Ecclesia
879 4099 1160 4171 pra-statur
1189 4103 1486 4170 antiquitus
1512 4104 1674 4158 etiam
1701 4102 1921 4162 factum,
1955 4118 2060 4156 non
2085 4099 2200 4154 hzec

613 4171 1134 4247 solutn‘Tertullimi
1163 4174 1346 4239 verba,
1375 4174 1470 4247 sed
1521 4175 1822 4247 Cyprianus
1869 4173 2066 4243 aliique
2110 4187 2199 4224 ve-

617 4242 895 4315 tustissimi
942 4245 1233 4314 scriptores
1306 4242 1643 4313 apertissime
1692 4246 1940 4315 probant,
1967 4242 2197 4313 quorum

619 4313 920 4387 testimonia
949 4316 1015 4369 ab
1039 4317 1156 4370 aliis
1180 4317 1384 4385 prolata
1409 4329 1655 4386 repetere
1685 4313 2012 4387 Super-fluunt
2037 4315 2193 4368 foret.

615 4383 864 4456 Secundo
894 4400 1014 4440 cum
1048 4387 1132 4443 hic
1161 4383 1318 4442 unius
1345 4383 1586 4453 corporis
1615 4383 1818 4456 accepti
1871 4387 2198 4442 mentionem

617 4455 977 4511 Tcrlullianus
1003 4457 1182 4524 faciat,
1206 4469 1257 4512 ct
1289 4475 1450 4513 unum
1472 4476 1667 4529 corpus
1711 4455 1928 4513 domum
1958 4456 2156 4512 deferri
2182 4497 2197 4522 ,

617 4542 682 4581 ac
710 4529 977 4582 reservari
1010 4530 1358 4585 c0nsueviSse
1406 4531 1788 4600 intelligamus,
1823 4531 2032 4584 discere
2080 4544 2203 4596 pos-

618 4614 826 4692 sumus,
853 4611 932 4692 sat
961 4601 1086 4692 olim
1131 4600 1721 4692 fuisseChristianisus‘i
1751 4601 1948 4692 (altriin
1974 4613 2203 4692 cnrp'nre
2229 4632 2281 4691 D
2308 4600 2319 4610 '
2377 4636 2526 4692 CAP.
2560 4636 2698 4692 XXI.

619 4681 995 4735 vescerentur;
1031 4682 1189 4742 atque
1213 4672 1351 4725 hunc
1379 4687 1531 4727 usum
1573 4674 1639 4728 ab
1665 4672 1906 4726 Ecclesia
1935 4671 2201 4725 catholica

621 4751 974 4808 servatum,et
1001 4744 1272 4798 sexcentis
1300 4743 1420 4798 aliis
1449 4754 1690 4800 veterum
1714 4742 2056 4798 documentis
2076 4757 2206 4796 con-

621 4813 932 4879 firmatum,
983 4817 1124 4870 male
1177 4832 1204 4868 a
1281 4816 1499 4885 nuperis
1565 4813 1835 4885 haereticis
1892 4810 2202 4882 improbari.

1723 4884 2094 4940 Munnomus.

693 4955 774 5027 (b)
805 4954 968 5011 Nulla
998 4959 1194 5018 la’titia,
1251 4958 1351 5010 sive
1401 4957 1621 5011 tristitia.
1650 4955 1774 5012 Sive
1818 4955 1996 5009 lmtum
2049 4952 2206 5027 quid,

623 5028 738 5084 sive
755 5026 916 5082 triste
940 5030 1232 5092 nuntietur,
1251 5029 1446 5084 milites
1471 5029 1772 5090 stationem,
1799 5027 1888 5082 ubi
1906 5026 2212 5096 prazsident,

626 5115 732 5153 non
771 5099 1026 5154 deserunt
1059 5117 1072 5154 :
1107 5114 1205 5154 nec
1236 5115 1332 5153 nos
1363 5100 1560 5154 milites
1587 5098 1886 5163 christiani,
1910 5095 2030 5152 sive
2053 5095 2213 5151 fuerit

628 5169 746 5225 dies
788 5170 964 5234 hctus,
1002 5175 1120 5225 sive
1139 5170 1326 5236 jejunii
1356 5180 1410 5226 et
1438 5170 1763 5232 altlictionis,
1794 5177 2004 5224 nostras
2027 5168 2212 5222 statio-

628 5255 724 5295 nes
750 5240 1080 5297 dcseremus.
1111 5241 1182 5297 Et
1207 5241 1292 5295 hic
1313 5241 1601 5296 notandum
1624 5250 1724 5306 est,
1750 5241 2009 5296 stationes
2030 5237 2212 5294 Chris-

628 5312 895 5367 tianormn
925 5330 953 5367 a
982 5312 1300 5368 stationibus
1328 5315 1557 5368 militum
1586 5313 1730 5378 dici;
1773 5327 1895 5367 cum
1925 5310 2073 5366 enim
2113 5310 2216 5363 mi-

629 5383 752 5439 lites
793 5383 997 5440 Christi
1051 5385 1240 5452 simus,
1291 5384 1455 5440 multa
1501 5400 1530 5439 a
1585 5385 1840 5439 militibus
1885 5393 2214 5436 mutuamur.

1692 5455 1758 5512 G.
1792 5455 2076 5510 Pascunon.

702 5526 852 5601 (ᾈΡ.
865 5527 955 5583 XX
967 5527 1132 5601 .—(c)
1151 5527 1584 5601 Tit.Cod.Amb.:
1596 5525 1669 5580 De
1682 5526 1854 5601 habitu
1867 5527 2209 5601 fwnringruiu.

705 5599 786 5667 (d)
817 5602 945 5665 Qua:
991 5596 1284 5671 seqtumtur
1333 5599 1400 5654 ad
1455 5597 1569 5653 hzec
1617 5598 1832 5671 verba:
1871 5596 1984 5666 per
2035 5596 2216 5671 Ecclef

632 5665 776 5733 sia‘s,
803 5665 1197 5739 quas......'.....
1229 5673 1431 5740 primus
1483 5686 1512 5724 e
1542 5665 1903 5724 vetustissimo
1925 5665 2215 5740 exemplari

633 5736 832 5810 adjecit
879 5740 1142 5810 Rigaltius
1161 5783 1176 5806 ,
1209 5736 1525 5796 Muratorius
1551 5756 1678 5796 vero
1703 5755 1766 5796 ea
1794 5740 1971 5795 omnia
2000 5736 2120 5810 quae
2148 5736 2215 5793 ad

636 5809 797 5880 finem
833 5809 1006 5880 usque
1033 5811 1149 5865 libri
1181 5812 1448 5880 leguntur.
1480 5811 1612 5866 Eon.

709 5878 788 5948 (e)
818 5879 894 5937 De
912 5878 1087 5938 habitu
1106 5878 1252 5950 vero,
1269 5890 1371 5942 etc.
1409 5883 1484 5939 De
1513 5883 1748 5946 vestibus
1773 5883 1934 5944 etiam
1962 5895 2096 5954 quas
2122 5879 2220 5964 foe-

2198 1743 2246 1803 B

2221 3257 2266 3320 C

2339 1738 2418 1864 (4g
2448 1740 2562 1803 Cap.
2589 1738 2699 1789 XVI
2725 1737 2868 1789 alias.

2344 1803 2396 1864 (5
2452 1801 2551 1852 Sed
2567 1801 2698 1864 quod
2723 1799 2868 1854 Seml.

2344 1799 2418 1866 (5)
2452 1799 2551 1852 Se'd
2567 1801 2698 1867 quod
2723 1799 2871 1854 Seml.
2901 1802 3042 1865 Leon.

1943 1889 2505 1984 COMMENTARIUS.

2294 2022 2456 2076 minae
2480 2021 2547 2076 ad
2601 2022 2900 2076 orationem
2941 2019 3260 2076 accedentes
3319 2017 3546 2075 induere
3595 2017 3892 2082 debebant,

2291 2093 2556 2162 agendum
2579 2092 2683 2148 sibi
2715 2092 3076 2148 Tertullianus
3105 2100 3308 2146 censet.
3342 2091 3424 2145 Ad
3453 2091 3557 2145 hoc
3597 2099 3777 2145 autem
3809 2092 3894 2144 iu-

2291 2161 2510 2220 ci’tatum
2537 2179 2595 2218 se
2622 2165 2714 2228 ait,
2741 2163 2882 2233 quod
2916 2178 3014 2234 pro
3060 2163 3375 2234 diversitate
3416 2163 3655 2234 locorum
3700 2161 3895 2234 varius

2289 2245 2433 2291 esset
2456 2236 2684 2290 vestium
2718 2232 3056 2290 [mniinarum
3087 2249 3234 2300 usus,
3255 2233 3484 2304 ideoque
3509 2249 3568 2289 se
3593 2232 3662 2287 de
3699 2232 3895 2301 hujus-

2291 2309 2439 2362 modi
2460 2317 2781 2376 argumento
2806 2307 3042 2360 scribere
3084 2305 3240 2373 velle,
3274 2305 3414 2375 quod
3448 2305 3716 2372 prmcipue
3772 2313 3894 2356 tan-

2289 2395 2451 2448 quam
2484 2377 2684 2433 nullins
2714 2379 2816 2432 loci
2846 2377 3029 2440 homo,
3062 2377 3308 2432 videlicet
3340 2377 3469 2430 nulli
3495 2377 3734 2431 locorum
3767 2391 3894 2430 Cor:-

2285 2449 2560 2504 suetudini
2580 2448 2785 2514 favens,
2811 2465 2925 2503 rem
2955 2449 3262 2519 mquissime
3290 2458 3618 2518 pertractare
3644 2457 3889 2516 peierat.

2286 2528 2346 2575 At
2377 2520 2705 2590 impudentia
2733 2520 3002 2574 videbitur
3032 2521 3100 2574 de
3125 2519 3226 2574 hoc
3271 2521 3460 2590 iterum
3483 2533 3698 2590 agere,
3734 2530 3895 2584 post-

2285 2607 2442 2662 quam
2458 2589 2655 2647 I’aulus
2681 2593 2952 2661 apostolus
2973 2601 3157 2660 aperte
3183 2591 3292 2660 egit
3314 2589 3366 2644 in
3390 2589 3491 2643 Iad
3512 2589 3553 2642 Τ
3557 2589 3891 2662 imotbenm,

2285 2658 2404 2732 cap.
2480 2663 2545 2718 ll.
2619 2658 2921 2720 Se—tamen
2990 2658 3352 2730 impudentem
3409 2675 3514 2732 non
3581 2658 3892 2723 existimat,

2285 2731 2408 2788 cum
2439 2745 2558 2805 post
2584 2736 2898 2805 Apostolnm
2925 2733 3161 2803 quidem,
3194 2733 3288 2805 sed
3310 2731 3617 2805 secundum,
3649 2732 3895 2805 Aposto-

2294 2801 2559 2869 lumfhoc
2601 2801 2684 2862 est
2709 2801 3001 2861 secundum
3050 2803 3294 2873 Apostoli
3337 2813 3566 2873 mentem
3607 2801 3660 2856 in
3689 2801 3892 2855 eodem

2295 2887 2607 2948 argumento
2638 2889 2901 2932 versetur.
2934 2872 3400 2948 ltluanomus.——
3435 2872 3530 2948 De,
3558 2873 3731 2926 habitu
3773 2888 3894 2948 vero

2296 2945 2545 3004 duntaxat
2589 2949 2930 3021 freminarum.
2976 2949 3101 3002 ΙΙωο
3139 2947 3475 3021 reperiuntur
3520 2945 3573 2998 in
3611 2945 3894 3021 __vetust_i_s-

2299 3021 2437 3075 simo
2490 3014 2802 3090 exemplari,
2859 3035 3032 3089 neque
3089 3014 3387 3090 spernenda
3421 3025 3589 3090 sunt._
3611 3014 3737 3069 Post
3784 3014 3890 3090 illa

2298 3107 2431 3148 vero
2487 3111 2498 3146 :
2552 3083 2664 3146 Pcr'
2722 3083 2981 3145 Ecclesia}
3041 3083 3204 3158 quas,
3281 3089 3522 3158 sequitur
3578 3087 3636 3158 in
3698 3083 3892 3140 eodem

2299 3164 2612 3230 exemplari,
2642 3163 2842 3232 absque
2871 3163 2974 3217 ulla
3014 3157 3376 3224 distinctione,
3434 3157 3696 3232 Disposita
3747 3165 3897 3209 uten-

2299 3235 2459 3289 silitas
2482 3246 2535 3288 ut
2562 3245 2606 3288 et
2629 3231 2864 3304 praprias
2893 3249 3071 3302 operas
3105 3235 3273 3304 plures
3292 3243 3336 3283 et
3352 3231 3734 3304 necessariores,
3759 3237 3892 3292 etc.,

2298 3322 2418 3378 quae
2477 3301 2738 3362 habentur
2777 3306 2868 3359 lib.
2925 3301 3037 3359 Ide
3066 3304 3221 3358 Cultu
3253 3303 3398 3357 Imm.
3435 3301 3659 3357 [{IGALT.

2367 3401 2430 3472 (f)
2481 3399 2710 3456 Crinium
2740 3400 2968 3453 lenonem
3014 3398 3386 3472 operositatem.
3429 3395 3497 3472 lu_
3540 3391 3903 3472 Ambrosiano

2297 3467 2483 3528 codice
2518 3473 2709 3541 legitur
2733 3473 2998 3526 criminum
3041 3469 3274 3522 lenonem
3313 3468 3675 3541 morositatem.
3713 3467 3786 3516 At
3841 3467 3896 3515 in

2299 3560 2364 3600 eo
2390 3537 2709 3612 codice'quo
2741 3557 2868 3596 usus
2896 3551 2978 3595 est
3006 3541 3285 3614 Rigaltius,
3313 3538 3512 3607 quique
3537 3537 3590 3589 in
3623 3537 3736 3614 hrec
3767 3549 3902 3588 ver-

2302 3616 2366 3670 ba
2393 3611 2866 3679 desiitit,ihabetur
2896 3624 2941 3666 et
2965 3613 3182 3665 crinium
3231 3611 3460 3664 lenonem
3507 3611 3899 3679 oporpsitalem.

2301 3688 2431 3754 Quae
2459 3676 2616 3740 lectio
2645 3684 2776 3739 mihi
2803 3685 3057 3756 libentius
3082 3683 3356 3756 probatur,
3391 3688 3448 3733 ut
3475 3676 3809 3756 signiﬁcetur
3835 3690 3904 3756 ac

2303 3748 2590 3812 damnetur
2619 3757 2962 3810 immodicum
2987 3748 3326 3808 fmti‘tinarum
3353 3751 3608 3826 suntiam
3642 3748 3695 3801 in
3729 3748 3906 3826 erini-

2305 3829 2403 3883 bus
2433 3827 2819 3896 componendis
2843 3836 2898 3880 et
2924 3829 2974 3880 in
3007 3827 3288 3898 cincinnos
3304 3820 3628 3898 educandis,
3648 3818 3905 3898 undevi-

2305 3901 2348 3954 ri
2385 3891 2634 3967 tanquam
2663 3915 2690 3950 a
2726 3899 3007 3953 lenonibus
3023 3895 3293 3951 sollicitati
3323 3894 3388 3947 ad
3407 3891 3905 3967 concupiscentiam

2308 3966 2605 4044 rapiantur.
2641 3969 2958 4044 llujusmodi
2986 3978 3188 4044 autem
3227 3966 3438 4044 lectioni
3465 3970 3728 4044 consonat
3765 3975 3908 4044 apo—

2311 4031 2483 4095 stolus
2511 4031 3150 4110 uterquea‘Tertulliano
3181 4038 3443 4110 laudatus.
3475 4036 3665 4110 Petrus
3704 4032 3755 4084 in
3799 4031 3905 4098 Bp.

2304 4111 2346 4174 Ι,
2388 4127 2506 4180 cap.
2563 4103 2661 4176 lll,'
2685 4113 2754 4166 ita
2783 4103 2849 4166 de
2889 4110 3199 4164 mulieribus
3255 4107 3481 4183 scribit;
3531 4106 3762 4183 Quarum
3803 4118 3910 4183 non

2303 4187 2366 4237 sit
2398 4177 2708 4238 extrinsecus
2735 4184 3062 4252 capillatum,
3115 4189 3202 4232 aut
3251 4177 3582 4252 circumdatio
3624 4177 3782 4252 αξη-ἱ,-
3817 4181 3912 4252 aut

2304 4255 2586 4310 indumenti
2616 4242 3240 4326 vestimentorumcultus.
3275 4251 3470 4326 Paulus
3511 4261 3640 4326 vero
3665 4247 3719 4298 in
3745 4242 3910 4326 'l..ad

2305 4326 2667 4390 Timotheum,
2695 4341 2744 4380 c.
2775 4323 2818 4378 ll
2847 4341 2862 4380 :
2889 4325 3156 4386 Similiter,
3187 4323 3373 4390 inquit,
3418 4331 3463 4375 et
3485 4318 3718 4372 mulieres
3739 4317 3790 4367 in
3815 4315 3914 4367 Ita-

2305 4398 2410 4452 bitu
2448 4407 2648 4461 ornato,
2675 4413 2791 4450 cum
2822 4394 3119 4449 verecundia
3141 4403 3186 4447 et
3207 4394 3474 4447 sobrietate
3503 4398 3837 4461 ornantesse,
3866 4393 3914 4438 et

2307 4486 2409 4523 non
2437 4471 2492 4522 in
2521 4458 2666 4522 tortis
2691 4467 2913 4521 crinibus
2929 4477 3015 4520 aut
3037 4482 3186 4531 auro,
3215 4474 3302 4517 aut
3328 4460 3622 4532 margaritis
3672 4458 3916 4532 velgestc

2308 4540 2546 4610 pretiosa.
2580 4538 2678 4594 Ubi
2706 4539 2932 4594 crinium
2963 4537 3156 4592 factam
3174 4527 3510 4590 mentionem
3541 4530 3710 4585 vides.
3758 4527 3910 4583 Mus.

2709 4636 2873 4706 --(g)
2904 4634 3008 4689 Tit.
3041 4632 3174 4706 Cod.
3195 4631 3385 4686 Murat.
3419 4628 3498 4682 De
3522 4625 3821 4706 virginibus.

2386 4709 2467 4781 (h)
2493 4709 2596 4782 Sed
2609 4708 2730 4782 quid
2747 4696 3246 4782 pr‘tnitiscueﬂestes
3262 4711 3318 4757 et
3332 4710 3646 4782 ornamenta
3664 4696 3922 4782 ﬂemina-

2312 4770 2431 4835 ruin
2449 4770 2772 4850 modestiam
2801 4776 3252 4850 spiraredehere,
3276 4771 3638 4850 certissimum
3667 4785 3732 4850 ex
3767 4770 3924 4848 .Apo-

2314 4852 2435 4906 stoli
2459 4860 2724 4922 prmcepto
2743 4843 2970 4922 dixerat.
2992 4848 3141 4902 Nunc
3164 4843 3400 4899 velarine
3414 4843 3918 4922 debeantvirgines,

2317 4940 2383 4976 an
2405 4911 2531 4986 non,
2555 4911 2807 4994 tanquam
2832 4936 2920 4994 res
2940 4921 3163 4994 incerta,
3182 4912 3619 4994 pertractandum
3634 4912 3727 4964 ait.
3754 4911 3929 4962 Erant

2319 4995 2461 5047 enim
2490 4995 2579 5064 qui
2626 4987 2856 5061 virgines
2887 4992 2938 5064 in
2964 4989 3162 5064 templo
3191 4999 3350 5064 atque
3390 4987 3442 5039 in
3471 4987 3651 5064 sacris
3689 4995 3905 5033 convert

2321 5065 2464 5120 tibus
2508 5056 2610 5118 non
2636 5056 2838 5136 velatas
2880 5056 3156 5136 ferebant;
3185 5059 3273 5111 alii
3316 5071 3445 5110 vero
3474 5056 3552 5136 iis.
3579 5067 3823 5136 quoque,
3869 5058 3929 5103 ut

2319 5136 2542 5206 reliquis
2570 5134 2903 5198 mulieribus,
2921 5133 3106 5206 velum
3138 5120 3258 5184 esse
3275 5120 3669 5206 necessarium,
3699 5120 3927 5206 prodes-

2323 5207 2414 5262 tia:
2439 5197 2624 5262 caussa
2647 5215 2702 5260 et
2727 5197 3004 5274 apostOlici
3040 5199 3290 5274 princepti
3330 5197 3667 5260 auctoritate,
3715 5197 3930 5248 sentie-

2324 5278 2474 5334 bant.
2508 5279 2896 5333 Munnomus...

2398 5371 2457 5442 (i)
2481 5369 2672 5441 Capitis
2694 5363 3188 5442 intumuitatem.Qui_
3217 5357 3932 5442 virginibusindulgen-t-ca-

2325 5425 2454 5515 pilis
2477 5425 2954 5515 nuditatem,atque
2972 5425 3357 5515 immunitatem
3387 5425 3762 5515 avelamini;
3778 5425 3930 5515 Muri.

2398 5515 2460 5585 (j)
2507 5502 2786 5583 Apostolus
2804 5502 2905 5564 non
2943 5509 3158 5578 virgines
3185 5505 3518 5585 nominatim,
3548 5512 3652 5585 etc.
3693 5507 3837 5552 nitu.
3879 5502 3931 5553 ἃ

2320 5581 2836 5659 νυν-ξ’πρόσευχομὲνη,
2874 5588 2902 5641 ἢ
2929 5584 3288 5652 «popa-reboare.
3333 5581 3716 5659 ἀχιτικαλὺπίτῳ
3756 5586 3934 5659 113:1-

2318 5644 2446 5729 ἑυιλῡ
2478 5644 2780 5724 κὲιτειιὲὲὸνει
2806 5664 2892 5729 τὴν
2921 5644 3124 5729 eam
3162 5657 3335 5729 εεεγτῆς
3363 5665 3380 5729 .=
3409 5655 3461 5729 διε
3497 5649 3744 5729 emitr,
3763 5644 3934 5729 "ei?

2320 5714 2446 5788 2.3.5
2458 5745 2514 5797 τῇ
2541 5714 2830 5797 ἰευρξίμξνρς
2851 5714 2986 5779 ὃυιιί
3004 5721 3243 5797 ᾼροδιυιί
3265 5720 3426 5774 verba
3449 5714 3933 5797 iullradporqcap‘.

2321 5787 2414 5867 XI,
2462 5787 2515 5855 η’.
2551 5787 2787 5868 5,’(ιὶιω’
2817 5796 2904 5868 ita,
2932 5787 3265 5868 exhibentur
3296 5807 3325 5844 a
3378 5788 3593 5868 vulgato
3634 5787 3935 5868 interpr-etc

2323 5852 2513 5932 iiiéuo'
2534 5852 2963 5944 :VVOninis‘mulier
2987 5881 3165 5935 orans,
3189 5864 3265 5920 uel
3287 5852 3599 5934 praphe'tans
3636 5871 3738 5910 non
3761 5852 3932 5909 relato
