4230 6256
222 220 227 225 ’
273 250 413 309 tias

1561 245 1766 304 LIBER
1826 244 1917 305 DE
1954 243 2322 304 ORATIONE.

3434 245 3576 307 “86

276 369 452 425 solute
475 365 752 424 deﬁnisset
777 364 845 422 de
890 362 1033 421 omni
1085 362 1329 419 muliere.
1375 359 1485 418 Ant
1535 377 1658 419 cum
1705 377 1871 419 unum
1899 366 1955 430 Α
1979 361 2114 418 tnlat
2142 361 2461 435 (distinguit
2485 369 2667 417 autem
2708 370 2990 434 utramque
3014 364 3250 435 speciem
3274 366 3388 423 suis
3413 382 3578 425 voca-

276 460 505 531 gradum
532 472 692 515 sexus
716 458 974 522 nominat,
997 456 1158 512 alium
1191 454 1418 512 tacendo
1461 456 1715 512 secernit.
1767 455 1874 511 Po-

281 551 384 607 tuit
409 551 575 619 enim,
608 550 871 621 inquiunt,
902 556 996 605 aut
1022 557 1079 605 et
1100 548 1334 621 virgines
1360 547 1638 605 nominare
1666 547 1876 620 specia-

278 641 405 700 liter
433 652 523 701 aut
543 628 865 715 compendio
891 639 1216 713 generaliter
1247 640 1514 698 laminas.

815 776 1043 836 CAPUT
1071 775 1343 853 xxuu).

358 915 457 984 Qui
485 915 554 969 ita
576 911 901 979 concedunt,
929 912 1227 984 recogitare
1273 912 1475 972 debent
1504 915 1572 972 de
1622 924 1765 1008 statq
1788 931 1883 974 vo-

286 1008 461 1065 cabuli
500 1005 691 1078 ipsius,
723 1004 851 1077 quid
869 1014 952 1061 cst
1005 1005 1252 1062 muliera
1301 1008 1490 1078 primis
1531 1004 1753 1080 quidem
1805 1012 1884 1067 lit-

289 1104 418 1161 teris
463 1108 768 1157 sanctorum
834 1100 1377 1168 commentariorum;
1442 1118 1567 1158 nam
1605 1105 1886 1162 inveniunt

288 1211 452 1254 sexus
498 1209 622 1251 esse
661 1208 876 1261 nomen,
907 1208 1015 1249 non
1040 1194 1261 1267 gradum
1281 1211 1463 1253 sexus.
1508 1198 1783 1270 Siquidem
1826 1200 1887 1256 E-

290 1303 417 1345 vam
436 1285 512 1359 (a)
536 1285 772 1343 nondum
831 1285 1005 1341 virum
1037 1295 1313 1358 expertam
1357 1288 1500 1344 Deus
1547 1291 1811 1346 mulierem
1843 1300 1890 1347 et

278 1382 549 1456 [cuminum
579 1377 758 1451 (Gem,
777 1377 977 1449 11,25.)
1010 1380 1441 1451 cognominavit:
1467 1380 1761 1452 fmminam,
1785 1398 1888 1456 qua

271 1491 455 1540 ,sexus
479 1475 826 1546 generaliter,
845 1474 1149 1543 mulierem,
1204 1489 1307 1546 qua
1335 1476 1532 1547 gradus
1569 1492 1732 1535 sexus
1767 1493 1890 1550 spe-

292 1570 526 1626 cialiter.
553 1567 737 1639 Itaque
752 1566 862 1640 jam
885 1576 1012 1625 tunc
1028 1568 1257 1642 innupta
1279 1568 1456 1627 adhuc
1490 1571 1601 1627 Eva
1647 1571 1889 1629 mulieris

300 1660 567 1717 vocabulo
589 1661 707 1730 fuit,
737 1676 1025 1718 commune
1060 1661 1116 1718 id
1137 1662 1453 1720 vocabulum
1477 1671 1532 1721 et
1559 1664 1752 1736 virgini
1780 1664 1890 1720 fac-

1978 453 2120 511 bulis
2147 453 2467 525 designans)
2498 455 2585 510 ubi
2627 470 2734 510 non
2779 454 3079 527 distinguit,
3128 457 3256 513 dum
3291 470 3593 533 utramque

1979 562 2086 604 non
2120 546 2382 615 nominat,
2429 545 2628 601 nullam
2651 547 2765 609 vult
2786 546 3143 604 differentiam
3167 549 3415 621 intelligi.
3438 552 3580 621 Quid

1980 640 2122 712 quod
2149 655 2329 713 grteco
2378 655 2648 705 sermone,
2681 654 2790 713 quo
2833 641 3039 698 litteras
3080 643 3370 712 Apostolus
3424 644 3580 711 fecit,

1983 736 2103 792 usui
2129 744 2213 791 est
2278 733 2531 792 mulieres
2582 749 2778 792 vocare
2828 744 2935 791 tam
2987 735 3059 809 (c)
3109 736 3378 807 fmminas,
3409 737 3463 793 id
3502 747 3588 796 est

1982 833 2227 901 γυναῖκας,
2254 842 2415 900 quam
2434 827 2653 892 ’θηλεῖαμ
2704 829 2870 901 Igitur
2918 828 2965 885 si
3010 845 3110 901 pro
3151 844 3314 887 sexus
3367 832 3588 890 nomine

1984 921 2301 979 vocabulum
2329 920 2471 977 istud
2516 921 2902 994 frequentatur,
2952 922 3097 995 quod
3144 932 3229 980 est
3268 924 3589 996 interpreta-

1988 1017 2132 1087 tione
2174 1031 2276 1087 pro
2305 1030 2392 1079 eo,
2444 1015 2587 1087 quod
2635 1023 2720 1070 est
2758 1015 2998 1084 ftemina,
3030 1031 3216 1072 sexum
3271 1018 3586 1088 nominavit,

1987 1109 2176 1166 dicens
2224 1113 2442 1181 γυναῖκα.
2489 1108 2547 1164 In
2584 1124 2715 1166 sexu
2770 1116 2945 1165 autem
2977 1117 3032 1166 et
3062 1110 3213 1182 virgo
3240 1112 3583 1183 contingitur.

1989 1201 2097 1259 Sed
2131 1210 2185 1257 et
2213 1200 2489 1256 manifesta
2518 1200 2884 1271 pronuntiatio
2934 1210 3017 1257 est
3068 1220 3082 1257 :
3135 1199 3335 1269 Omnis,
3390 1203 3587 1274 inquit,

1993 1296 2178 1351 mulier
2205 1295 2450 1359 adorans,
2477 1291 2530 1348 et
2572 1295 2886 1366 prapltetans
2914 1294 3098 1349 intecto
3131 1296 3298 1367 capite
3323 1295 3598 1351 dedecorat

1990 1397 2148 1461 caput
2170 1404 2320 1444 suum
2379 1387 2432 1461 (Ι
2460 1386 2604 1452 Con,
2630 1386 2726 1452 XI,
2762 1388 2795 1444 5
2824 1387 2866 1459 ).
2896 1387 3035 1457 Quid
3061 1398 3143 1444 est
3173 1391 3338 1446 omnis
3367 1391 3590 1460 mulier,

1992 1483 2098 1540 nisi
2127 1481 2302 1537 omnis
2331 1481 2528 1548 artatis,
2558 1481 2734 1537 omnis
2762 1481 2990 1550 ordinis,
3023 1482 3201 1538 omnis
3228 1483 3595 1541 conditionis?

1991 1574 2135 1633 Nihil
2161 1574 2401 1631 mulieris
2418 1574 2637 1645 excipit,
2686 1572 2913 1630 dicendo
2962 1574 3150 1641 omnis;
3179 1575 3318 1631 sicut
3367 1574 3451 1648 (d)
3492 1590 3595 1633 nec

1991 1668 2074 1724 vir
2101 1683 2201 1725 nec
2223 1665 2467 1734 velandi;
2495 1664 2723 1737 proinde
2751 1666 2896 1722 enim
2934 1667 3099 1722 omnis
3133 1668 3211 1722 vir
3257 1666 3472 1742 (lbid.),
3515 1668 3597 1726 in-

301 1762 416 1810 tum
443 1764 545 1812 est.
568 1753 678 1811 Nec
697 1755 915 1822 mirum,
938 1754 984 1810 si
1006 1755 1294 1828 Apostolus
1318 1757 1507 1815 eodem
1528 1757 1711 1829 utique
1729 1757 1893 1829 spiri-
1921 1744 1971 1804 Β
1998 1759 2132 1831 quit.
2160 1759 2309 1815 Sicut
2335 1772 2465 1830 ergo
2504 1758 2558 1814 in
2598 1758 2896 1814 masculino
2924 1773 3055 1817 sexu
3098 1759 3201 1815 sub
3227 1759 3328 1815 viri
3376 1760 3597 1819 nomine

296 1856 355 1904 tu
378 1856 552 1916 actus,
583 1861 811 1928 quocum
856 1849 1033 1905 omnis
1061 1848 1336 1921 Scriptura
1365 1849 1564 1919 divina,
1590 1859 1700 1904 tum
1730 1847 1810 1923 (2)
1838 1857 1895 1906 et

301 1939 392 1996 illa
426 1939 653 1996 Genesis
682 1939 886 2011 digesta
912 1949 1015 2006 est,
1040 1940 1226 1998 eadem
1258 1956 1392 1999 voce
1422 1957 1552 1998 usus
1576 1950 1659 1998 est
1699 1942 1894 1998 mulie-

289 2045 407 2087 rem
428 2029 711 2102 ponendo;
739 2046 860 2102 qua:
906 2032 1156 2103 exemplo
1184 2032 1315 2089 Evm
1362 2033 1599 2104 innupta:
1624 2042 1681 2089 et
1699 2034 1894 2105 virgini

297 2131 589 2195 competat.
621 2121 833 2179 Caetera
881 2122 1112 2195 denique
1140 2138 1247 2180 non
1293 2133 1507 2193 sonant,
1535 2140 1658 2181 nam
1694 2134 1749 2182 et
1797 2127 1899 2182 hoc

293 2217 434 2288 ipso,
457 2214 598 2286 quod
622 2215 855 2287 virgines
877 2231 984 2271 non
1024 2217 1341 2284 nominavit,
1383 2218 1523 2274 sicut
1569 2218 1675 2275 alio
1720 2218 1796 2291 (b)
1844 2219 1897 2275 in

295 2307 439 2375 loco,
468 2308 557 2364 ubi
586 2307 655 2365 de
697 2308 948 2389 nubendo
997 2308 1179 2377 docet,
1209 2310 1340 2364 satis
1381 2311 1641 2381 praedicat
1688 2312 1755 2368 de
1783 2327 1899 2368 om-

297 2401 352 2456 ni
377 2400 623 2467 muliere,
654 2400 801 2456 etde
828 2408 941 2455 toto
992 2414 1125 2455 sexu
1171 2400 1394 2468 dictum,
1451 2417 1553 2458 nec
1590 2402 1898 2460 distinctum

303 2509 429 2553 esse
455 2496 595 2551 inter
622 2495 908 2565 virginem,
938 2494 1159 2550 omnino
1181 2509 1288 2550 non
1322 2496 1588 2551 nominat.
1620 2496 1723 2564 Qui
1751 2497 1896 2554 enim

301 2586 429 2644 alibi
453 2586 785 2658 distinguere
814 2585 1082 2651 meminit,
1105 2584 1195 2641 ubi
1215 2586 1422 2645 scilicet
1447 2585 1745 2643 differentia
1771 2605 1898 2659 pos-

1995 1852 2157 1909 etiam
2176 1851 2398 1907 investis
2418 1849 2580 1906 velari
2602 1859 2829 1918 vetatur,
2847 1851 2918 1906 ita
2934 1859 2988 1906 et
3010 1849 3359 1921 ianteminino
3378 1853 3477 1909 sub
3496 1868 3599 1910 no-

1998 1944 2143 2000 mine
2170 1942 2410 1998 mulieris
2435 1941 2976 2023 eﬁit’mrgigo_velari
2994 1942 3239 2015 (iubetur.
3295 1943 3602 2015 Equaliter

1998 2037 2054 2094 in
2080 2045 2310 2108 utroque
2350 2051 2483 2092 sexu
2512 2035 2690 2092 minor
2716 2044 2848 2092 tetas
2882 2036 3104 2107 majoris
3147 2046 3403 2109 sequatur
3438 2036 3601 2094 disci-

2000 2131 2202 2203 plinam
2234 2140 2366 2185 :aut
2389 2128 2637 2186 velentur
2662 2136 2720 2185 et
2752 2129 2988 2201 virgines
3017 2130 3265 2197 masculi,
3299 2130 3343 2185 si
3373 2145 3480 2187 non
3508 2146 3601 2187 ve-

2002 2226 2183 2281 lantur
2219 2232 2274 2280 et
2302 2223 2540 2294 virgines
2571 2223 2828 2291 ftemime,
2870 2222 2956 2293 qui
3002 2237 3102 2277 nec
3150 2223 3237 2278 isti
3285 2224 3602 2280 nominatim

2003 2324 2272 2375 tenentur.
2304 2316 2465 2372 Aliud
2492 2315 2557 2371 sit
2580 2317 2661 2371 vir
2685 2324 2740 2371 et
2768 2315 3015 2379 investis,
3038 2315 3085 2370 si
3128 2314 3276 2371 aliud
3302 2324 3388 2372 est
3414 2316 3607 2373 mulier

2002 2418 2058 2466 et
2075 2410 2245 2481 virgo.
2279 2407 2483 2479 Nempe
2511 2416 2720 2478 propter
2749 2407 2969 2479 Angelos
3000 2405 3192 2480 (Ibid.)
3233 2408 3310 2463 ait
3336 2408 3501 2465 velari
3533 2425 3597 2464 o-

2005 2510 2240 2571 portere,
2271 2498 2413 2571 quod
2444 2498 2633 2570 Angeli
2666 2482 3052 2571 pr0pter'lilias
3098 2498 3380 2555 hominum
3435 2500 3613 2557 desci-

2005 2602 2197 2648 verunt
2221 2607 2249 2645 a
2280 2591 2412 2647 Deo.
2444 2590 2575 2659 Quis
2602 2606 2731 2663 ergo
2759 2590 3091 2659 contendat,
3139 2591 3283 2649 solas
3331 2592 3608 2663 mulieres,

2480 2011 2669 2027 μ’

1526 2679 1821 2738 LECTION
1829 2683 1911 2740 ES
1949 2682 2362 2742 VARIANTES.

363 2776 436 2840 (l)
459 2773 571 2839 Cap.
599 2771 731 2824 XVII
754 2770 833 2824 ed.
860 2771 1003 2836 LeOp.

2083 2776 2155 2841 (2)
2190 2774 2509 2827 Divinitatum
2532 2778 2710 2827 Murat.
2735 2772 2866 2825 nullo
2886 2785 3046 2827 sensu.

1692 2859 2249 2919 COMMENTARIUS.

304 2958 487 3026 capite,
517 2955 751 3026 deturpat
776 2962 929 3025 caput
957 2954 1483 3026 suum:unumenim
1528 2962 1602 3009 est
1627 2971 1687 3009 ac
1730 2957 1775 3010 si
1815 2957 1909 3010 de-

307 3025 553 3081 calretur.
605 3025 1175 3097 Quicontcndebant,
1217 3025 1513 3097 virginibus
1568 3041 1908 3097 nequaquam

308 3108 646 3170 prmceptum
663 3095 843 3170 fuisse,
868 3107 923 3151 nt
949 3096 1136 3170 velatae
1168 3096 1220 3149 in
1244 3096 1446 3166 templo
1472 3095 1708 3170 orarent,
1735 3095 1803 3155 ex
1825 3101 1910 3167 ip-

2012 2965 2237 3030 experta
2260 2966 2397 3022 γυνὴ
2436 2955 2617 3030 mulier
2650 2954 2969 3027 appellatur.
3004 2954 3167 3028 igitur
3195 2971 3290 3030 per
3318 2954 3421 3015 hoc
3455 2972 3618 3015 voca-

2013 3029 2195 3083 bulum
2219 3043 2325 3102 non
2352 3026 2552 3098 gradus
2572 3041 2754 3102 sexus,
2781 3042 2875 3102 seu
2927 3026 3217 3099 nuptarum
3249 3029 3382 3085 ordo
3411 3031 3619 3102 signiﬁ-

2013 3109 2200 3172 catur,
2233 3098 2329 3172 sed
2363 3097 2693 3167 generaliter
2729 3097 3016 3172 fcemineus
3047 3115 3208 3172 sexus
3239 3118 3254 3155 :
3281 3111 3441 3172 atque
3461 3097 3622 3157 'adeo

309 3166 385 3242 sis
413 3166 651 3242 Apostoli
679 3168 857 3221 verbis
904 3166 1010 3242 tale
1053 3175 1428 3242 argumentum
1478 3167 1787 3242 conﬂabant
1815 3166 1911 3227 :Si
1940 3168 1984 3232 C
2019 3179 2130 3226 tum
2156 3166 2408 3240 virgines,
2435 3178 2543 3224 tum
2572 3177 2751 3239 nuptae
2772 3170 2840 3225 ab
2871 3170 3130 3241 Apostolo
3151 3166 3409 3242 jubentur
3431 3172 3619 3229 velari.

314 3240 607 3310 Apostolus
631 3239 733 3294 hoc
752 3238 1054 3310 praecipere
1078 3237 1131 3310 in
1154 3238 1389 3294 animum
1412 3237 1729 3310 induxisset,
1756 3257 1915 3297 vora-

312 3308 442 3367 hulo
466 3325 603 3383 γυνή,
633 3310 773 3435 quod
800 3310 979 3364 mulier
1008 3308 1170 3363 latine
1207 3320 1383 3374 sonat,
1414 3325 1521 3364 non
1550 3309 1741 3367 fuisset
1762 3328 1912 3380 usus,

312 3397 436 3435 nam
463 3396 579 3435 ’νυνῆ
670 3397 700 3435 e
724 3381 901 3435 nuptis
940 3388 1143 3435 tantum
1171 3381 1408 3435 fmminis
1458 3382 1703 3435 usurpari
1755 3384 1912 3435 solet.

310 3397 436 3454 nam
463 3381 579 3454 ἀυνή
633 3381 700 3437 de
724 3381 901 3454 nuptis
940 3388 1143 3435 tantum
1171 3381 1703 3454 fmtuinisAusurpari
1755 3384 1912 3443 solet.

313 3451 501 3510 Potius
543 3461 701 3509 θελειει
745 3451 988 3516 dixisset,
1012 3466 1128 3522 quo
1158 3453 1375 3507 nomine
1419 3451 1667 3508 fteminas
1698 3469 1911 3521 omnes,

313 3536 432 3582 tum
452 3534 666 3596 nuptas,
695 3534 805 3579 tum
834 3521 1273 3596 innuptasAGracci
1290 3524 1622 3594 signiﬁcant;
1646 3537 1744 3596 aut
1764 3526 1919 3582 addi-

316 3597 484 3652 disset
515 3593 786 3667 τὶαρῡξνπυς,
816 3609 1049 3667 quoque,
1082 3593 1135 3648 id
1187 3604 1271 3650 est
1306 3593 1544 3667 virgines.
1614 3595 1756 3666 Ergo
1810 3613 1917 3652 non
1964 3598 1973 3607 '

315 3677 488 3724 totum
515 3665 721 3731 sexum,
747 3667 842 3722 sed
882 3665 1105 3737 gradum
1130 3674 1185 3721 et
1233 3665 1437 3735 partem
1466 3665 1712 3722 foeminei
1729 3683 1912 3733 sexus,

318 3740 575 3810 mulieres
597 3738 845 3810 videlicet
872 3750 1084 3810 nuptas,
1113 3752 1180 3810 eo
1207 3739 1258 3792 in
1286 3737 1403 3793 loco
1433 3740 1724 3810 Apostolus
1753 3739 1918 3810 signi-

323 3808 664 3877 ﬁcavit.Quin
692 3809 808 3879 ipse
834 3808 1104 3879 eademin
1136 3808 1373 3878 Epistola
1401 3809 1467 3863 ad
1498 3809 1646 3875 Cor.,
1677 3808 1914 3878 t-.~ip.'Vl,

324 3881 557 3949 virgines
586 3896 615 3934 a
662 3877 977 3935 mulieribus
1017 3877 1279 3953 distinxit,
1330 3877 1919 3953 ἱιιίιυίριιςεμςμέρωτιιι

324 3956 374 4024 δὲ
398 3962 425 4013 ἡ
447 3962 563 4023 γυνῆ
583 3958 663 4006 ui
693 3960 721 4013 ἡ
747 3959 1007 4022 πεφθένοςί
1029 3951 1195 4024 divisa
1215 3961 1295 4024 est
1318 3951 1525 4024 mulier,
1544 3961 1590 4005 et
1605 3951 1772 4024 virgo.
1802 3952 1918 4007 Non

326 4023 413 4079 ltic
439 4021 617 4078 autem
645 4021 841 4090 solum,
869 4023 964 4096 sed
981 4031 1039 4096 et
1063 4022 1238 4096 inlib.
1263 4021 1325 4096 de
1344 4022 1571 4096 uelundis
1602 4021 1916 4096 Virginibus,

330 4109 492 4167 qtnnm
524 4103 707 4165 postea
748 4094 1077 4167 conscripsit
1123 4094 1175 4149 in
1221 4093 1412 4167 schola
1440 4093 1708 4167 Montani,
1742 4097 1921 4167 simile

324 4163 426 4222 sibi
457 4163 826 4237 argumentum
842 4163 1221 4237 ATertullianus
1245 4164 1460 4230 objecit.
1483 4167 1653 4235 lnquit
1680 4166 1773 4232 ibi,
1798 4182 1920 4236 cap.

327 4239 363 4294 4
403 4255 417 4291 :
455 4234 743 4309 opponitur
766 4235 928 4309 nobis,
959 4234 1157 4309 nullam
1178 4237 1479 4309 mentionem
1498 4238 1749 4309 uirginum
1772 4237 1834 4291 ab
1856 4234 1924 4291 A-

328 4306 760 4382 postolo'fnctam,
809 4308 895 4361 ubi
947 4308 1010 4362 de
1040 4306 1286 4382 velamine
1324 4306 1681 4382 praﬁnit,_sed
1728 4317 1927 4382 tantum

329 4376 563 4434 mulieres
587 4381 872 4435 nominatos
896 4394 915 4432 :
969 4394 1086 4432 cum
1119 4379 1162 4432 si
1204 4376 1437 4449 voluisset
1464 4385 1508 4430 et
1536 4378 1752 4448 virgines
1796 4380 1922 4449 tegi,

332 4452 396 4505 de
445 4451 722 4521 virginibus
776 4466 971 4521 quoque
1014 4465 1148 4521 ﬁcum
1190 4447 1485 4521 mulieribus
1527 4447 1924 4521 pronuntiasset,

331 4518 582 4586 quomodo
608 4523 738 4582 illic.
757 4518 948 4592 inquit,
968 4520 1053 4573 ubi
1081 4518 1359 4592 de‘nuptiis
1381 4527 1584 4592 tractat,
1612 4519 1734 4592 quid
1760 4519 1927 4573 obser-

331 4593 554 4647 vandum
599 4594 663 4647 sit
690 4587 845 4648 etiam
871 4591 933 4645 de
962 4587 1258 4661 virginibus,
1309 4588 1553 4643 declarat.
1600 4587 1785 4658 Itaque
1833 4606 1933 4644 non

334 4666 583 4719 contineri
613 4681 698 4719 eas
728 4665 837 4736 lege
880 4662 1082 4736 velandi
1107 4661 1308 4736 capitis,
1339 4669 1391 4736 ut
1435 4677 1535 4714 non
1556 4661 1857 4736 nominatas
1884 4662 1936 4714 in

336 4739 435 4789 hac
474 4737 615 4806 lege;
644 4737 747 4790 imo
772 4731 979 4806 ea:_ltoc
1008 4732 1241 4799 revelari,
1270 4731 1392 4803 quia
1424 4748 1525 4786 non
1538 4732 1802 4802 jubentur,
1824 4748 1939 4805 qute

333 4823 431 4861 nec
465 4803 811 4861 nominantur.
839 4803 1056 4860 Manu.

386 4875 1043 4947 CAP.XXll.—-(a).l£vam
1063 4874 1461 4947 nondumvirum
1477 4872 1940 4947 expertam,etc.Ut

339 4947 586 5004 oswndat
601 4947 982 5017 Tertullianus,
997 4946 1211 5017 nomine
1223 4949 1437 5017 γυναικός
1459 4956 1651 5017 nuptas
1670 4961 1732 5000 ac
1750 4946 1941 5017 itmnp-

345 5030 432 5075 tas
457 5019 701 5076 immittas
717 5016 1028 5089 significari,
1052 5016 1324 5089 eGenesis
1350 5033 1467 5087 cap.
1492 5016 1556 5089 ll,
1571 5033 1622 5071 v.
1643 5017 1734 5079 25.
1758 5016 1941 5089 εχειίι-

346 5092 496 5162 plum
520 5090 725 5162 profert
746 5086 856 5162 {ibi
880 5089 1023 5144 enim
1042 5088 1109 5143 de
1130 5088 1236 5143 Eva
1252 5086 1474 5158 loquens
1487 5088 1622 5143 Deus
1645 5105 1659 5143 :
1689 5086 1837 5151 abre»,
1861 5090 1944 5144 in-

342 5160 533 5232 ἱμιίιιηῐ
560 5160 705 5216 LXX
760 5160 1086 5232 Interpretes
1108 5200 1124 5225 ,
1156 5167 1446 5221 κληθησξται
1471 5170 1585 5232 γυνῆ
1605 5200 1619 5225 ,
1665 5167 1743 5215 ὅτι
1782 5167 1828 5215 in
1859 5167 1943 5216 τοῦ

345 5230 512 5304 ἀν”ρᾶς
540 5238 686 5293 αὐτῆς
734 5230 933 5303 mean.
961 5230 1181 5287 Scilicet
1221 5248 1235 5284 :
1286 5234 1399 5304 ipsa
1431 5231 1697 5304 vocabitur
1740 5233 1941 5304 mulier,

345 5302 469 5375 quia
509 5304 573 5358 de
601 5304 707 5359 viro
734 5302 1069 5375 suoristtmpta
1095 5312 1165 5357 est
1187 5344 1201 5369 ,
1237 5312 1293 5356 ut
1317 5302 1444 5375 alibi
1474 5303 1750 5375 aptissime
1764 5302 1945 5375 inter-

342 5371 593 5445 pretatnr
633 5375 771 5430 idem
814 5371 1194 5441 Tcrtullianus,
1224 5371 1524 5445 versionem
1552 5387 1644 5428 τῶν
1666 5371 1828 5445 LXX_
1854 5389 1945 5445 (se-

348 5442 527 5502 cutus.
552 5445 810 5517 Vulgatus
835 5455 1011 5517 autem
1035 5445 1297 5515 interpres
1322 5444 1481 5499 habet
1508 5463 1521 5497 :
1551 5460 1668 5517 gnte
1690 5442 1946 5517 vocabitur

350 5518 549 5590 virago,
573 5514 817 5590 quoniam
837 5518 900 5571 de
927 5516 1034 5570 viro
1057 5525 1261 5590 sumpta
1281 5525 1375 5590 est.
1399 5518 1572 5590 S_llpl‘:_l
1600 5516 1760 5590 etiam
1791 5514 1947 5570 dixe-

350 5585 701 5646 rat'divinus
745 5589 987 5658 Scriptor
1014 5585 1362 5658 :As‘di/icavit
1406 5585 1656 5640 Dominus
1701 5585 1835 5640 Deus
1861 5602 1946 5639 co—

354 5670 507 5729 stam,
535 5677 689 5729 quant
720 5657 902 5714 tulerat
928 5660 990 5713 de
1017 5657 1301 5729 Adum,_in
1328 5657 1606 5723 mulierem,
1635 5660 1703 5717 εἰς
1723 5661 1945 5729 γυναῖκα.

358 5726 653 5804 Utrobique
678 5729 811 5801 Eva,
843 5744 1143 5802 quanquam
1175 5726 1351 5786 adhuc
1376 5730 1528 5802 virgo
1561 5726 1740 5799 neque
1773 5730 1948 5786 virum

2092 3312 2175 3385 (b)
2200 3312 2298 3385 §_ic
2318 3310 2654 3385 alioinloco.
2689 3310 2945 3385 Eamdem
2977 3242 3622 3385 Ερὶειοιηιηῳῗέᾞτξέοτ..

2019 3381 2138 3456 cap.
2156 3381 2285 3452 'Vll,
2307 3401 2359 3437 n.
2385 3381 2475 3456 54,
2504 3382 2695 3447 innuit,
2719 3382 2811 3456 ubi
2833 3382 2902 3438 ita
2932 3381 3166 3456 loquitur
3183 3383 3411 3440 Paulus:
3435 3383 3626 3440 Mulier

2018 3453 2254 3525 innupta,
2299 3465 2347 3509 et
2395 3455 2555 3525 virgo,
2616 3454 2805 3525 cogitat
2851 3470 2964 3525 quae
3001 3453 3219 3509 ’Domini
3269 3465 3411 3521 sunt,
3460 3466 3513 3510 ut
3559 3457 3626 3511 sit

2020 3537 2197 3582 sancta
2222 3542 2434 3598 corpore
2455 3536 2506 3598 et
2542 3525 2750 3598 spiritu.
2791 3525 2920 3598 Qua:
2952 3542 3073 3598 vero
3113 3534 3274 3598 nupta
3314 3536 3409 3594 est,
3438 3528 3628 3598 cogitat

2020 3614 2135 3669 qua:
2158 3608 2275 3652 sunt
2305 3596 2500 3661 inundi,
2529 3596 2782 3665 quomodo
2808 3596 3159 3669 placeativiro.
3186 3596 3266 3664 Si,
3297 3598 3471 3668 inquit
3496 3596 3630 3653 Ter-

2024 3670 2318 3737 tullianus,
2368 3670 2617 3737 innuptas
2668 3683 2705 3740 a7
2753 3668 2934 3740 nuptis
2987 3668 3316 3740 distinguere
3368 3669 3629 3740 voluisset

2025 3743 2333 3811 Apostolus,
2356 3740 2538 3811 velari
2582 3738 2836 3811 mulieres
2858 3738 3194 3811 jubens,'eas
3221 3741 3404 3811 aliquo
3429 3739 3628 3796 distin-

2023 3809 2191 3867 xissct
2221 3810 2501 3876 vocabulo,
2530 3809 2980 3879 quemadmodum
3030 3810 3176 3876 fecit,
3208 3811 3296 3866 ubi
3318 3809 3518 3867 revera
3565 3813 3631 3866 il-

2024 3882 2106 3937 las
2152 3881 2482 3952 distinguere
2520 3882 2706 3953 voluit.
2737 3882 2971 3953 Apparet
3016 3882 3209 3953 igitur,
3258 3892 3369 3936 tum
3416 3892 3629 3953 nuptas,

2026 3964 2137 4009 tum
2158 3951 2407 4024 innuptas
2434 3967 2539 4008 uno
2566 3952 2816 4024 mulieris,
2850 3967 2942 4024 seu
2964 3951 3186 4024 γυνὶιᾳκδς
3218 3953 3437 4007 nomine
3459 3951 3627 4008 fuisse

2025 4023 2465 4094 oonipreliensas,
2499 4023 2712 4093 quando
2740 4023 3050 4094 casrPaulus
3072 4023 3401 4092 distinguere
3439 4024 3629 4094 noluit.

2026 4093 2476 4165 Eademiratione
2522 4093 2813 4165 respondet
2842 4093 2982 4147 idem
3026 4093 3389 4148 Tertullianus
3439 4093 3491 4148 itt
3534 4095 3631 4150 lib.

2024 4171 2088 4223 de
2114 4167 2210 4238 vel.
2234 4163 2468 4238 Yirgin.,
2505 4163 2629 4238 cap.
2649 4163 2963 4238 5._b_luntt'r.

2104 4233 2386 4308 (c)Quain
2413 4233 2666 4308 [ωιῃὶῄαε.
2717 4234 2773 4288 Id
2816 4244 2897 4288 est
2939 4233 3113 4308 potius
3158 4248 3319 4308 quam
3366 4233 3637 4308 fmminas.

2033 4303 2131 4362 Est
2152 4303 2369 4376 elegans
2398 4303 2450 4360 in
2503 4306 2718 4376 ltebrteo
2748 4316 2999 4358 sermone
3039 4303 3251 4360 dicendi
3299 4305 3553 4374 formula,
3583 4317 3639 4363 et

2031 4379 2152 4432 aliis
2177 4379 2227 4430 in
2243 4373 2393 4432 'locis
2413 4392 2439 4429 a
2463 4373 2790 4430 'l‘ertulliano
2822 4386 3093 4445 usurpata.
3123 4376 3343 4431 Μυκη.

2108 4448 2188 4517 (d)
2218 4447 2365 4501 Sicut
2396 4462 2489 4517 nec
2510 4447 2606 4511 vir,
2635 4461 2723 4499 nec
2758 4444 2979 4517 vetandi.
3011 4448 3295 4517 Apostolus
3317 4447 3387 4510 .in
3426 4447 3641 4503 laudata

1956 4485 2010 4545 Ῑ)
2039 4485 2617 4589 Ειῖεέἰοῖἒί”ἰ”ἐιέἰᾜῖ›ἶ.’,
2635 4485 2979 4588 ’ὲῖἷρῖῑίῖῖἷῖ
3007 4485 3644 4589 ἷῗῧῖιῖιέἵέ,’”ί“ἶιιίιῖἔὶζ“ῑὶίἶ

2041 4588 2193 4644 orans
2239 4599 2332 4661 aut
2378 4589 2697 4661 prophetaus
2729 4588 2891 4661 velato
2952 4591 3150 4661 capite,
3210 4588 3443 4658 deturpat
3489 4601 3644 4661 caput

2041 4677 2208 4716 suum.
2238 4658 2385 4715 Infra
2416 4674 2546 4715 Vero
2582 4659 2768 4714 addit:
2806 4658 2892 4714 Vir
2924 4660 3126 4730 quidem
3175 4677 3277 4715 non
3311 4661 3452 4716 debet
3477 4658 3646 4718 velare

2042 4742 2195 4803 caput
2241 4748 2411 4786 suum.
2463 4730 2807 4803 Cuicumque
2839 4730 2999 4801 igitur
3045 4732 3183 4799 viro,
3235 4732 3448 4799 quando
3500 4742 3641 4801 orat,

2045 4802 2201 4874 turpe
2227 4817 2349 4858 esse
2376 4803 2550 4874 velari
2583 4803 2657 4855 ait
2688 4802 2912 4867 Paulus,
2946 4811 2999 4874 et
3036 4818 3235 4857 omnem
3263 4803 3427 4857 virum
3466 4805 3646 4858 nomi-

2047 4873 2212 4941 nans,
2255 4888 2444 4929 onmes
2470 4873 2853 4943 cujuscumque
2882 4873 3087 4929 ordinis
3110 4916 3125 4940 ,
3169 4875 3342 4930 :etatis
3371 4885 3428 4930 et
3453 4875 3647 4931 condi-

2048 4947 2210 5002 tionis
2228 4945 2491 5001 masculos
2514 4944 2956 5015 intclligithitur
2979 4945 3080 5000 sub
3102 4946 3318 5001 nomine
3342 4948 3507 5000 onmis
3529 4963 3644 5001 mu-

2049 5016 2186 5071 lieris
2236 5016 2485 5073 feminas
2514 5031 2724 5088 omnes,
2755 5025 2864 5070 tum
2915 5018 3168 5088 virgines,
3205 5027 3313 5072 tum
3365 5026 3556 5087 nuptas
3587 5032 3651 5073 ac

2047 5089 2234 5144 viduas
2258 5087 2647 5157 complectitur.
2672 5089 2960 5155 Caeterum,
2987 5087 3114 5158 Quin
3138 5089 3253 5158 haec
3278 5088 3435 5143 verba
3461 5088 3567 5142 sint
3596 5089 3648 5142 in

2047 5160 2235 5215 codice
2253 5167 2438 5214 nostro
2463 5160 2666 5224 vitiata,
2690 5173 2849 5213 nemo
2871 5157 3154 5213 dubitabit.
3175 5157 3424 5214 Fortasse
3440 5159 3647 5213 restitui

2049 5240 2319 5314 poterunt,
2354 5240 2445 5314 aut
2470 5231 2670 5314 salleni
2694 5230 2759 5313 iis
2781 5231 2867 5284 lux
2902 5232 3080 5314 aliqua
3109 5228 3402 5314 aliulgebit,
3433 5230 3477 5284 si
3504 5227 3648 5300 quod

2050 5299 2142 5357 ille
2173 5304 2224 5357 in
2258 5302 2353 5357 lib.
2382 5301 2445 5355 de
2468 5301 2564 5354 vel.
2613 5300 2832 5372 Virgin.,
2860 5314 2978 5371 cap.
2998 5299 3065 5366 '8,
3096 5299 3279 5365 refert,
3310 5315 3409 5354 nos
3435 5299 3650 5371 quoque

2050 5374 2366 5429 referamus.
2388 5372 2661 5442 Apostolus
2683 5371 2729 5425 ξ(
2745 5371 2945 5437 Omnis,
2970 5372 3151 5443 inquit.
3170 5373 3373 5427 mulier.
3389 5371 3555 5436 thtid
3572 5382 3649 5443 est

2050 5444 2254 5499 omnis?
2280 5446 2374 5498 nisi
2398 5444 2559 5497 omnis
2580 5445 2797 5512 generis,
2830 5445 2992 5497 omnis
3018 5443 3231 5506 ordinis,
3275 5444 3439 5497 omnis
3467 5442 3650 5496 condi-

2051 5517 2221 5578 tionis,
2244 5516 2408 5569 omnis
2433 5514 2693 5586 dignitatis
2713 5557 2729 5582 ,
2757 5515 2921 5569 omnis
2957 5514 3155 5586 artatis?
3186 5513 3462 5586 Siquidem
3480 5529 3650 5581 omne,

2053 5597 2211 5641 totum
2255 5596 2346 5653 est,
2376 5595 2422 5639 et
2469 5585 2737 5656 integrum,
2790 5595 2839 5640 et
2886 5585 3032 5640 nulla
3075 5586 3155 5656 sui
3205 5597 3348 5655 parte
3373 5585 3650 5652 defectum.

2053 5656 2194 5713 Pars
2218 5667 2385 5711 autem
2424 5655 2648 5711 mulieris
2675 5657 2999 5728 etivirgoest.
3029 5655 3202 5727 rEque
3228 5668 3276 5711 et
3315 5656 3378 5710 de
3404 5657 3511 5710 viro
3543 5672 3656 5728 Anon

2052 5729 2269 5786 velanda
2290 5728 2475 5799 omnis,
2503 5728 2686 5800 inquit.
2714 5726 2850 5784 Ecce
2873 5727 2977 5785 duo
3007 5728 3206 5785 diversa
3232 5729 3472 5797 nomina,
3504 5726 3580 5785 vir
3608 5737 3657 5785 et
