4230 6256
347 212 490 325 “8‘9

1630 248 1838 317 LIBER
1880 256 1969 317 DE
2002 248 2377 319 ORATIONE.

3507 256 3655 326 “90

345 383 563 455 ﬁgurat,
594 388 651 438 et
677 391 892 437 omnem
931 376 1173 436 habitum
1223 373 1290 433 ad
1324 370 1592 433 mulieres
1651 376 1939 433 convertit.
1969 376 2027 439 Α
2048 384 2243 447 nuptas
2268 373 2473 432 alienas
2498 369 2665 432 velari
2684 372 2861 447 jubet,
2890 384 3016 433 suas
3041 371 3430 449 utique'multo
3457 379 3651 450 magis.

347 480 543 535 Totum
569 491 699 548 ergo
728 474 806 546 (a)
838 481 1129 541 asseveret,
1158 480 1214 528 et
1240 478 1411 528 totum
1441 470 1666 542 virginis
1691 478 1941 543 praestet:

347 571 491 644 quod
519 577 740 641 propter
770 568 936 623 Deum
962 565 1267 634 abscondit,
1290 564 1454 635 plane
1491 564 1801 622 obumbret.
1850 562 1943 619 ln-

350 675 516 722 terest
542 673 745 728 nostra,
778 659 919 731 quod
959 659 1051 714 Dei
1076 657 1247 729 gratia
1300 666 1573 725 exerceat,
1625 657 1795 713 solius
1845 656 1943 714 Dei

349 755 689 813 conscientia:
706 751 1184 819 commendare,ne
1212 750 1353 823 quod
1367 766 1398 806 a
1421 751 1530 807 Deo
1546 765 1852 822 speramus,
1876 751 1944 807 ab

358 848 574 905 homine
600 859 1038 916 compensemus.
1061 843 1199 912 Quid
1239 842 1481 899 denudas
1502 840 1577 915 (b)
1604 851 1729 898 ante
1774 843 1942 897 Deum

348 941 488 1014 quod
514 948 640 996 ante
670 939 917 994 homines
946 936 1115 1008 tegis!
1150 935 1520 992 Verecundior
1543 936 1656 991 eris
1685 935 1739 990 in
1770 934 1946 1006 publi-

347 1050 412 1091 co
430 1049 587 1106 quam
603 1034 656 1087 in
676 1030 943 1087 Ecclesia?
966 1030 1029 1086 Si
1070 1029 1161 1085 Dei
1186 1030 1352 1102 gratia
1378 1039 1451 1085 est
1480 1039 1526 1084 et
1546 1026 1946 1101 accepisti,quid

343 1127 610 1200 gloriaris,
642 1125 834 1195 inquit,
859 1122 1006 1195 quasi
1056 1139 1157 1178 non
1194 1122 1527 1196 acceperis(l
1554 1121 1698 1187 Cor.,
1729 1120 1820 1187 lV,
1850 1121 1946 1191 7)?

344 1217 485 1287 Quid
515 1218 653 1273 alias
696 1212 1061 1272 ostentatione
1106 1215 1180 1270 tui
1222 1213 1471 1286 judicas?
1500 1229 1568 1269 an
1593 1214 1728 1269 alias
1771 1213 1943 1284 gloria

345 1321 435 1367 tua
461 1311 526 1367 ad
549 1310 751 1367 bonum
770 1307 1002 1364 invitas?
1029 1309 1190 1379 Atqui
1223 1317 1278 1363 et
1304 1309 1417 1379 ipsa
1441 1306 1763 1378 periclitaris
1783 1308 1942 1361 amit-

346 1416 479 1473 tere,
514 1405 557 1459 si
597 1402 883 1474 gloriaris;
920 1413 974 1458 et
1018 1402 1153 1457 alias
1179 1401 1249 1457 ad
1291 1401 1480 1458 eadem
1507 1401 1741 1472 pericula
1773 1402 1939 1471 cogis.

346 1499 524 1555 Facile
549 1496 783 1567 cligitur,
811 1494 958 1567 quod
984 1492 1270 1551 affectione
1298 1495 1483 1565 glorias
1513 1494 1825 1550 assumitur.
1839 1492 1941 1549 Ve-

344 1592 459 1647 lare
485 1591 654 1660 virgo,
704 1589 750 1644 si
792 1590 945 1660 virgo
989 1603 1079 1653 es;
1105 1587 1272 1645 debes
1297 1587 1452 1657 enim
1479 1587 1826 1643 erubescere.
1881 1584 1940 1641 Si

2047 469 2157 526 Sed
2181 484 2287 524 non
2317 468 2390 542 (e)
2423 476 2576 540 putet
2609 468 2951 526 institutione
2977 470 3354 541 unusquisque
3400 481 3653 530 anteces-

2047 565 2187 621 soris
2208 564 2675 621 commovendam.
2696 563 2845 620 Multi
2876 564 2947 638 (Γ)
2976 566 3059 637 (l)
3079 565 3266 623 alienae
3280 568 3656 626 consuetudini

2050 655 2386 727 prudentiam
2418 670 2592 725 suam,
2621 666 2676 714 et
2705 658 3069 713 constantiam
3103 658 3221 729 ejus
3271 659 3548 729 addicunt,
3584 677 3653 720 ne

2049 749 2441 819 compellantur
2490 749 2687 805 velari.
2734 750 2897 807 Certe
2947 750 3281 808 voluntarias
3335 750 3412 824 (g)
3465 752 3655 824 probi-

2049 841 2167 898 beri
2193 858 2302 898 non
2328 851 2563 913 oportet,
2597 857 2718 915 quae
2749 858 2808 899 se
2838 843 3004 900 etiam
3036 844 3276 916 virgines
3319 860 3520 916 negare
3547 861 3652 901 non

2048 944 2297 1007 possunt,
2344 945 2615 992 contentae
2667 936 2818 992 abuti
2848 938 2899 991 in
2949 936 3089 993 fama
3135 953 3249 994 sua:
3303 939 3651 995 conscientiae

2048 1030 2188 1101 apud
2222 1029 2389 1085 Deum
2416 1030 2724 1087 securitate.
2756 1030 2834 1086 De
2866 1030 2974 1105 illis
3005 1030 3082 1104 (h)
3114 1040 3291 1089 tamen
3322 1049 3443 1105 quae
3487 1048 3652 1105 spon-

2049 1123 2123 1178 sis
2148 1122 2414 1191 dicantur,
2440 1131 2757 1181 constanter
2782 1139 2947 1196 super
2973 1141 3152 1182 meum
3195 1127 3471 1184 modulum
3524 1144 3652 1198 pro-

2050 1216 2298 1272 nuntiare
2321 1217 2719 1288 contestarique
2751 1231 2991 1287 possum,
3021 1217 3277 1274 velandas
3323 1233 3394 1274 ex
3447 1233 3509 1275 ea
3556 1220 3644 1276 die

2050 1324 2193 1375 esse,
2226 1324 2328 1380 qua
2357 1310 2423 1366 ad
2455 1309 2684 1380 primum
2728 1311 2828 1366 viri
2861 1325 3059 1381 corpus
3105 1311 3292 1367 osculo
3344 1320 3400 1368 et
3430 1312 3654 1369 dextera

2047 1405 2382 1473 expaverint.
2438 1400 2630 1457 Omnia
2688 1403 2831 1458 enim
2883 1402 2937 1457 in
2968 1403 3053 1458 his
3100 1412 3537 1474 przenupserunt,
3599 1411 3656 1460 et

2047 1504 2179 1551 aetas
2204 1510 2302 1566 per
2326 1495 2709 1561 maturitatem,
2735 1505 2789 1551 et
2814 1510 2941 1551 caro
2973 1511 3067 1567 per
3095 1504 3330 1563 natalem,
3389 1505 3443 1552 et
3492 1497 3656 1567 spiri-

2047 1599 2135 1645 tus
2166 1604 2260 1661 per
2286 1590 2697 1662 ;conscientiam
2726 1630 2742 1658 ,
2771 1598 2825 1646 et
2868 1588 3042 1663 pudor
3087 1606 3185 1662 per
3226 1590 3400 1648 osculi
3430 1592 3653 1663 experi-

342 1686 496 1756 virgo
519 1698 600 1751 es,
632 1683 813 1753 plures
843 1682 1032 1738 oculos
1065 1682 1174 1753 pati
1216 1680 1346 1737 noli.
1394 1678 1568 1737 Nemo
1615 1680 1841 1736 miretur
1886 1680 1939 1733 in
1972 1702 2021 1764 Β
2049 1693 2311 1753 mentum,
2345 1692 2399 1739 et
2425 1699 2549 1756 spes
2579 1699 2677 1755 per
2725 1686 3210 1756 exspectationem,
3258 1694 3313 1743 et
3362 1702 3517 1743 mens
3557 1701 3656 1757 per

347 1786 495 1833 tuam
519 1776 749 1842 faciem;
805 1789 965 1831 nemo
1006 1774 1345 1831 mendacium
1380 1781 1528 1829 tuum
1575 1773 1792 1829 sentiat.
1838 1772 1944 1829 Be-

344 1887 412 1928 ne
434 1872 507 1943 (ε)
536 1870 780 1927 mentiris
807 1878 1050 1941 nuptam,
1084 1870 1129 1925 si
1152 1877 1310 1940 caput
1334 1868 1498 1925 veles.
1523 1867 1635 1925 Imo
1670 1866 1750 1941 (ά)
1783 1883 1945 1925 men-

346 1965 432 2019 tiri
463 1978 567 2019 non
603 1962 841 2029 videris;
876 1962 1109 2033 nupsisti
1158 1960 1301 2017 enim
1327 1959 1562 2029 Christo,
1612 1961 1689 2017 illi
1722 1975 1942 2018 carnem

344 2068 490 2116 tuam
541 2057 830 2114 tradidisti.
859 2059 972 2129 Age
1014 2070 1112 2124 pro
1162 2055 1342 2112 mariti
1393 2054 1468 2110 tui
1522 2055 1825 2124 disciplina.
1882 2055 1940 2112 Si

2050 1778 2400 1833 voluntatem.
2458 1777 2708 1848 Satisque
2764 1778 2923 1833 nobis
2971 1780 3221 1849 exemplo
3282 1778 3530 1836 Rebecca
3571 1785 3655 1836 est

2051 1869 2247 1941 (Gem,
2276 1868 2523 1935 XXXIV,
2558 1868 2671 1941 65),
2703 1884 2823 1941 quae
2847 1884 3049 1940 sponso
3088 1869 3484 1941 demonstrato,
3533 1880 3653 1928 tan-

2050 1972 2159 2019 tum
2198 1962 2387 2020 n0titia
2409 1962 2528 2034 ejus
2554 1962 2806 2020 nubendo
2834 1962 3007 2019 velata
3036 1970 3139 2020 est.

1570 2146 1957 2205 LECTIONES
1993 2141 2409 2205 VABIANTES.

404 2247 477 2308 (l)
509 2245 843 2308 Deprauatum
863 2254 973 2308 esse
1015 2238 1336 2308 (innatarint:
1355 2239 1465 2303 jam
1486 2240 1783 2308 Maratorius
1804 2237 1944 2292 intel-

333 2302 475 2370 lexit,
496 2302 596 2360 nec"
616 2305 734 2360 satis
756 2306 962 2368 restitui,
986 2302 1031 2357 si
1068 2302 1366 2357 scriberetur
1402 2317 1419 2355 :
1459 2302 1846 2366 uniuscujusque
1891 2312 1946 2354 et

2041 2237 2224 2290 multae.
2250 2239 2313 2287 .4.
2341 2232 2573 2287 Neander
2595 2231 2900 2287 emendavit:
2917 2232 3279 2289 Institutiouem
3296 2240 3651 2304 unusquisque.

1707 2384 2272 2447 COMMENTARIUS.

333 2502 461 2549 sunt
485 2490 796 2548 Tertulliani
824 2488 990 2558 ipsius
1018 2485 1179 2558 verba
1202 2488 1254 2540 in
1281 2500 1398 2555 cap.
1440 2484 1514 2558 12
1548 2483 1615 2558 de
1644 2484 1753 2540 vel.
1785 2484 1932 2554 Virg.

334 2570 406 2620 At
431 2579 554 2619 cum
585 2578 704 2632 cap.
726 2562 783 2615 li
809 2556 951 2614 dicat
979 2576 992 2612 :
1021 2556 1243 2632 Adspice
1266 2565 1478 2625 nuptam
1500 2556 1643 2610 illam
1665 2565 1804 2632 tuam
1830 2558 1935 2611 vir-

332 2637 499 2707 ginem
521 2643 570 2688 et
611 2628 836 2707 animum
863 2629 1251 2707 eazspeclatione,
1281 2638 1326 2682 et
1355 2644 1561 2707 carnem
1592 2628 1931 2707 transfigura-

334 2699 487 2772 iione,
519 2708 704 2761 nescio
725 2719 791 2757 an
823 2702 946 2757 huic
966 2702 1084 2756 loco
1112 2700 1360 2772 tenebras
1384 2699 1564 2760 addat,
1595 2713 1662 2753 an
1696 2699 1785 2754 illa
1812 2716 1933 2756 ver-

333 2779 399 2835 ba
430 2777 553 2833 hinc
597 2779 706 2831 sint
743 2773 1081 2844 corrigenda.
1112 2771 1171 2826 Si
1210 2771 1330 2840 quis
1358 2772 1565 2844 crinem
1594 2773 1932 2844 tranﬁgurare

334 2850 422 2905 hic
450 2863 663 2905 sumere
714 2848 841 2901 velit
868 2842 965 2915 pro
996 2854 1290 2915 memorata
1320 2843 1588 2915 virginum
1629 2842 1847 2915 lascivia
1880 2845 1933 2899 in

333 2920 739 2991 componendis,
769 2912 1189 2991 interserendis,
1233 2912 1622 2991 ac__dividendis
1671 2914 1930 2991 crinibus,

333 2984 584 3048 ostendat
628 2992 679 3046 in
710 2991 812 3045 hac
854 2985 1076 3059 periodo
1124 2984 1509 3040 Tertullianum
1536 2985 1603 3039 de
1640 2985 1934 3056 virginibus

334 3063 447 3120 Deo
473 3063 662 3119 dicatis
684 3076 788 3117 non
808 3058 975 3130 loqui.
999 3058 1216 3130 Munit'r.
1409 3127 1419 3130 _
1542 3127 1551 3130 Α
1624 3126 1635 3130 Α

405 3136 483 3207 (a)
517 3134 701 3188 Totum
725 3149 847 3207 ergo
866 3126 1131 3207 asseveret.
1164 3126 1364 3183 Verum
1386 3127 1461 3207 de
1503 3126 1801 3197 virginibus
1846 3144 1934 3207 sa-

2039 2482 2183 2553 quod
2213 2495 2243 2535 a
2274 2477 2801 2553 sacris_virginibus-
2826 2479 3039 2553 nuptias
3082 2480 3324 2537 simulari
3374 2482 3602 2541 dixisset
3632 2502 3649 2542 :

2041 2548 2169 2608 nam
2198 2566 2384 2625 revera
2411 2548 2919 2625 Christonupsere;
2950 2551 3133 2622 illique
3159 2569 3313 2625 suum
3341 2569 3538 2625 corpus
3564 2558 3653 2612 ἀί..

2041 2640 2253 2692 cavere,
2274 2623 2513 2695 ideoque
2538 2620 2605 2676 ad
2642 2621 2811 2695 instar
2841 2620 3122 2695 nuptarum
3152 2624 3330 2679 velato
3350 2620 3526 2695 capite
3565 2629 3653 2683 di-

2040 2697 2192 2768 vinis,
2225 2692 2439 2768 oiliciis’
2464 2694 2726 2768 interesse
2758 2692 3059 2768 debebant.
3093 2695 3289 2768 Eadem
3323 2692 3485 2768 habet
3525 2714 3647 2768 cap.

2044 2767 2132 2834 l6,
2163 2767 2232 2822 de
2269 2764 2419 2836 Virg.
2443 2762 2990 2836 velandisiAdimple,
3025 2765 3214 2836 inquit,
3260 2765 3489 2821 habitum
3538 2762 3652 2824 mu-

2044 2838 2203 2903 lieris,
2227 2846 2280 2891 ut
2309 2834 2499 2909 statum
2540 2834 3067 2909 virginitatisAAserves.
3098 2834 3316 2909 Mentire
3362 2839 3559 2909 aliquid
3587 2858 3649 2897 ex

2041 2911 2139 2972 his,
2170 2923 2283 2979 ante
2325 2908 2465 2962 intus
2508 2915 2733 2979 sunt,gut
2779 2904 2875 2959 soli
2919 2904 3031 2960 Deo
3083 2908 3317 2963 exhibeas
3367 2904 3645 2973 veritatem.

2012 2976 2017 2981 ’
2044 2976 2350 3053 Quanquam
2373 2995 2475 3053 non
2503 2977 2728 3031 mentiris
2754 2986 3002 3053 nuptam;
3025 2980 3241 3048 nupsisti
3250 2980 3392 3053 enim
3420 2981 3644 3053 Christo,

2037 3050 2116 3104 illi
2142 3048 2396 3120 tradidisti
2433 3063 2636 3120 carnem
2677 3056 2853 3115 tuam,
2883 3048 2963 3103 illi
3004 3051 3259 3120 sponsasti
3302 3048 3648 3110 maturitatem

2039 3132 2200 3176 tuam.
2227 3119 2416 3175 lucede
2435 3117 2710 3174 secundum
2739 3120 2913 3189 sponsi
2941 3121 3016 3174 mi
3033 3117 3370 3178 uoluntatem.
3418 3123 3647 3181 Christus

333 3191 440 3263 eris
467 3191 554 3262 hic
578 3207 685 3276 agi,
714 3191 881 3274 magis
910 3217 1004 3276 per
1031 3202 1129 3255 ista
1172 3198 1531 3276 persuadeam.
1557 3191 1747 3276 sénsus
1784 3202 1928 3276 enim
1956 3206 2001 3269 ρ
2036 3204 2131 3276 ας,
2163 3194 2250 3263 qui
2289 3191 2555 3276 ct'alienas
2581 3200 2920 3276 ⁸εροηεαειὶιει
2969 3193 3233 3276 maritatas
3272 3197 3429 3276 velari
3449 3197 3603 3276 jubet.
3625 3215 3647 3253 :

332 3287 419 3335 cst
448 3297 459 3332 :
490 3277 545 3334 Si
578 3269 645 3331 ei
673 3269 781 3347 quo
803 3269 1163 3345 virginitatem
1216 3273 1324 3347 Deo
1364 3269 1579 3347 dicavit,
1608 3271 1832 3347 crinium
1867 3271 1929 3326 li-

332 3350 565 3406 centiam
604 3342 983 3417 comprime're,
1016 3354 1069 3399 et
1092 3344 1405 3417 gravitatem
1450 3343 1502 3396 in
1548 3342 1786 3417 vestibus
1816 3357 1929 3412 prie

331 3435 392 3477 se
418 3419 560 3476 ferre
590 3413 746 3489 virgo
769 3419 949 3484 debet,
981 3431 1077 3489 cur
1107 3423 1292 3484 postea
1315 3414 1519 3489 intecto
1546 3413 1722 3482 capite
1748 3415 1817 3489 ὶηΔ
1842 3430 1930 3489 sa-

332 3494 439 3548 cris
460 3484 1115 3553 hominu'mconventibus
1142 3484 1576 3555 conspiciendam
1603 3499 1663 3540 se
1689 3485 1927 3555 praebet?

332 3564 564 3620 Omnino
588 3564 745 3633 igitur
772 3559 1022 3633 ostendat
1051 3572 1111 3613 se
1148 3555 1361 3611 Christo
1388 3563 1605 3633 nuptam
1631 3596 1646 3622 ,
1677 3564 1733 3633 et
1761 3566 1926 3633 totam

332 3650 499 3690 sacra:
529 3627 751 3705 virginis
777 3631 1096 3705 modestiam
1137 3637 1338 3694 servet,
1368 3628 1528 3705 plene
1556 3627 1926 3705 obutnhrando

333 3698 640 3779 virgineum
694 3712 892 3776 caput,
959 3700 1095 3772 quod
1160 3712 1363 3773 prapter
1409 3698 1576 3824 DetRnt
1646 3698 1926 3824 arbscondit.

497 3794 509 3808 ί
1526 3786 1653 3824 ηυιιΑ
1700 3807 1715 3821 .

497 3794 509 3808 ’
1497 3785 1715 3825 MUBAT.

402 3851 485 3923 (b)
519 3851 658 3921 Quid
689 3847 1061 3923 denudasante
1085 3843 1288 3923 Deum]
1314 3843 1392 3898 En
1432 3843 1575 3923 qugd
1604 3841 1931 3923 Tertuliiano

332 3913 562 3980 minime
581 3921 859 3979 ferendum
887 3918 1186 3974 videbatur.
1237 3916 1472 3971 Sacratae
1502 3913 1720 3969 Christo
1764 3916 1926 3982 virgi-

332 4011 429 4052 nes
475 4011 581 4050 non
626 4009 781 4050 secus
828 4007 889 4046 ac
934 3999 1191 4044 matrona:
1228 3987 1403 4042 velato
1432 3988 1607 4057 capite
1642 3987 1697 4040 in
1726 3986 1929 4057 publica

331 4065 717 4138 procedebant,
742 4067 797 4138 in
844 4062 1052 4119 ecclesia
1078 4074 1206 4138 vero
1230 4073 1584 4138 nequaquam.
1618 4058 1701 4138 Ab
1741 4068 1928 4138 osien-

327 4130 547 4195 iationis
576 4130 729 4208 culpa
761 4137 1025 4191 immunes
1056 4131 1360 4208 tton'credit
1392 4130 1490 4186 has
1518 4131 1752 4208 virgines
1799 4132 1932 4187 Ter-

332 4212 606 4279 tullianus,
636 4204 753 4280 qua:
779 4208 944 4264 veluti
974 4204 1356 4280 gloriabundus,
1389 4218 1523 4280 se__a
1554 4206 1730 4259 divina
1760 4209 1928 4274 gratia

330 4283 398 4337 ad
426 4275 774 4340 continentiae
818 4275 1000 4334 votum
1047 4279 1266 4341 electas,
1298 4275 1350 4328 in
1398 4275 1726 4348 reliquarum
1751 4280 1931 4348 virgi-

332 4370 460 4411 num
486 4364 783 4424 conspectu
821 4351 1045 4424 jactare
1070 4349 1341 4424 propriam
1370 4347 1623 4402 virtutem
1649 4347 1929 4424 uideban-

334 4435 438 4483 tur.
470 4417 709 4496 Cumque
746 4425 798 4479 id
823 4417 870 4478 'a
911 4438 971 4496 se
1019 4417 1132 4476 fieri
1164 4417 1841 4496 quaedamresponderent,
1868 4428 1929 4496 ut

330 4500 579 4569 exemplo
608 4490 708 4555 suo
734 4497 868 4552 alias
895 4495 971 4569 ad
991 4507 1208 4569 sacrum
1232 4490 1561 4569 virginitatis
1582 4498 1762 4569 votum
1791 4491 1926 4545 inci-

331 4561 527 4635 tarent,
588 4585 657 4625 ne
697 4569 798 4625 hoc
846 4567 1064 4637 quidem
1104 4562 1413 4619 ambitionis
1452 4561 1692 4631 periculo
1742 4574 1929 4619 carere

330 4638 690 4697 Tertullianus
716 4642 809 4695 ait.
840 4640 1056 4694 Munna.

401 4713 479 4785 (e)
507 4715 643 4768 Bene
670 4712 907 4771 mentiris,
926 4719 1159 4785 nuptam.
1187 4706 1532 4785 Exploratum
1573 4713 1676 4770 est,
1708 4715 1929 4761 cunctas

330 4777 586 4841 mulieres
626 4794 853 4855 nuptas,
883 4791 943 4837 ut
985 4777 1255 4855 AApostolo
1301 4777 1774 4855 obtemperareui,
1814 4787 1926 4855 tum

330 4855 385 4910 in
417 4856 642 4925 publicis
668 4848 824 4919 lucis,
841 4848 955 4908 tum
982 4848 1231 4907 in'sacris
1258 4848 1461 4925 aedibus
1479 4849 1605 4925 velo
1628 4850 1928 4925 capita_ob-

329 4920 569 4983 duiisse.
608 4926 835 4982 Proinde
863 4926 964 4980 hoc
1001 4931 1291 4993 nuptarum
1318 4921 1584 4993 indicium
1625 4930 1760 4976 erat.
1792 4920 1927 4977 Cum

328 4999 564 5070 virgines
604 5014 774 5054 sacrae
828 5012 924 5067 pro
976 4992 1158 5070 nuptis
1202 4992 1416 5070 Christo
1462 4994 1654 5070 haberi
1694 4993 1925 5070 vellent,

329 5063 521 5126 iisdem
567 5063 843 5134 vestibus,
871 5063 1147 5123 ornatibus
1190 5074 1245 5122 et
1281 5064 1596 5120 velamentis
1637 5065 1691 5118 in
1728 5063 1929 5133 publica

329 5142 641 5211 utebantur,
668 5140 862 5212 quibus
898 5149 1155 5194 matrona:
1183 5138 1460 5212 acnnupta;
1486 5136 1719 5212 mundo;
1746 5138 1798 5212 in
1827 5134 1932 5189 Ec-

328 5212 483 5268 clesia
511 5206 639 5270 vero
663 5206 840 5268 velum
868 5212 936 5266 ad
960 5225 1142 5266 earum
1183 5206 1536 5264 differentiam
1569 5207 1925 5277 deponebant.

331 5282 509 5356 lnquit
536 5286 695 5357 igitur
718 5283 1112 5357 Tortullianus:
1148 5280 1314 5335 Nemo
1348 5280 1650 5357 ntireiurnin
1680 5288 1816 5333 tuam
1845 5281 1929 5357 [a-

329 5350 475 5424 ciem,
514 5350 660 5413 nimo
697 5356 1016 5411 mendacium
1064 5362 1204 5407 tuum
1234 5353 1434 5424 sentiat.
1462 5350 1678 5406 Scilicet
1706 5351 1930 5405 menda-

329 5421 472 5500 cium
517 5429 774 5500 appellat,
807 5428 951 5498 pium
981 5424 1196 5500 utique,
1239 5438 1298 5500 se
1325 5421 1526 5500 lingere
1563 5429 1772 5500 nuptas,
1805 5434 1926 5500 cum

330 5499 505 5556 adhuc
536 5490 771 5571 virgines
793 5490 993 5554 essent.
1017 5490 1153 5551 Si'et
1175 5496 1227 5549 iu
1256 5490 1496 5571 Ecclesia
1519 5493 1637 5571 velo
1662 5506 1774 5546 usa:
1800 5490 1927 5571 [uis-

329 5582 452 5626 sent
478 5562 729 5641 virgines,
758 5584 918 5626 nemo
942 5582 1035 5641 eas
1063 5581 1093 5621 a
1124 5567 1302 5636 nuptis
1326 5563 1692 5641 distinxisset;
1722 5573 1779 5617 et
1806 5562 1929 5641 bene

329 5642 508 5698 solum
528 5634 588 5699 se
610 5651 796 5713 nuptas
819 5639 1021 5695 mentiri
1039 5634 1285 5711 poterant
1302 5637 1551 5707 virgines,
1574 5634 1620 5692 si
1642 5644 1792 5707 caput
1818 5634 1928 5693 ubi-

328 5728 436 5784 que
466 5715 753 5771 velassent.
782 5713 1000 5770 Μυκη.

405 5785 482 5858 (d)
506 5784 622 5848 luto
641 5786 843 5850 mntiri
865 5801 971 5848 non
995 5782 1196 5845 videris.
1218 5782 1289 5847 Se
1304 5779 1524 5856 corrigit
1543 5779 1923 5855 Tertullianus,

2034 3264 2409 3339 ntiquehnmlto
2441 3264 2619 3339 magis
2661 3262 3008 3339 suas._Q_uare
3054 3263 3234 3319 nullus
3280 3262 3486 3339 dubito,
3516 3269 3646 3339 quin

2036 3332 2395 3393 Tertulliauus
2440 3332 2643 3389 hic’de
2699 3334 3015 3404 virginibus,
3064 3349 3172 3390 non
3227 3336 3496 3405 omnibus,
3533 3332 3646 3394 'sed

2033 3407 2249 3463 Christo
2295 3415 2497 3460 tantum
2550 3405 2739 3459 dicatis
2771 3406 3016 3476 loquatur
3063 3405 3133 3461 ab
3178 3406 3242 3461 iis
3270 3408 3450 3464 verbis
3487 3425 3500 3462 :
3536 3408 3645 3466 Sed

2032 3480 2203 3605 ah“ng
2228 3494 2282 3532 se
2310 3476 2415 3532 Deo
2440 3477 2589 3544 vovit,
2620 3491 2787 3548 usque
2830 3476 2899 3532 ad
2924 3478 3201 3547 sequentia
3229 3496 3246 3536 :
3274 3478 3382 3536 Sed
3407 3496 3509 3535 non
3538 3498 3640 3551 pu-

2033 3560 2120 3605 tet.
2208 3565 2371 3605 una-r.

2033 3560 2120 3605 tet.
2153 3560 2371 3605 MUBAT.

2109 3640 2185 3713 (e)
2216 3639 2324 3697 Sed
2362 3658 2463 3696 non
2490 3649 2648 3712 putet.
2680 3640 2873 3696 Latere
2922 3641 3182 3697 mendum
3230 3642 3282 3697 in
3330 3640 3415 3698 his
3460 3644 3642 3702 verbis

2037 3717 2233 3786 sentio,
2266 3713 2362 3768 sed
2388 3727 2641 3786 reparare
2682 3726 2789 3768 non
2833 3713 3025 3769 audeo.
3066 3714 3318 3769 Fortasse
3356 3715 3649 3786 legendum-

2036 3785 2457 3857 uniuscujusque.
2485 3784 2687 3840 Sensus
2712 3791 2890 3840 autem
2919 3793 3035 3857 est;
3068 3799 3173 3841 non
3205 3799 3329 3857 esse
3352 3784 3638 3857 virginum,

2035 3872 2164 3928 qua;
2179 3856 2605 3925 antecesserunt,
2637 3856 3077 3913 consuetudinem
3111 3872 3207 3928 pro
3234 3856 3455 3914 ratione
3472 3859 3641 3915 addu-

2036 3918 2282 3983 condam.
2306 3928 2524 3983 Manu.

2109 4020 2176 4092 (ἲ)
2208 4020 2360 4076 Multi
2379 4020 2559 4077 aliena:
2579 4020 2949 4075 consuetudini.
2977 4019 3056 4092 Et,
3077 4019 3163 4075 hic
3185 4020 3345 4076 verba
3386 4032 3638 4091 corrupta

2036 4091 2305 4148 existimo.
2340 4093 2543 4163 Legere
2570 4092 2782 4149 mallem
2820 4092 3007 4146 multis.
3040 4091 3214 4163 inquit
3250 4099 3452 4163 autem,
3483 4107 3637 4148 com-

2036 4166 2215 4234 plures
2260 4161 2513 4234 virgines,
2546 4180 2612 4219 ue
2656 4164 2707 4217 in
2750 4163 2950 4231 templo
2976 4161 3141 4234 velari
3164 4161 3634 4233 compellerentur,

2032 4231 2449 4306 praecedentium
2496 4235 2758 4306 virginum
2788 4231 3177 4306 consuetudine
3212 4247 3332 4287 sese
3361 4234 3517 4302 tueri,
3546 4231 3637 4291 sai-

2035 4302 2101 4361 iis
2129 4321 2187 4361 se
2214 4307 2503 4375 prudentes
2523 4302 2812 4369 arbitratu),
2836 4304 2884 4375 si
2912 4302 3056 4373 quod
3091 4303 3200 4362 illa:
3225 4315 3535 4365 constanter
3557 4307 3637 4364 fe-

2033 4386 2241 4442 cerunt,
2275 4385 2329 4431 et
2359 4378 2485 4446 ipsae
2513 4376 2768 4432 facerent.
2797 4374 3008 4431 Μυκη.
3294 4415 3299 4420 .

2103 4467 2180 4549 (g)_
2208 4466 2351 4523 Certe
2394 4466 2730 4555 volnntarias.
2753 4466 2841 4539 μω
2865 4483 2988 4555 Δδερ
3016 4468 3416 4555 interpretarer.
3455 4469 3637 4552 Velnri

2035 4538 2283 4595 laminas
2328 4539 2525 4610 nuptiis
2549 4538 2761 4603 saeculi,
2791 4548 2883 4595 aut
2911 4538 3106 4595 Christi
3131 4539 3393 4606 addictus,
3419 4543 3638 4598 omnino

2034 4610 2397 4666 necessarium
2435 4619 2537 4667 est.
2580 4612 2651 4665 At
2692 4627 2810 4681 qua:
2869 4611 3225 4681 virginitatem
3278 4612 3635 4669 voluntariam

2033 4682 2236 4744 colunt,
2264 4682 2438 4739 donec
2485 4683 2737 4737 maritum
2782 4681 2883 4737 sibi
2928 4691 3263 4752 comparent,
3309 4682 3390 4738 his
3418 4698 3636 4753 prorsus

2035 4753 2396 4809 interdicenda
2426 4769 2531 4808 non
2572 4753 2867 4823 estcapitis
2912 4754 3166 4825 nuditas,
3211 4754 3306 4809 sed
3330 4756 3637 4825 [monendus

2033 4835 2240 4881 tantum
2268 4836 2327 4881 ut
2356 4826 2574 4882 meliora
2615 4825 2912 4896 disciplina:
2956 4824 3180 4881 consilia
3221 4824 3634 4895 amplectantur,

2032 4898 2278 4967 quamvis
2330 4912 2389 4953 se
2444 4898 2677 4969 virgines
2706 4898 2987 4969 interdum;
3024 4899 3369 4953 mentiantur.
3414 4897 3635 4954 Mondo-

2032 4985 2152 5026 sum
2195 4969 2435 5095 chndicem
2465 4967 2732 5040 explicare
2775 4983 2872 5039 per
2911 4967 3055 5026 solas
3098 4969 3436 5042 conjecturas
3491 4971 3638 5042 cogi-

2033 5057 2174 5095 mur.
2266 5057 2427 5095 unar.
3024 5050 3038 5063 '

2033 5057 2174 5097 mur.
2213 5050 2427 5097 ΜυΒΛΤ.
3024 5050 3038 5063 ⁸

2107 5132 2189 5206 (h)
2223 5133 2298 5188 De
2324 5133 2441 5206 illis
2485 5140 2673 5206 tamen.
2716 5132 3093 5206 Nihilominus,
3133 5147 3255 5203 qua:
3274 5132 3513 5206 virgines
3539 5149 3636 5189 vo-

2033 5205 2278 5262 luntaria:
2302 5205 2567 5269 dicuntur,
2599 5205 2773 5261 adhuc
2801 5205 3057 5260 velandas
3083 5219 3234 5270 esse,
3269 5205 3635 5262 Tertullianus

2036 5276 2325 5333 arbitratur
2354 5292 2420 5331 ex
2441 5290 2506 5332 eo
2531 5277 2651 5339 die,
2684 5292 2791 5347 quo
2816 5277 2945 5331 viris
2970 5276 3249 5347 despouhre
3279 5274 3514 5344 luerunt,
3547 5293 3635 5333 se-

2036 5364 2140 5419 quc
2169 5348 2234 5403 ad
2281 5346 2485 5419 futuras
2516 5346 2729 5419 nuptias
2755 5363 2944 5418 parare
2987 5346 3285 5418 occperunt.
3318 5347 3424 5403 llas
3449 5364 3478 5403 a
3510 5364 3634 5405 vero

2031 5418 2212 5489 nuptis
2233 5420 2363 5474 nihil
2383 5418 2605 5474 ditl'erre
2627 5419 2922 5475 contendit.
2955 5419 3160 5475 Similia
3191 5419 3351 5475 habet
3388 5434 3505 5489 cap.
3564 5423 3627 5477 11

2029 5492 2098 5549 de
2120 5492 2265 5563 Virg.
2293 5490 2397 5546 vel.
2426 5490 2707 5560 Sponsalia
2728 5506 2856 5546 vero
2880 5506 2909 5545 a
2935 5491 3251 5563 Christianis
3292 5490 3419 5563 dato
3445 5492 3631 5548 osculo

2029 5573 2085 5621 et
2112 5561 2334 5619 dextera
2362 5564 2661 5633 conjuncta
2679 5563 2856 5633 peragi
2883 5562 3038 5617 solita
3067 5563 3321 5633 diximus.
3361 5561 3627 5618 Cmterum

2028 5651 2149 5707 quae
2179 5636 2231 5690 in
2261 5636 2364 5707 isto
2392 5632 2567 5707 capi_te
2609 5632 2902 5707 adgeruntur
2926 5632 3339 5707 compendiose,
3368 5648 3432 5707 ea
3460 5634 3630 5691 iusius

2025 5705 2212 5781 postea
2242 5706 2311 5787 ab
2353 5707 2469 5787 ipso
2495 5705 2832 5787 Tertulliano
2851 5713 3170 5787 pertractata
3198 5705 3346 5787 luere
3387 5705 3440 5761 in
3484 5720 3630 5779 strpo

2028 5776 2327 5839 intemerato
2353 5776 2492 5837 libro
2521 5778 2589 5836 de
2612 5776 2917 5850 Virginibus
2942 5777 3202 5837 vetandis.
3230 5776 3442 5835 Mean.
