4230 6256
336 437 472 494 1201

967 547 1191 604 CAPUT
1239 547 1303 602 ll.

412 649 517 706 Sed
575 650 716 705 enim
780 657 972 715 quanta
1025 649 1104 702 vis
1173 656 1258 702 est
1330 648 1694 718 perversitatis
1746 646 1811 702 ad
1867 646 1933 700 ﬁ-

335 742 458 800 dem
513 739 966 804 labefactandam,
1019 738 1099 793 vel
1167 739 1220 792 in
1278 727 1446 792 totu’m
1515 753 1621 794 non
1673 737 1936 808 recipien-

337 836 481 902 dam,
527 844 582 890 ut
612 851 681 888 ex
727 833 809 888 his
852 848 970 888 eam
1019 833 1312 904 impugnet,
1363 848 1429 887 ex
1473 833 1667 903 quibus
1705 839 1934 885 constat.

334 927 476 983 Nihil
511 925 649 981 adeo
675 935 758 980 est
785 924 926 995 quod
969 933 1075 978 tam
1109 924 1338 978 obduret
1370 933 1577 980 mentes
1616 923 1933 988 hominum,

335 1033 490 1088 quam
535 1017 850 1086 simplicitas
878 1015 1182 1068 divinorum
1213 1031 1435 1084 operum
1475 1032 1591 1086 qum
1624 1017 1674 1068 in
1704 1023 1823 1069 actu
1851 1013 1933 1068 vi-

331 1108 488 1164 detur
507 1149 521 1174 ,
549 1119 601 1162 et
629 1107 1023 1178 magniﬁcentia
1050 1123 1170 1178 qua:
1203 1108 1253 1161 in
1279 1107 1469 1163 effectu
1499 1108 1888 1178 repromittitur
1917 1127 1928 1161 :

330 1211 386 1276 ut
414 1199 501 1256 hic
539 1215 784 1270 quoque,
808 1199 1060 1268 quoniam
1090 1209 1236 1253 tanta
1272 1199 1614 1269 simplicitate
1639 1200 1754 1254 sine
1783 1214 1934 1268 pom-

330 1308 395 1362 pa
425 1335 438 1355 ,
470 1292 588 1346 sine
613 1301 873 1361 apparatu
905 1305 1044 1343 novo
1071 1291 1250 1362 aliquo
1273 1332 1286 1353 ,
1318 1289 1550 1361 denique
1578 1291 1693 1345 sine
1719 1277 1931 1360 sitmptu

327 1384 490 1439 homo
544 1384 594 1438 in
646 1397 780 1452 aqua
821 1382 902 1452 (l)
943 1382 1235 1449 demissus,
1280 1391 1334 1438 et
1383 1383 1520 1438 inter
1571 1397 1735 1453 pauca
1773 1385 1932 1439 verba

330 1476 562 1539 tinctus,
598 1489 702 1528 non
756 1472 926 1528 multo
966 1474 1046 1529 vel
1079 1473 1247 1530 nihilo
1276 1473 1524 1530 mundior
1565 1475 1794 1546 resurgit
1817 1517 1832 1540 ,
1865 1490 1932 1532 eo

331 1564 663 1619 incredibilis
707 1564 1049 1619 existimetur
1101 1566 1414 1619 consecutio
1461 1566 1775 1620 aeternitatis
1825 1567 1927 1638 (α).

328 1657 573 1722 Mentior,
627 1657 670 1710 si
726 1671 829 1711 non
878 1671 908 1710 e
947 1657 1216 1711 contrario
1259 1649 1520 1712 idolorum
1562 1656 1819 1714 Solemnis
1847 1659 1929 1715 vel

329 1763 544 1809 arcana,
602 1747 670 1801 de
719 1756 969 1817 suggestu
1021 1757 1075 1802 et
1125 1759 1404 1818 apparatur,
1460 1750 1633 1820 deque
1691 1762 1926 1822 sumptu,

325 1838 481 1894 ﬁdem
518 1846 573 1894 et
609 1826 977 1893 auctoritatem
996 1838 1097 1893 sibi
1120 1849 1421 1894 exstruunt.
1451 1840 1589 1896 Pro!
1625 1841 1818 1898 misera
1850 1843 1931 1898 in-

322 1929 645 1995 credulitas,
675 1945 796 1999 quae
838 1930 1074 2001 denegas
1114 1929 1196 2003 (ἓ)
1230 1931 1340 1986 Deo
1371 1934 1724 2002 proprietates
1767 1949 1924 2003 suas,

1582 430 1781 487 LIBER
1843 429 1929 486 DE
1969 430 2327 487 BAPTISMO.

1965 547 2014 607 Λ
2043 549 2144 603 ista
2174 548 2394 603 materia
2425 555 2585 603 tanta:
2611 547 2935 619 dignationis
2967 545 3222 606 meruerit
3251 548 3529 607 ofﬁcium?
3566 553 3638 610 Ut

3505 435 3648 491 1202

2041 641 2255 713 opinor,
2282 641 2571 695 auctoritas
2603 641 2787 712 liquidi
2831 642 3086 698 elementi
3121 641 3381 713 exigenda
3411 652 3515 700 est.
3543 646 3639 700 At-

2039 733 2165 804 quin
2198 733 2425 803 plurima
2456 732 2712 802 suppetit,
2745 741 2800 788 et
2830 731 3042 803 quidem
3071 732 3116 802 fa
3144 733 3458 803 primordio.
3504 733 3637 791 Nam

2039 841 2202 880 unum
2231 841 2296 879 ex
2322 823 2407 880 his
2436 833 2520 879 est
2567 840 2685 896 qua:
2723 833 2846 881 ante
2870 839 3086 881 omnem
3123 825 3307 880 mundi
3330 835 3639 898 suggestum

2038 918 2278 988 impolita
2307 918 2482 972 adhuc
2522 918 2701 987 specie
2731 932 2896 987 penes
2929 917 3097 973 Deum
3143 917 3533 988 quiescebant:
3565 917 3636 974 In

2044 1004 2345 1083 primordio,
2395 1011 2584 1081 inquit,
2632 1011 2746 1082 fecit
2778 1009 2917 1065 Deus
2946 1009 3126 1064 coelum
3151 1017 3196 1062 et
3228 1017 3435 1064 terram.
3481 1008 3640 1065 Terra

2038 1116 2208 1160 autem
2251 1115 2358 1159 erat
2407 1105 2670 1158 invisibilis
2710 1102 2788 1176 (4)
2836 1114 2882 1158 et
2926 1103 3280 1173 incomposita,
3328 1113 3376 1158 et
3425 1103 3638 1158 tenebras

2040 1206 2183 1252 erant
2202 1213 2354 1267 super
2387 1198 2645 1266 abyssum,
2674 1204 2717 1248 et
2744 1195 2954 1265 spiritus
2989 1193 3087 1250 Dei
3103 1193 3185 1266 (5)
3207 1194 3457 1266 (b)super
3477 1211 3634 1266 aquas

2040 1291 2294 1359 ferebatur
2313 1286 2464 1360 (Gen.
2496 1287 2536 1352 l,
2572 1286 2920 1357 1,2).llabes,
2942 1287 3404 1357 homo,imprimis
3423 1295 3635 1344 etatem

2038 1379 2283 1436 venerari
2319 1394 2598 1449 aquarum,
2630 1378 2770 1448 quod
2802 1381 3027 1449 antiqua
3056 1379 3389 1446 substantia;
3438 1378 3636 1437 dehinc

2039 1470 2421 1541 dignationem,
2451 1469 2594 1540 quod
2615 1469 2779 1524 divini
2810 1469 3028 1539 spiritus
3058 1468 3236 1534 sedes,
3265 1469 3466 1541 gratior
3484 1471 3634 1526 scili-

2037 1572 2124 1620 cet
2155 1565 2365 1619 caeteris
2393 1573 2517 1617 tunc
2542 1563 2830 1618 elementis
2860 1561 2952 1634 (ε).
2985 1562 3117 1618 Nam
3145 1570 3200 1618 et
3233 1563 3466 1619 tenebra:
3505 1573 3632 1621 tota:

2035 1658 2213 1713 adhuc
2252 1657 2373 1713 sine
2398 1656 2542 1712 cultu
2573 1656 2808 1711 siderum
2856 1655 3138 1722 informes,
3169 1663 3223 1711 et
3263 1656 3429 1712 tristis
3471 1657 3634 1726 abys~

2035 1763 2128 1805 sus
2153 1749 2254 1822 (ά),
2282 1758 2337 1805 et
2364 1757 2504 1804 terra
2536 1748 2814 1818 imparata,
2865 1758 2920 1803 et
2963 1747 3159 1803 cmlum
3185 1747 3319 1804 rude
3359 1765 3373 1802 :
3405 1749 3552 1804 solus
3579 1748 3636 1805 li-

2035 1857 2196 1912 quor,
2225 1856 2438 1912 semper
2457 1841 2678 1896 materia
2716 1838 2977 1910 perfecta,
3007 1840 3127 1894 heta
3154 1839 3408 1910 simplex,
3439 1841 3508 1898 de
3532 1857 3633 1897 suo

2038 1950 2188 2004 pura,
2215 1933 2437 2004 dignum
2468 1933 2803 1988 vectaculum
2845 1931 2924 2001 (6)
2969 1932 3078 1986 Deo
3126 1931 3458 2001 subjiciebat.
3495 1932 3634 2000 Quid

319 2023 718 2092 simplicitatem
763 2031 818 2078 et
862 2025 1206 2093 'potestatem.
1239 2025 1374 2091 Quid
1419 2026 1586 2097 ergo?
1614 2042 1792 2082 nonne
1823 2028 1924 2082 mi-
1959 2011 2004 2070 Β
2032 2027 2172 2097 quod
2193 2027 2388 2082 exinde
2404 2027 2684 2096 dispositio
2698 2025 2878 2081 mundi
2899 2025 3338 2080 modulatricibus
3361 2025 3624 2096 quodam-

324 2116 551 2169 rnndum
599 2123 656 2170 et
699 2115 910 2170 lavacro
949 2116 1081 2171 dilui
1127 2119 1401 2171 mortem?
1431 2120 1629 2190 Atquin
1665 2136 1732 2175 eo
1759 2122 1928 2192 magis

319 2206 686 2270 credendum,
730 2209 811 2273 si,
855 2207 979 2276 quia
1039 2208 1340 2264 mirandum
1395 2203 1508 2277 est,
1558 2211 1756 2267 ideirco
1819 2228 1924 2268 non

323 2298 583 2353 creditur.
615 2298 799 2366 Qualia
839 2299 980 2353 enim
1024 2299 1174 2354 decet
1220 2316 1340 2357 esse
1367 2317 1529 2371 opera
1580 2302 1778 2368 divina,
1825 2303 1924 2359 nisi

320 2406 482 2464 super
509 2407 724 2448 omnem
755 2393 1163 2447 admirationem
1187 2394 1209 2445 ?
1235 2394 1342 2450 Nos
1369 2410 1583 2465 quoque
1621 2396 1720 2464 ipsi
1763 2398 1924 2450 mira-

323 2500 469 2548 mur,
499 2485 590 2538 sed
621 2485 739 2554 quia
769 2483 1058 2538 credimus.
1090 2483 1353 2538 Cteterum
1384 2485 1727 2540 incredulitas
1757 2487 1920 2540 mira-

320 2583 424 2640 tur,
461 2591 565 2628 non
606 2573 794 2628 credit.
826 2573 1046 2627 Miratur
1083 2575 1225 2628 enim
1257 2576 1517 2642 simplicia
1566 2579 1717 2646 quasi
1749 2590 1880 2632 vana
1903 2620 1919 2646 ,

319 2666 597 2735 magniﬁca
643 2665 792 2735 quasi
826 2666 1200 2735 impossibilia.
1253 2667 1320 2722 Et
1360 2667 1428 2722 sit
1459 2669 1614 2738 plane
1645 2681 1700 2724 ut
1728 2678 1878 2738 putas
1902 2711 1918 2738 ,

318 2758 419 2812 sa'i
437 2792 446 2806 κ
467 2758 530 2812 ad
557 2768 838 2828 utrumque
863 2759 1036 2812 divina
1072 2761 1430 2827 pronuntiatio
1455 2762 1798 2830 prtccueurrit
1819 2764 1917 2833 (3):

321 2850 491 2906 Stulta
520 2851 696 2904 mtmdi
734 2850 879 2921 elegit
917 2849 1054 2905 Deus
1081 2861 1135 2903 ut
1164 2851 1443 2922 confundat
1479 2853 1781 2922 sapientiam
1811 2855 1922 2922 ejus

320 2943 360 3012 (Ι
395 2943 535 3006 Con,
569 2941 610 3005 l,
642 2942 761 3010 27),
794 2953 845 2996 et
873 2941 1222 3012 Praediﬁicilia
1252 2960 1403 3010 penes
1435 2943 1662 2998 homines
1687 2986 1701 3008 ,
1751 2947 1928 3015 facilia

322 3051 469 3104 penes
502 3033 660 3087 Deum
683 3033 919 3106 (Mattlt.,
948 3032 1095 3094 XIX,
1120 3033 1235 3103 9-6).
1257 3033 1384 3087 Nam
1409 3035 1452 3088 si
1478 3037 1617 3090 Deus
1641 3045 1696 3090 et
1715 3036 1929 3105 sapiens

321 3136 375 3183 et
404 3137 612 3197 potens,
637 3127 778 3196 quod
807 3127 969 3181 etiam
1004 3137 1393 3195 praetereuntes
1423 3144 1544 3182 eum
1575 3145 1679 3183 non
1711 3141 1924 3200 negant,

323 3220 515 3274 merito
546 3220 598 3274 in
626 3219 947 3274 adversariis
974 3220 1250 3288 sapientia:
1278 3222 1657 3293 potentimque,
1688 3223 1737 3277 id
1765 3235 1847 3280 est
1874 3227 1925 3281 in

2031 2120 2192 2175 modo
2217 2118 2369 2190 aquis
2411 2120 2489 2189 (7)
2521 2118 2632 2172 Deo
2658 2117 2916 2172 constitit.
2956 2115 3111 2182 Nam,
3142 2125 3200 2170 ut
3237 2116 3631 2172 ﬁrmamentum

2029 2214 2252 2270 caeleste
2289 2209 2663 2277 suspenderet,
2689 2211 2742 2264 in
2769 2208 3062 2265 medietate
3088 2207 3356 2264 distinctis
3379 2209 3533 2277 aquis
3555 2209 3632 2265 fe-

2030 2307 2140 2372 cit;
2191 2313 2266 2372 et,
2310 2311 2369 2358 ut
2422 2311 2619 2357 terram
2669 2300 2874 2356 aridam
2925 2299 3281 2370 suspenderet
3310 2299 3631 2371 (8),segre-

2028 2397 2166 2468 gatis
2221 2396 2375 2467 aquis
2423 2393 2661 2464 expediit
2716 2392 2932 2464 (Gem,
2994 2392 3073 2462 l).
3128 2391 3388 2447 Ordinato
3435 2392 3631 2449 dehinc

2028 2505 2124 2560 per
2172 2489 2442 2544 elementa
2491 2485 2691 2541 mundo
2747 2501 2869 2540 cum
2907 2485 3096 2541 incola:
3127 2484 3385 2541 darentur
3417 2485 3630 2556 (Prom,

2030 2578 2182 2650 νηί),
2246 2579 2432 2650 primis
2508 2579 2660 2647 aquis
2729 2585 3054 2646 prmceptum
3105 2585 3188 2630 est
3241 2573 3448 2630 adimas
3505 2591 3632 2646 pro-

2027 2670 2189 2727 ferre.
2237 2671 2447 2726 Primus
2495 2670 2670 2739 liquor
2713 2667 2855 2739 quod
2898 2667 3100 2722 viveret
3147 2665 3315 2721 edidit
3338 2680 3405 2720 ne
3432 2667 3626 2722 mirum

2027 2763 2136 2829 sit,
2191 2763 2244 2816 in
2296 2762 2610 2830 Baptismo,
2671 2760 2714 2814 si
2783 2773 2936 2827 aqua:
2992 2757 3232 2812 animare
3297 2757 3414 2830 (e),
3473 2773 3634 2816 nove-

2027 2863 2171 2908 runt.
2247 2852 2377 2907 Nam
2438 2853 2602 2922 ipsius
2680 2865 2890 2920 quoque
2950 2849 3180 2904 hominis
3234 2849 3494 2921 ﬁgurandi
3551 2850 3632 2922 (9)

2030 2960 2189 3014 opus,
2213 2944 2540 3001 sociantibus
2570 2943 2723 3013 aquis
2760 2943 3064 2997 absolutum
3101 2952 3202 2998 est.
3234 2945 3310 3000 De
3338 2954 3478 3000 terra
3511 2959 3629 2999 ma-

2033 3039 2167 3092 teria
2210 3038 2481 3100 convenit,
2535 3051 2640 3089 non
2671 3045 2847 3091 tamen
2897 3035 3088 3091 habilis
3135 3036 3237 3090 nisi
3284 3037 3533 3092 humecta
3577 3047 3638 3093 et

2031 3130 2268 3196 succida,
2292 3145 2449 3200 quam
2483 3129 2687 3183 scilicet
2725 3137 2848 3184 ante
2887 3140 3133 3198 quartum
3163 3128 3305 3183 diem
3337 3139 3632 3200 segregata:

2031 3237 2184 3292 aqua:
2235 3222 2286 3275 in
2337 3221 2622 3275 stationem
2649 3235 2824 3284 suam,
2880 3219 3170 3288 superstite
3211 3219 3454 3284 humore,
3499 3221 3632 3276 limo

322 3311 543 3366 stultitia
587 3320 642 3366 et
676 3310 1102 3380 impossibilitate
1147 3315 1402 3367 materias
1445 3318 1769 3384 operatiOuis
1815 3333 1927 3374 suae
1953 3351 1998 3414 Ο
2028 3325 2396 3385 temperarant
2427 3311 2562 3385 (10).
2585 3314 2640 3367 Si
2667 3310 2862 3366 exinde
2891 3313 3138 3366 universa
3166 3312 3247 3366 vel
3296 3311 3452 3383 plura
3505 3327 3634 3381 pro-

322 3403 578 3458 instituit.
609 3404 873 3470 Quoniam
907 3404 1074 3460 virtus
1100 3405 1278 3460 omnis
1307 3420 1375 3461 ex
1401 3405 1486 3462 his
1513 3422 1756 3465 caussam
1788 3413 1929 3468 acci-

323 3497 421 3568 pit,
456 3513 485 3552 a
511 3497 705 3569 quibus
737 3507 1079 3569 provocatur.

949 3589 1181 3648 CAPUT
1222 3591 1310 3647 Ill.

399 3684 567 3753 llujus
629 3699 897 3741 memores
948 3687 1416 3756 pronuntiationis,
1477 3697 1730 3759 tanquam
1793 3707 1933 3763 prmi.

321 3775 659 3845 scriptionis,
708 3776 1054 3832 nihilominus
1101 3792 1259 3848 quam
1305 3779 1526 3833 stultum
1572 3790 1626 3834 et
1680 3781 1931 3852 impossi-

325 3865 431 3921 bile
477 3866 548 3920 sit
595 3882 730 3937 aqua
805 3867 1087 3922 reformari
1171 3877 1480 3925 tractamus.
1544 3870 1682 3937 Quid
1741 3875 1927 3942 utique

2031 3422 2227 3479 sequar
2255 3420 2374 3477 qua:
2403 3405 2472 3460 de
2515 3404 2762 3459 elementi
2783 3404 2937 3457 iStius
2960 3403 3277 3458 auctoritate
3297 3411 3633 3458 commemo-

2034 3517 2170 3568 rem,
2199 3507 2397 3571 quanta
2443 3499 2530 3553 vis
2567 3497 2683 3568 ejus
2708 3500 2803 3550 'aut
2829 3496 3018 3567 gratia,
3070 3505 3201 3566 quot
3229 3495 3462 3565 ingenia,
3503 3505 3640 3564 quot

2033 3592 2228 3659 ofﬁcia,
2259 3600 2515 3664 quantum
2547 3590 2964 3644 instrumentum
2995 3587 3196 3643 mundo
3234 3587 3411 3653 ferat;
3441 3601 3636 3643 vereor

2035 3704 2105 3746 ne
2133 3688 2320 3743 laudes
2345 3701 2496 3759 aquae
2537 3685 2736 3756 potius,
2763 3698 2922 3753 quam
2973 3681 3230 3751 Baptismi
3272 3681 3513 3737 rationes
3556 3680 3636 3734 vi-

2037 3781 2167 3837 dear
2191 3791 2567 3851 congregasse.
2594 3776 2742 3830 Licet
2768 3789 2834 3828 eo
2862 3773 3072 3844 plenius
3097 3774 3348 3830 docerem
3377 3787 3484 3828 non
3513 3785 3634 3828 esse

2036 3870 2406 3935 dubitandum,
2438 3868 2483 3924 si
2512 3866 2817 3926 materiam.
2843 3879 3002 3936 quam
3034 3866 3085 3921 in
3113 3865 3364 3922 omnibus
3391 3865 3551 3924 rebus
3576 3875 3632 3921 et

1574 3962 1956 4024 LECTIONL‘S
1995 3962 2402 4022 VARIANTFS.

391 4050 466 4123 (ἱ)
499 4052 685 4123 Aquam
703 4054 844 4123 Ιιηξε.

393 4111 468 4178 (2)
499 4111 733 4178 Denegat
757 4112 862 4164 alii.

411 4174 462 4250 ei
497 4174 946 4250 πῖπςοιῐττψανίε-

417 4235 465 4312 ᾗ)
499 4235 600 4312 ﬁlii
623 4240 851 4312 visibilis;
877 4237 1070 4312 cﬁ‘adv:
1102 4241 1679 4312 Hermogen._e_.__)§}(lll.

497 4302 694 4379 gemitu
721 4300 977 4379 'Paris.
1006 4303 1126 4379 adu.
1151 4300 1584 4379 ilerniqy._XXlll.
1632 4368 1642 4378 ι
1718 4367 1749 4379 υ

390 4363 463 4428 (ὃ)
497 4365 821 4413 Vectabulmn
866 4363 952 4415 alii
979 4399 992 4423 ,
1039 4365 1170 4428 quod
1217 4363 1413 4426 praetért
1479 4367 1598 4416 Jun.
1630 4368 1680 4416 in
1718 4367 1844 4418 libro
1876 4369 1941 4420 de

2037 4058 2195 4108 anima
2219 4069 2263 4106 c.
2291 4056 2371 4106 55.

2094 4119 2168 4176 (7)
2196 4118 2237 4166 Α
2261 4118 2368 4168 Deo
2409 4114 2510 4167 alii.

2097 4179 2118 4242 ί
2119 4179 2170 4242 8)
2199 4179 2527 4242 gDiSpesceret
2550 4179 2673 4242 Jun.

2117 4238 2175 4308 tl)!
2187 4238 2449 4308 Figulandi
2469 4238 2829 4308 Rigalt._Venet.

2126 4256 2224 4368 ili)”
2237 4256 2672 4365 θὲἓιῗὲἓὲἐιῗὲῗᾶεὶῖ

1685 4448 2256 4508 COMMENTARIUS.

328 4541 416 4599 Sic
444 4542 594 4597 initio
635 4541 752 4595 libri
782 4541 824 4595 ll
862 4541 925 4593 ad
963 4539 1201 4596 Uxttrem
1235 4557 1246 4592 :
1276 4538 1425 4605 Quod
1459 4539 1503 4592 si
1532 4542 1728 4608 integre
1745 4541 1930 4610 sapis;

329 4613 432 4667 hoc
461 4621 564 4679 est,
594 4613 636 4666 si
661 4628 804 4666 vere.
826 4612 910 4665 Ait
938 4610 1008 4682 igi
1036 4627 1134 4664 ur:
1164 4611 1434 4682 Quintillae
1460 4610 1790 4682 necintegre
1813 4613 1932 4682 qui-

331 4685 450 4739 dem
480 4683 702 4738 docendi
730 4684 806 4750 ius
842 4680 983 4749 esse,
1008 4683 1127 4752 quia
1151 4682 1356 4736 scilicet
1376 4680 1600 4734 docendi
1633 4680 1928 4737 munus—vi-

331 4756 430 4808 rile
455 4769 597 4819 esse,
647 4763 703 4808 et
728 4754 944 4822 quidem
985 4753 1338 4818 sacerdotale,
1366 4752 1521 4807 sicuti
1549 4761 1603 4805 et
1633 4753 1837 4821 tingere
1877 4762 1933 4808 et

332 4823 548 4896 offerre.
589 4825 852 4896 Prmelare
904 4826 1004 4879 hoc
1048 4824 1335 4896 explicavit
1388 4824 1523 4879 libro
1565 4823 1634 4878 de
1682 4823 1935 4880 Vclnndis

336 4895 666 4967 Virginibus.
701 4895 819 4950 ille.

404 4964 558 5021 CAP.
590 4966 723 5021 ll.—
743 4968 817 5038 (a)
842 4964 1161 5020 Incredibilis
1185 4966 1518 5038 existimetur,
1542 4974 1647 5038 etc.
1675 4966 1938 5038 Errorhic

334 5039 492 5091 etiam
511 5048 625 5091 erat
652 5036 944 5104 Quintium,
969 5053 1088 5108 qua:
1106 5037 1418 5092 incredibile
1446 5036 1662 5106 putabat
1683 5079 1696 5100 .
1733 5037 1940 5105 Baptis-

336 5125 480 5162 mum
499 5114 658 5162 vitam
675 5107 1291 5162 :ctcrnatncnnferre.0h
1309 5123 1424 5159 eam
1443 5122 1684 5160 caussam
1705 5108 1770 5163 tle
1789 5108 1942 5163 Caia-

337 5195 400 5233 na
435 5179 624 5234 lucresi
658 5181 896 5248 viperam
927 5179 1153 5241 vocavit,
1180 5177 1318 5247 quod
1337 5179 1404 5248 ab
1423 5179 1596 5246 impiis
1623 5179 1941 5234 Caianorum

337 5251 601 5318 dogmatis
663 5247 920 5317 tantiSper
970 5249 1299 5304 deflecteret.
1365 5247 1403 5302 li
1463 5250 1628 5310 enim,
1677 5259 1734 5304 ut
1785 5251 1946 5307 docet

337 5323 395 5377 S.
433 5322 808 5392 Hieronymus,
832 5320 1004 5392 Epist.
1034 5321 1103 5374 45
1131 5321 1198 5372 ad
1232 5319 1528 5392 Oceanum,
1570 5319 1752 5376 dicere
1783 5323 1945 5377 aude-

339 5391 739 5461 bant,qutedsm
756 5391 1132 5460 essepeccata,
1157 5405 1274 5459 qua:
1299 5391 1546 5445 Christus
1573 5393 1845 5460 sanguinis
1862 5393 1945 5446 sui

340 5463 600 5518 effusione
628 5465 806 5518 lavare
828 5477 932 5515 non
959 5470 1157 5529 posset,
1178 5470 1230 5514 et
1249 5472 1351 5512 tam
1375 5461 1508 5513 altas
1525 5461 1720 5529 jeeisse
1738 5462 1946 5517 radices

341 5536 394 5588 in
419 5535 612 5588 animis
658 5535 853 5586 nostris
879 5572 894 5596 ,
939 5541 995 5584 ut
1027 5531 1150 5585 inde
1198 5531 1355 5585 evelli
1397 5541 1682 5598 nequeant.
1704 5532 1778 5586 LE
1810 5533 1904 5586 Ρη.

412 5605 564 5659 CAP.
586 5603 827 5675 lll.—(h)
847 5603 1074 5675 Spiritus
1090 5601 1200 5654 Dei.
1218 5601 1323 5675 Sic
1338 5601 1682 5675 Patnelius,et
1699 5604 1952 5675 expungi:

343 5674 572 5740 Domini,
583 5685 726 5729 ratus
741 5671 1059 5729 emendasse
1069 5675 1217 5742 juxta
1247 5672 1576 5725 usitatiorem
1593 5671 1805 5738 phrasin
1820 5674 1951 5728 ’l‘er-

343 5747 572 5809 tulliani,
603 5757 656 5800 et
685 5754 884 5800 textum
901 5758 1154 5815 grmcum,
1175 5742 1568 5815 ctbebraicum.
1590 5743 1706 5798 Non
1727 5759 1809 5797 me
1825 5759 1951 5815 tuo-

347 5827 536 5872 verent
564 5819 686 5882 ista,
709 5832 814 5884 quo
840 5813 1017 5871 minus
1043 5831 1071 5869 a
1091 5815 1246 5868 litura
1277 5813 1626 5878 abstinerent,
1646 5825 1698 5884 et
1729 5830 1790 5867 ex
1820 5813 1950 5868 Ter-

347 5887 572 5943 tulliano
611 5882 922 5956 suffragium
963 5886 1159 5944 ferrem
1188 5884 1425 5956 Vulgata:
1445 5901 1564 5955 qua:
1585 5882 1792 5941 Doinini
1821 5899 1945 5941 ver-

2039 4545 2119 4607 tit,
2157 4553 2209 4598 et
2237 4541 2505 4598 interdum
2534 4542 2657 4598 facit
2684 4541 2770 4596 ubi
2802 4541 2852 4595 in
2884 4554 3063 4610 grteco
3089 4548 3171 4596 est
3190 4547 3309 4594 Θεοῦ
3333 4554 3347 4603 ;
3374 4537 3638 4594 adductus

1956 4646 2009 4706 1)
2440 4611 3482 4706 ιιξ,ιεειὲρηεηῖ-ἓῖίιει).ςε¹ίί,ςειίιιοτείιὶι
3511 4614 3634 4706 9223

2036 4684 2417 4747 Tertullianus,
2475 4685 2599 4740 adv.
2648 4685 3063 4754 Hermogenem,
3100 4697 3236 4754 cap.
3264 4683 3344 4754 5.,
3378 4695 3482 4754 non
3511 4692 3639 4736 ante

2038 4757 2238 4811 dixitin
2285 4755 2480 4812 Genesi
2549 4756 2712 4810 Deum
2773 4751 3021 4808 vocatum
3087 4753 3252 4808 fuisse
3317 4751 3639 4814 Dominum,

2039 4843 2198 4898 quam
2226 4827 2589 4897 perfectojam
2613 4827 2748 4898 orbe
2773 4825 3099 4898 homineque
3119 4825 3374 4898 formato.
3401 4821 3518 4876 Non
3544 4838 3632 4878 er-

2040 4895 2107 4970 go
2129 4895 2333 4970 legerat
2361 4899 2577 4966 spiritus
2595 4896 2825 4970 Domini,
2851 4897 2944 4951 sed
2971 4895 3085 4970 Dei.
3116 4895 3245 4970 Lac.

2117 4963 2209 5039 (ω’
2235 4963 2442 5022 Gratior
2492 4969 2678 5022 scilicet
2729 4976 2848 5021 tunc
2888 4967 3078 5021 caeteris
3108 4963 3645 5039 elementis._Prm_fert

2044 5034 2236 5110 aquam
2259 5039 2379 5094 aliis
2407 5039 2710 5110 clementis,
2739 5040 2972 5092 maxime
2996 5046 3054 5091 ut
3080 5045 3204 5110 tunc
3227 5047 3380 5090 erant
3402 5034 3641 5110 horrida.

2049 5107 2333 5165 cavensnc
2377 5125 2404 5162 a
2452 5109 2860 5178 philosophante
2911 5107 3164 5162 nonnullo
3190 5117 3449 5178 arguatur
3469 5109 3646 5178 minus

2050 5184 2269 5254 physice
2298 5175 2584 5254 assertum,
2607 5175 2737 5254 eum
2781 5179 2980 5254 primas
3008 5178 3117 5254 fere
3140 5175 3452 5254 otnnesigni
3493 5175 3646 5254 defe-

2050 5247 2189 5308 rant.
2214 5253 2364 5307 Licet
2387 5249 2709 5305 Plutarchus
2729 5247 2994 5316 paululum
3016 5248 3269 5318 ambigat,
3297 5247 3532 5318 libellum
3565 5248 3647 5301 ἰη-

2051 5335 2260 5391 tegi-um
2292 5323 2540 5383 confecit,
2569 5322 2720 5386 cujus
2755 5321 2938 5391 titulus
2995 5328 3078 5374 est
3104 5335 3118 5374 :
3145 5317 3222 5373 An
3263 5333 3398 5391 aqua
3439 5317 3650 5391 dignior

2053 5387 2204 5464 igne;
2236 5393 2326 5448 ubi
2355 5393 2592 5462 pluribus
2622 5393 2764 5445 illam
2794 5390 3041 5464 antefert,
3067 5387 3646 5460 citatque‘l’indarum,

2051 5461 2153 5521 όάθ
2179 5468 2230 5527 1.
2255 5465 2465 5536 Olymp.
2500 5469 2693 5534 ἄριστον
2710 5468 2950 5536 μνῗῦδωρ.
2975 5461 3103 5516 an.

2127 5538 2210 5608 (d)
2253 5531 2334 5589 Ε(
2357 5537 2513 5590 tristis
2536 5531 2774 5604 ‘abyssus.
2802 5531 3021 5603 lguitam
3055 5533 3235 5608 mundi
3276 5531 3458 5587 sedem
3483 5531 3659 5608 signat

2057 5602 2274 5661 nomine
2300 5609 2498 5677 abyssi,
2537 5602 2640 5660 non
2677 5602 3188 5675 aquzecongeriem,
3228 5619 3388 5673 quam
3433 5602 3656 5658 minime

2057 5679 2284 5738 tristem,
2314 5678 2408 5730 sed
2431 5679 2602 5730 Iustam
2633 5677 2718 5731 hic
2747 5687 2919 5731 vocat.
2955 5678 3082 5731 Lac.

2127 5749 2203 5818 (e)
2251 5746 2332 5801 Ne
2353 5750 2535 5801 mirum
2554 5749 2618 5800 sit
2651 5749 2706 5800 in
2751 5747 2999 5816 baptismo
3024 5749 3224 5815 siaqute
3249 5745 3480 5818 animare
3511 5761 3658 5818 noue-

2054 5817 2192 5872 runt.
2228 5819 2503 5882 Animare,
2540 5819 2640 5871 hoc
2682 5826 2787 5880 est,
2817 5827 3072 5873 aeternam
3106 5817 3307 5872 homini
3329 5817 3494 5873 vitam
3525 5817 3650 5874 red-

2053 5890 2202 5958 dere,
2225 5905 2329 5959 qua
2377 5889 2642 5960 peccando
2673 5889 2965 5947 exciderat.
2995 5889 3114 5944 HIG.
