4230 6256
464 598 609 657 Cum
644 604 782 657 vero
800 600 1167 673 ’ναίω-ἰδὼν
1191 604 1393 660 nemini
1421 605 1539 664 sine
1564 600 1835 681 Baptismo
1854 609 2003 685 comi

400 703 585 767 petere
608 695 855 763 saiutem,
882 710 955 751 ex
982 695 1069 751 illa
1092 697 1328 755 maxime
1352 702 1786 770 pronuntiatione
1812 704 2001 764 Domi-

402 789 479 854 ni,
504 788 593 859 qui
624 788 738 842 ait:
773 786 895 843 Nisi
921 798 1071 844 natus
1096 805 1159 843 ea:
1186 805 1320 861 aqua
1344 796 1458 865 quis
1480 796 1596 863 erit,
1626 814 1728 853 non
1755 799 1905 855 habet
1926 800 2002 855 vi-

402 891 506 936 tam
528 882 553 953 '(
574 880 754 947 Joan.,
778 880 851 935 iii
873 880 914 954 ),
947 881 1295 942 suboriuntur
1322 888 1640 960 scrupuiosi,
1682 891 1792 946 imo
1830 899 2001 949 teme-

397 973 527 1029 rarii
565 980 884 1029 retractatos
909 977 1281 1045 quorumdam,
1311 980 1578 1051 quomodo
1621 997 1691 1038 ex
1732 982 1835 1039 ista
1863 997 2000 1055 pne-

398 1064 690 1136 scriptione
718 1065 989 1136 Apostolis
1013 1069 1156 1125 salus
1181 1082 1470 1142 competat,
1502 1084 1635 1146 quos
1661 1075 1857 1133 tinctOs
1889 1078 1997 1134 non

397 1160 699 1216 invenimus
726 1160 782 1214 in
810 1159 1055 1227 Domino,
1084 1174 1280 1233 praeter
1298 1163 1546 1233 Paulum.
1568 1166 1688 1225 Imo
1717 1184 1839 1226 cum
1858 1169 2002 1228 Pau-

399 1252 483 1307 lus
511 1253 661 1308 solus
684 1268 751 1308 ex
780 1253 883 1308 illis
898 1254 1226 1326 Baptismum
1251 1257 1445 1314 Christi
1472 1259 1725 1330 induerit,
1753 1272 2000 1335 autprae-

391 1344 688 1416 iudicatum
731 1360 851 1403 esse
877 1348 944 1403 de
974 1358 1289 1406 cancrorum
1338 1354 1597 1423 periculo,
1647 1356 1739 1427 qui
1780 1368 2000 1419 careant

395 1451 530 1525 aqua
558 1436 779 1502 Christi,
814 1448 872 1494 ut
919 1442 1253 1513 praescriptio
1299 1444 1445 1501 salva
1492 1447 1581 1514 sit,
1626 1451 1996 1508 autirescindi

395 1533 875 1603 praescriptionem,
897 1537 951 1592 si
978 1537 1136 1592 etiam
1164 1553 1273 1595 non
1301 1540 1481 1597 tinctis
1502 1543 1647 1599 salus
1675 1552 1872 1601 statuta
1893 1555 1995 1603 est.

392 1625 611 1690 Audivi,
662 1625 892 1683 Domino
936 1636 1094 1696 teste,
1141 1632 1426 1701 ejusmodi,
1472 1649 1540 1691 ue
1583 1636 1710 1706 quis
1752 1653 1840 1693 me
1887 1648 1997 1695 tam

393 1718 655 1790 perditum
701 1720 992 1788 existimet,
1042 1730 1101 1777 ut
1145 1723 1286 1779 ultro
1336 1726 1600 1797 exagitem
1653 1728 1871 1786 libidine
1915 1731 1996 1805 (1)

389 1811 533 1883 styli,
565 1828 685 1885 quae
711 1813 831 1870 aliis
854 1816 1168 1885 scrupulum
1198 1817 1455 1874 incutiant
1480 1819 1580 1892 (Ξ).
1608 1814 1840 1895 Ειιηιιηρ
1861 1824 1988 1892 illis,

389 1915 449 1962 ut
470 1915 680 1978 potero,
709 1908 1070 1979 respondebo,
1102 1912 1190 1981 qui
1223 1921 1420 1983 negant
1449 1914 1734 1985 Apostolos
1770 1916 1986 1974 tinctos.

386 1998 519 2055 Nam
546 1999 591 2054 si
618 1999 910 2056 humanum
930 1999 1159 2059 Joannis
1186 2000 1518 2074 Baptismum
1547 2007 1794 2075 inierant,
1822 2010 1993 2080 etde-

387 2091 646 2149 m‘micum
670 2092 1050 2151 desiderabant
1079 2095 1155 2169 (a)
1183 2107 1445 2168 quatenus
1473 2116 1635 2155 unum
1656 2100 1991 2174 Baptismum

395 2185 679 2243 deﬁnierat
704 2186 783 2261 (ὅ)
812 2188 926 2259 ipse
975 2189 1263 2257 Dominus,
1308 2190 1493 2248 dicens
1540 2192 1699 2250 Petro
1747 2196 1994 2266 perfundi

387 2278 590 2335 nolenti
614 2278 703 2353 (ἆ)
741 2299 755 2336 :
784 2272 891 2346 Qui
929 2284 1083 2336 semel
1124 2282 1265 2348 lavit,
1299 2300 1402 2339 non
1447 2284 1592 2340 habet
1641 2302 1840 2342 necesse
1881 2305 1996 2344 rar-

386 2386 502 2427 sum
550 2371 624 2443 (ιν)
672 2370 899 2445 (Joan.,
947 2368 1102 2438 XIII,
1128 2372 1205 2444 ϐ)
1236 2392 1249 2428 :
1278 2375 1425 2444 quod
1458 2377 1640 2447 utique
1680 2390 1787 2433 non
1829 2379 1993 2436 tincto

386 2482 492 2522 non
521 2466 741 2521 omnino
767 2464 990 2521 dixisset
1019 2484 1032 2519 :
1064 2476 1118 2523 et
1142 2466 1258 2522 haec
1278 2475 1361 2523 est
1384 2469 1630 2539 probatio
1656 2482 1868 2527 exserta
1893 2471 1992 2529 ad-

384 2574 573 2635 versus
604 2558 742 2622 illos.
772 2559 862 2630 qui
880 2557 1124 2613 adimunt
1146 2558 1423 2630 Apostolis
1451 2562 1611 2616 etiam
1643 2562 1864 2619 Joannis
1888 2564 1991 2620 Ba-

385 2651 658 2721 ptismum,
693 2660 750 2705 ut
774 2650 1051 2706 destruant
1069 2665 1223 2722 aquae
1249 2662 1668 2709 sacramentum.
1700 2657 1782 2710 An
1814 2657 1989 2721 credi-

384 2742 491 2799 bile
510 2742 688 2798 vidcri
716 2751 916 2815 poteSt,
958 2744 1015 2798 in
1058 2743 1140 2799 his
1167 2746 1412 2815 personis
1437 2747 1578 2803 viam
1618 2757 1746 2803 tunc
1771 2748 1986 2808 Domini

384 2845 760 2905 prmparatam,
792 2837 846 2891 id
876 2844 961 2892 est
987 2836 1312 2907 Baptismum
1338 2838 1580 2908 Joannis,
1615 2857 1736 2912 qua:
1752 2842 1816 2898 ad
1844 2844 1983 2899 viam

388 2926 723 3000 Domini'pcr
752 2938 920 2985 totum
952 2930 1139 2987 orbem
1166 2933 1511 3002 aperiendam
1540 2935 1987 2993 destinabantur?

385 3022 503 3094 Ipse
526 3023 803 3091 Dominus,
833 3025 1034 3081 nullius
1060 3026 1388 3096 poenitentiae
1414 3027 1641 3095 debitor,
1670 3030 1863 3087 tinctus
1880 3040 1981 3101 est,

385 3116 758 3186 peccatoribus
797 3132 902 3173 non
933 3118 1029 3173 fuit
1059 3121 1320 3177 necesse?
1347 3120 1485 3190 Quid
1514 3124 1683 3195 ergo?
1710 3125 1802 3181 alii
1835 3127 1987 3185 tincti

1684 388 1897 453 mem
1916 369 2017 453 ea:
2052 392 2414 456 Bmsuo.

2034 513 2089 576 Α
2114 513 2323 582 rebant,
2358 514 2663 572 testimonio
2687 513 2950 573 Joannem
2990 516 3296 588 extulisset,
3326 535 3492 591 nemo,
3521 520 3709 582 dicens

3564 401 3710 467 ιτιιι

2106 606 2354 679 (Matth.,
2384 608 2448 675 II,
2483 610 2543 666 Il
2568 609 2608 683 ),
2632 611 2799 682 major
2821 612 2953 667 inter
2981 622 3128 668 natos
3153 614 3480 686 fmminarum
3507 614 3712 675 Joanne

2105 704 2436 774 baptizatore.
2469 704 2570 760 Alii
2602 705 2757 776 plane
2779 707 2909 763 satis
2934 700 3395 779 coactc'iuiiciuut
3421 719 3548 767 tunc
3577 726 3711 784 apo-

2103 799 2270 855 stolos
2295 799 2551 869 Baptismi
2578 800 2746 856 vicem
2768 801 3019 872 implesse
3038 817 3160 857 cum
3188 802 3239 859 in
3263 803 3503 860 navicula
3530 803 3714 863 .ﬂucti-

2100 886 2204 947 bus
2233 893 2437 962 aspersi
2459 893 2633 964 operti
2663 903 2784 949 sunt
2806 892 3040 966 (Mattlt.,
3069 894 3263 967 VIII);
3294 899 3466 970 ipsum
3497 916 3712 972 quoque

2104 985 2323 1043 Petrum
2348 1000 2441 1057 per
2464 1002 2609 1042 mare
2631 987 3016 1059 ingredientem
3039 990 3168 1045 satis
3196 1006 3429 1047 mersum
3463 993 3705 1065 (Matth,

2104 1075 2280 1151 XIV).
2309 1077 2380 1135 Ut
2408 1079 2599 1150 opinor
2627 1089 2828 1145 autem,
2874 1079 3017 1135 aliud
3066 1082 3274 1154 aspergi
3326 1084 3409 1139 vel
3466 1086 3708 1159 intercipi

2104 1168 2356 1227 violentia
2382 1172 2565 1240 maris,
2595 1173 2737 1230 aliud
2768 1173 2928 1245 tingui
2952 1173 3227 1244 disciplina
3257 1175 3553 1248 religionis.
3586 1178 3710 1236 Cie.-

2106 1274 2279 1323 terum
2300 1266 2541 1323 navicula
2560 1267 2647 1322 illa
2672 1267 2894 1338 ﬁguram
2919 1267 3179 1323 Ecclesia:
3198 1270 3541 1339 praeferebat,
3565 1272 3710 1342 quod

2105 1359 2161 1415 in
2189 1361 2345 1426 mari,
2376 1360 2429 1416 id
2472 1370 2555 1417 est
2585 1362 2806 1429 sacculo,
2838 1358 3109 1427 ﬂuctibus,
3141 1361 3192 1417 id
3215 1370 3298 1417 est
3320 1365 3712 1431 persecutioni—

2100 1452 2199 1508 bus
2229 1463 2282 1509 et
2323 1452 2704 1509 tentationibus
2748 1454 3069 1524 inquietatur
3114 1454 3343 1510 Domino
3376 1470 3471 1525 per
3504 1458 3711 1526 patien-

2102 1546 2230 1602 tiam
2255 1545 2399 1601 velut
2427 1546 2725 1602 dormiente
2754 1544 3007 1617 (Matth.,
3041 1544 3222 1618 VIII),
3260 1547 3430 1603 donec
3453 1549 3709 1606 orationi-

2100 1638 2201 1696 bus
2216 1642 2532 1697 Sanctorum
2552 1640 2629 1712 (c)
2652 1640 2704 1695 in
2724 1640 2921 1695 ultimis
2948 1641 3256 1709 suscitatus,
3288 1652 3596 1712 compescat
3618 1658 3711 1700 saa-

2106 1734 2288 1791 culum
2321 1743 2375 1790 et
2403 1733 2841 1806 tranquillitatem
2874 1734 2986 1789 suis
3012 1733 3218 1789 reddat.
3244 1718 3398 1791 Nunc
3425 1736 3538 1792 sive
3561 1737 3711 1793 tincti

2103 1844 2318 1899 quoquo
2348 1827 2508 1883 modo
2537 1826 2770 1893 fuerunt,
2800 1829 2916 1883 sive
2947 1828 3078 1883 illoti
3106 1841 3605 1900 perscveraverunt,
3644 1840 3704 1888 ut

2097 1931 2152 1977 et
2195 1920 2321 1976 illud
2368 1919 2570 1975 dictum
2618 1920 2829 1975 Domini
2895 1922 2915 1991 (
2942 1919 3138 1988 Joan.,
3202 1918 3370 1993 XIII)
3402 1964 3420 1990 ,
3477 1923 3544 1979 de
3600 1938 3708 1982 uno

2097 2015 2312 2071 lavacro
2334 2014 2436 2069 sub
2453 2012 2594 2070 Petri
2620 1994 2845 2083 persona
2860 2013 2937 2084 (d)
2960 2013 3024 2068 ad
3041 2028 3140 2068 nos
3156 2014 3523 2069 tantummodo
3546 2031 3705 2086 spec-

2099 2114 2194 2173 tet,
2216 2104 2284 2161 de
2302 2104 2475 2160 salute
2504 2115 2679 2158 tamen
2702 2103 3078 2175 Apostolorum
3096 2104 3230 2158 satis
3257 2105 3601 2159 temerarium
3621 2117 3705 2163 est

2098 2200 2386 2265 aestimare,
2412 2198 2532 2270 quia
2562 2195 2644 2269 (6)
2670 2197 2771 2251 illis
2796 2196 2876 2252 vel
2900 2196 3086 2267 prima:
3103 2196 3423 2262 allectionis,
3444 2203 3499 2251 et
3512 2197 3705 2254 exinde

2101 2291 2385 2347 individua:
2427 2288 2797 2344 familiaritatis
2842 2287 2914 2361 (θ)
2954 2288 3299 2359 praerogativa
3327 2287 3704 2358 compendium

2096 2384 2353 2458 Baptismi
2383 2382 2630 2439 conferre
2660 2389 2843 2453 posset
2865 2380 2957 2454 (ι’).
2981 2380 3114 2437 Cum
3143 2381 3255 2447 illo,
3284 2383 3475 2452 opinor
3498 2380 3602 2453 (7),
3628 2397 3705 2438 se-

2099 2478 2400 2550 quebantur
2426 2476 2597 2542 illum,
2625 2474 2714 2544 qui
2741 2473 2982 2530 credenti
3009 2474 3200 2545 cuique
3223 2473 3452 2530 salutem
3474 2474 3699 2545 pollice-

2097 2569 2282 2626 batur:
2304 2567 2461 2622 Fides‘
2477 2576 2565 2621 tua
2579 2575 2645 2632 te,
2672 2566 2865 2630 aiebat,
2882 2565 3074 2621 salvum
3090 2565 3229 2633 fecit,
3254 2574 3308 2620 et
3325 2585 3336 2619 :
3357 2564 3702 2620 Remittunlur

2097 2663 2189 2717 tibi
2217 2671 2423 2732 peccata
2453 2658 2673 2730 (Mam,
2710 2657 2760 2712 Χ
2781 2655 2822 2729 ),
2855 2656 3097 2713 credenti
3127 2656 3329 2728 utique,
3362 2672 3464 2712 nec
3512 2666 3691 2713 tamen

2098 2757 2281 2813 tincto.
2313 2754 2370 2811 Id
2413 2754 2457 2808 si
2500 2750 2773 2823 Apostolis
2819 2748 3007 2817 defuit,
3055 2749 3236 2805 nescio
3257 2764 3484 2821 quorum
3510 2748 3687 2804 ﬁdes:

2093 2863 2199 2906 uno
2226 2847 2393 2903 verbo
2422 2844 2633 2901 Domini
2663 2842 2948 2898 suscitatus
2991 2840 3067 2914 (8)
3115 2842 3382 2897 teloneum
3411 2840 3696 2911 dereliquit

2096 2939 2354 3013 (Matth.,
2381 2936 2523 3007 IX);
2573 2944 2777 3007 patrem
2799 2976 2814 3001 ,
2866 2942 2920 2990 et
2966 2948 3176 3000 navem,
3204 2943 3258 2988 et
3282 2941 3452 2987 artem
3480 2946 3582 3002 qua
3616 2932 3696 2985 vi-

2092 3043 2201 3095 tam
2249 3030 2601 3099 sustentabat,
2648 3030 2888 3085 deseruit
2935 3024 3036 3101 (9);
3070 3026 3237 3098 patris
3288 3025 3543 3097 exequias
3597 3024 3693 3079 deo

2091 3125 2295 3199 spexit:
2319 3139 2584 3179 summum
2614 3120 2741 3177 illud
2770 3118 2879 3192 (l0)
2925 3119 3135 3175 Domini
3188 3127 3511 3189 praeceptum
3553 3133 3567 3170 :
3596 3112 3729 3184 Qui”

380 3216 493 3261 non
520 3217 645 3263 sunt
675 3207 916 3281 (ὅμηρα
958 3221 1134 3266 tamen
1160 3214 1388 3271 comites
1413 3214 1634 3285 Christi,
1680 3221 1775 3275 sed
1805 3220 1984 3277 aemuli
2011 3246 2057 3311 ο
2096 3228 2292 3291 patrem
2309 3226 2395 3271 aut
2417 3225 2629 3271 matrem
2651 3214 2775 3268 mihi
2806 3212 3106 3289 praetulerit,
3139 3228 3241 3265 non
3280 3221 3357 3265 est
3397 3226 3475 3264 me
3516 3210 3698 3281 dignus

386 3297 532 3366 fidei,
580 3299 711 3370 legis
736 3301 986 3358 doctores
1012 3313 1066 3359 et
1094 3303 1373 3362 Pharisaei.
1406 3307 1557 3366 Unde
1583 3319 1634 3366 et
1654 3314 1983 3384 suggeritur,

387 3403 508 3445 cum
552 3392 897 3478 adversantes
930 3395 1156 3452 Domino
1199 3398 1365 3470 tingui
1409 3401 1712 3469 noluerint,
1762 3419 1858 3461 eos
1894 3406 1987 3478 qui

389 3481 675 3540 Dominum
701 3474 1081 3557 sequebantur,
1111 3491 1305 3547 tinctos
1334 3492 1519 3561 fuisse,
1554 3510 1655 3551 nec
1675 3512 1796 3552 cum
1821 3474 1987 3555 temu-

388 3576 456 3636 lis
484 3581 597 3637 suis
622 3582 886 3654 sapuisse,
916 3585 1150 3641 maxime
1168 3586 1385 3656 quando
1415 3587 1673 3645 Dominus
1698 3591 1784 3646 cui
1806 3578 2021 3651 adhue:

2092 3310 2330 3384 (unum,
2354 3307 2427 3376 Χ,
2448 3306 2570 3379 37),
2595 3314 2720 3360 ante
2749 3303 2972 3374 perfecit
2999 3317 3159 3373 quam
3184 3301 3404 3358 audivit.

2662 3417 2669 3423 ·
2690 3394 2919 3452 CAPUT
2954 3392 3097 3451 XIII.

2162 3498 2262 3554 Hic
2305 3509 2435 3568 ergo
2480 3489 2854 3551 scelestissitni
2899 3488 2974 3543 illi
3018 3495 3314 3560 provocant
3345 3487 3695 3559 quaestiones.

2088 3591 2262 3656 Meo,
2284 3589 2496 3657 dicunt,
2528 3584 2831 3655 Baptismus
2859 3596 2968 3638 non
2998 3589 3081 3638 est
3110 3578 3467 3647 necessarius,
3503 3577 3697 3650 quibus

1606 3704 1992 3766 LECTIONES
2027 3703 2444 3765 VABIANTES.

479 3788 523 3857 l)
547 3788 830 3857 Libidinem
851 3787 1034 3857 Rigalt.
1061 3794 1213 3845 Fran.

473 3853 523 3911 Ξ)
545 3853 755 3906 Incutiat
777 3853 929 3905 Franl

550 3915 833 3967 Deﬁniebat
850 3930 896 3968 υ.
921 3931 966 3968 c.
1000 3920 1187 3970 Wouw.

477 3976 529 4033 4)
551 3976 751 4030 Volenti
777 3980 897 4030 Jun.
925 3979 1204 4033 Corbiuiatt.

442 4037 523 4105 ('5)
556 4037 695 4105 Quod
720 4054 842 4105 ergo
863 4043 1004 4104 Jun.,
1033 4044 1115 4093 alii
1141 4045 1278 4096 tincti
1295 4059 1391 4098 non
1414 4046 1513 4099 sint
1525 4059 1570 4098 υ.
1590 4060 1636 4099 c.
1670 4042 1857 4102 ποίην.

470 4103 521 4164 '6)
545 4103 669 4164 Quia
690 4103 911 4156 non—illis
923 4118 966 4156 υ.
991 4103 1036 4155 c.
1068 4110 1255 4158 Wouw.

514 4167 536 4234 )
573 4166 755 4220 Julius
776 4168 968 4219 emend.
991 4167 1189 4221 Exinde
1222 4171 1489 4223 Mriduae
1508 4171 1853 4226 familiaritatis
1875 4186 1986 4227 cum

3104 3795 3224 3840 sset.
3245 3786 3581 3850 Opinor,seq..
3596 3793 3698 3837 etc.

2091 3799 2176 3863 illo
2198 3796 2523 3863 praerogativa
2545 3791 2871 3863 comp.JBapt.
2893 3787 3019 3839 conf.

3113 3857 3246 3915 ator,
3268 3849 3366 3903 etc.
3392 3849 3536 3913 Leop.
3554 3849 3698 3913 Bapt.

2086 3855 2212 3930 aitti
2226 3855 2411 3925 posset.
2422 3855 2646 3930 κοιλιηὲιιίυ
2664 3856 2871 3930 αρίίιοτν.
2886 3864 2981 3930 e99,

2090 3917 2438 3985 coﬁffposseL
2464 3919 2671 3982 Opinor,
2695 3917 3053 3980 Sequebantur.

2156 3985 2233 4037 18)
2256 3985 2507 4036 Suscitata
2534 3981 2725 4034 Wouw.

2181 3988 2212 4037 8
2256 3985 2507 4036 Suscitata
2534 3985 2725 4034 Wouw.

2176 4050 2208 4099 9
2255 4048 2351 4108 Qui
2375 4044 2494 4096 add.
2521 4044 2677 4094 Fran.

2149 3985 2255 4173 ἐξ)
2278 4110 2415 4161 Illius
2434 4108 2589 4160 Fran.

2176 4101 2415 4176 “Dillius
2434 4108 2589 4160 Fran.

1750 4280 2308 4339 COMMENTARIUS.

452 4392 604 4449 CAP.
627 4390 914 4471 XII.:-_(a_)
938 4390 1006 4447 Et
1023 4394 1330 4471 dominicum
1347 4395 1797 4471 desiderabant.Ut
1815 4399 1988 4455 renati

381 4476 447 4536 ex
488 4478 623 4536 aqua
668 4474 725 4520 et
752 4464 952 4535 Spiritu
984 4475 1200 4536 sancto,
1229 4466 1672 4529 haberentvitam
1701 4478 1978 4524 aeternam.

288 4582 300 4592 .
376 4508 834 4592 ﬁamanecessitars
860 4536 946 4609 illa
972 4535 1126 4609 Joan.
1154 4508 1221 4591 ἧι
1250 4537 1453 4592 edicta:
1486 4526 1604 4592 Nisi
1630 4540 1741 4608 quis
1766 4553 1975 4596 renatus

379 4608 534 4679 facti!
563 4622 643 4679 ea:_
657 4608 788 4675 aqua
813 4617 861 4662 et
909 4606 1107 4679 Spiritu
1139 4618 1332 4679 sancto,
1366 4625 1466 4662 non
1485 4606 1650 4678 potest
1666 4611 1875 4665 introire
1921 4612 1973 4666 in

375 4676 586 4747 regnum
608 4676 728 4742 Dei,
748 4681 815 4735 de
836 4676 1103 4747 Baptismo
1123 4676 1322 4735 Christi
1345 4676 1686 4750 intelligenda
1718 4690 1825 4749 est.
1858 4682 1970 4737 ’Βο-

376 4750 609 4822 spondet
627 4750 787 4822 igitur
806 4760 992 4804 auctor
1030 4750 1115 4814 iis,
1144 4752 1232 4821 qui
1273 4766 1339 4806 eo
1385 4752 1529 4822 quod
1572 4752 1842 4819 apostolos
1863 4768 1969 4809 non

376 4819 678 4892 baptizatos
693 4819 1417 4885 dicerent,eorum‘salutem
1454 4824 1509 4878 in
1545 4824 1970 4882 controversiam

378 4894 662 4965 vocabant,
700 4892 784 4948 vel
814 4892 1033 4948 omnino
1062 4892 1421 4965 ambigebant,
1448 4904 1504 4950 et
1549 4897 1776 4964 primum
1808 4911 1969 4965 agere

376 4965 542 5038 cmpit
579 4964 860 5038 adversus
885 4965 1135 5038 eos,_qui
1173 4964 1380 5038 signate
1424 4965 1688 5038 negabant
1711 4964 1966 5038 apostolis

379 5106 611 5179 Tertull.
639 5105 744 5164 Sed
770 5107 1002 5179 abstinet
1024 5106 1123 5179 hac
1142 5105 1469 5179 quaestione,
1486 5120 1540 5166 et
1562 5117 1765 5164 tantum
1794 5110 1967 5167 inten-

379 5177 477 5245 dit,
511 5193 617 5233 non
668 5190 791 5233 esse
831 5176 1179 5233 dubitandum
1222 5180 1289 5236 de
1335 5181 1549 5236 illorum
1590 5181 1793 5237 salute:
1844 5181 1971 5238 licet

379 5248 576 5305 Christi
594 5249 866 5322 Baptismo
886 5264 991 5305 non
1012 5248 1207 5322 ruerint
1227 5250 1439 5319 initiati,
1457 5267 1616 5322 quem
1640 5251 1966 5322 Baptismum

377 5331 502 5379 ante
528 5320 979 5377 resurrectionem
1024 5320 1225 5393 Christi
1279 5320 1491 5393 negavit
1539 5320 1795 5391 apostolis
1843 5339 1961 5393 cap.

416 5393 726 5463 ratcedenti,
760 5407 885 5447 nam
905 5407 1006 5447 nec
1030 5392 1279 5463 Christus
1325 5392 1610 5463 baptizavit
1646 5395 1766 5450 illos
1811 5392 1965 5463 juxta

424 5462 786 5529 ertullianum,
846 5477 1019 5532 neque
1062 5462 1359 5518 institutum
1396 5462 1531 5520 ’erat
1568 5462 1963 5521 sacramentum

375 5532 659 5605 Baptismi,
683 5533 828 5605 quod
852 5533 1385 5605 possentministrare
1406 5535 1523 5604 ipsi,
1551 5534 1690 5605 idem
1722 5535 1950 5596 Tertull.

375 5602 597 5674 probat;
637 5602 931 5676 fuerint’nc
951 5612 1073 5673 post
1097 5602 1544 5676 resurrectionem
1576 5603 1778 5676 Christi
1811 5606 1952 5676 bap-

376 5676 542 5743 tizati,
589 5692 695 5731 non
723 5674 976 5746 disputat,
1007 5689 1107 5730 nec
1135 5674 1353 5730 inclinat
1394 5676 1670 5742 alterutro,
1692 5674 1788 5731 sed
1805 5674 1953 5732 illius

376 5755 581 5802 tantum
603 5745 818 5816 scapus
841 5747 894 5802 in
934 5745 1041 5802 hoc
1066 5759 1184 5815 cap.
1214 5754 1316 5813 est,
1348 5747 1603 5816 apostolis
1646 5752 1954 5816 cumpetere

2092 4399 2211 4453 bat:
2241 4406 2295 4469 at
2318 4397 2386 4469 de
2413 4388 3047 4469 domi_ni‘co_caute_silet;
3091 4401 3258 4469 quare
3286 4386 3496 4469 titulus,
3531 4401 3691 4469 quem

2089 4469 2247 4537 capiti
2271 4467 2397 4541 huic
2419 4464 2658 4541 praeﬁxit
2679 4462 2950 4541 Pamelius
2970 4502 2985 4526 ,
3018 4459 3175 4541 quod.
3191 4458 3413 4541 apostoli
3450 4457 3694 4541 baptismi

2086 4528 2245 4611 fuisse
2294 4528 2598 4599 videantur,
2628 4533 2854 4611 indicat
2900 4528 3065 4611 plane
3107 4528 3328 4611 minime
3377 4528 3690 4611 collimasse

2077 4599 2314 4667 auctoris
2339 4620 2593 4667 mentem.
2628 4605 2781 4662 Unde
2803 4599 3160 4680 illustrissimo
3195 4599 3678 4680 B:irouio,an.,.31,

2080 4698 2227 4737 num.
2255 4682 2290 4736 4
2314 4724 2329 4748 ,
2358 4681 2485 4735 licet
2507 4693 2612 4733 non
2643 4676 2960 4753 se‘explicet
2985 4673 3226 4753 amitino,
3251 4679 3310 4753 et
3340 4670 3686 4753 Bellarmino,

2078 4753 2172 4808 lib.
2200 4752 2219 4807 I
2260 4741 2327 4808 de
2358 4753 2508 4821 Bapt.
2534 4765 2648 4817 cap.
2686 4746 2758 4802 25
2789 4741 2964 4821 minus
2994 4744 3173 4798 illuxit
3200 4741 3311 4821 Afri
3337 4741 3503 4821 nostri
3527 4741 3684 4821 testi-

2076 4827 2314 4880 monium
2349 4811 2449 4878 hoc
2473 4811 2679 4889 capfut
2704 4818 2995 4886 probarent
3042 4813 3313 4883 apostolos
3359 4811 3525 4867 fuisse
3549 4811 3686 4883 Bap-

2075 4897 2233 4952 tismo
2253 4894 2449 4950 Christi
2475 4894 2688 4946 tinctos.
2711 4889 2843 4944 Lac.

2144 4966 2227 5042 (b)
2254 4966 2353 5042 Qui
2380 4964 2534 5042 semel
2554 4962 2696 5017 tavit.
2712 4960 2801 5042 _De
2815 4957 3119 5042 “Baptismo
3155 4969 3264 5010 non
3293 4952 3537 5011 iterando
3560 4952 3680 5009 haec

272 5044 277 5059 ‘
382 5029 711 5109 Daptismum
728 5035 958 5109 Christi,
985 5029 1148 5109 idque
1173 5029 1360 5092 in'hoc
1390 5029 1520 5107 cap:
1542 5053 1651 5093 non
1695 5029 1963 5094 iniiciatnr
2069 5029 2230 5095 verba
2254 5029 2398 5109 loqui
2426 5034 2692 5090 videntur.
2712 5029 2793 5086 Ls
2815 5030 2914 5086 Pa.

2147 5132 2223 5205 (c)
2254 5128 2896 5205 Orationibusraanatorum
3001 5118 3194 5205 ultimis
3231 5117 3508 5205 pugilatus.
3522 5132 3681 5205 eam.

2074 5188 2244 5276 poscat
2290 5202 2559 5276 siccatam.
2607 5196 2876 5255 Petitione
2920 5194 3022 5250 ista
3048 5190 3273 5258 scilicet,
3312 5188 3562 5243 Adveniet
3590 5202 3675 5242 re-

2070 5273 2229 5348 gnum
2248 5286 2411 5329 tuum.
2428 5273 2559 5329 λιζις.

2143 5368 2224 5439 (d)
2258 5366 2332 5422 De
2346 5365 2673 5439 arietat-acra
2695 5360 2790 5439 sub
2818 5357 2962 5439 Petri
2990 5344 3226 5439 persona.
3253 5347 3669 5439 llistoricc_illud

2068 5419 2282 5496 dic‘tu'in
2295 5419 2380 5493 est
2399 5419 2579 5498 Petro,
2600 5432 2706 5499 Qui
2724 5433 2857 5486 lotus
2883 5436 2954 5483 est
2971 5419 3307 5499 nonindiget,
3329 5431 3434 5499 etc.
3459 5419 3662 5499 La__Pa.

2139 5493 2217 5580 te)
2246 5507 2535 5580 Indioiduw
2558 5493 2944 5580 imitations.
2971 5493 3409 5580 Christi‘ltornini
3436 5493 3587 5580 socii“
3610 5499 3666 5546 et

2058 5569 2472 5638 contubernales
2500 5569 2731 5646 apostoli
2773 5572 3023 5646 di'cu_utur
3069 5576 3125 5624 et
3164 5569 3430 5636 ὁμωρόφιοι
3479 5569 3662 5634 ἑταῖροι

2055 5653 2269 5720 Nonne,
2302 5651 2505 5719 Panop.
2525 5641 2577 5702 in
2601 5645 2759 5701 Joan.
2785 5641 2863 5696 Ls
2881 5641 2978 5695 Pa.

2128 5746 2191 5819 (Γ)
2236 5741 2625 5819 Εαηιίιὶανίιαεζε
2654 5733 2994 5819 praerogativa
3025 5725 3657 5819 compendjuntnbpptis

375 5796 894 5882 satiassatias,"
917 5796 1038 5873 sive
1072 5796 1629 5885 niani-immisse
1653 5796 1952 5884 immiti
2054 5796 2516 5887 εοιὶῇεηῖεῖξρὸέεει.
2568 5796 2667 5887 Εο”
2692 5796 2896 5864 scilicet
2924 5801 3104 5887 modo.
3128 5796 3651 5887 ςᾳμίξξξμξρεξξξξῇηι

375 5897 586 5959 arrepta
629 5888 909 5946 occasione
938 5886 1207 5960 Baptisma
1258 5887 1478 5948 Joannis
1513 5888 1784 5973 accepisse
1832 5904 1951 5961 pro-

2050 5866 2195 5963 iiii;
2206 5866 2691 5950 laudares—tradunt
2715 5866 3096 5947 nonnunquam
3118 5866 3388 5928 celeritate
3405 5866 3600 5938 conjun
3620 5895 3650 5912 -
