4230 6256
581 335 727 398 1215

2011 330 2470 390 TERTULLIANI

585 446 720 503 Iides
748 446 876 502 satis
897 452 999 514 est,
1023 443 1223 501 nam'et
1247 443 1514 502 Abraham
1536 444 1730 502 nullius
1747 453 1904 516 aquae
1924 445 2031 502 nisi
2057 445 2182 502 ﬁdei
2212 447 2265 507 A
2289 461 2473 518 gucre.
2517 446 2715 503 Verum
2758 444 2874 503 btec
2901 459 3000 518 pro
3026 445 3334 503 conditione
3376 452 3502 503 tunc
3525 440 3791 520 ﬂemporis
3826 449 3892 505 ad

581 551 920 597 sacramento
967 540 1077 596 Deo
1124 539 1321 610 placuit
1353 530 1548 610 (Gem,
1582 540 1676 596 XV
1700 541 1744 609 ).
1773 537 1881 596 Sed
1928 539 1981 595 in
2013 541 2186 596 omni-

587 634 687 690 bus
715 633 1009 703 posteriora
1038 632 1378 698 concludunt,
1409 643 1462 688 et
1506 635 1783 704 sequentia
1814 633 2185 689 antecedenti-

577 727 680 784 bus
723 726 1034 798 praevalent.
1069 725 1257 781 Fuerit
1300 727 1444 782 salus
1476 736 1619 782 retro
1667 742 1762 796 per
1793 726 1953 782 Iidem
1987 725 2186 780 nudam

584 829 711 877 ante
742 819 949 874 Domini
981 820 1283 889 passionem
1313 830 1368 875 et
1395 819 1862 876 resurrectionem.
1893 820 1960 873 At
1999 818 2087 873 ubi
2121 818 2186 872 li-

579 913 676 969 des
706 921 858 968 aucta
882 921 963 966 est
989 910 1243 967 credendi
1271 913 1322 967 in
1356 912 1709 976 nativitatem,
1738 911 2062 981 passionem,
2092 925 2184 966 re-

581 1005 1079 1074 surrectionemque
1106 1003 1242 1074 ejus,
1266 1004 1445 1060 addita
1473 1013 1557 1060 est
1582 1002 1854 1072 ampliatio
1886 1016 2187 1057 sacramen-

581 1106 659 1162 to,
682 1097 983 1168 obsignatio
1005 1097 1365 1169 Baptismi;(a)
1393 1097 1769 1153 vestimentum
1792 1094 2186 1165 quodammodo

583 1191 729 1258 Iidei,
761 1206 879 1261 qua:
907 1199 1052 1245 retro
1081 1199 1197 1246 erat
1221 1189 1384 1258 nuda,
1413 1206 1512 1247 nec
1537 1191 1830 1260 potentiam
1863 1188 2049 1243 habuit
2069 1187 2186 1244 sine

583 1300 678 1340 sua
704 1285 837 1356 lege.
873 1284 978 1340 Lex
1009 1285 1150 1340 enim
1186 1284 1458 1355 tingueudi
1510 1285 1757 1356 imposita
1788 1291 1889 1349 est,
1917 1291 1972 1337 et
2011 1281 2181 1336 forma

584 1378 916 1446 praescripta.
949 1375 1049 1443 Ite,
1083 1376 1274 1448 iuqttit,
1307 1377 1477 1431 docete
1504 1376 1754 1441 nationes,
1782 1377 2066 1447 tinguentes
2098 1391 2184 1430 eas

585 1469 639 1523 in
682 1469 885 1524 nomine
933 1469 1098 1524 Patris
1127 1485 1176 1523 et
1208 1469 1333 1524 Filii
1373 1480 1419 1524 et
1451 1470 1678 1540 Spiritus
1718 1471 1881 1524 sancti
1922 1469 2181 1541 (Matt/t.,

586 1561 819 1630 XXVIII,
851 1564 975 1634 I9).
1007 1564 1141 1620 Huic
1169 1565 1268 1635 legi
1291 1565 1480 1620 collata
1510 1564 1750 1619 definitio
1773 1565 1860 1618 illa
1891 1581 1903 1616 :
1938 1562 2057 1617 Nisi
2075 1563 2186 1633 quis

587 1668 795 1711 renatus
824 1657 975 1727 fuerit
997 1673 1060 1711 ea:
1081 1673 1214 1728 aqua
1236 1666 1281 1709 et
1304 1657 1510 1727 spiritu,
1540 1673 1641 1710 non
1661 1655 1866 1709 intrabit
1896 1655 1948 1708 in
1974 1669 2188 1725 regnum

589 1749 828 1804 cazlorum
857 1748 1074 1819 (Joan.,
1107 1749 1195 1812 Ill,
1228 1748 1306 1819 5),
1331 1748 1615 1802 obstrinxit
1643 1747 1801 1802 fidem
1835 1747 1898 1801 ad
1928 1745 2184 1816 Baptismi

590 1842 985 1899 necessitatem.
1017 1841 1200 1912 Itaque
1231 1855 1419 1896 omnes
1451 1839 1644 1895 exinde
1667 1839 1948 1894 credentes
1976 1839 2184 1909 tingue-

592 1935 808 1990 bautur.
835 1933 985 1988 Tunc
1007 1942 1059 1987 et
1083 1933 1277 1988 Paulus
1300 1933 1385 1987 ubi
1417 1932 1671 1998 credidit,
1696 1934 1894 1987 tinctus
1919 1939 2001 1986 est
2023 1932 2184 2002 (Act,

596 2027 692 2091 IX,
722 2025 820 2097 6).
851 2024 918 2079 Et
945 2025 1045 2080 hoc
1069 2036 1152 2080 est
1175 2025 1316 2092 quod
1349 2025 1604 2080 Dominus
1635 2026 1686 2080 iu
1731 2025 1819 2079 illa
1853 2025 1998 2094 plaga
2030 2023 2190 2078 orba-

592 2118 756 2173 tionis
782 2124 1146 2188 prmceperat:
1179 2115 1434 2188 Exsurge,
1468 2116 1674 2182 dicens,
1708 2127 1755 2172 et
1782 2117 1938 2170 introi
1967 2115 2188 2169 Damas—

593 2227 707 2265 cum
739 2209 1037 2283 (Ibidem),
1090 2210 1196 2265 illic
1237 2211 1324 2265 tibi
1363 2212 1791 2265 demoustrabitur
1836 2211 1961 2278 quid
2006 2211 2191 2266 debeas

595 2320 765 2374 agere,
797 2303 1001 2359 scilicet
1033 2304 1218 2372 tingui,
1247 2304 1388 2374 quod
1417 2304 1588 2358 solum
1618 2305 1666 2358 ei
1693 2304 1897 2360 deerat.
1939 2303 2194 2374 Alioquin

596 2395 726 2451 satis
752 2394 1011 2451 didicerat
1048 2405 1208 2466 atque
1243 2395 1548 2452 crediderat
1573 2394 1907 2451 Nazarenum
1938 2411 2058 2452 esse
2087 2395 2194 2452 Do-

601 2487 804 2542 minum
837 2486 928 2542 Dei
956 2487 1171 2542 Filium.

1196 2581 1423 2638 CAPUT
1461 2582 1604 2638 XIV.

679 2671 782 2728 Sed
810 2675 877 2729 de
901 2675 1016 2744 ipso
1043 2677 1298 2744 Apostolo
1322 2677 1618 2737 revolvunt.
1649 2675 1789 2746 quod
1813 2677 2045 2732 dixerit:
2073 2675 2196 2731 Non

600 2765 730 2820 enim
760 2783 839 2820 me
867 2766 934 2819 ad
961 2767 1289 2838 tinguendum
1319 2767 1547 2822 Christus
1577 2770 1711 2822 misit
1737 2771 1753 2839 (
1777 2768 1791 2822 Ι
1815 2766 1961 2836 Cor.,
1991 2769 2032 2829 l.
2066 2769 2128 2822 I7
2153 2769 2196 2838 ),

602 2860 751 2926 quasi
786 2858 886 2912 hoc
916 2872 1236 2931 argumento
1267 2861 1569 2930 Baptismus
1596 2862 1881 2916 adimatur.
1917 2862 2025 2916 Cur
2052 2863 2196 2916 enim

603 2950 754 3003 tinxit
781 2949 970 3004 Gaium
1008 2962 1061 3005 ct
1090 2953 1334 3022 Crispum
1381 2963 1436 3008 et
1482 2954 1770 3022 Stephanze
1808 2956 2026 3009 domum
2057 2953 2201 3023 (lbi-

602 3041 788 3110 dem)?
827 3041 1138 3114 Quanquam
1182 3045 1280 3097 etsi
1312 3060 1414 3099 nou
1453 3060 1575 3099 cum
1619 3047 1835 3100 miserat
1860 3046 2105 3101 Christus
2134 3055 2201 3101 ad

2289 538 2602 594 Corinthios
2628 540 2828 610 scripta
2873 548 3000 595 sunt
3039 538 3272 611 (Ibid),
3301 540 3553 612 quoniam
3599 541 3895 599 schismata

2292 639 2347 687 et
2390 631 2757 688 dissensiones
2807 633 2950 688 inter
2993 633 3114 688 illos
3144 634 3529 702 movebantur,
3569 633 3700 690 dum
3753 636 3894 692 alius

2292 724 2462 780 Paulo
2489 725 2729 795 deputat,
2777 725 2912 780 alius
2943 725 3154 796 Apollo.
3209 725 3431 796 Propter
3457 725 3601 798 quod
3632 727 3893 796 paciﬁcus

2292 819 2602 888 Apostolus,
2635 834 2701 874 ne
2726 818 2826 874 sibi
2855 820 3032 874 omnia
3053 817 3343 875 defendere
3371 819 3660 888 videretur,
3689 835 3800 877 non
3827 821 3891 876 ad

2295 910 2642 982 tinguendum
2673 911 2821 966 aitse
2844 911 3087 976 missum,
3114 910 3207 966 sed
3230 911 3296 966 ad
3317 911 3736 982 praedicandum.
3762 911 3894 968 Nam

2288 1013 2344 1060 et
2375 1007 2522 1074 prius
2562 1012 2645 1059 est
2674 1003 2988 1074 prmdicare,
3035 1004 3305 1074 posterius
3349 1004 3606 1075 tinguere.
3645 1003 3702 1060 Si
3742 1004 3898 1074 prius

2290 1094 2632 1165 prtedicatum
2659 1112 2672 1148 :
2702 1105 2831 1167 puto
2855 1094 2934 1169 (I)
2963 1105 3141 1151 autem
3168 1094 3316 1151 licuit
3334 1104 3392 1152 et
3422 1096 3655 1167 tinguere
3697 1095 3778 1169 (υ)
3799 1097 3888 1152 cui

2289 1189 2439 1244 licuit
2461 1189 2778 1260 praedicare.

2901 1282 3128 1340 CAPUT
3172 1282 3291 1339 XV.

2357 1375 2552 1431 Nescio
2577 1375 2623 1431 si
2661 1374 2785 1446 quid
2824 1375 3054 1444 amplius
3081 1374 3148 1430 ad
3187 1373 3609 1430 controversiam
3635 1372 3892 1443 Baptismi

2287 1469 2592 1525 ventilatur.
2625 1467 2767 1524 Sane
2796 1477 3070 1533 retexam,
3106 1467 3248 1538 quod
3278 1480 3440 1537 supra
3466 1467 3622 1521 omisi
3649 1507 3665 1531 ,
3692 1481 3762 1520 ne
3798 1467 3893 1521 im-

2290 1561 2556 1616 minentes
2581 1574 2773 1615 sensus
2803 1559 2986 1615 videar
3010 1558 3350 1614 intercidere.
3382 1557 3531 1614 Unus
3556 1559 3785 1613 omnino
3809 1559 3894 1613 ba-

2290 1653 2516 1724 ptismus
2539 1664 2620 1709 est
2645 1654 2797 1709 nobis
2821 1695 2836 1720 ,
2873 1662 2980 1708 tam
3008 1668 3073 1708 ex
3105 1652 3316 1708 Domini
3345 1652 3640 1722 Evangelia
3687 1651 3861 1724 (Joan.
3879 1692 3894 1717 ,

2292 1748 2380 1819 III)
2405 1789 2420 1814 ,
2452 1762 2610 1818 quam
2649 1762 2716 1803 ex
2744 1745 2985 1817 Apostoli
3015 1745 3208 1800 litteris
3235 1745 3398 1817 (Eph.
3424 1785 3439 1810 ,
3471 1743 3561 1814 IV)
3591 1760 3606 1808 ;
3637 1745 3884 1814 quoniam

2291 1855 2430 1896 unus
2459 1841 2715 1895 Dominus
2743 1849 2796 1894 et
2822 1856 2985 1894 unum
3012 1839 3345 1910 Baptismum
3375 1848 3425 1894 et
3457 1853 3559 1892 una
3589 1837 3830 1893 Ecclesia
3852 1839 3896 1893 iu

2290 1935 2462 1991 etelis.
2493 1935 2598 1991 Sed
2642 1936 2785 1990 circa
2834 1935 3116 1990 haereticos
3163 1949 3294 1990 sane
3330 1933 3459 2005 quid
3485 1933 3892 1988 custodiendum

2292 2031 2360 2084 sit
2385 2071 2400 2095 ,
2427 2029 2584 2100 digne
2612 2030 2732 2100 quis
2761 2036 3047 2094 retractet;
3075 2027 3141 2081 ad
3167 2041 3266 2081 nos
3289 2027 3433 2083 enim
3458 2026 3668 2108 editum
3692 2035 3773 2082 est
3800 2025 3889 2098 (ε).

2294 2123 2544 2180 Haeretici
2591 2133 2772 2179 autem
2833 2123 3038 2178 nullum
3090 2122 3290 2177 habent
3333 2121 3671 2178 consortium
3715 2130 3896 2176 nostra:

2295 2213 2592 2286 disciplinae
2615 2255 2629 2279 ,
2659 2229 2792 2285 quos
2817 2223 3104 2270 extraneos
3129 2214 3313 2284 utique
3339 2221 3565 2268 testatur
3586 2213 3703 2283 ipsa
3724 2213 3894 2269 adem-

2297 2306 2410 2378 ptio
2432 2306 2953 2361 communicationis.
2976 2304 3092 2360 Non
3116 2305 3286 2360 debeo
3312 2304 3364 2360 in
3389 2304 3493 2360 illis
3509 2319 3799 2376 agnoscere
3819 2302 3892 2375 (2)

2300 2398 2444 2468 quod
2483 2398 2612 2453 mihi
2643 2405 2726 2453 est
2756 2408 3078 2468 princeptum
3101 2439 3116 2462 ,
3145 2396 3270 2466 quia
3301 2411 3406 2451 non
3455 2396 3600 2452 idem
3643 2397 3781 2451 Deus
3819 2403 3892 2451 est

2302 2489 2457 2547 nobis
2484 2498 2538 2545 et
2564 2489 2670 2543 illis
2689 2531 2703 2551 ,
2736 2504 2836 2544 nec
2863 2503 3000 2544 unus
3026 2488 3273 2543 Christus
3299 2529 3313 2550 ,
3347 2487 3398 2542 id
3442 2495 3527 2544 est
3566 2487 3724 2542 idem.
3751 2484 3892 2541 Ideo-

2302 2597 2408 2652 que
2456 2596 2557 2637 nec
2602 2581 2905 2651 Baptismus
2935 2597 3070 2635 unus
3101 2581 3177 2652 (ά)
3197 2622 3210 2645 ,
3242 2580 3365 2650 quia
3407 2594 3511 2635 nou
3536 2579 3692 2634 idem.
3725 2577 3885 2645 Quem

2304 2677 2426 2730 cuin
2454 2675 2553 2729 rite
2580 2689 2686 2728 non
2710 2673 2976 2739 habeant,
3001 2675 3117 2729 sine
3137 2674 3301 2728 dubio
3325 2689 3432 2728 non
3455 2673 3672 2737 habent,
3693 2686 3785 2726 nec
3804 2685 3892 2727 ca-

2299 2765 2378 2836 pit
2400 2765 2704 2831 numerari,
2731 2765 2870 2835 quod
2905 2782 3008 2819 non
3039 2764 3267 2820 habetur
3295 2764 3379 2838 (ε)
3408 2781 3421 2817 :
3452 2766 3524 2819 ita
3551 2779 3650 2820 nec
3676 2771 3890 2834 possunt

2300 2860 2575 2931 accipere,
2598 2860 2720 2929 quia
2743 2875 2849 2914 nou
2878 2858 3074 2913 habent
3101 2858 3193 2932 (Γ).
3217 2858 3322 2913 Sed
3344 2858 3412 2914 de
3433 2858 3537 2913 isto
3563 2858 3766 2927 plenius
3786 2856 3886 2925 jam

2303 2954 2458 3008 nobis
2488 2953 2539 3006 in
2569 2967 2746 3023 graeco
2789 2952 3053 3020 digestum
3095 2961 3180 3006 est
3213 2951 3316 3022 (g).
3361 2951 3541 3006 Semel
3582 2965 3710 3022 ergo
3749 2949 3883 3004 lava-

2304 3060 2453 3100 crum
2477 3045 2670 3099 inimus
2693 3083 2707 3108 ,
2731 3043 2899 3098 semel
2921 3043 3116 3097 delicta
3143 3043 3444 3105 diluuntur,
3475 3044 3600 3113 quia
3630 3057 3691 3098 ea
3718 3039 3881 3094 iterari

606 3133 976 3205 tinguendum,
1023 3141 1201 3190 tamen
1246 3134 1366 3189 aliis
1408 3137 1680 3206 Apostolis
1729 3151 2056 3209 praeceperat
2101 3141 2207 3196 tin-
2235 3132 2280 3194 C
2315 3153 2420 3194 nou
2462 3145 2696 3208 Oportet.
2747 3135 3016 3193 Caeterum
3065 3135 3226 3191 Israel
3275 3134 3520 3204 (illam,
3553 3134 3668 3206 VII)
3695 3131 3891 3189 Iudaeus

1817 3273 2198 3334 LECTIONES
2234 3273 2648 3333 VARIANTISS.

615 3393 1025 3509 ngulv'l'iugere.
1053 3395 1152 3447 Sed
1174 3394 1239 3446 sit
1259 3396 1397 3461 prius
1422 3396 1754 3462 praedicatum.
1779 3397 1926 3460 Puto,
1949 3404 2046 3450 etc.
2087 3399 2205 3452 Cod.

2376 3396 2451 3462 (2)
2485 3397 2797 3462 Cognoscere
2821 3396 2929 3464 Rig.

1965 3570 2528 3629 COMMENTARIUS.

613 3686 909 3810 gendali'um
942 3685 1082 3742 inter
1111 3701 1170 3742 se
1214 3687 1508 3754 actionum,
1542 3703 1700 3743 unam
1726 3690 1994 3746 actionem
2041 3691 2222 3747 occul-

614 3768 740 3810 lal'l.
819 3772 890 3810 IG.

614 3768 740 3812 tari.
770 3768 890 3811 lite.

686 3827 840 3900 CAP.
872 3825 1010 3900 XIII.
1040 3825 1546 3900 _—_—_(a)_0bsignatio
1578 3827 1825 3900 Baptismi
1871 3832 2220 3886 vestimentum

614 3897 989 3967 quodammodo
1019 3897 1159 3963 ﬁdei.
1193 3896 1403 3951 Fideles
1433 3899 1613 3966 perlici
1655 3896 1950 3968 Baptismo,
1980 3902 2220 3956 sciebant

615 3970 774 4039 etiam
790 3968 976 4022 Stoici.
995 3969 1083 4022 Sic
1101 3970 1243 4023 enim
1263 3968 1612 4025 disertissime
1631 3971 1907 4032 Arrianus.
1935 3971 2108 4039 Epict.
2124 3972 2216 4030 XI.

611 4041 646 4096 9
679 4059 689 4091 :
719 4029 848 4121 ὅταν
887 4043 935 4121 δξ
990 4045 1202 4121 «Erat-Ian
1258 4049 1310 4096 τὸ
1336 4049 1596 4121 Διπιθὸςιτό
1641 4048 1740 4121 rei
1766 4029 2215 4121 pstppi'routmati

613 4115 987 4182 ﬁpnptlvouL-rérs
1007 4113 1086 4165 καὶ
1107 4117 1231 4167 ἔστιν
1242 4123 1306 4182 τῷ
1322 4116 1441 4178 ὃνι-ι,
1455 4116 1683 4165 amittatis?
1697 4113 1824 4168 εἷται
1849 4113 2076 4174 laudisin.
2098 4114 2218 4170 Βια.

685 4179 838 4255 CAP.
873 4181 1011 4255 XIV.
1039 4182 1216 4255 —_(b)
1251 4179 1384 4255 Puto
1419 4193 1586 4236 autem
1618 4183 1760 4255 licuit
1789 4193 1836 4236 et
1865 4186 2109 4255 tinguere,
2139 4186 2222 4239 cui

613 4253 757 4326 licuit
788 4253 1086 4326 prwdicare.
1122 4252 1586 4326 Pratdicatur‘sive
1613 4254 1838 4326 docetur
1858 4252 2038 4326 regula
2069 4255 2217 4311 Iidci.

613 4323 748 4380 Dein
791 4323 1064 4449 Baptismo
1093 4323 1401 4393 obsignatur
1429 4324 1582 4380 ﬁdes.
1613 4324 1731 4382 th.

687 4394 840 4449 CAP.
930 4393 990 4448 V.
1014 4423 1086 4433 ——
1111 4395 1186 4449 (cl
1213 4395 1292 4447 Ad
1318 4412 1408 4448 nos
1435 4397 1566 4449 enim
1587 4397 1725 4449 editu

687 4394 840 4460 CAP.
873 4393 990 4449 XV.
1014 4423 1086 4433 ——
1111 4395 1186 4465 (c)
1213 4395 1292 4447 Ad
1318 4412 1408 4448 nos
1435 4397 1566 4449 enim
1587 4397 1776 4451 editum
1794 4407 1887 4451 est.
1909 4397 2230 4453 Obscurissi-

616 4482 760 4519 mum
778 4465 987 4519 videtur
1008 4465 1272 4520 Pamelio:
1295 4473 1597 4520 tamennon
1621 4469 1690 4521 ita
1710 4469 1887 4533 nimis;
1904 4483 2096 4523 sensus
2112 4478 2224 4524 est:

617 4537 672 4591 In
697 4536 982 4608 Evangelia
993 4546 1047 4591 et
1069 4537 1230 4608 l’aulo
1249 4551 1411 4608 unum
1432 4535 1698 4606 Baptisma
1717 4539 2111 4608 praescribitur;
2133 4539 2227 4596 sed

615 4609 736 4677 quis
759 4607 990 4673 decidet,
1011 4622 1080 4660 an
1111 4607 1210 4660 hoc
1229 4607 1636 4661 custodiendum
1661 4607 1729 4662 sit
1749 4609 1891 4664 circa
1923 4609 2229 4675 hmreticos,

621 4693 741 4734 cum
775 4677 839 4732 ad
885 4693 982 4731 nos
1005 4678 1301 4734 catholicos
1330 4678 1613 4748 dirigatur,
1644 4678 1787 4748 quod
1828 4682 1998 4734 sacris
2039 4680 2231 4736 litteris

625 4751 826 4804 editum
855 4750 1248 4821 promulgatum
1278 4749 1396 4821 sit?
1423 4749 1531 4821 Nec
1564 4764 1694 4804 vero
1731 4759 1834 4821 est,
1862 4750 2002 4821 quod
2029 4753 2232 4807 haereat

624 4823 937 4886 I’amelius,
983 4835 1049 4874 an
1099 4820 1225 4874 velit
1276 4819 1640 4874 Tertullianus
1692 4821 1760 4874 ab
1807 4819 2073 4876 haereticis
2121 4836 2227 4876 non

626 4909 785 4966 posse
835 4892 1066 4966 conferri
1097 4933 1129 4966 ,_
1159 4907 1226 4944 an
1286 4905 1413 4944 vero
1465 4892 1634 4966 accipi
1681 4892 2046 4966 Baptismum.
2089 4908 2226 4966 _cum

626 4962 910 5034 utrumque
934 4962 1064 5016 velle
1089 4963 1156 5034 sit
1187 4977 1321 5030 opus
1342 4977 1499 5034 .cum
1524 4962 1670 5034 tlical
1709 4978 1814 5016 non
1846 4962 2048 5034 habere
2089 4962 2226 5032 Bap—

627 5032 862 5093 tismuni.
917 5063 986 5075 --
1037 5033 1114 5086 Ad
1166 5049 1257 5086 nos
1295 5033 1426 5085 enim
1470 5032 1661 5085 editum
1707 5042 1799 5086 est.
1845 5032 1977 5087 Illud
2023 5034 2226 5089 scilicet

629 5108 770 5180 quini
806 5105 1427 5180 prmcedentifortunate
1467 5103 1638 5180 diuit:
1678 5103 1823 5180 Unus
1849 5105 2055 5158 omnino
2084 5103 2226 5174 Bap-

631 5174 817 5233 tismus
836 5187 910 5231 est
937 5176 1098 5236 nobis.
1137 5174 1260 5229 Haec
1283 5174 1460 5244 regula
1489 5175 1557 5226 ad
1591 5192 1682 5229 nos
1723 5174 1858 5228 edita
1886 5184 1981 5240 est,
2033 5184 2136 5228 tant
2164 5191 2226 5230 ea:

626 5251 837 5306 Domini
871 5247 1173 5317 Evangelia,
1201 5263 1350 5317 quam
1381 5260 1442 5298 ea:
1491 5247 1711 5317 apostoli
1759 5247 1944 5300 litteris
1997 5261 2103 5300 tton
2157 5246 2226 5301 ad

625 5322 932 5377 Inercticos.
959 5316 1114 5388 Aiiud
1159 5333 1278 5383 no<,
1313 5316 1414 5370 hoc
1449 5316 1534 5388 est
1556 5317 1868 5383 catholicos,
1889 5317 2092 5372 editum
2121 5327 2223 5381 est,

628 5394 969 5450 manifestum
1001 5387 1320 5458 etapertum
1351 5387 1475 5457 quid
1493 5388 1904 5443 custodiendum
1953 5388 2022 5442 sit
2071 5388 2226 5442 nobis

629 5467 683 5519 iu
714 5465 994 5532 disciplina
1017 5461 1306 5530 Baptismi:
1348 5459 1588 5532 hatretici
1630 5469 1808 5532 autem
1850 5459 2053 5532 nullum
2097 5474 2226 5532 eou-

630 5529 862 5590 sortium
887 5535 1086 5589 habent
1123 5540 1320 5585 nostra:
1367 5531 1683 5601 disciplinae.
1726 5529 1841 5601 Non
1886 5529 2146 5585 debemus
2174 5531 2226 5584 in

633 5607 739 5660 illis
781 5618 1122 5676 cognoscere,
1154 5601 1310 5676 quod
1355 5600 1556 5676 editum
1585 5610 1666 5676 est
1694 5600 1870 5666 nobis,
1903 5601 2042 5676 quod
2073 5601 2230 5676 nobis

633 5685 716 5729 cst
759 5672 1106 5746 pra7ceptum.
1154 5673 1413 5729 Videntur
1467 5673 1747 5738 Baruuius,
1805 5688 1892 5726 an.
1949 5672 2076 5728 Chr.
2126 5672 2230 5726 217

634 5761 783 5799 ltum.
815 5747 867 5800 8.
900 5746 1027 5799 Lac.

815 5782 1044 5883 72:23};
1071 5830 1159 5868 nec
1179 5812 1471 5883 Baptismus
1492 5831 1644 5881 unus,
1666 5824 1771 5872 etc.
1789 5813 1943 5871 Hunc
1971 5828 2236 5881 errorem,

2254 4577 2308 4638 D

2320 3692 2390 3748 de
2436 3689 2774 3762 baptizandis
2800 3688 3086 3762 iterumiis
3116 3688 3315 3762 qui_ab
3348 3685 3628 3762 btereticis
3670 3681 3897 3762 baptizati

2322 3771 2466 3826 sunt,
2501 3755 2815 3832 adiscipulo
2841 3755 3158 3832 Tertulliani
3200 3758 3466 3829 Cypriane
3495 3775 3560 3815 ex
3587 3758 3694 3832 hoc
3717 3755 3897 3813 deduc-

2325 3844 2437 3887 tum
2464 3831 2790 3887 arbitrantur
2819 3831 3094 3895 nonnulli;
3129 3845 3314 3886 verum
3351 3833 3397 3886 si
3435 3840 3581 3886 recte
3614 3831 3700 3883 hic
3735 3836 3900 3881 auctor

2324 3905 2648 3974 explicetur,
2681 3903 2883 3958 erroris
2905 3902 3048 3956 nulla
3077 3902 3313 3974 suspicio
3357 3901 3538 3956 forsan
3567 3901 3898 3974 relinquetur.

2325 3971 2456 4029 Nam
2509 3974 2776 4029 defectum
2824 3975 2874 4026 in
2927 3971 3197 4036 materia,
3254 3981 3312 4026 ut
3360 3981 3575 4034 vocant,
3634 3971 3902 4025 admissum

2327 4041 2554 4111 intelligi
2583 4060 2739 4112 posse
2762 4045 2926 4097 multa
2951 4044 3295 4113 persuadent,
3327 4044 3410 4098 vel
3441 4043 3608 4113 etiam,
3649 4043 3700 4097 in
3719 4039 3901 4113 forma:

2327 4131 2448 4170 cum
2479 4105 2608 4169 nihil
2636 4116 2742 4169 tale
2762 4105 3143 4186 S.Cyprianus
3185 4105 3448 4186 docuerit.
3498 4112 3806 4186 Unde_c_an.
3847 4105 3903 4161 l9

2326 4186 2526 4242 Nicaeui
2545 4200 2700 4242 conc.
2727 4183 2990 4240 sancitum
3011 4193 3090 4239 cst
3122 4193 3177 4238 ut
3204 4185 3271 4240 de
3297 4186 3502 4253 integro
3532 4183 3904 4253 repabtiprgn-

2329 4269 2414 4312 tur
2435 4258 2521 4326 qui
2545 4272 2575 4311 e
2597 4256 2933 4311 Paulianistis
2949 4256 3013 4310 ad
3036 4256 3326 4311 Ecclesium
3345 4250 3711 4326 confugerent.
3731 4252 3802 4306 Ls
3819 4250 3898 4326 Pl.

2403 4323 2485 4454 (εἰ)
2511 4327 2620 4382 Nec
2639 4329 2776 4397 capit
2804 4329 3058 4380 numerari
3094 4328 3230 4396 quod
3258 4343 3358 4380 non
3385 4323 3619 4380 habetur.
3658 4324 3816 4380 Unum
3834 4323 3906 4374 est

2404 4415 2435 4453 u
2501 4399 2798 4454 Ecclesium
2831 4397 3125 4454 Bantisma.
3154 4397 3342 4454 Unitas
3368 4407 3547 4451 autem
3574 4411 3678 4450 non
3717 4401 3794 4449 est
3823 4405 3905 4444 uu-

2331 4397 2474 4469 apud
2501 4399 2798 4455 Ecclesium
2831 4397 3125 4466 Baptisma.
3154 4397 3342 4454 Unitas
3368 4407 3547 4469 autem
3574 4411 3678 4469 non
3717 4401 3794 4449 est
3823 4405 3905 4444 uu-

2341 4467 2544 4533 merus,
2599 4469 2693 4524 sed
2749 4469 3067 4539 principium
3114 4469 3342 4523 numeri.
3393 4467 3528 4522 Cum
3576 4467 3733 4539 igitur
3775 4469 3904 4539 extra

2339 4541 2636 4596 Ecclesium
2668 4533 2774 4594 sint
2812 4533 3070 4604 haeretici,
3098 4539 3300 4593 nullum
3341 4547 3443 4610 est!
3465 4533 3618 4609 apud
3653 4550 3745 4592 eos
3790 4533 3904 4610 bat):

2337 4611 2524 4665 tisma:
2565 4623 2730 4682 quare
2773 4625 2874 4666 nec
2914 4626 3099 4675 unum,
3143 4611 3262 4682 quia
3305 4608 3447 4680 quod
3477 4604 3586 4663 ιῐοη
3613 4617 3714 4682 es_t_,
3742 4604 3906 4682 nequit

2335 4676 2626 4747 numerari,
2679 4696 2778 4736 nec
2824 4676 3341 4752 principium'dare'r
3363 4694 3607 4752 numero.
3665 4677 3784 4752 licet:
3817 4676 3907 4752 ψη

2334 4753 2646 4808 Tertulliani
2694 4747 3185 4821 sententiafquam
3215 4750 3508 4823 discipulus
3553 4751 3669 4821 ejus
3698 4747 3906 4823 (Cypria-

2334 4839 2433 4877 nus
2460 4823 2718 4878 adversus
2762 4823 3094 4891 Stephanum
3144 4821 3468 4892 pertinacius
3507 4821 3905 4878 asscruit'eem-

2333 4895 2574 4964 pluribus
2599 4893 2861 4962 epistolis.
2892 4892 3015 4964 Nisi,
3038 4903 3215 4948 tamen
3241 4894 3482 4948 excusari
3513 4895 3598 4947 vel
3646 4899 3905 4964 propterea

2334 4966 2567 5019 maxime
2588 4965 2853 5030 debuerit,
2879 4963 3020 5034 quod
3043 4979 3102 5019 ea
3129 4973 3256 5018 tunc
3277 4964 3534 5032 temporis
3557 4963 3906 5024 hmreticorum

2331 5044 2485 5090 erant
2506 5035 2732 5090 crimina
2766 5044 2823 5091 ut
2848 5036 3025 5104 capite
3051 5034 3228 5105 aliquo
3257 5043 3567 5090 tenerentur
3613 5036 3749 5088 laesa:
3768 5043 3909 5105 sanc-

2327 5106 2546 5160 tissima:
2569 5105 2874 5176 Trinitatis;
2907 5099 3010 5175 qua
3034 5099 3199 5175 penes
3241 5120 3335 5160 eos
3365 5120 3472 5161 non
3507 5105 3730 5176 integra,
3753 5099 3907 5176 adeo:

2328 5192 2432 5245 que
2460 5177 2623 5241 nulla,
2651 5175 2781 5230 nihil
2802 5169 2960 5230 etiam
2987 5169 3182 5231 habere
3202 5185 3296 5229 aut
3322 5176 3450 5230 dare
3478 5169 3744 5244 poterant,
3775 5169 3905 5242 quod

2328 5248 2652 5318 baptismum
2675 5246 2870 5302 Christi
2907 5262 3094 5317 sapere
3122 5246 3411 5301 videretur.
3446 5247 3569 5303 th.
3760 5313 3771 5318 Α
3869 5311 3872 5314 _

2405 5313 2474 5389 (l)
2506 5316 2595 5371 Ita
2625 5334 2714 5371 nec
2744 5327 2954 5389 possunt
2972 5313 3224 5389 accipere,
3239 5320 3373 5389 _quia
3401 5335 3502 5372 non
3519 5318 3719 5372 habent.
3747 5313 3901 5384 Aper-

2331 5387 2465 5443 tiora
2510 5397 2634 5460 sunt
2658 5388 2797 5458 apud
2827 5387 3185 5460 Cyprianum:
3211 5387 3320 5443 Nos
3346 5397 3523 5460 autem
3559 5389 3788 5460 dicimus
3805 5393 3892 5438 eos

2329 5460 2421 5529 qui
2454 5459 2576 5514 inde
2608 5453 2828 5513 veniunt
2855 5453 2957 5513 non
2985 5460 3302 5530 rebaptizari
3331 5459 3473 5529 apud
3513 5459 3634 5526 nos,
3661 5455 3750 5530 sed
3775 5453 3889 5530 bitt;

2332 5517 2513 5656 t'izaril.‘
2555 5530 2738 5600 Neque
2765 5530 2907 5586 enim
2937 5517 3204 5600 accipiunt
3232 5530 3338 5586 illic
3367 5517 3633 5602 aliquid,’
3655 5525 3738 5584 ubi
3775 5517 3884 5578 nihil

2334 5612 2435 5656 est.
2521 5617 2590 5656 IG.

2334 5612 2435 5656 εει.
2473 5612 2590 5658 κισ.

2409 5673 2484 5744 (g)
2513 5671 2540 5725 1
2547 5690 2577 5726 η
2597 5687 2764 5743 grwco
2785 5669 3032 5742 digestum
3055 5681 3147 5728 est.
3171 5671 3335 5744 Vides
3354 5671 3730 5744 Tertullianum

2341 5725 2635 5816 ρςὸῖίιςεςεῖε
2663 5725 2714 5796 in
2745 5725 2872 5816 hac:
2888 5725 3146 5811 materia,
3176 5725 3259 5800 αι’
3284 5725 3338 5798 ia
3366 5725 3709 5816 ἐι-ιίίξζ-άειοα
3743 5725 3886 5794 ωδ

2341 5810 2715 5870 observarunt.
2743 5810 2822 5867 Ls
2841 5811 2937 5870 Pu.
2987 5894 2996 5898 -

3899 6027 4143 6195 "f
