4230 6256
327 256 474 320 1917

1604 257 1813 319 LIBER
1860 259 1951 319 DE
1990 260 2348 325 BAPTISMO.

3325 124 3345 157 ἱ

3495 238 3638 330 ms

329 375 574 450 quotidie
622 374 764 433 lavat
787 375 866 447 (a)
890 415 907 443 ,
932 375 1052 447 quia
1079 370 1319 447 quotidie
1362 373 1675 446 inquinatur
1702 374 1887 446 (Hebr.
1915 418 1930 443 ,
1959 386 2013 447 Α
2038 377 2253 434 vatione
2278 392 2492 450 quoque
2519 376 2679 435 dandi
2709 387 2764 436 et
2788 375 3083 457 accipiendi
3113 382 3448 454 Baptismum
3481 400 3546 442 co
3557 403 3640 442 m-

324 467 447 541 Vl).
468 466 623 537 Quod
650 482 718 523 ne
739 468 793 527 in
818 466 973 523 nobis
995 481 1210 538 quoque
1233 463 1573 523 factitaretur
1598 508 1613 536 ,
1643 478 1929 539 propterea

326 563 395 620 de
425 578 532 619 uno
562 562 774 617 lavacro
817 559 1098 617 deﬁnitum
1137 570 1241 616 est.
1271 557 1426 617 Felix
1451 575 1588 632 aqua
1611 575 1733 632 qua:
1760 562 1931 618 semel

326 654 529 722 abluit,
560 669 680 727 qua:
704 652 935 710 ludibrio
959 651 1336 725 peccatoribus
1374 667 1481 709 non
1525 661 1642 722 est,
1671 669 1793 725 qua:
1819 669 1928 710 non

326 748 635 806 assiduitate
664 747 906 804 sordium
935 745 1129 804 infecta
1152 787 1170 814 ,
1198 759 1388 803 rursus
1410 787 1426 815 ,
1450 760 1586 819 quos
1616 744 1773 803 diluit
1799 788 1815 817 ,
1848 746 1934 803 in=

326 838 530 911 quinat.

919 927 1149 987 CAPUT
1188 928 1329 986 XVI.

425 1023 521 1079 Est
535 1022 751 1095 quidem
778 1021 932 1078 nobis
955 1022 1118 1079 etiam
1142 1020 1434 1079 secundum
1459 1021 1748 1090 lavacrum,
1769 1035 1933 1077 unum

326 1126 382 1174 et
406 1117 579 1188 ipsum
601 1158 618 1183 ,
649 1115 925 1185 sanguinis
956 1115 1163 1172 scilicet
1188 1134 1204 1171 :
1227 1114 1295 1171 de
1336 1128 1445 1186 quo
1480 1114 1776 1170 Dominus:
1816 1113 1930 1169 lla-

331 1210 423 1267 beo
447 1192 679 1281 ,‘inquit,
710 1208 977 1280 Baptismo
1005 1208 1169 1281 tingui
1188 1206 1364 1280 (Luc.,
1390 1205 1506 1276 XII,
1535 1206 1650 1280 50),
1679 1222 1803 1264 cum
1820 1207 1933 1279 jam

325 1301 525 1357 tinctus
574 1298 782 1357 fuisset.
832 1300 1068 1357 Venerat
1109 1303 1255 1357 enim
1301 1315 1401 1373 per
1437 1316 1624 1371 aquam
1653 1307 1699 1355 et
1723 1301 1934 1372 sanguio

324 1408 442 1450 nem
466 1393 512 1464 (ι
541 1392 728 1461 Joan.,
758 1393 826 1460 ν,
863 1393 954 1468 6),
983 1395 1121 1451 sicut
1139 1393 1378 1452 Joannes
1421 1395 1668 1464 scripsit.
1699 1404 1760 1449 ut
1794 1408 1934 1466 aqua

326 1488 691 1558 tingueretur,
722 1488 983 1558 sanguine
1010 1487 1436 1558 gloriﬁcaretur,
1469 1485 1694 1558 proinde
1722 1502 1823 1543 nos
1850 1485 1934 1543 la-

335 1587 487 1636 ceret
515 1595 649 1650 aqua
679 1588 897 1635 vocatos
944 1579 1125 1651 (Joan.
1157 1622 1172 1647 ,
1203 1577 1382 1652 XIX),
1410 1579 1672 1650 sanguine
1708 1578 1930 1635 electos.

329 1671 440 1728 llos
492 1672 627 1727 duos
670 1671 965 1742 baptismos
1013 1671 1094 1746 (b)
1133 1673 1201 1728 de
1237 1673 1461 1729 vulnere
1489 1672 1715 1743 perfossi
1748 1672 1932 1728 lateris

2034 467 2390 527 monel'acere.
2422 469 2590 526 Dandi
2635 470 2853 543 quidem
2893 471 3056 528 habet
3073 473 3162 544 jus
3187 488 3430 533 summus
3453 491 3638 535 sacer-

2033 562 2166 631 dos,
2197 562 2290 635 qui
2335 571 2418 619 est
2466 562 2751 635 episcopus
2801 563 2910 636 (ἀ).
2973 563 3182 621 Dehinc
3232 568 3533 640 presbyteri
3583 578 3639 627 et

2033 653 2280 721 diaconi,
2331 670 2439 710 non
2486 661 2664 711 tamen
2706 655 2825 711 sine
2871 656 3109 727 episcopi
3161 657 3480 714 auctoritate
3532 658 3634 730 (e),

2034 756 2254 818 propter
2275 746 2531 803 Ecclesiae
2557 746 2839 803 honorem.
2864 745 2982 815 Quo
3004 747 3154 803 salvo
3179 788 3196 814 ,
3218 747 3366 803 salva
3398 763 3500 819 pax
3523 758 3635 806 est.

2033 836 2287 909 Alioquin
2318 838 2479 894 etiam
2506 838 2656 894 laicis
2673 838 2761 909 jus
2785 847 2892 895 est.
2921 837 3076 908 Quod
3101 838 3244 894 enim
3271 853 3342 896 ex
3366 854 3524 910 aequo
3546 855 3641 896 ac-

2034 929 2253 1002 cipitur,
2278 945 2345 987 ex
2391 946 2546 1002 tequo
2591 931 2706 987 dari
2751 942 2962 1003 potest,
2993 932 3096 988 nisi
3143 932 3380 1003 episcopi
3407 933 3519 1004 jam
3546 943 3640 991 aut

2035 1022 2333 1094 presbyteri
2358 1063 2376 1092 ,
2401 1030 2493 1079 aut
2528 1022 2744 1079 diaconi
2773 1014 3052 1087 vocantur,
3080 1023 3353 1080 discentes
3383 1024 3466 1097 (2)
3488 1067 3504 1094 ,
3536 1026 3642 1083 Do-

2037 1113 2168 1169 mini
2213 1128 2393 1171 sermo
2437 1129 2541 1172 non
2586 1114 2750 1172 debet
2776 1114 3032 1172 abscondi
3058 1115 3126 1171 ab
3157 1115 3284 1171 ullo.
3314 1115 3551 1174 Proinde
3579 1126 3635 1176 et

2036 1204 2350 1277 Baptismus
2374 1221 2527 1277 mque
2557 1206 2651 1262 Dei
2682 1221 2877 1263 census
2906 1206 2975 1262 ab
3002 1207 3252 1263 omnibus
3279 1210 3520 1265 exerceri
3550 1225 3638 1281 po-

2038 1307 2140 1355 test
2185 1298 2318 1371 (f)_:
2368 1299 2462 1355 sed
2512 1309 2712 1369 quanto
2761 1299 2931 1370 magis
2976 1298 3127 1355 laicis
3169 1300 3451 1372 disciplina
3478 1316 3643 1359 vere-

2036 1391 2244 1449 cundia:
2291 1399 2348 1447 et
2405 1391 2679 1447 modestia:
2727 1391 3022 1459 incumbit,
3052 1406 3175 1446 cum
3223 1407 3288 1449 ea
3337 1392 3637 1463 majoribus

2037 1468 2307 1557 competat
2333 1485 2440 1558 (g),
2462 1501 2529 1541 ne
2550 1486 2651 1541 sibi
2680 1494 2963 1541 assumant
3000 1486 3238 1541 dicatum
3283 1487 3523 1557 episcopi
3555 1486 3636 1559 (3)

2036 1576 2270 1635 ofﬁcium
2309 1579 2650 1650 episcopatus
2683 1577 2782 1651 (4).
2813 1577 3114 1635 ιΕιηιιῑειιίο
3142 1579 3490 1636 schismatum
3525 1594 3640 1637 ma-

2037 1680 2122 1727 ter
2144 1679 2248 1727 est.
2295 1669 2482 1748 Urania
2531 1671 2703 1735 licere,
2727 1672 2862 1726 dixit
2908 1672 3283 1728 sanctissimus
3310 1670 3638 1742 Apostolus,

328 1762 508 1820 emisit
538 1762 615 1837 (l)
644 1805 656 1829 ,
684 1765 804 1834 quia
851 1763 942 1834 qui
990 1765 1042 1819 in
1088 1764 1402 1835 sanguinem
1451 1763 1568 1834 ejus
1605 1762 1928 1833 crederent,
1960 1757 2008 1817 B
2034 1763 2124 1818 sed
2168 1779 2270 1818 non
2316 1764 2487 1818 omnia
2535 1763 2775 1834 expedire
2818 1762 2863 1835 (l
2913 1761 3033 1819 Cor.
3060 1807 3075 1830 ,
3099 1762 3170 1820 VI
3198 1772 3246 1820 et
3276 1761 3371 1837 Χ).
3398 1762 3642 1821 Sufﬁciat

242 1924 265 1931 ν,
330 1871 465 1928 aqua
497 1856 845 1913 lavarentur:
877 1856 965 1926 qui
1010 1871 1148 1928 aqua
1181 1856 1472 1923 lavissent,
1514 1856 1674 1911 etiam
1719 1856 1931 1927 sangui-

329 1961 453 2002 nem
480 1956 728 2017 potarent
760 1947 853 2020 (ε).
882 1946 981 2003 Hie
1010 1960 1094 2011 est
1121 1947 1445 2019 Baptismus,
1466 1948 1555 2018 qui
1582 1948 1853 2004 lavacrum
1878 1956 1936 2004 et

328 2056 434 2097 non
460 2051 738 2113 acceptum
779 2052 1169 2114 repraesentat,
1203 2052 1257 2097 et
1287 2040 1556 2113 perditum
1586 2040 1783 2099 reddit.

892 2134 1120 2192 CAPUT
1159 2134 1329 2192 XVII.

396 2226 653 2299 Superest
697 2227 765 2285 ad
802 2228 1226 2284 concludendum
1267 2228 1604 2285 materiolam
1642 2226 1713 2286 de
1741 2227 1933 2285 obser-

2035 1854 2242 1911 scilicct
2268 1854 2320 1910 in
2351 1855 2761 1911 necessitatibus
2783 1863 2841 1910 ut
2865 1856 2948 1926 (5)
2976 1855 3144 1911 utaris
3162 1897 3178 1923 ,
3203 1854 3371 1912 sicubi
3402 1865 3492 1911 aut
3511 1853 3638 1922 loci,

2032 1956 2127 2003 aut
2151 1946 2443 2016 temporis,
2472 1956 2841 2019 autopersonaa
2876 1948 3115 2004 conditio
3155 1947 3451 2019 compellit.
3485 1946 3640 2003 Tunc

2032 2043 2176 2099 enim
2246 2044 2544 2099 constantia
2597 2043 2967 2099 succurrentis
3011 2042 3091 2113 (li)
3149 2041 3458 2112 excipitur,
3514 2054 3639 2096 cum

2033 2143 2185 2207 urget
2226 2134 2625 2208 circumstantia
2677 2128 3059 2205 periclitantis.
3092 2132 3358 2201 Quoniam
3388 2146 3518 2188 rcus
3535 2132 3642 2189 erit

2033 2226 2224 2299 perditi
2274 2225 2513 2309 hominis
2552 2267 2571 2295 ,
2629 2225 2681 2311 si
2730 2224 3101 2299 supersederit
3148 2232 3404 2296 prrcstare
3431 2266 3448 2294 ,
3496 2222 3641 2296 quod

1579 2339 1961 2398 LECTIONES
1996 2337 2299 2396 VARIANT
2303 2338 2409 2396 ES.

391 2431 475 2545 (ίὲ
498 2434 696 2502 Legitur
718 2433 775 2507 in
790 2432 936 2485 codd.
967 2446 985 2484 :
1007 2431 1214 2497 proinde
1257 2445 1347 2482 nos
1379 2431 1545 2482 facere
1569 2445 1649 2518 aq.
1676 2429 1868 2482 Semler
1889 2438 1937 2506 et

391 2535 405 2545 .
477 2511 585 2545 run.
619 2510 636 2545 :
662 2496 877 2545 Promde
912 2502 965 2544 ut
1000 2506 1089 2543 nos
1109 2492 1297 2543 faceret
1318 2520 1382 2530 —
1404 2492 1611 2545 electos.
1633 2494 1797 2542 hos—
1816 2508 1936 2544 emt-

322 2492 413 2547 edf
431 2492 587 2548 Frun'.
619 2510 636 2547 :
662 2496 877 2546 Proinde
912 2502 965 2544 ut
1000 2492 1089 2543 nos
1109 2492 1297 2543 faceret
1318 2520 1382 2530 —
1404 2492 1797 2551 electos,'hos—
1816 2496 1936 2544 emi-

323 2560 407 2625 sit.
436 2559 558 2618 Quia
581 2560 681 2620 qui,
709 2566 807 2625 etc.
828 2555 1114 2625 Recepimus
1138 2568 1248 2605 cum
1263 2551 1513 2625 -I.eopoldo
1534 2567 1567 2603 tt
1588 2551 1797 2625 Rigaltio
1820 2569 1935 2619 pro-

326 2615 484 2682 galati:
515 2615 776 2671 tr'o'uwerii
817 2615 1214 2682 emendationem.
1257 2615 1401 2667 Idem
1444 2615 1498 2682 in
1518 2629 1623 2682 sqq.
1650 2615 1793 2682 [Hic
1821 2615 1830 2619 ’
1855 2626 1935 2669 est

320 2679 613 2793 Baptisgus,
639 2693 820 2744 nempe
840 2681 1110 2744 sanguinis,
1136 2680 1244 2730 sive
1267 2679 1568 2743 martyrium;
1581 2679 1667 2743 qui
1684 2679 1933 2731 lavacrum

327 2767 392 2780 --
418 2756 472 2792 re
542 2752 595 2793 tt.

327 2767 392 2780 --
418 2745 595 2793 reddit.

394 2803 469 2870 (2)
491 2805 797 2856 Vocarentur
819 2803 1047 2855 dicentes
1066 2800 1222 2855 Latin.
1260 2802 1508 2854 Vocantur
1521 2802 1933 2867 dieentesFran.,

2042 2432 2203 2484 Puris.

2100 2515 2174 2582 (ὅ)
2208 2515 2460 2581 EpiscOpis
2479 2529 2521 2567 υ.
2547 2530 2591 2567 c.
2626 2527 2812 2569 Wouw.

2096 2597 2175 2666 (4)
2197 2601 2308 2666 _Hoc
2329 2598 2611 2666 vocabulum
2640 2615 2673 2652 a
2716 2598 2922 2666 librario
2950 2599 3160 2666 quodam
3201 2590 3415 2666 margini
3441 2599 3637 2666 adscri-

2033 2660 2168 2724 ptu'm'
2188 2662 2238 2725 in
2260 2668 2444 2715 textum
2463 2660 2652 2714 illatum
2687 2674 2791 2715 esse
2813 2660 3080 2713 arbitratur
3105 2663 3249 2725 Leop.
3273 2660 3458 2714 Junius
3489 2676 3510 2714 :
3529 2665 3639 2715 otii-

2034 2725 2184 2775 cium.
2208 2724 2525 2789 Episcopatus
2546 2725 2810 2788 aemulatio,
2837 2730 2936 2774 etc.

2100 2804 2176 2871 (5)
2212 2806 2275 2858 Ut
2296 2806 2429 2859 abest
2457 2805 2570 2872 Rig.

1668 2905 2229 2968 COMMENTARIUS.

396 3001 473 3075 (a)
501 3001 1155 3078 Israet__.ludteus_quo_tidie
1179 3000 1335 3078 lauat,
1362 3000 1482 3078 quia
1505 2999 1730 3078 quotidie
1743 3000 1912 3078 inqui-
2013 3002 2190 3078 debeat
2208 2986 2712 3078 creareepiscopum.
2745 3006 2948 3063 Deinde
2974 3007 3186 3078 adjicit:
3218 3007 3358 3075 Quid
3371 3017 3445 3063 est
3468 2990 3605 3064 enim

324 3070 495 3170 satu}.
526 3075 616 3170 Sic
637 3074 749 3170 Ilib.’
785 3074 853 3129 de
879 3070 1170 3170 'Oiatione:
1507 3071 1913 3170 ‘ticet‘n'teqa‘l‘n'is
1936 3106 1982 3170 Ο
2014 3076 2279 3170 ςγίεξοιριω
2300 3077 2398 3130 nisi
2427 3070 2624 3170 primus
2639 3078 2918 3149 presbyter,
2936 3070 3153 3146 Itoc'est,
3185 3070 3415 3135 summus
3435 3096 3607 3170 δασεῖ-

325 3147 454 3200 lavet
477 3145 700 3218 quotidie
723 3141 1197 3218 lsrael,_nunqua_m
1217 3150 1386 3196 tamen
1403 3142 1622 3218 mundus
1644 3151 1739 3218 est.
1769 3141 1913 3197 Certe

324 3212 506 3271 manus
533 3218 645 3287 ejus
668 3231 865 3287 semper
903 3212 1191 3287 immunda:
1238 3213 1486 3287 sanguine
1527 3212 1911 3287 prophetarum,

324 3297 430 3342 ete.
457 3282 574 3343 Rto'.
603 3315 676 3327 —
698 3282 863 3340 Israel
886 3284 1122 3339 Iudaeus.
1147 3283 1264 3339 .lam
1284 3286 1429 3338 enim
1449 3293 1532 3339 est
1551 3282 1715 3339 Israel
1731 3282 1917 3338 catho-

325 3356 480 3419 licus,
507 3356 959 3425 quemadmodum
987 3365 1042 3425 ct
1067 3355 1329 3425 catholica
1361 3353 1681 3425 Jerusalem.
1710 3353 1787 3408 Ls
1817 3353 1919 3409 Pa.

394 3423 549 3483 CAP.
579 3426 719 3483 XVI.
737 3456 810 3467 -—
838 3427 920 3498 (b)
954 3424 1064 3498 lips
1092 3426 1218 3498 duos
1245 3423 1529 3498 Baptimos.
1552 3423 1639 3498 Ea
1663 3439 1817 3498 meus
1838 3434 1924 3481 est

324 3499 550 3562 auctori,
577 3500 792 3568 utprius
817 3495 971 3568 aquae
995 3495 1330 3567 Baptismate’
1346 3509 1447 3551 nos
1474 3495 1713 3568 indigere
1736 3495 1912 3568 dicat,

325 3580 388 3624 ut
429 3565 744 3640 sanguinem
778 3565 964 3640 postea
986 3565 1228 3640 bibamus
1263 3567 1352 3640 qui
1375 3581 1415 3640 _e
1460 3565 1701 3640 perfosso
1725 3567 1917 3640 _latere

326 3627 587 3702 manavit,
607 3640 710 3694 hoc
729 3627 814 3694 est
838 3638 1178 3693 euehat-istim
1200 3627 1485 3706 participes
1499 3627 1706 3691 ﬁamus.
1723 3635 1801 3691 Ls
1823 3636 1920 3692 l’n.

395 3710 554 3767 CAP.
580 3708 822 3781 χιιι.-.-
836 3709 911 3781 (c)
927 3708 1028 3776 Qui
1048 3707 1607 3781 aquaiav_issent,etiam
1623 3707 1924 3777 sanguinem

326 3790 578 3853 potarent.
604 3780 718 3853 [Ioc
744 3779 862 3835 loco
883 3779 1054 3850 agitur
1070 3779 1138 3834 de
1163 3779 1360 3853 duplici
1380 3779 1673 3853 Baptismo,
1691 3793 1843 3853 aqua:
1867 3786 1924 3853 et

324 3848 619 3921 sanguinis.
645 3848 941 3921 Utrumque
961 3859 1139 3905 autem
1159 3848 1462 3921 devulnere
1484 3848 1708 3919 perfossi
1732 3850 1923 3921 ilateris

326 3918 566 3988 ﬂuxisse,
595 3924 669 3977 ait
696 3918 1008 3993 Septimius,
1038 3922 1211 3991 utqui
1258 3920 1312 3974 in
1362 3918 1922 3993 sanguinemChristi

325 3994 595 4048 credimus
620 3990 920 4062 ejus,'aqua
942 3990 1219 4047 lavemur:
1251 4000 1464 4060 tamque
1485 3990 1920 4062 salutaris__aquze

324 4063 591 4119 beneﬁcio
618 4060 807 4130 abluti,
836 4060 1003 4119 etiam
1032 4064 1253 4117 calicem
1307 4062 1547 4133 martyrii
1577 4076 1673 4130 pro
1719 4060 1918 4117 Christi

326 4137 566 4197 nomine.
614 4135 822 4204 quoties
850 4134 1064 4189 occasio
1086 4133 1352 4195 inciderit,
1379 4132 1624 4204 bibamus
1654 4132 1920 4204 intrepide

326 4216 383 4261 et
406 4202 736 4262 constanter.
762 4204 914 4260 llunc
939 4205 1231 4259 enim-esse
1260 4211 1369 4256 tam
1397 4202 1675 4257 efﬁcacem
1699 4203 1915 4271 Baptis-

326 4293 496 4343 mum,
526 4288 581 4330 ut
608 4278 879 4331 lavacrum
907 4282 1082 4329 etnon
1120 4281 1396 4343 acceptum
1446 4279 1816 4343 reprwsentct,
1866 4282 1921 4343 et

326 4342 594 4418 perditum
620 4348 824 4418 reddat.
859 4346 990 4414 Qua:
1018 4343 1156 4399 haud
1198 4342 1357 4398 dubie
1405 4353 1530 4397 sunt
1576 4342 1922 4413 intelligenda

325 4415 396 4472 de
417 4419 695 4490 martyrio.
729 4415 850 4475 illo.

404 4486 484 4560 (d)
515 4480 760 4544 summus
784 4488 1019 4542 sacerdos
1056 4484 1143 4560 qui
1186 4491 1265 4539 est
1286 4484 1573 4560 episcopus.
1602 4508 1675 4523 ——
1697 4480 1921 4560 ριόριᾳν

328 4554 878 4635 Ecclesicelronorem,
918 4554 1207 4635 quoﬁsulvo,
1232 4554 1375 4635 salva
1399 4554 1519 4635 pars
1541 4564 1634 4610 est.
1681 4554 1922 4635 alioquin

327 4631 479 4684 etiam
532 4630 680 4684 laicis
729 4631 811 4697 ius
860 4624 955 4685 est.
1013 4626 1320 4684 Consitnilis
1376 4637 1459 4681 est
1488 4627 1657 4697 locus
1684 4624 1800 4697 _Iib.
1853 4626 1924 4683 de

329 4699 557 4757 Exhort.
608 4695 797 4756 Castit.
829 4700 909 4755 Ex
940 4707 1164 4768 utroque
1193 4707 1371 4753 autem
1416 4696 1632 4768 collegit
1657 4695 1922 4768 lIiet‘ony-

326 4786 468 4837 mus,
495 4772 637 4842 quod
665 4771 740 4826 ait
759 4771 1016 4842 adversus
1056 4767 1419 4842 luciferianos,
1446 4767 1775 4842 Daptismum
1801 4767 1923 4842 cisse

326 4837 711 4897 sacerdotium.
768 4841 979 4911 Etenim
1006 4841 1267 4911 scriptum
1293 4850 1410 4895 est:
1446 4837 1693 4911 Regnent
1731 4838 1924 4909 quippe

325 4927 421 4982 nos
464 4922 510 4967 et
534 4913 819 4967 sacerdotes
848 4904 956 4967 Deo
985 4921 1031 4966 et
1066 4904 1217 4966 Patri
1256 4926 1366 4982 suo
1390 4904 1546 4982 fecit}
1575 4920 1629 4966 et
1679 4904 1876 4982 iterum
1905 4926 1921 4964 :

331 4980 540 5038 Gentem
581 4994 808 5039 sanctam
831 5026 847 5051 ,
897 4982 1083 5056 regule
1116 4980 1477 5056 sacerdotium.
1503 4983 1709 5056 _quue
1760 4980 1924 5056 etiam

328 5063 538 5123 spectat
561 5056 704 5127 quod
731 5052 1152 5127 opusculihujus
1177 5052 1661 5127 initio__Septimius
1695 5054 1920 5127 notarit,

325 5121 596 5206 egressos:
619 5121 954 5206 dehlavacro
1005 5121 1130 5206 ungi
1168 5121 1463 5206 benedicta
1514 5123 1800 5205 unctione,
1845 5121 1923 5206 _de

333 5193 509 5267 prisca
532 5198 832 5267 disciplina,
862 5211 964 5267 qua
983 5193 1104 5267 ungi
1132 5193 1255 5249 oleo
1294 5193 1362 5249 de
1390 5207 1557 5267 cornu
1587 5193 1641 5249 in
1671 5193 1922 5267 sacerdo-

329 5263 460 5336 tium
507 5263 771 5323 solebant.
807 5263 948 5322 Idem
996 5263 1353 5336 Hieronymus
1377 5263 1651 5336 adversus
1696 5263 1917 5319 eosdem

327 5334 636 5409 haereticos,
681 5338 923 5409 Septimii
955 5350 1167 5409 quoque
1200 5334 1578 5409 ‘nostriyerba
1624 5343 1917 5402 mutuatus,

326 5405 397 5461 de
446 5409 683 5479 episcopi
734 5405 936 5464 honore
972 5405 1039 5465 ac
1070 5405 1333 5479 potestate
1376 5405 1611 5479 disserit,
1653 5421 1817 5479 quem
1866 5412 1921 5461 et

327 5476 601 5550 nuncupat
627 5476 897 5538 summum
927 5476 1281 5550 sacerdotem;
1322 5476 1917 5550 _quod_ante_lliergiy-

327 5560 476 5603 mum
504 5546 703 5606 fecerat
737 5559 923 5605 auctor
947 5548 1298 5621 quaestionum
1322 5546 1528 5621 Veteris
1550 5556 1604 5621 et
1625 5546 1756 5621 Novi
1783 5546 1918 5621 Te_s-_

330 5622 575 5692 tanienti,
616 5630 807 5692 qutcst.
838 5617 979 5692 tot}
1020 5618 1401 5692 Presbyterum,
1458 5618 1667 5692 inquit,_
1703 5617 1922 5692 intelligi

328 5686 650 5764 cpiscopum'
678 5692 857 5764 probat
908 5691 1108 5747 Paulus
1149 5686 1410 5764 apostolus
1428 5730 1446 5760 ,
1474 5686 1700 5764 quando
1748 5686 1924 5764 Timo-

331 5757 524 5836 tlteum',
551 5757 699 5836 quem
743 5762 997 5825 ordinavit
1047 5757 1438 5836 presbyterum,
1466 5757 1670 5821 instruit
1717 5757 1923 5834 qualem

1945 4521 1998 4580 D

2052 3147 2145 3201 os?
2171 3147 2238 3202 Et
2265 3162 2398 3204 sane
2427 3147 2687 3218 Sequitur,
2715 3147 2840 3207 eum
2887 3166 3011 3207 esse
3035 3165 3302 3207 summum
3353 3150 3611 3208 sacerdo-

2021 3220 2268 3291 temtqui
2297 3220 2366 3273 sit
2389 3221 2705 3291 praepositus
2731 3238 2838 3277 non
2884 3230 3090 3277 tantum
3141 3223 3342 3291 populo
3367 3223 3620 3279 sacerdo-

2025 3287 2268 3363 tum,Ahoc
2277 3287 2556 3356 est,laicis,
2573 3289 2827 3363 Baptismi
2839 3287 3265 3363 sacerdotio'sive
3284 3304 3621 3350 sacramento

2023 3359 2283 3430 praeditis,
2309 3376 2495 3418 verum
2523 3359 2684 3435 etiam
2732 3364 3061 3435 presbyteris
3086 3371 3143 3418 et
3168 3362 3427 3435 diaconis.
3476 3364 3620 3429 Quin

2024 3439 2081 3486 et
2104 3444 2345 3505 summus
2367 3431 2622 3505 sacerdos
2670 3431 2952 3505 propterea
2982 3434 3210 3505 dicatur,
3238 3433 3383 3504 quod
3428 3444 3627 3505 praeter

2026 3502 2383 3574 sacerdotium
2430 3502 2707 3574 Baptismi,
2763 3502 2956 3561 habeat
2999 3502 3358 3559 sacerdotium
3400 3502 3624 3570 ordinis,

2025 3571 2139 3627 sive
2161 3573 2402 3639 honoris,
2434 3571 2527 3644 qui
2555 3574 2668 3631 sive
2696 3576 2830 3631 ordo
2855 3576 2971 3632 sive
3001 3575 3173 3630 honos
3196 3584 3279 3631 est
3306 3576 3358 3629 in
3386 3574 3629 3632 Ecclesia

2028 3648 2314 3716 maximus.
2345 3645 2692 3715 Augustinus,
2743 3648 2834 3702 lib.
2864 3645 2965 3701 XX
2988 3646 3056 3702 de
3072 3645 3194 3701 Civ.
3229 3645 3346 3711 Dei,
3378 3661 3501 3716 cap.
3532 3648 3625 3709 l0.

2029 3714 2310 3797 episcopos
2359 3726 2415 3771 et
2438 3714 2933 3797 presbyteros-ait
2970 3716 3338 3797 propricjam
3362 3714 3548 3797 vocari.
3574 3718 3631 3797 i_n

2028 3785 2264 3842 Ecclesia
2284 3785 2590 3843 sacerdotes
2610 3785 2642 3842 τ’
2658 3787 2766 3843 Sed
2792 3788 2921 3844 sicut
2947 3785 3118 3844 omnes
3149 3787 3464 3842 Christianos
3493 3786 3633 3842 dici-

2026 3873 2141 3911 mus
2158 3867 2365 3928 propter
2403 3859 2671 3929 mysticum
2712 3860 2969 3915 chrisma:
3008 3862 3081 3914 sic
3099 3875 3270 3913 omnes
3312 3858 3624 3928 sacerdotes,

2023 3929 2263 3997 quoniam
2290 3931 2511 3984 membra
2533 3941 2652 3985 sunt
2674 3934 2828 3986 unius
2867 3932 3167 3986 sacerdotis.
3219 3930 3457 3997 Denique
3500 3945 3625 3986 cum

2023 4000 2200 4070 omnis
2219 3998 2573 4065 Christianus,
2604 4003 2764 4058 etiam
2789 4002 2979 4063 laicus,
3008 4000 3205 4070 passim
3230 4000 3370 4068 apud
3411 4000 3631 4054 Tertul-

2026 4069 2226 4126 lianum
2279 4082 2335 4127 et
2358 4073 2495 4127 alios
2537 4074 2747 4129 dicatur
2790 4088 2883 4126 ara
2915 4069 3089 4125 Dei’et
3119 4070 3375 4137 templum
3422 4070 3540 4135 Dei,
3568 4079 3626 4125 et

2026 4140 2324 4207 immolare,
2367 4153 2423 4199 et
2447 4146 2748 4198 sacrilicare
2776 4144 2884 4196 Deo
2915 4140 3119 4203 laudes,
3152 4139 3617 4210 gratiaspjejunia,

2024 4212 2427 4283 eleemosynas;
2496 4228 2618 4268 cum
2668 4213 2829 4267 etiam
2877 4210 3139 4283 episcopo
3194 4220 3247 4283 et
3298 4214 3628 4283 presbytero

2024 4280 2413 4353 sacriﬁciorum
2439 4284 2710 4353 orationes
2737 4281 3056 4353 concipienti
3078 4280 3366 4353 remjaciat
3387 4280 3632 4353 adstipu-

2024 4351 2628 4423 lantis,_respondendo,
2654 4354 2846 4423 Amen,
2872 4351 3014 4423 quod
3044 4362 3147 4419 est,
3182 4351 3318 4417 Fiat,
3350 4368 3419 4409 eo
3455 4351 3619 4410 sensu

2022 4419 2315 4477 Christiani
2336 4423 2496 4477 etiam
2535 4423 2652 4477 laici
2675 4419 2925 4478 dicuntur
2953 4422 3283 4480 sacerdotes.
3310 4423 3432 4480 Βία.

2094 4513 2171 4585 (e)
2192 4511 2312 4568 Non
2339 4523 2507 4585 tamen
2528 4516 2637 4585 sine
2660 4515 2887 4585 episcopi
2906 4516 3227 4570 auctoritate.
3250 4514 3307 4585 Id
3333 4523 3439 4581 est,
3468 4514 3635 4571 docet

2026 4583 2300 4654 Clemens,
2330 4584 2515 4641 COIISl.
2548 4583 2842 4655 VIII,‘cap.‘
2888 4585 2992 4646 46;
3038 4596 3091 4639 et
3132 4586 3190 4640 S.
3252 4583 3512 4655 lg‘natius,
3561 4585 3631 4641 ad

2027 4656 2413 4729 Smyrnenses:
2437 4662 2535 4713 Οὔκ
2561 4660 2661 4724 ἰξόν
2684 4664 2781 4729 s‘sjrt
2807 4661 2951 4729 χωρὶς
2974 4661 3059 4714 r03
3086 4660 3343 4711 ἐπισκόπου
3364 4661 3477 4710 οὔτι
3494 4666 3633 4726 βαπ-

2025 4727 2197 4801 τίζειν,
2229 4733 2335 4785 οὔτε
2363 4737 2650 4801 προσφέρειν.
2682 4727 2802 4801 Non
2828 4727 2942 4801 [teet
2969 4730 3066 4783 nisi
3111 4729 3350 4798 episcopo
3378 4739 3468 4781 aut
3496 4732 3630 4797 bap-

2028 4800 2205 4868 tizare,
2235 4808 2323 4855 aut
2348 4799 2497 4856 sacra
2523 4803 2710 4871 facere.
2744 4799 2821 4855 Le
2848 4799 2947 4858 Pu.

2102 4910 2381 4994 (l).zE__que
2420 4909 2516 4994 Dei
2543 4927 2735 4994 _census
2784 4911 2848 4966 ab
2894 4908 3138 4994 omnibus
3171 4908 3393 4992 exerceri
3405 4918 3628 4994 _potest.

2028 4980 2337 5053 ConSimilis
2381 4992 2465 5040 est
2523 4983 2593 5039 de
2645 4982 3019 5053 episcoporum
3091 4990 3147 5037 et
3218 4980 3629 5053 praesidentium

2026 5052 2234 5111 honore
2258 5055 2429 5123 locus,
2462 5054 2598 5111 libro
2622 5052 2691 5110 de
2716 5055 2950 5110 Corona.
2972 5052 3099 5111 BlG.

2098 5146 2186 5274 (εἰ)
2207 5147 2335 5230 Cum
2356 5164 2417 5203 ea
2445 5147 2733 5230 majoribus
2767 5155 3037 5219 competat.
3084 5143 3289 5217 Nempe
3331 5135 3624 5218 episcopis,

2098 5233 2149 5274 es
2188 5228 2376 5274 vteris.
2403 5218 2663 5274 draconis.
2693 5217 2812 5274 Rm.

2024 5217 2376 5291 presbyteris,
2403 5217 2663 5276 diacbnis.
2693 5217 2812 5274 Rm.

2097 5331 2181 5403 (b)
2200 5331 2500 5403 Constantia
2527 5333 2884 5389 succurrentis.
2911 5330 3185 5388 Fiduciam
3209 5330 3475 5403 signiﬁcat
3498 5343 3627 5403 suco

2022 5404 2310 5470 currentis,
2338 5403 2428 5472 qui
2452 5402 2592 5473 juris
2616 5404 2698 5458 sui
2745 5404 3015 5470 conscius,
3054 5404 3171 5459 sine
3220 5402 3624 5473 addubitatione

2022 5484 2114 5528 aut
2144 5470 2480 5546 hasitatione
2498 5475 2764 5546 succurrit
2780 5473 3122 5546 periclitanti,
3165 5473 3268 5530 hoc
3296 5483 3381 5546 est
3426 5470 3623 5546 admit-

2024 5546 2173 5612 titur,
2225 5544 2521 5615 accipitur,
2551 5544 2815 5602 laudatur.
2863 5544 3231 5601 Constantiam
3279 5544 3413 5601 dicit
3454 5544 3627 5597 auda-

2022 5616 2180 5671 ciam.
2202 5613 2454 5683 DixisSet,
2484 5613 2787 5671 Constanter
2813 5632 3129 5680 succurrere,
3181 5615 3368 5673 eadem
3419 5614 3614 5681 forma,

2022 5702 2129 5758 qua
2152 5700 2278 5758 mox
2305 5684 2467 5754 dicet,
2500 5686 2797 5745 Constanter
2828 5689 3043 5758 discere,
3084 5697 3141 5748 et
3179 5688 3274 5747 lib.
3303 5687 3377 5748 de
3399 5685 3629 5749 Patich

2024 5756 2116 5831 tia,
2151 5756 2451 5818 Constanter
2480 5758 2738 5817 denotare.
2763 5758 2883 5818 llic.
