4230 6256
205 237 351 305 tm
1483 232 1690 294 LIBER
1740 230 1831 293 DE
1867 229 2226 298 MPTISMO.
3371 233 3522 296 ιω

209 356 278 426 ν,
306 355 398 423 22;
424 353 730 426 Ααηγιιῐ).
768 350 823 410 Si
847 349 1121 424 Philippus
1140 355 1249 406 tam
1275 345 1434 406 facile
1457 351 1614 420 tinxit
1635 365 1814 406 eunu-
1837 355 1892 416 Α
1916 351 2114 408 tionem
2146 349 2266 423 (6),
2293 349 2468 407 donec
2493 355 2588 408 aut
2613 349 2856 419 nubant,
2886 350 3346 410 aut'continentite
3381 369 3515 410 cor-

207 449 372 506 ‘chum
395 492 412 515 ,
441 449 795 519 recogitemus
838 444 1176 501 manifestam
1223 451 1279 499 et
1321 453 1595 499 exsertam
1623 442 1813 516 digna-
1916 443 2257 502 roborentur.
2299 442 2354 500 Si
2386 446 2478 514 qui
2506 443 2714 515 pondus
2753 443 3051 516 intelligant
3086 445 3368 516 Baptismi,
3398 461 3514 502 ma-

216 543 414 604 tionem
451 543 658 596 Domini
710 540 1104 596 intercessisse;
1133 537 1363 608 Spiritus
1393 536 1641 608 Philippo
1670 551 1812 608 pra:-

215 643 434 706 cepcrat
469 633 528 688 in.
553 648 670 688 cam
712 631 848 686 viam
880 629 1220 702 prmtendere
1246 629 1328 701 (l)
1356 646 1370 695 ;
1425 628 1594 700 spado
1621 635 1676 684 et
1703 629 1817 699 ipse

1916 539 1999 610 gis
2028 538 2295 594 timebunt
2337 538 2774 595 consecutionem
2801 554 2962 610 quam
2999 538 3347 598 dilationem:
3379 539 3524 598 ﬁdes.

1919 631 2126 704 integra
2157 645 2345 688 secura
2371 639 2456 688 cst
2481 630 2554 689 de
2573 631 2744 698 salute
2772 631 2867 702 (ε).

215 729 468 785 inventus
497 736 579 783 est
621 743 725 781 non
768 726 972 782 otiosus
993 767 1010 792 ,
1043 740 1142 781 nec
1168 725 1256 796 qui
1289 722 1474 780 subito
1497 723 1661 794 tingui
1689 737 1818 777 con-

216 825 519 892 cupisceret
546 838 560 874 :
591 819 688 874 sed
714 819 782 874 ad
814 817 1071 888 templum
1103 817 1294 873 orandi
1335 817 1506 889 gratia
1545 815 1824 887 profectus

216 911 509 983 Scriptura:
533 911 729 966 divina:
757 910 1070 977 impressus.
1100 907 1189 965 Sic
1222 909 1506 979 oportebat
1533 907 1815 978 deprendi,

218 1004 304 1060 cui
335 1004 475 1058 ultro
523 1003 663 1058 Deus
695 1000 1015 1070 Apostolum
1061 1001 1308 1067 miserat,
1331 999 1400 1054 ad
1431 1013 1590 1069 quem
1629 1012 1825 1053 rursus

219 1095 450 1167 Spiritus
471 1137 486 1162 ,
519 1103 575 1149 ut
600 1109 660 1151 se
684 1091 952 1148 curriculo
980 1091 1214 1147 eunuchi
1238 1091 1556 1163 adiungeret
1579 1131 1593 1156 ,
1619 1090 1824 1160 jussit,

219 1187 496 1259 Scriptura
519 1187 690 1259 ipsius
712 1186 834 1242 ﬁdei
865 1185 1100 1242 occurrit
1126 1185 1179 1240 in
1206 1194 1478 1254 tempore,
1508 1183 1822 1240 exhortatus

223 1280 536 1348 assumitur,
573 1280 831 1334 Dominus
866 1277 1190 1342 ostenditur,
1227 1275 1362 1332 fides
1404 1289 1512 1330 non
1539 1284 1781 1330 moratur
1806 1316 1824 1342 ,

223 1390 358 1447 aqua
405 1390 515 1428 non
572 1379 942 1442 exspectatur,
975 1370 1268 1442 Apostolus
1321 1370 1559 1442 perfecto
1612 1370 1828 1440 negotio

225 1468 470 1537 eripitur.
501 1465 610 1521 Sed
639 1473 694 1521 et
724 1465 924 1520 Paulus
960 1479 1149 1520 revera
1174 1465 1281 1520 cito
1313 1464 1508 1519 tinctus
1550 1470 1634 1520 est
1657 1464 1790 1534 (Act.
1809 1503 1830 1531 ,

226 1560 345 1631 IX).
389 1559 510 1614 Cito
573 1558 716 1614 enim
768 1564 1095 1628 cognoverat
1139 1556 1328 1612 Simon
1367 1555 1446 1627 (2)
1499 1555 1702 1627 hospes
1737 1570 1830 1611 vas

229 1668 354 1710 eum
397 1650 518 1708 esse
567 1651 846 1708 electionis
887 1651 1260 1707 constitutum.
1315 1650 1410 1706 Dei
1438 1649 1675 1722 dignatio
1705 1664 1832 1705 suas

2527 719 2754 778 CAPUT
2802 720 2944 777 XIX.

1993 813 2146 870 Diem
2217 813 2494 884 Baptismo
2558 813 2946 870 solemniorem
3001 812 3206 870 Pascha
3280 821 3528 885 praestat,

1921 904 1999 978 (d)
2033 921 2152 960 cum
2198 914 2254 962 et
2296 907 2476 976 passio
2531 906 2744 962 Domini
2798 906 2854 962 in
2903 921 3007 979 qua
3063 907 3172 978 (7)-
3210 907 3522 978 tinguimur,

1921 996 2214 1068 adimpleta
2292 1009 2410 1065 est,
2461 1013 2562 1056 nec
2628 997 3046 1071 incongruenter
3113 999 3196 1071 (8)
3261 999 3330 1055 ad
3387 999 3524 1071 figu-

1923 1106 2042 1146 ram
2095 1092 2573 1162 interpretabitur,
2625 1093 2768 1164 quod
2817 1107 2940 1148 cum
3014 1092 3264 1148 ultimum
3321 1092 3530 1149 Pascha

1929 1186 2184 1243 Dominus
2208 1197 2354 1244 esset
2385 1196 2626 1254 acturus,
2657 1188 2838 1244 missis
2883 1187 3162 1260 discipulis
3205 1187 3272 1243 ad
3321 1203 3532 1258 praepa-

1927 1279 2154 1336 randum
2188 1321 2210 1346 ,
2238 1278 2510 1337 Invenietis
2539 1283 2558 1352 (
2586 1280 2681 1351 9),
2724 1281 2918 1351 inquit,
2949 1281 3200 1335 hominem
3229 1298 3415 1352 aquam
3439 1281 3530 1335 ba-

1920 1373 2174 1443 juiantem
2203 1373 2416 1441 (Μαῖα,
2446 1372 2588 1439 XIV,
2619 1371 2707 1444 15)
2733 1373 2956 1430 Pascha:
2984 1375 3324 1430 celebranda:
3349 1375 3529 1432 locum

1931 1464 2000 1521 de
2033 1466 2186 1537 signo
2214 1482 2364 1537 aqua:
2389 1467 2642 1523 ostendit.
2676 1467 2883 1524 Exinde
2913 1467 3232 1523 Pentecoste
3269 1468 3497 1524 ordinan
3516 1497 3530 1509 -

1932 1555 2016 1612 dis
2046 1547 2273 1614 lavaciis
2299 1559 2622 1614 latissimum
2673 1560 2904 1630 spatium
2935 1569 3018 1616 est
3041 1566 3060 1632 (
3083 1562 3197 1615 Aet.
3217 1601 3239 1628 ,.
3265 1560 3310 1615 ll
3331 1560 3352 1634 )
3377 1605 3392 1630 ,
3427 1575 3534 1632 quo

1933 1658 1990 1706 et
2014 1649 2226 1704 Domini
2250 1653 2576 1707 resurrectio
2602 1653 2739 1707 inter
2760 1651 3056 1722 discipulos
3081 1651 3416 1723 frequentata
3427 1662 3532 1722 est,

231 1746 509 1818 prmmittit
547 1745 972 1816 prmrogativas;
1002 1746 1178 1800 omnis
1209 1744 1396 1814 petitio
1422 1754 1477 1800 et
1504 1744 1756 1815 decipere
1781 1753 1840 1800 et
1863 1723 1916 1785 Β
1941 1751 1998 1799 et
2023 1745 2193 1815 gratia
2219 1745 2453 1817 Spiritus
2499 1746 2673 1802 saneti
2699 1745 2968 1812 dedicata,
2999 1755 3056 1802 et
3105 1760 3232 1816 spes
3273 1745 3544 1804 adventus

232 1838 407 1908 decipi
459 1845 652 1908 potest.
707 1837 887 1908 Itaque
931 1852 1048 1907 pro.
1067 1835 1326 1908 cujusque
1365 1851 1610 1905 personae
1644 1835 1834 1891 condi-

237 1933 382 1985 tione
410 1945 473 1984 ac
499 1929 872 1999 dispositione,
906 1930 1068 1984 etiam
1095 1937 1253 1984 aetate
1282 1929 1552 1984 cunctatio
1580 1927 1836 1999 Baptismi

235 2024 416 2077 utilior
457 2033 578 2077 est:
624 2023 892 2092 prtecipue
944 2030 1126 2076 tamen
1168 2023 1318 2077 circa
1363 2022 1642 2092 parvulos.
1699 2020 1836 2090 Quid

235 2115 382 2171 enim
429 2129 648 2169 necesse
675 2123 758 2168 est
789 2113 871 2186 (5)
900 2157 914 2182 ,
945 2129 1236 2183 sponsores
1281 2115 1442 2170 etiam
1492 2114 1729 2182 periculo
1758 2113 1840 2168 i'n-

237 2208 352 2280 geri
382 2209 459 2278 (a)
490 2209 513 2262 ?
547 2210 668 2279 quia
721 2217 775 2263 et
818 2209 919 2279 ipsi
976 2208 1054 2279 (4)
1108 2224 1204 2280 per
1250 2207 1632 2263 mortalitatem
1676 2207 1838 2264 desti-

239 2311 392 2356 tuere
434 2301 822 2370 promissioncs
850 2315 977 2356 suas
1009 2309 1269 2371 possunt,
1298 2310 1354 2358 et
1383 2311 1646 2371 proventu
1684 2301 1840 2360 maia:

240 2392 440 2448 indolis
463 2391 594 2447 falli.
629 2393 718 2446 Ait
743 2393 962 2463 quidem
989 2393 1246 2449 Dominus
1273 2411 1286 2446 :
1322 2392 1502 2448 Nolite
1525 2395 1644 2448 illos
1664 2395 1840 2464 prohi-

243 2483 356 2539 bere
394 2484 462 2538 ad
491 2500 571 2538 me
597 2485 766 2539 venire
789 2483 1002 2555 (Matth.
1044 2526 1058 2551 ,
1095 2482 1248 2550 XIX,
1283 2484 1396 2556 M).
1431 2484 1664 2540 Veniant
1710 2501 1850 2556 ergo-

241 2575 369 2629 dum
399 2575 752 2642 adolescunt,
785 2575 1002 2630 veniant
1028 2576 1155 2629 dum
1180 2568 1431 2644 discunt,
1457 2575 1584 2630 dum
1614 2592 1721 2647 quo
1744 2592 1842 2633 ve-

245 2667 434 2734 niant,
482 2665 790 2732 docentur;
837 2665 966 2720 fiant
1011 2665 1342 2732 Christiani,
1373 2682 1500 2724 cum
1570 2667 1844 2725 Christum

246 2775 405 2816 nosse
429 2760 723 2830 potuerint.
757 2758 896 2826 Quid
942 2759 1158 2814 festinat
1202 2761 1462 2817 innocens
1508 2771 1639 2816 tetas
1669 2762 1745 2836 (b)
1776 2762 1843 2819 ad

247 2853 626 2908 remissionem
668 2861 1012 2921 peccatorum
1031 2850 1062 2904 ἓ
1081 2849 1300 2906 Cautius
1329 2861 1522 2922 agetur
1539 2854 1596 2907 in
1622 2856 1846 2911 saecula-

250 2944 399 2999 ribus
419 2986 435 3010 ,
467 2951 525 2997 ut
551 2945 637 2998 cui
666 2942 964 2998 substantia
1004 2952 1222 2998 terreare
1244 2958 1352 2998 non
1377 2944 1635 3011 credi-tim
1665 2946 1852 3003 divina-

1941 1836 2154 1892 Domini
2209 1837 2550 1906 subostensa,
2582 1839 2725 1908 quod
2776 1849 2901 1894 tunc
2930 1839 2982 1892 in
3013 1840 3179 1894 cmlos
3218 1849 3537 1910 recuperato

1941 1944 2027 1994 eo,
2056 1929 2246 2000 Angeli
2272 1931 2338 1985 ad
2368 1932 2642 2001 apostolos
2661 1931 2934 1998 dixerunt,
2948 1933 3025 1987 sic
3049 1939 3334 1986 venturum
3349 1947 3538 2001 quem-

1941 2021 2232 2077 admodum
2287 2033 2340 2077 et
2395 2023 2447 2077 in
2480 2024 2647 2078 cmlos
2693 2022 3010 2078 conscendit
3065 2021 3226 2095 (Act,
3260 2020 3310 2093 I)-
3357 2024 3540 2094 utique

1942 2114 1998 2170 in
2026 2113 2358 2170 Pentecoste.
2394 2113 2502 2170 Sed
2524 2115 2665 2170 cnim
2692 2114 2954 2170 Jeremias
2981 2129 3102 2170 cum
3131 2115 3295 2170 dicit:
3330 2113 3396 2169 Et
3422 2131 3543 2169 con-

1943 2207 2158 2278 gregabo
2188 2206 2303 2260 illos
2327 2206 2390 2259 ab
2435 2207 2669 2261 extremis
2697 2216 2843 2261 teme
2880 2208 2934 2260 in
2958 2207 3039 2260 die
3060 2211 3187 2278 festo
3208 2207 3370 2277 (Jer.,
3391 2205 3538 2273 XXI,

1945 2297 2024 2369 8),
2060 2297 2278 2355 Paschm
2306 2298 2448 2354 diem
2468 2299 2732 2370 signiﬁcat
2754 2308 2808 2355 et
2827 2298 3189 2364 Pcntecostcs,
3209 2301 3297 2371 qui
3321 2309 3403 2355 est
3422 2315 3544 2372 pro-

1943 2392 2062 2461 μνία
2090 2392 2208 2446 (ﬁes
2247 2391 2431 2446 festus.
2468 2391 2735 2446 Caeterum
2789 2393 2972 2448 omnis
3008 2391 3132 2447 dies
3170 2393 3382 2448 Domi-ni
3437 2401 3544 2458 est,

1946 2483 2122 2538 omnis
2154 2481 2306 2550 hora,
2340 2497 2500 2539 omne
2553 2493 2760 2553 tempus
2800 2483 2982 2539 habile
3027 2483 3304 2554 Baptismo
3345 2502 3364 2540 :
3391 2485 3437 2540 si
3479 2484 3554 2540 de

1947 2575 2291 2632 solemnitate
2321 2575 2563 2640 interest,
2592 2574 2660 2630 de
2680 2577 2847 2645 gratia
2879 2575 3011 2630 nihil
3039 2576 3222 2633 refert.

2551 2665 2782 2724 CAPUT
2820 2666 2946 2726 XX.

2024 2760 2364 2833 Ingressuros
2393 2761 2724 2830 Baptismum
2755 2803 2770 2827 ,
2813 2760 3149 2816 orationibus
3195 2762 3396 2818 crebris
3422 2806 3436 2832 ,
3472 2763 3554 2834 je-

1946 2853 2114 2924 iuniis
2143 2863 2198 2910 et
2220 2853 2728 2924 genicnmionibns,
2790 2861 2846 2908 et
2875 2853 3166 2924 pervigiliis
3201 2867 3360 2910 orare
3388 2869 3551 2925 opor-

1952 2955 2130 3010 temot
2171 2960 2298 3000 ent
2338 2945 2679 3004 eti-[ossium
2727 2947 2965 3002 mnium
3017 2959 3162 3002 retro
3211 2947 3551 3016 delictorum,

253 3037 641 3108 credatur(5);
671 3037 851 3091 norint
903 3045 1087 3105 petere
1133 3037 1391 3100 salutem,
1425 3045 1483 3090 ut
1529 3041 1728 3108 petenti
1757 3041 1923 3119 de-C
1958 3037 2030 3111 (e)
2091 3046 2147 3092 ut
2195 3047 2466 3107 exponant
2536 3039 2695 3093 etiam
2763 3039 3091 3108 Baptismum
3163 3039 3384 3095 Joannis
3444 3039 3554 3112 (ι’),

251 3130 396 3188 disse
421 3131 672 3186 videaris.
705 3130 819 3185 Non
849 3131 1057 3184 minore
1086 3129 1156 3186 de
1177 3131 1375 3188 caussa
1401 3132 1616 3202 innupti
1634 3149 1858 3206 quoque
1959 3129 2341 3204 Tingubantar
2360 3171 2384 3198 ,
2415 3131 2614 3201 inquit,
2650 3133 2943 3200 conﬁtentes
2958 3133 3143 3187 delicta
3182 3151 3275 3187 sua
3319 3134 3556 3205 (Matllt.,

254 3221 679 3294 procrastinandi
701 3263 715 3289 ,
747 3222 799 3276 in
828 3221 1020 3291 quibus
1048 3223 1278 3277 tentatio
1302 3233 1602 3293 praeparata
1625 3235 1708 3280 est
1739 3235 1856 3282 tam-

252 3317 548 3388 virginibus
580 3330 673 3386 per
699 3315 1062 3370 maturitatem
1090 3355 1105 3382 ,
1139 3328 1300 3386 quam
1343 3314 1519 3371 viduis
1562 3332 1656 3386 per
1681 3332 1848 3390 vaga-

1953 3222 2042 3289 ιη,
2076 3221 2152 3295 (ἢ.
2206 3221 2384 3278 Nobis
2423 3223 2798 3293 granﬂandum
2847 3231 2930 3279 est
2961 3222 3062 3295 (g),
3115 3223 3160 3278 si
3204 3240 3309 3278 non
3349 3224 3561 3294 publice

1951 3317 2272 3377 cmﬁtemur
2299 3316 2606 3388 iniquitates
2633 3326 2724 3372 aut
2754 3316 3112 3388 turpitudines
3137 3327 3366 3375 nostras.
3391 3317 3561 3375 Simul

1458 3429 1838 3493 LECTIONES
1877 3432 2292 3524 VABIAN'I'ES.

351 3548 397 3616 ι)
429 3548 740 3616 Pet-tendere
763 3560 807 3596 υ.
830 3559 875 3616 c_.
908 3556 1094 3616 Wouw.

351 3552 397 3616 ι)
429 3552 740 3598 Pertendere
763 3560 807 3596 υ.
830 3559 875 3596 c.
908 3556 1094 3623 Wouw.
1175 3607 1186 3617 .

322 3552 400 3739 ia,
425 3611 596 3734 ait:
607 3609 1237 3724 aestimans:

296 3670 400 3787 ἐξ)
425 3676 478 3786 Si
496 3681 716 3784 ῃιῗὲὣω
738 3670 948 3724 necesse
970 3670 1092 3724 add.
1117 3673 1331 3736 Franeq.
1352 3672 1400 3723 si
1414 3685 1514 3724 non
1531 3680 1628 3726 tam
1652 3687 1866 3728 necesse

262 3751 342 3788 05L
363 3751 405 3787 υ.
434 3751 478 3786 ε.
513 3751 692 3784 W'ouw.

323 3799 400 3865 (4)
422 3798 513 3859 Qui
538 3803 591 3849 et
611 3798 703 3862 ipsi
725 3797 880 3848 Fran.
909 3794 1102 3849 Corbin.
1126 3797 1269 3861 LeOp.

2051 3548 2111 3602 5)
2140 3546 2414 3599 Credatur?
2429 3544 2601 3597 Norint
2627 3547 2782 3600 Latin.

2051 3610 2104 3661 6)
2125 3610 2443 3659 Vacationem
2473 3619 2654 3660 tt'ouw.

2053 3671 2106 3732 7)
2131 3673 2287 3732 Quam
2307 3671 2418 3724 cod.
2450 3681 2632 3722 Wouw.

2054 3733 2106 3792 8)
2131 3735 2252 3792 Uuis
2273 3733 2392 3783 add.
2423 3735 2532 3784 cod.
2564 3744 2748 3784 trouw.

2055 3793 2110 3848 9)
2133 3796 2453 3848 Convenietis
2467 3793 2636 3848 Paris.

2028 3549 2054 3863 ἶ

1624 3901 2182 3962 COMMENTARIUS.

335 4029 494 4084 CAP.
517 4023 705 4082 XVIII.
733 4053 806 4065 -
829 4023 907 4094 (a)
941 4023 1233 4094 Sponsores
1263 4022 1412 4074 etiam
1439 4020 1663 4090 periculo
1683 4022 1866 4094 ingeri.

264 4097 562 4158 Puerorum
578 4090 937 4168 susceptores,
957 4090 1268 4168 quiGrtccis
1287 4095 1532 4168 ᾁνεξδοκοι,
1553 4094 1700 4168 quasi
1733 4090 1870 4148 Iide-

264 4173 507 4242 jussorcs
534 4178 677 4234 sunt,
703 4164 889 4242 eorum
920 4164 1158 4242 ofﬁcium
1185 4173 1276 4242 est
1299 4165 1552 4242 infantem
1580 4164 1867 4242 instruere,

265 4233 322 4300 et
336 4243 401 4298 ad
423 4244 560 4299 bene
575 4233 858 4295 vivendum
876 4238 941 4291 ad
949 4235 1170 4300 hortari,
1188 4243 1243 4289 et
1264 4233 1386 4290 hinc
1399 4249 1624 4291 sensim
1635 4237 1872 4291 auctoris

269 4314 487 4386 edicere
507 4321 675 4386 potes.
706 4310 782 4386 Le
814 4309 910 4363 Pn.
1277 4375 1330 4386 Μ

344 4386 422 4458 (b)
453 4373 588 4458 Quid
605 4383 809 4452 festinat
831 4385 1070 4458 innocens
1108 4386 1251 4432 aetas.
1276 4375 1614 4458 ‘Sictpoutabat
1661 4373 1868 4458 :l'ertul-

271 4444 492 4522 Iiaiuis,w
498 4455 564 4510 ad
605 4444 802 4508 nomen
832 4450 1180 4522 christianum
1233 4444 1439 4522 admitti
1493 4460 1598 4522 non
1629 4444 1862 4522 debere,
1891 4452 1945 4512 1)

271 4530 363 4598 qui
391 4515 876 4598 nondumhaberet
919 4521 1091 4598 ullum
1146 4519 1476 4598 intellectum
1522 4515 1652 4570 fidei
1686 4515 1862 4598 chris-

272 4587 454 4662 tiame,
488 4613 590 4652 nec
633 4595 874 4664 indigere
899 4591 1222 4664 delictorum
1241 4587 1580 4664 remissione,
1613 4587 1702 4656 qui
1729 4600 1863 4640 non-

273 4669 400 4725 dum
432 4658 574 4724 esset
600 4658 886 4722 ullittsdoli
916 4663 1028 4717 sive
1049 4661 1226 4716 delicti
1251 4675 1439 4730 capax.
1471 4658 1652 4712 Visum
1686 4665 1864 4730 tamen

275 4740 531 4797 Ecclesiae
558 4737 854 4799 catholicae,
885 4733 1178 4789 secundum
1199 4729 1447 4803 Cypriani
1470 4729 1815 4803 sententiam,
1837 4743 1868 4781 a

274 4809 550 4883 Baptistno
575 4820 629 4864 et
655 4807 824 4883 gratia
842 4797 1120 4861 neminem
1141 4877 1152 4883 _
1170 4797 1477 4883 prohibere,
1516 4815 1579 4855 ac
1604 4814 1673 4854 ne
1699 4797 1872 4882 inlati-.-

278 4893 364 4940 tes
385 4884 624 4954 quidem,
652 4884 770 4954 ‘qui
813 4891 1002 4954 recens
1047 4884 1156 4930 nuli
1191 4884 1336 4954 nihil
1392 4885 1721 4954 peccavere,
1765 4887 1774 4951 i

277 4947 421 5024 quod
467 4947 761 5010 secundum
809 4949 980 5024 Adam
1024 4947 1310 5024 carnaliter
1365 4947 1518 5010 nati,
1567 4947 1872 5024 contagium

277 5016 468 5081 mortis
491 5026 724 5093 antiqua:
775 5021 945 5091 prima
977 5016 1253 5093 nativitate
1273 5025 1668 5093 _contraxere:_
1698 5016 1874 5093 itaque

278 5097 347 5152 ad
398 5084 675 5153 remissam
725 5084 1064 5165 peccatorum
1118 5086 1484 5165 accipiendam
1527 5084 1628 5139 hoc
1655 5084 1772 5154 ipso
1801 5084 1876 5165 {a-

278 5169 437 5224 cilius
463 5160 746 5231 accedere;
787 5162 931 5235 quod
959 5160 1063 5216 illis
1103 5160 1448 5215 remittuntur
1481 5170 1588 5212 non
1633 5160 1874 5226 propria,

278 5239 572 5295 sedaliena
592 5233 826 5304 peccata}
862 5233 982 5289 th.
1240 5300 1250 5307 _
1372 5299 1383 5307 _
1519 5296 1578 5307 Μ
1620 5297 1632 5307 ,

357 5312 434 5384 (c)
486 5296 644 5384 Fides
670 5309 866 5384 integra
895 5319 1073 5384 securo
1117 5309 1189 5357 est
1216 5300 1279 5354 de
1305 5299 1484 5384 solute.
1519 5296 1660 5384 Dixit
1687 5310 1865 5384 supra

277 5367 444 5438 de‘ii's
471 5381 666 5451 quibus
687 5367 859 5451 alie'na
885 5374 1042 5451 culpa
1061 5373 1328 5451 lavacrum
1355 5371 1614 5451 negavit;_
1631 5382 1772 5451 nunc
1796 5367 1864 5451 de

279 5455 350 5536 ξίε
367 5438 562 5537 atii"?
585 5451 714 5537 d'i'“
742 5448 959 5537 verum
976 5438 1360 5537 δά.εῑιξςξξεειξειν
1379 5438 1866 5537 sissesisse:

279 5524 338 5580 in
362 5510 600 5594 Christo,
628 5520 758 5594 dum
782 5519 1064 5594 addiscunt
1085 5514 1360 5594 coelestia,
1379 5513 1459 5567 vis
1494 5510 1669 5594 aliqua
1697 5510 1866 5579 major

280 5605 336 5652 et
357 5598 520 5649 vitam
537 5584 826 5648 abstulitet
845 5591 1134 5662 lavacrum.
1159 5589 1333 5662 Atque
1350 5584 1447 5637 hos
1463 5584 1621 5636 etiam
1648 5595 1865 5662 securgs

282 5649 403 5736 esse
428 5663 888 5736 jubctSeptimius
905 5657 1134 5736 :_Fidem
1162 5649 1420 5726 integram
1440 5665 1730 5736 esse,_qu:n
1741 5649 1865 5736 Italis

285 5720 404 5794 fieri
428 5720 644 5806 integit,
667 5720 732 5796 ac
758 5731 984 5806 proinde
1009 5742 1252 5788 securam
1275 5720 1406 5788 isse.
1423 5725 1496 5782 de
1529 5720 1720 5779 salute.
1741 5720 1862 5778 me.

679 4873 770 4949 qui
813 4891 1002 4933 recens
1047 4877 1156 4930 nati
1191 4873 1336 4949 nihil
1392 4885 1721 4949 peccavere,
1765 4873 1879 4949 nisi.

2045 4019 2198 4076 CAP.
2218 4017 2516 4091 XIX.+-(d)
2539 4018 2687 4073 Diem
2712 4017 2976 4089 Baptismo
2995 4019 3370 4091 solemniorem.
3388 4016 3575 4076 Nullus

1973 4102 2104 4161 puto
2133 4091 2341 4161 ignorat
2364 4089 2474 4145 duo
2495 4091 2624 4144 olim
2649 4093 2918 4161 prmcipue
2956 4099 3212 4161 tempora
3244 4089 3572 4159 baptizandis

1973 4131 2202 4217 Christia
2212 4161 2426 4217 nisdata
2450 4162 2635 4222 fuisse,
2649 4131 2875 4214 tsacrurm-
2892 4131 3100 4213 Pascha,
3113 4165 3170 4213 et
3191 4131 3572 4217 Pentheostenqz

1971 4244 2134 4314 atque
2149 4235 2204 4287 in
2228 4234 2403 4314 priore
2422 4232 2764 4356 mitissimum-
2787 4244 2883 4296 per
2903 4229 3026 4284 dies
3038 4240 3162 4286 octo
3178 4231 3575 4289 solemnitatem

1974 4302 2284 4374 baptizandi
2307 4303 2422 4357 cele
2489 4311 2629 4355 stam
2659 4301 2846 4354 fuisse.
2874 4299 2952 4355 Ls
2983 4299 3077 4354 Pn.

2043 4395 2195 4451 CAP.
2228 4394 2428 4450 XX.-—
2447 4393 2526 4465 (e)
2559 4393 2689 4449 Cum
2717 4395 3035 4465 confessione
3060 4396 3285 4450 omnium
3317 4406 3453 4450 retro
3483 4397 3573 4451 de-

1973 4468 2222 4522 lictorum.
2247 4464 2585 4520 Conﬂtentur
2609 4465 2787 4518 omnia
2809 4475 2955 4519 retro
2986 4464 3201 4533 delicta,
3229 4467 3320 4535 qui
3351 4469 3493 4521 serio
3512 4483 3577 4522 ac

1965 4538 2153 4594 sedqu
2169 4537 2511 4606 resipiscam,
2535 4546 2587 4591 et
2617 4537 2738 4590 vitae
2760 4537 2904 4604 apud
2927 4536 3170 4591 ethnicos
3189 4547 3450 4592 anteacue
3471 4538 3574 4592 cri-

1968 4611 2112 4665 mina
2133 4610 2448 4664 veierrores
2472 4607 2728 4662 damnant
2746 4623 2809 4662 ac
2833 4607 3186 4673 detestantur,
3216 4607 3381 4663 corde
3400 4608 3468 4663 ad
3495 4623 3581 4663 ve-

1969 4696 2089 4736 rum
2111 4679 2278 4735 Deum
2301 4677 2960 4744 conversaz.ConIitentur,
2977 4678 3216 4748 inquam,
3236 4683 3416 4733 omnia
3434 4687 3582 4735 retro

1973 4752 2188 4817 delicta,
2209 4752 2297 4821 qui
2328 4749 2645 4822 delictorum
2667 4749 3035 4822 ptenitentiam
3055 4759 3237 4820 agunt,
3262 4758 3574 4822 mutatoque

1975 4823 2202 4878 consilio
2224 4823 2386 4876 vitam
2413 4821 2700 4877 instituunt
2722 4821 3088 4876 innocentem.
3132 4823 3256 4876 ιίια.

2052 4916 2116 4988 (Γ)
2153 4915 2219 4972 Ut
2246 4924 2502 4988 exponant
2535 4916 2686 4970 etiam
2715 4914 3048 4988 Baptismurn
3081 4913 3324 4988 Joannis.
3355 4914 3581 4985 Exposi-

1984 4985 2130 5044 tione
2152 4985 2388 5042 omnium
2413 4987 2733 5042 delictorum
2747 5001 2986 5042 suorum.
3005 4985 3218 5041 Etenim
3247 4986 3582 5054 ﬁpﬁsmum

1984 5060 2382 5116 adndnistrabit
2408 5058 2646 5114 Joannes
2674 5057 3056 5128 penitentibus
3091 5065 3152 5114 et
3197 5057 3580 5113 confitentibus

1981 5131 2175 5186 delicta
2206 5146 2322 5186 sua.
2354 5131 2483 5184 Eam
2518 5145 2648 5185 vero
2674 5127 3076 5199 confessionem
3123 5129 3335 5199 publice
3382 5128 3584 5199 factam

1982 5199 2148 5258 fuisse
2169 5200 2406 5258 ostendit
2447 5200 2759 5271 Septimius,
2781 5214 2904 5255 cum
2934 5199 3011 5254 ait
3038 5197 3198 5271 aliam
3251 5214 3373 5256 esse
3397 5197 3584 5255 Chris-

1986 5274 2254 5328 tianorum
2281 5287 2398 5327 :evo
2423 5270 2530 5328 suo
2543 5271 3007 5328 consuetudinem.
3051 5270 3173 5328 Rus.

2145 5363 2306 5419 Nobis
2331 5364 2695 5445 gratulandum
2722 5373 2813 5431 est,
2837 5365 2881 5418 si
2909 5379 3010 5416 non
3031 5363 3229 5445 publica
3253 5362 3562 5445 conﬁtentur

1965 5433 2265 5518 minuimus.
2291 5433 2381 5490 ait
2411 5435 2748 5518 turpitudines
2783 5445 3001 5518 nassum
3033 5434 3314 5518 Quomodo
3355 5435 3521 5518 igitur
3537 5433 3561 5488 Τ

1965 5505 2375 5590 Coiiilictatione
2405 5507 2598 5590 carnis
2644 5515 2699 5562 et
2742 5507 2958 5590 spiritus
3001 5508 3154 5590 :"hoe
3197 5517 3300 5571 est,
3349 5505 3556 5590 crebris

1965 5578 2315 5660 orationibus,
2337 5577 2560 5660 iejuniis
2578 5577 3128 5660 ctgeniculzttionibtts
3158 5588 3212 5660 et
3243 5577 3555 5660 pervigiliis.

1968 5649 2047 5705 Ex
2069 5647 2373 5720 huiusmodi
2401 5647 2605 5720 autem,
2625 5647 3025 5720 conﬂictatione
3053 5647 3348 5720 duplicem-
3375 5647 3580 5720 utilita-

1965 5728 2080 5777 tem
2105 5717 2308 5792 μὲεείβὶ
2331 5718 2516 5778 docet:
2549 5719 2722 5776 Sicut
2745 5720 2910 5788 enim,
2937 5717 3148 5790 inquit;
3170 5729 3220 5777 es
3266 5718 3330 5775 de
3360 5717 3594 5791 pristinis
