4230 6256
659 155 802 223 ηαδ

2069 157 2535 222 TERTULLIANI

3825 147 3975 233 tesi

656 286 797 342 enim
835 293 889 340 et
935 283 1003 340 de
1057 283 1290 355 pristinis
1325 281 1679 339 satisfacimus
1730 279 2130 339 conflictatione
2175 283 2254 358 (Ι)
2282 295 2334 356 Α
2362 287 2586 344 litudine
2617 287 2902 346 translatus
2933 303 3028 362 per
3076 291 3430 366 quadraginta
3457 307 3648 358 annos,
3679 293 3793 351 illic
3826 265 3956 354 cum

654 378 830 434 carnis
859 385 915 432 ct
939 378 1179 447 spiritus,
1209 385 1268 430 et
1303 375 1669 432 subsecuturis
1697 375 2080 432 tentationibus
2132 391 2250 431 mu-

653 469 889 525 nimenta
936 467 1324 537 pra-struimus.
1368 466 1585 539 Vigilate
1625 479 1672 523 et
1727 479 1890 532 orate,
1939 469 2134 540 inquit,
2187 487 2250 525 ne

654 563 896 618 incidatis
923 563 976 616 in
1006 563 1326 617 tentationem
1358 561 1591 634 (Matth.,
1621 561 1814 630 XXVI,
1845 561 1960 635 4|).
1997 563 2061 618 Et
2102 562 2244 630 ideo,

647 656 832 723 credo,
861 657 1051 713 tentati
1082 658 1482 728 sunt,quouiam
1505 657 1934 722 obdortnierunt,
1959 665 2016 710 ut
2042 671 2241 728 appre-

647 749 873 806 hensum
904 750 1187 805 Dominum
1209 750 1570 818 destituerint,
1599 759 1653 806 et
1692 751 1779 821 qui
1811 765 1933 805 cum
1957 767 2022 805 eo
2055 751 2249 820 persu-

646 841 792 907 terit,
823 851 879 898 et
900 841 1078 912 gladio
1103 843 1175 898 sit
1204 857 1354 910 usus,
1388 853 1470 899 ter
1497 844 1656 899 etiam
1689 843 1967 915 negaverit
1994 860 2006 896 :
2041 858 2164 898 nam
2195 854 2250 900 ct

644 934 1251 1005 prmcesseratdictum:
1291 934 1561 990 Neminem
1577 937 1873 990 intentatum
1913 952 2070 1008 regna
2096 939 2247 992 caele-

641 1028 742 1082 stia
792 1037 1178 1082 consecuturum
1236 1026 1436 1103 (Luc.,
1489 1027 1654 1094 XXII,
1734 1027 1824 1094 28,
1875 1027 2013 1098 29).
2072 1030 2248 1099 Ipsum

641 1119 927 1175 Dominum
951 1129 1070 1190 post
1097 1120 1366 1176 lavacrum
1389 1121 1565 1175 statim
1588 1121 1907 1177 tentationes
1933 1123 2250 1178 circumste-

641 1221 823 1268 terunt
859 1213 1209 1290 quadraginta
1253 1213 1443 1268 diebus
1484 1213 1701 1283 jejuniis
1745 1213 2170 1285 functunt.Ergo
2187 1223 2241 1270 et

639 1319 761 1372 nos,
790 1306 1152 1378 dicetaliquis,
1175 1322 1203 1361 a
1223 1307 1437 1362 lavacro
1463 1307 1894 1378 potiusjejunare
1915 1319 2148 1378 Oportet.
2173 1307 2241 1363 Et

637 1400 758 1471 quis
784 1403 927 1456 enim
951 1399 1207 1470 prohibet
1233 1443 1247 1467 ,
1283 1400 1383 1455 nisi
1412 1401 1707 1455 necessitas
1759 1399 1936 1471 gaudii
1962 1411 2014 1455 et
2055 1411 2238 1472 gratu-

635 1492 765 1548 latio
837 1491 1064 1548 salutis?
1143 1493 1250 1549 Sed
1311 1494 1589 1561 Dominus,
1666 1502 1926 1564 quantum
1990 1494 2240 1548 existimo

569 1651 580 1656 _
636 1583 739 1656 (Ξ).
762 1585 832 1642 de
858 1585 1023 1657 figura
1055 1583 1269 1642 Israelis
1316 1585 1785 1657 exprobrationem
1837 1585 1888 1639 in
1945 1586 2116 1655 ipsum
2151 1601 2237 1640 re-

2351 378 2546 436 divinis
2573 380 2832 449 aleretur,
2862 383 3213 440 nihilominus
3239 385 3444 441 ventris
3471 396 3521 442 et
3577 386 3718 458 gulae
3765 388 3963 444 memi-

2354 485 2525 541 nerat,
2560 491 2722 545 quam
2757 476 2871 531 Dei.
2908 476 3108 534 Deinde
3153 480 3233 550 (5)
3282 479 3540 536 Dominus
3591 490 3714 550 post
3764 494 3966 550 aquam

2350 577 2665 638 segregatus
2695 568 2746 623 in
2777 568 2996 625 deserto
3041 569 3115 644 (a)
3149 569 3232 643 (4)
3263 572 3612 644 quadraginta
3636 573 3845 628 dierum
3870 572 3964 642 je-

2344 653 2492 723 junia
2521 669 2810 723 emensus,
2843 656 3079 712 ostendit
3123 672 3227 712 non
3281 673 3414 736 pane
3454 661 3635 716 vivere
3682 661 3964 718 hominem

2352 743 2465 809 Dei,
2513 744 2607 800 sed
2653 745 2745 801 Dei
2795 747 2965 803 verbo
3005 751 3483 822 :tentationesque
3525 752 3848 822 plcnitudini
3900 769 3962 812 es

2352 836 2776 895 imtuuderantias
2831 841 3036 897 ventris
3093 844 3371 914 appositas
3415 845 3739 902 abstinentia
3802 849 3964 905 elidi.

2353 927 2516 999 Igitur
2539 929 2805 987 benedicti
2831 948 2967 1004 quos
2990 935 3161 1004 gratia
3192 935 3288 991 Dei
3316 946 3582 1007 expectat.
3610 954 3730 995 cum
3762 940 3834 996 de
3861 942 3969 998 illo

2354 1023 2695 1078 sanctissimo
2721 1024 2932 1080 lavacro
2959 1027 3086 1081 novi
3115 1027 3310 1083 natalis
3339 1028 3642 1097 ascenditis,
3661 1042 3716 1086 et
3743 1033 3963 1103 primas

2355 1129 2542 1169 manus
2593 1112 2668 1188 (ὁ)
2717 1117 2856 1186 apud
2903 1117 3125 1175 Matrem
3177 1119 3248 1190 (c)
3303 1135 3424 1176 cum
3476 1120 3719 1177 fratribus
3764 1125 3968 1195 aperi-

2346 1207 2434 1273 tis,
2487 1209 2651 1276 petite
2695 1207 2764 1264 de
2815 1207 3014 1277 Patre,
3068 1210 3232 1281 petite
3287 1209 3356 1267 de
3414 1214 3657 1280 Domino,
3705 1215 3960 1285 peculia,

2343 1299 2562 1367 gratias,
2609 1299 3020 1357 distributiones
3055 1303 3460 1373 charismatum,
3497 1305 3817 1375 subjiciente
3847 1307 3958 1380 (6),

2345 1387 2511 1445 Petitc
2534 1400 2582 1446 et
2604 1393 2858 1463 accipietis
2874 1392 3796 1468 (Matth.,VII.7),inquit.Qutcsistis
3811 1400 3965 1459 enim

2336 1479 2396 1542 'et
2420 1487 2736 1557 invenistis;
2763 1492 3034 1562 pulsastis,
3059 1503 3114 1548 et
3143 1505 3384 1564 apertum
3408 1507 3491 1550 est
3525 1495 3697 1550 vobis.
3722 1495 3961 1552 Tantum

2343 1595 2460 1650 oro,
2493 1592 2550 1637 ut
2590 1599 2715 1640 cum
2781 1587 2959 1656 petitis
3029 1587 3192 1643 etiam
3261 1585 3583 1643 Tertulliani
3652 1589 3961 1660 peccatoris

636 1675 814 1732 torsit.
845 1675 1084 1748 Namque
1111 1676 1336 1748 populus
1366 1692 1514 1732 mare
1550 1684 1934 1747 transgressus,
1978 1684 2029 1730 et
2061 1675 2113 1730 in
2143 1691 2231 1730 so-
2265 1667 2311 1726 Β
2342 1675 2714 1732 memineritis.

1840 1765 2217 1824 LECTIONES
2257 1767 2342 1822 VA
2353 1766 2664 1825 RIANTES.

730 1922 781 1991 ξ)
806 1922 1108 1991 Quantulum
1131 1922 1317 1991 assumo
1351 1922 1502 1972 Fran.

732 1861 777 1932 μέ)
801 1860 1096 1932 (laudatione
1121 1858 1297 1932 Rigalt.

703 1860 777 2048 il)
801 1860 1096 1912 Conflatione
1121 1860 1194 1926 Rig

730 1925 781 1991 2)
813 1922 1108 1982 Quantulum
1131 1935 1194 1973 aes

726 1988 779 2050 δ)
804 1985 1015 2036 Proinde
1040 1983 1194 2036 Latin.

2402 1859 2477 1918 (ι)
2503 1857 2719 1909 Deserto
2740 1873 2782 1910 υ.
2809 1872 2853 1910 c.
2887 1871 3076 1914 Wouw.

2405 1860 2455 1918 μ
2503 1860 2719 1909 Deserto
2740 1873 2782 1910 υ.
2809 1872 2853 1910 c.
2887 1871 3076 1914 Wouw.

2405 1860 2478 2049 (si;
2514 1923 2636 1996 licet:
2657 1935 2751 1974 uox
2770 1923 2985 1994 redund.
3011 1924 3114 1976 visa
3132 1923 3224 1990 fuit
3244 1935 3364 1977 Jun.

2405 1981 2450 2048 [b
2495 1984 2792 2048 Subjaceute
2815 1995 2975 2038 Paris.

2397 1981 2472 2048 (6)
2495 1984 2792 2048 Subjaceute
2815 1984 2975 2038 Paris.

1988 2064 2550 2147 COMMENTARIUS.

631 2163 994 2238 satisfacimus,
1032 2172 1079 2238 et
1120 2164 1458 2238 sttltsecutttris
1504 2159 1858 2238 tentationibus
1902 2161 2213 2238 tttunimcnta

631 2231 997 2308 prws'truimus.
1039 2235 1196 2308 Quod
1221 2237 1264 2289 si
1285 2233 1676 2308 conflictatione
1701 2233 1878 2287 carnis
1916 2237 1971 2286 et
1995 2231 2214 2308 spiritus

630 2300 699 2364 de
751 2308 984 2379 pristinis
1027 2300 1244 2379 delictis
1286 2303 1640 2359 satisfacimus
1665 2345 1680 2368 ,
1723 2318 1868 2379 sane
1922 2300 2212 2379 satisfactio

630 2372 767 2434 facta
793 2395 884 2447 per
911 2377 1360 2447 conﬂictationem
1377 2379 1631 2447 carnis‘et
1655 2375 1892 2447 spiritus,
1919 2372 2206 2447 confessio-

628 2466 750 2506 nem
772 2443 983 2519 quoque
1006 2451 1117 2519 ipsa
1138 2446 1538 2519 citttllictatioue
1553 2443 1744 2519 factam
1764 2445 2004 2519 includit.
2034 2448 2207 2519 Atque

627 2520 744 2577 haec
789 2515 856 2575 de
900 2515 1240 2574 confessione
1266 2531 1356 2571 seu
1403 2517 1715 2586 paenitentia
1762 2517 2114 2586 venientium_
2139 2515 2206 2570 ad

626 2594 785 2649 ltdetn
812 2591 1179 2647 Christianam.
1209 2587 1307 2643 llic
1326 2584 1470 2644 enim
1505 2587 1573 2642 de
1597 2588 1712 2642 aliis
1734 2602 1843 2642 non
1884 2589 2058 2657 agitur
2086 2584 2208 2641 th.

2319 2231 2420 2286 hoc
2439 2242 2541 2295 est.

2390 2160 2466 2232 (a)
2503 2161 2625 2244 Post
2652 2178 2837 2244 aquam
2854 2175 3164 2244 segregatus
3193 2166 3493 2244 indesgto.
3539 2168 3666 2224 Post
3711 2184 3937 2244 aquam,

2575 2243 2692 2302 post
2717 2233 3046 2301 Baptisnimit
3072 2236 3262 2291 Joanai
3280 2253 3324 2291 s.
3361 2237 3482 2294 th.

2389 2303 2468 2383 (lt)
2494 2304 2908 2383 Primas_manus
2935 2310 3164 2383 aper-itis.
3189 2309 3427 2363 Orabant
3455 2311 3700 2366 manibus
3723 2328 3927 2383 expart-

2315 2374 2410 2428 sis.
2434 2374 2618 2449 Itaque
2639 2376 2837 2444 primas
2857 2374 3047 2432 manus
3080 2380 3230 2443 dicit,
3257 2392 3366 2433 tum
3399 2385 3627 2449 primum
3656 2399 3688 2438 a
3708 2374 3814 2440 [ἱάέ
3851 2385 3924 2441 ad

2316 2447 2614 2518 orationem
2637 2460 2848 2518 apertas
2875 2454 2986 2502 sive
3015 2464 3299 2518 espmtsas.
3325 2447 3443 2506 me.

2386 2514 2462 2586 (ο)
2516 2514 2684 2587 Apud,
2717 2529 2950 2572 matrem.
3001 2514 3150 2586 Apud
3197 2521 3503 2576 Ecolcsiam.
3560 2523 3650 2578 Sic
3699 2525 3795 2579 lib.
3849 2526 3924 2584 de

2326 2586 2650 2678 Idololatrta,
2675 2589 2917 2644 Attollere
2941 2592 3009 2644 ad
3031 2591 3194 2646 Deum
3232 2592 3430 2646 Patrem
3454 2610 3651 2649 ntunus.
3698 2595 3827 2651 HIC.

1103 2873 1471 2962 QUINTI
1527 2873 2025 2950 SEPTIMII
2069 2869 2672 2945 FLORENTIS
2717 2871 3466 2948 TERTULLIANI

1391 3026 1664 3170 DE
1778 3020 3099 3172 POENITENTIA

2074 3239 2451 3324 LIBER.

1835 3387 2712 3424 ψ-

2048 3472 2456 3531 ΡιιοοΕΜιυΜ.

694 3593 770 3650 De
808 3595 1122 3652 Pcenitentia
1150 3592 1346 3650 librum
1385 3607 1452 3648 eo
1489 3601 1729 3664 tempore
1767 3591 2050 3663 scripsisse
2079 3589 2213 3647 'l‘er-
2237 3592 2283 3654 C
2319 3591 2558 3662 tapltoris
2602 3591 2760 3662 paqu
2785 3590 3164 3648 illustrioribus
3185 3591 3306 3647 sita.
3331 3590 3532 3658 Quodsi
3557 3605 3682 3648 vero
3706 3591 3926 3648 similes

622 3685 920 3750 tullianum,
947 3702 1053 3756 quo
1079 3684 1315 3740 nondum
1343 3684 1574 3738 Montani
1599 3685 1848 3754 dogmata
1874 3693 2206 3751 sectaretur,

619 3778 739 3833 libri
780 3778 942 3848 ipsius
972 3786 1343 3847 argumentum
1395 3776 1619 3842 edocet;
1666 3777 1718 3831 in
1765 3792 1832 3832 eo
1880 3778 2025 3833 enim
2077 3787 2215 3848 post

619 3869 946 3941 Baptismum
982 3869 1115 3940 lapsi
1144 3868 1212 3924 ad
1257 3868 1623 3940 paenitentiam
1672 3869 1995 3936 excitantur,
2041 3887 2204 3942 quam

616 3961 954 4018 Montanium
990 3961 1220 4017 dandam
1261 3976 1380 4016 esse
1408 3961 1674 4032 negabunt
1701 3979 1713 4015 :
1744 3960 1992 4019 Omnibus
2036 3980 2160 4034 ergo
2191 4006 2208 4033 ,

615 4055 819 4120 aiebat,
865 4053 1094 4120 delictis,
1128 4069 1218 4108 seu
1266 4069 1451 4121 carne,
1482 4069 1569 4108 seu
1612 4054 1826 4124 spiritu,
1882 4070 1970 4108 seu
2027 4057 2204 4125 facta,

615 4162 702 4199 seu
744 4144 1001 4200 voluntate
1045 4147 1359 4212 commissis,
1401 4147 1487 4217 qui
1539 4163 1740 4216 poenam
1799 4162 1888 4216 per
1938 4147 2206 4218 judicium

613 4236 912 4302 destinavit,
962 4238 1096 4291 idem
1149 4248 1197 4292 et
1240 4241 1436 4292 veniam
1465 4254 1556 4307 per
1584 4239 1930 4308 pcenitentiant
1983 4256 2207 4309 spopon-

612 4329 686 4383 dit
731 4330 904 4385 dicens
945 4347 959 4384 :
1013 4328 1136 4384 Vivo
1201 4347 1290 4401 ego
1315 4373 1330 4398 ,
1363 4332 1485 4385 dicit
1519 4331 1767 4387 Dominus
1791 4373 1807 4400 ,
1853 4334 2203 4404 paenitentiam

609 4423 746 4478 malo
812 4424 974 4495 magis
1026 4439 1177 4495 quam
1233 4434 1446 4478 mortem
1509 4423 1713 4495 (Infra
1763 4442 1880 4497 cap.
1948 4423 2091 4496 IV).
2137 4427 2200 4481 Ει

607 4517 782 4585 capite
815 4513 910 4571 VII
953 4515 1155 4571 diserte
1205 4530 1370 4570 unum
1415 4530 1481 4570 ex
1530 4517 1814 4591 pracipuis
1860 4516 2204 4572 Montanista-

2317 3683 2568 3740 ﬂosculos
2597 3700 2663 3740 ex
2687 3685 2806 3739 aliis
2836 3684 3074 3756 ejusdem
3105 3685 3306 3740 areolis
3329 3685 3622 3756 decerpere
3650 3696 3882 3742 vacaret
3901 3728 3919 3754 ,

2317 3779 2468 3834 facile
2495 3781 2726 3849 integras
2747 3780 2978 3835 corollas
3021 3790 3236 3836 nectere
3267 3796 3499 3850 possem.
3542 3780 3816 3836 Caeterum
3844 3796 3917 3836 ex

2313 3871 2426 3925 sola
2455 3879 2509 3925 et
2546 3887 2880 3942 quacumque
2922 3873 3043 3944 styli
3071 3872 3466 3939 discordantia,
3502 3872 3603 3927 nisi
3643 3872 3878 3927 aliorum
3900 3913 3920 3939 ,

2312 3973 2366 4018 et
2393 3965 2699 4034 graviorum
2739 3963 2953 4035 quidem
2993 3973 3360 4034 argumentum
3415 3964 3742 4020 adminiCula
3783 3979 3924 4020 con-

2312 4065 2572 4124 currant,
2612 4059 2699 4111 vix
2728 4067 3000 4113 auctorem
3029 4068 3334 4127 suspectum
3377 4058 3512 4125 fieri,
3562 4073 3632 4112 ne
3675 4056 3859 4112 dicam
3892 4098 3914 4125 ,

2311 4148 2509 4220 aliquid
2526 4158 2710 4204 contra
2733 4151 2980 4205 eumdem
3005 4149 3224 4205 decerni
3250 4165 3428 4220 posse,
3455 4150 3663 4220 pridem
3681 4165 3920 4207 sensere

2309 4238 2399 4293 alii
2426 4241 2644 4310 optimae
2668 4252 2810 4295 nota:
2837 4242 3028 4306 critici,
3057 4257 3125 4296 ex
3153 4242 3347 4311 quibus
3384 4242 3465 4296 vel
3499 4257 3663 4296 unum
3695 4241 3921 4298 adduco

2310 4328 2642 4386 Guillelmum
2679 4328 2925 4398 Caecum,
2949 4333 3038 4403 qui
3069 4333 3122 4388 itt
3153 4331 3294 4387 Hist.
3326 4347 3438 4387 sure
3462 4333 3690 4388 litterar.
3721 4332 3924 4388 Prole-

2303 4423 2585 4493 gomenis,
2641 4432 2772 4478 sect.
2815 4422 2882 4478 IV
2911 4465 2924 4489 ,
2979 4440 3125 4479 nunt.
3179 4426 3247 4480 64
3277 4466 3290 4490 ,
3348 4433 3458 4479 tum
3507 4423 3766 4490 demum,
3811 4439 3926 4482 seu

2307 4516 2690 4592 suppositionis
2711 4528 3081 4587 argumentum
3115 4519 3324 4590 probari
3354 4520 3448 4583 ait,
3475 4519 3520 4573 si
3541 4518 3709 4589 stylus
3728 4519 3928 4575 totius-

607 4623 727 4664 rutn
771 4608 1047 4663 erroribus
1100 4609 1407 4679 impugnat,
1461 4607 1882 4663 demonstrando
1929 4623 2053 4670 eos,
2109 4610 2199 4678 qui
2224 4651 2277 4710 D
2305 4625 2401 4678 que
2424 4610 2667 4664 orationis
2683 4621 2944 4666 contextus
2966 4653 2980 4677 ,
3011 4613 3076 4664 sit
3107 4612 3256 4682 longe
3276 4613 3507 4666 diversus
3527 4610 3590 4664 ab
3617 4627 3677 4666 eo
3698 4612 3928 4668 dicendi

604 4711 727 4772 post
757 4700 1087 4771 Baptismum
1121 4710 1336 4771 peccata
1385 4700 1818 4768 commiserunt,
1861 4701 1930 4754 ab
1959 4701 2196 4755 Ecclesia

603 4793 996 4849 abSolutionem
1028 4808 1214 4848 eorum
1249 4794 1536 4863 impetrare
1569 4807 1760 4862 posse,
1789 4792 1916 4847 dum
1947 4807 2042 4849 eos
2073 4794 2196 4850 illo:

602 4901 721 4942 rum
750 4888 1081 4957 paenituerit.
1117 4889 1199 4942 Att
1225 4886 1271 4942 is
1299 4887 1433 4941 liber
1457 4887 1528 4941 sit
1551 4883 1877 4954 Tertulliani,
1906 4901 2070 4942 nemo
2101 4902 2199 4944 ue-

600 4997 707 5052 que
746 4984 874 5038 olim
904 4981 1205 5052 dubitavit,
1245 4998 1416 5053 neque
1445 4995 1588 5038 nunc
1635 4983 1860 5037 dubitat.
1895 4980 2050 5037 Unus
2076 4990 2196 5036 erat

599 5073 857 5130 Erasmus
871 5073 1562 5142 Rotterodamus,eumdem
1579 5073 1892 5130 Tertulliano
1911 5073 2194 5131 detrahere

596 5176 843 5235 conatus,
864 5184 1022 5240 quem
1054 5185 1162 5224 non
1184 5169 1286 5224 nisi
1311 5169 1506 5226 Beatus
1528 5169 1820 5224 Rhenanus
1841 5176 2057 5224 secutus
2086 5177 2189 5237 est,
2231 5205 2236 5208 -

596 5269 823 5332 uterque
846 5261 937 5316 utti
966 5261 1088 5317 huic
1116 5270 1456 5331 argumento,
1483 5262 1614 5316 satis
1639 5261 1917 5326 imbecilli,
1947 5261 2184 5328 innixus,

595 5355 723 5425 styli
751 5353 1053 5410 diversitas.
1090 5355 1266 5426 Atque
1293 5354 1434 5412 hunc
1459 5355 1674 5426 quidem
1700 5369 1807 5409 non
1839 5370 1975 5424 nego
2001 5355 2054 5409 in
2085 5354 2185 5408 hoc

593 5445 730 5502 libro
758 5448 914 5516 paulo
943 5446 1272 5502 ﬂoridiorem
1303 5462 1424 5503 esse
1449 5490 1464 5515 ,
1497 5447 1593 5503 sed
1623 5461 1728 5502 non
1754 5461 1944 5519 magna
1989 5461 2020 5500 a
2056 5447 2183 5501 reli-

589 5552 815 5607 quorum
841 5580 857 5606 ,
886 5539 1050 5595 etiam
1077 5555 1210 5610 quos
1238 5549 1486 5596 extrema
1528 5539 1698 5596 ferme
1741 5549 1899 5595 aetate
1923 5539 2140 5610 scripsit
2164 5581 2181 5609 ,

587 5627 898 5688 diversitate
919 5671 936 5701 ,
974 5643 1030 5689 et
1047 5632 1222 5692 solum
1243 5633 1298 5692 in
1327 5630 1644 5704 quibusdam
1663 5630 1932 5704 allegoriis
1959 5647 2025 5691 ac
2048 5647 2177 5690 me-

2303 4700 2591 4756 cltaractere
2612 4741 2627 4766 ,
2667 4718 2768 4772 quo
2796 4702 2848 4755 in
2873 4703 3107 4773 genuinis
3132 4704 3240 4757 suis
3261 4719 3382 4757 usus
3402 4713 3476 4757 est
3497 4712 3700 4759 auctor.
3737 4704 3926 4776 Atqui

2297 4805 2427 4845 vero
2454 4790 2588 4845 adeo
2615 4807 2720 4846 non
2767 4792 2926 4862 longe
2959 4792 3232 4849 diversum
3274 4795 3448 4865 quivis
3491 4794 3678 4864 legens
3701 4793 3930 4865 deple-

2297 4881 2495 4938 hendet
2516 4925 2529 4947 ,
2561 4894 2618 4937 ut
2641 4885 2816 4954 potius
2849 4894 3042 4954 praeter
3093 4899 3290 4954 paucas
3327 4884 3592 4955 quasdam
3617 4885 3862 4956 phrases
3895 4929 3922 4958 ,

2299 4979 2458 5050 paulo
2487 4979 2860 5045 excitatiores,
2894 4989 2949 5034 et
2976 4979 3029 5033 in
3059 4979 3176 5034 aliis
3207 4978 3510 5034 Tertulliani
3538 4979 3756 5049 scriptis
3809 4979 3926 5038 vix

2296 5081 2614 5142 occurentes
2635 5112 2651 5138 ,
2687 5073 2858 5127 afrum
2887 5071 3041 5139 illud,
3073 5087 3138 5127 ac
3162 5073 3437 5128 concisum
3467 5072 3664 5143 eloquii
3691 5087 3922 5146 genus,

2297 5163 2386 5218 nni
2415 5163 2584 5219 ferme
2603 5161 2921 5218 Tertulliano
2949 5163 3243 5234 proprium,
3269 5163 3355 5218 illa
3383 5163 3577 5219 deinde
3602 5165 3728 5235 styli
3747 5165 3926 5222 velut

2293 5258 2535 5328 quaedam
2564 5260 2837 5327 majeStas,
2867 5272 3232 5326 sensuumque
3253 5260 3306 5314 in
3334 5258 3556 5330 singulis
3579 5271 3750 5328 prope
3769 5274 3924 5316 rer-

2290 5352 2372 5406 bis
2399 5353 2649 5416 ubertas;
2679 5352 2763 5405 illa
2796 5351 3012 5421 grandis
3056 5351 3366 5421 eloquentia
3385 5394 3400 5418 ,
3433 5367 3575 5423 quae,
3605 5360 3728 5407 utut
3750 5351 3918 5414 dm

2286 5447 2374 5509 sit,
2409 5445 2608 5508 nescio,
2640 5444 2911 5516 quomodo
2952 5453 3130 5500 tamen
3160 5444 3417 5500 lectorem
3440 5443 3526 5499 vel
3555 5443 3790 5499 invitum
3815 5445 3914 5504 ad

2284 5551 2343 5594 se
2366 5552 2555 5607 rapere
2585 5545 2778 5606 potest,
2808 5553 2914 5591 non
2943 5535 3121 5590 minus
3153 5535 3212 5590 in
3235 5536 3339 5590 hoc
3366 5536 3503 5592 libro
3532 5537 3848 5606 triumphet
3881 5553 3906 5596 :

2287 5641 2346 5690 ut
2364 5631 2439 5688 nil
2461 5631 2637 5690 dicam
2656 5631 2724 5688 de
2745 5630 2867 5688 aliis
2883 5629 3191 5702 phrasibus,
3212 5644 3282 5688 ex
3306 5627 3426 5687 aliis
3448 5627 3694 5736 ejusdem
3717 5627 3912 5692 libris

3683 5889 3716 5910 δ’
