4184 6258
324 295 468 355 12ἓῦ

1532 291 1742 350 LIBER
1773 289 1866 350 DE
1905 248 2374 352 raiNtrEN'rtA.

3481 295 3622 353 122i)

323 424 432 472 tam
459 413 650 472 sedulo
677 411 964 484 expressis.
1016 407 1238 468 Fatetur
1259 407 1381 466 dein
1413 409 1529 482 ipse
1553 410 1744 466 beatus
1775 409 1916 467 Rhe-
1943 411 1998 472 A
2022 418 2262 467 tractata:
2287 452 2303 479 ,
2352 407 2664 466 nonnullam
2725 409 3054 466 mentionem
3107 409 3370 467 facturum
3425 410 3613 469 fuisse.

319 525 496 582 nanus
525 518 780 564 auctorem
808 506 962 578 hujus
993 505 1108 561 libri
1132 503 1291 560 verbis
1330 514 1378 560 et
1404 504 1585 575 ﬁguris
1605 505 1875 560 iisdemuti
1897 544 1912 571 ,

316 595 368 659 et
391 602 614 675 quisquis
643 599 816 672 fuerit,
847 599 956 671 ejus
978 597 1184 654 indubie
1211 613 1319 653 esse
1343 597 1541 662 steculi,
1561 605 1606 651 et
1634 595 1914 650 Tertullia-

319 697 372 751 ni
395 694 853 759 studiosissimum;
889 691 1078 763 quidni
1120 705 1249 747 vero
1275 689 1665 747 Tertullianum
1693 689 1867 760 ipsum
1892 690 1916 744 ?

317 785 448 854 Quis
465 785 608 842 enim
627 785 762 840 alius
787 784 984 856 stylum
1006 783 1307 854 ejus,certe
1328 781 1677 854 singularem,
1695 792 1749 838 et
1769 783 1857 838 vix
1881 797 1913 838 a

316 881 565 952 quopiam
595 878 909 935 imitabilem
927 918 944 946 ,
978 887 1084 934 tam
1111 877 1248 934 scite
1275 876 1639 949 expresserit,
1681 885 1742 932 ut
1770 874 1913 946 apud

315 973 372 1031 S.
413 973 726 1040 Pacianum,
755 986 882 1029 saic.
931 971 999 1028 IV
1028 970 1347 1042 scriptorem
1371 1011 1388 1038 ,
1440 982 1735 1041 omnesque
1779 969 1915 1025 alios

314 1083 410 1139 per
436 1067 716 1139 plusquam
769 1065 1018 1122 undecim
1069 1064 1266 1122 saecula
1295 1063 1363 1121 ad
1406 1063 1688 1120 Erasmum
1718 1077 1911 1134 usque,

315 1177 411 1232 pro
433 1161 550 1233 ipso
571 1158 902 1216 Tertulliano
921 1157 1188 1226 fefellerit,
1213 1167 1270 1214 et
1288 1157 1415 1214 nulli
1438 1173 1673 1230 unquam
1701 1173 1768 1215 ex
1789 1157 1915 1230 styli

311 1253 626 1311 diversitate
651 1253 926 1325 quidpiam
951 1251 1021 1309 de
1061 1252 1167 1308 alio
1192 1252 1315 1308 libri
1343 1251 1501 1322 hujus
1526 1261 1746 1308 auctore
1782 1251 1914 1308 sub-

309 1344 544 1401 olueritt
582 1343 822 1400 Tandem
863 1358 993 1415 ergo
1036 1358 1104 1400 ex
1148 1342 1238 1399 illa
1266 1343 1644 1414 qualicumque
1694 1342 1914 1398 demum

308 1436 436 1508 styli
473 1435 834 1493 discordantia
879 1436 1000 1509 plus
1035 1435 1187 1508 argui
1229 1452 1338 1492 non
1382 1450 1543 1507 posse
1587 1451 1871 1493 censemus
1895 1476 1911 1503 ,

309 1543 470 1600 quam
488 1528 899 1595 Tertullianum,
923 1543 1046 1585 cum
1072 1525 1247 1584 adhuc
1277 1527 1536 1600 vegetiori
1565 1538 1711 1585 esset
1753 1538 1912 1585 aetate

310 1621 670 1692 vivaciorique
698 1621 944 1693 ingenio,
981 1620 1118 1676 hanc
1166 1619 1516 1690 scriptionem
1566 1621 1900 1690 suscepisse.

309 1711 498 1768 Solent
525 1712 669 1769 enim
701 1711 911 1783 ingenia
937 1710 1203 1782 ejusmodi
1246 1709 1449 1766 fervida
1475 1725 1539 1766 ac
1569 1710 1727 1782 agilia
1749 1753 1765 1779 ,
1789 1711 1904 1768 ins-

2019 506 2178 562 Ccrte
2201 515 2380 562 autem
2410 505 2463 560 in
2491 503 2609 576 ipso
2642 503 2780 560 libro
2805 503 2874 560 de
2903 504 3177 575 Baptismo
3212 504 3280 560 ad
3303 504 3467 561 linem
3495 521 3618 578 cap.

2018 599 2343 655 i5lectores
2391 611 2519 654 suos
2560 595 2627 652 ad
2671 595 2836 652 alium
2862 596 2929 653 de
2955 597 3145 652 eodem
3172 606 3484 663 tractatum,
3503 598 3616 669 jam

2017 700 2175 748 antea
2201 707 2364 762 grteco
2385 705 2615 746 sermone
2639 699 2937 756 exaratum,
2968 690 3196 746 solerter
3222 690 3464 746 remittit.
3486 690 3618 758 Quis

2017 801 2147 858 ergo
2173 787 2314 842 male
2341 785 2552 843 videtur
2575 786 2804 856 opinari,
2834 788 2878 842 si
2903 786 3179 841 materiam
3221 785 3360 841 hanc
3385 786 3454 842 de
3481 786 3612 844 Pte-

2019 878 2264 946 nitentia,
2294 893 2453 949 quam
2473 876 2542 933 ad
2570 877 2780 934 calcem
2802 877 2924 933 libri
2951 876 3019 933 de
3039 876 3196 948 Bapt.
3224 875 3466 932 nonnihil
3489 877 3616 933 bre-

2018 969 2136 1026 vius
2165 970 2574 1041 perstrinxerat,
2606 985 2746 1026 novo
2773 969 2998 1026 consilio
3019 1011 3035 1037 ,
3069 980 3124 1026 et
3169 970 3223 1025 in
3255 970 3509 1041 peculiari
3537 970 3606 1025 li-

2017 1062 2117 1120 bro
2160 1061 2480 1134 ampliorem
2500 1061 2632 1133 ,‘ejus
2675 1063 3046 1119 tractationem
3087 1072 3276 1134 postea
3310 1061 3615 1134 suscepisse

2017 1155 2226 1212 dicatur
2249 1198 2264 1222 ,
2295 1166 2351 1214 et
2391 1155 2606 1227 quidem
2647 1156 2840 1227 partim
2866 1155 2920 1211 in
2946 1155 3459 1214 catechumenorum
3484 1171 3610 1227 gra-

2023 1249 2179 1317 tiam,
2207 1258 2268 1306 ut
2297 1249 2351 1306 hi
2389 1263 2457 1306 eo
2481 1249 2745 1320 majorem
2774 1247 2841 1305 de
2868 1248 3122 1319 baptismi
3169 1249 3342 1321 pretio
3369 1249 3608 1306 :estima-

2018 1344 2219 1399 tionem
2250 1343 2595 1416 conciperent
2618 1385 2633 1411 ,
2667 1359 2825 1415 quem
2854 1343 3216 1414 intelligerent
3247 1353 3352 1399 tam
3378 1343 3612 1399 laborio-

2017 1433 2092 1489 sis
2115 1433 2442 1506 pmnitentim
2470 1436 2727 1507 operibus
2751 1435 3187 1507 comparandum
3203 1437 3373 1492 esse?
3411 1435 3610 1505 Quidni

2015 1540 2145 1597 ergo
2175 1527 2228 1581 in
2261 1527 2346 1583 his
2371 1541 2432 1584 se
2460 1542 2527 1584 eo
2550 1527 2848 1585 ardentiori
2896 1528 3152 1600 deinceps
3182 1523 3360 1583 studio
3391 1543 3611 1585 exerce-

2013 1631 2155 1690 rent,
2193 1632 2250 1678 ut
2271 1631 2379 1678 tam
2411 1623 2632 1696 largiter
2659 1623 2992 1696 propositum
3015 1623 3275 1696 Baptismi
3307 1624 3610 1694 praemium,

2014 1713 2237 1786 ejusque
2263 1716 2489 1788 gratiam
2515 1758 2530 1782 ,
2573 1731 2639 1772 eo
2671 1717 2872 1773 certius
2911 1724 3400 1788 consequerentur,
3436 1730 3610 1787 eoque

310 1812 393 1860 tar
415 1818 573 1874 apum
601 1818 698 1875 per
727 1804 909 1860 varios
937 1802 1100 1860 ﬂores
1127 1803 1558 1860 circumvolitare
1583 1844 1599 1870 ,
1629 1812 1791 1875 atque
1840 1820 1908 1861 ex
1937 1777 1986 1838 Β
2016 1809 2181 1865 tutius
2203 1808 2460 1882 deinceps
2485 1810 2909 1867 conservarent?

309 1897 500 1954 alienis
515 1897 677 1954 etiam
699 1897 861 1954 rebus
884 1897 1168 1969 allegorias
1187 1906 1241 1954 et
1263 1896 1606 1968 metaphoras
1625 1912 1906 1968 exsugere,

309 2004 573 2061 suumque
597 1991 652 2047 in
678 1989 894 2047 alveare
912 2005 1005 2046 eas
1035 2000 1395 2061 comportare.
1425 1989 1577 2046 Solet
1596 1990 1724 2046 item
1753 1999 1910 2047 actate

309 2081 512 2137 sensim
542 2081 864 2152 provectiori
904 2079 1184 2138 subsidere
1213 2081 1402 2149 stilus,
1437 2079 1898 2153 tcmperatiorque

309 2180 364 2228 et
389 2171 660 2229 robustior
689 2171 827 2228 ﬁeri.
880 2171 948 2228 Et
974 2172 1206 2244 denique
1231 2171 1374 2228 haud
1400 2172 1558 2228 facile
1579 2172 1903 2245 scriptorem

307 2264 590 2336 quisquam
626 2264 860 2336 reperiet
885 2307 900 2333 ,
931 2264 1020 2334 qui
1051 2273 1312 2336 perpetuo
1353 2263 1458 2320 sibi
1486 2273 1739 2333 constet,
1767 2278 1908 2335 prai-

2089 1903 2330 1973 Denique
2390 1919 2521 1962 vero
2568 1904 2886 1976 praiclarum
2928 1903 2996 1960 de
3035 1905 3138 1959 hoc
3181 1902 3320 1960 libro
3342 1903 3605 1975 judiciunt

2012 1996 2338 2053 audiendum
2369 2007 2474 2066 est,
2501 1997 2646 2069 quod
2676 1998 2791 2068 ipse
2819 1998 3014 2053 Beatus
3043 1996 3353 2064 Rhenanus,
3384 1999 3467 2054 vir
3489 2015 3608 2054 ma-

2011 2088 2308 2161 gnijudicii
2333 2131 2350 2156 ,
2396 2091 2450 2145 in
2479 2090 2763 2161 praemisso
2800 2090 2866 2146 ad
2908 2089 3155 2147 eumdem
3184 2101 3501 2162 argumento
3526 2100 3612 2147 tu-

2013 2179 2100 2248 lit,
2132 2195 2330 2252 nempe
2357 2183 2776 2238 commentarium
2807 2184 2943 2239 Itunc
2964 2199 3071 2238 esse
3091 2183 3362 2252 eiusmodi,
3389 2192 3446 2238 ut
3468 2184 3611 2241 theo—

2014 2271 2121 2344 logi
2159 2289 2275 2328 eum
2313 2272 2526 2328 debeant
2544 2274 2615 2329 ad
2635 2291 2853 2346 unguem
2872 2275 3127 2342 ediscere;
3158 2291 3278 2330 nam
3313 2277 3570 2349 egregium
3591 2318 3607 2345 ,

307 2357 495 2414 sertim
538 2357 585 2413 si
632 2353 748 2412 non'
782 2372 891 2413 uno
928 2357 1184 2413 continuo
1208 2372 1374 2428 Opere
1397 2357 1718 2425 DI'Oll'axel'il
1743 2399 1759 2425 .
1804 2357 1905 2413 sed
2012 2365 2218 2437 pergit,
2257 2375 2639 2422 monumentum
2681 2376 2756 2422 est
2795 2367 3149 2438 antiquitatis;
3179 2377 3283 2422 tam
3316 2377 3490 2424 sancte
3514 2369 3610 2423 do-

307 2463 406 2520 per
432 2449 608 2506 varias
625 2490 642 2519 ,
670 2463 842 2520 neque
869 2448 1208 2506 cohaerentes
1225 2443 1492 2505 materias
1511 2489 1526 2516 ,
1575 2447 1740 2505 variis
1765 2456 1895 2505 tem-

2010 2466 2088 2512 cet
2112 2498 2127 2523 ,
2156 2468 2260 2513 tam
2288 2459 2370 2528 pie
2389 2459 2604 2529 suadet,
2636 2469 2742 2515 tam
2779 2460 3028 2516 instanter
3052 2471 3197 2533 urget
3217 2478 3324 2518 rem
3357 2463 3598 2517 ecclesia-

306 2540 528 2611 poribus
551 2582 568 2610 ,
589 2540 851 2611 annisque
876 2539 1007 2610 ipsis
1040 2539 1390 2611 interpolatas
1411 2581 1428 2608 ,
1478 2538 1905 2598 circumduxerit
2008 2547 2149 2603 sticte
2167 2549 2453 2620 disciplima
2474 2567 2798 2622 summopore
2816 2552 3155 2607 necessariam
3177 2593 3192 2618 ,
3239 2551 3572 2610 Exouonocs
3589 2583 3608 2596 -

304 2630 590 2688 calamum.
635 2631 732 2688 Εει
749 2631 892 2689 enim
933 2631 1181 2703 quaedam
1228 2640 1419 2703 ευειριθ
1473 2641 1670 2688 nallﬂ‘a
1700 2631 1907 2689 ll'iSliOI‘
2008 2653 2126 2710 ειη,
2156 2641 2252 2696 hoc
2279 2652 2350 2698 est
2375 2687 2390 2712 ,
2419 2653 2588 2699 actum
2626 2654 2675 2700 et
2712 2644 3053 2700 ministerium
3085 2646 3409 2714 paenitentiae.
3444 2645 3606 2702 Certe

303 2733 395 2780 at"
437 2723 692 2779 humilior
714 2765 731 2792 ι
764 2733 928 2795 alque
978 2739 1206 2780 θκευοοει
1249 2725 1444 2797 magis:
1491 2740 1610 2796 (ιυω
1645 2725 1904 2795 iuvenilis
2006 2745 2187 2792 autem
2207 2747 2265 2793 ut
2285 2737 2484 2809 passim
2510 2753 2579 2794 ex
2596 2737 2929 2794 Tertulliano
2951 2737 3415 2795 vcterisEcclesise
3443 2738 3609 2794 tradi-

212 2862 218 2866 .
304 2830 520 2903 quoque
565 2815 765 2888 ingenii
808 2817 1051 2888 vigorem
1097 2818 1228 2873 satis
1255 2817 1510 2874 retundat
1532 2827 1695 2889 atque
1723 2818 1905 2891 depri-
2006 2824 2179 2883 tiones
2208 2835 2265 2884 et
2288 2827 2622 2899 disciplinam
2651 2827 2996 2894 addiscimus,
3019 2829 3091 2885 ita
3107 2829 3269 2885 etiam
3285 2828 3391 2896 hic,
3412 2829 3610 2901 insigni

305 2914 454 2974 mat,
484 2916 539 2962 et
560 2905 631 2963 ad
651 2922 811 2978 quam
835 2907 1147 2964 succulenta
1175 2909 1500 2980 ceteroquin
1527 2909 1765 2965 virorum
1788 2910 1902 2966 elo-
2004 2925 2194 2973 contra
2237 2928 2527 2977 novatores
2551 2927 2768 2978 nostros
2797 2919 3030 2977 utilitate
3054 2962 3069 2989 ,
3114 2919 3335 2978 modum
3383 2923 3608 2994 agendae

301 2999 522 3069 quentia
535 2999 682 3056 velut
703 3009 984 3057 exarescat
1008 3017 1022 3055 :
1041 3009 1124 3057 est
1143 3009 1324 3057 autem
1342 3001 1445 3057 alia
1467 3016 1654 3058 rursus
1675 3003 1899 3060 materia
2003 3009 2356 3080 poenitentiae,
2375 3020 2536 3082 prout
2554 3027 2619 3071 ea
2641 3012 2830 3085 primis
2855 3029 2979 3069 mox
3001 3014 3213 3071 sacculis
3234 3023 3290 3071 et
3321 3015 3503 3086 utique
3529 3030 3603 3072 ex

300 3089 536 3158 suavior.
568 3090 938 3163 amoeniorque
957 3132 974 3159 .
1008 3101 1064 3148 et
1112 3091 1280 3162 ipsius
1308 3092 1548 3148 auctoris
1575 3092 1790 3164 ingenio
1811 3107 1901 3150 ac-
1925 3135 1971 3178 ρ
2005 3100 2317 3172 Apostolica
2343 3103 2702 3171 institutione,
2726 3104 2812 3177 agi
2831 3117 3205 3175 consueverat,
3223 3107 3449 3178 pulchre
3471 3107 3602 3166 soli-

305 3181 696 3240 coinmodatior
719 3224 739 3258 ,_
768 3198 888 3254 qua:
916 3180 1221 3255 languidius
1261 3185 1594 3256 cmteroquin
1621 3184 1897 3256 ingenium
1927 3180 1972 3199 ν
2003 3193 2178 3258 deque
2204 3194 2481 3254 docemur.
3245 3199 3416 3257 Lunp.

298 3272 430 3329 satis
464 3273 702 3331 excitare
747 3288 813 3331 ac
854 3274 1133 3332 stimulare
1181 3284 1343 3348 queat
1371 3293 1386 3332 :
1414 3286 1499 3333 est
1555 3276 1787 3348 denique
1822 3277 1896 3334 ita

298 3366 454 3422 vivax
496 3381 561 3424 ac
587 3367 860 3425 radiosum
889 3367 1160 3440 quidpiam
1205 3367 1551 3439 dill'undens,
1583 3385 1704 3441 qua:
1752 3370 1895 3427 scri-

296 3458 512 3516 bentem
544 3459 758 3532 penitus
809 3461 1098 3520 incendere
1137 3477 1202 3520 ac
1230 3461 1568 3520 inﬂammare
1593 3504 1608 3530 ,
1652 3479 1812 3536 quem
1839 3472 1896 3522 et

295 3566 364 3606 ex
391 3559 670 3610 senectute
695 3552 918 3626 jamjam
950 3554 1206 3612 cinericia
1244 3554 1337 3613 diu
1385 3555 1698 3627 consopitos
1751 3557 1892 3628 igni-

295 3642 447 3700 culos
474 3643 794 3716 quandoque
835 3647 1098 3704 suscitare
1132 3646 1330 3705 valeat.
1355 3647 1493 3706 Sunt
1539 3648 1738 3707 deinde
1787 3649 1890 3708 alia

294 3748 508 3805 quoque
529 3777 544 3803 ,
576 3735 832 3811 scribenti
871 3737 1088 3795 aliunde
1110 3781 1126 3807 ,
1176 3753 1238 3796 ac
1271 3740 1418 3797 velut
1446 3755 1542 3813 per
1565 3740 1843 3814 obliquum
1870 3783 1887 3809 ,

293 3828 630 3887 advenientia
652 3873 666 3898 ,
694 3847 814 3903 quae
839 3841 1016 3890 tamen
1044 3832 1111 3888 ad
1140 3832 1258 3904 ejus
1279 3834 1581 3905 ingenium,
1614 3843 1673 3891 ut
1703 3835 1772 3892 ita
1803 3834 1890 3890 di-

293 3941 412 3982 cam
433 3967 449 3995 ,
493 3927 831 3984 alterandum
861 3927 1184 4000 quandoque
1217 3929 1444 3985 multum
1472 3937 1718 4001 possunt.
1751 3928 1890 3998 Quid

294 4019 491 4074 mirum
518 4019 697 4091 igitur,
729 4021 774 4076 si
798 4037 971 4092 neque
998 4022 1359 4080 Tertullianus
1387 4022 1741 4096 undequaque
1783 4024 1889 4082 sibi

293 4114 668 4182 constetﬁed,
697 4129 818 4171 cum
841 4117 1106 4187 primitus,
1137 4117 1264 4174 licet
1282 4116 1393 4188 jam
1420 4117 1670 4176 adultiori
1702 4127 1885 4186 uitale,

295 4219 353 4260 se
379 4205 447 4261 ad
473 4207 819 4264 scribendum
868 4209 1132 4276 contulit,
1175 4209 1420 4266 nonnihil
1462 4211 1716 4267 alacriori
1744 4212 1886 4282 stylo

291 4312 419 4354 usus
443 4298 639 4365 fuerit,
686 4298 941 4370 deinceps
967 4300 1081 4354 aliis
1109 4299 1162 4354 in
1188 4300 1306 4370 ejus
1358 4302 1614 4371 operibus
1641 4300 1888 4357 nonnihil

288 4388 460 4460 magis
488 4387 819 4455 subsidente,
840 4389 1136 4461 majorique
1162 4389 1485 4447 eruditionis
1507 4398 1768 4462 apparatu
1794 4405 1887 4446 or-

289 4489 473 4538 natum
501 4481 644 4537 velut
666 4495 1036 4552 compensare.

359 4573 420 4630 Si
460 4576 569 4645 jam
615 4590 747 4632 vero
778 4584 988 4646 tempus
1019 4576 1196 4646 ipsum
1220 4617 1235 4642 ,
1267 4591 1375 4648 quo
1404 4574 1549 4633 hunc
1595 4583 1883 4633 tractatum

288 4671 616 4740 exaraverit,
649 4671 808 4740 paulo
834 4671 1186 4742 propinquius
1217 4671 1566 4744 (quamquam
1614 4673 1666 4730 id
1695 4675 1885 4746 praeci-

287 4775 349 4817 se
372 4760 488 4818 fieri
520 4765 775 4834 nequeat)
802 4763 1189 4836 designandum
1222 4767 1327 4832 sit,
1375 4766 1447 4822 ita
1470 4766 1663 4837 opinor
1689 4809 1707 4835 ,
1746 4767 1882 4823 hanc

289 4854 660 4911 tractationem
692 4864 841 4912 certo
869 4866 992 4912 ante
1021 4871 1221 4912 annum
1248 4857 1451 4914 Christi
1477 4856 1564 4914 CC
1614 4867 1670 4914 et
1694 4857 1884 4914 verisi-

286 4943 486 5003 militer
513 4961 656 5004 anno
683 4946 911 5004 CXCVII
957 4957 1048 5004 aut
1074 4948 1302 5006 fortasse
1348 4949 1609 5006 maturius
1633 4992 1650 5018 ,
1684 4950 1881 5006 litteris

286 5038 652 5109 consignatum
674 5039 838 5096 fuisse
855 5083 872 5109 ,
901 5051 1044 5097 certe
1070 5051 1248 5099 autem
1274 5052 1327 5098 et
1354 5041 1544 5114 hujus,
1573 5052 1630 5098 et
1655 5042 1881 5099 alterius

285 5127 354 5185 de
396 5129 671 5201 Baptismo
714 5133 937 5203 scripti,
972 5143 1181 5205 tempus
1226 5135 1366 5191 haud
1419 5136 1605 5207 procul
1649 5135 1878 5191 invicem

290 5221 513 5279 distare.
546 5227 629 5280 An
669 5241 799 5282 vero
822 5226 1018 5283 librum
1057 5228 1125 5285 de
1152 5229 1425 5301 Baptismo
1457 5229 1580 5286 huic
1599 5229 1668 5286 dc
1695 5229 1877 5285 Poeni-

288 5315 452 5369 tentia
476 5355 492 5380 ,
514 5331 583 5371 an
607 5317 749 5372 hunc
778 5317 891 5383 illi,
918 5318 1186 5377 scribendi
1217 5319 1408 5377 ordine
1439 5361 1454 5386 ,
1499 5320 1837 5390 subjunscrit
1859 5364 1876 5389 ,

283 5404 371 5459 vix
401 5405 689 5478 quidquam
716 5407 1064 5465 determinari
1091 5420 1287 5480 potest.
1315 5410 1674 5468 Verisimilius
1698 5421 1877 5468 tamen

283 5496 654 5568 mihiquidem
680 5497 927 5568 videtur,
957 5501 1332 5572 subjunxisse;
1387 5505 1432 5560 si
1456 5505 1600 5560 enim
1625 5504 1767 5560 hunc
1810 5503 1879 5560 de

284 5584 602 5644 Pwnitcntia
631 5590 996 5659 praemisisset,
1025 5593 1210 5660 credo,
1240 5594 1292 5650 in
1321 5608 1439 5664 cap.
1471 5595 1566 5652 ult.
1592 5596 1659 5651 de
1681 5596 1881 5667 Baptiso

281 5693 396 5741 mo,
424 5679 512 5734 ubi
535 5682 602 5735 de
631 5681 965 5751 ptenitcntia,
997 5682 1262 5755 baptismo
1284 5687 1450 5741 instar
1480 5702 1588 5757 prae
1620 5689 1880 5745 orationis

301 5769 674 5844 prauuinenda
698 5813 712 5836 ,
743 5777 886 5843 agit,
921 5772 1110 5845 hujus,
1155 5793 1250 5835 ceu
1274 5778 1386 5852 jam
1411 5780 1535 5839 alibi
1557 5779 1728 5842 fusius
1751 5796 1879 5855 pcr-

448 5873 452 5879 '
529 5862 973 5942 TBBTULLIAM
1017 5867 1070 5932 ι.

2003 3193 2178 3267 deque
2204 3194 2481 3254 docemur.

2549 3288 3060 3350 ARGUMENTUM.

2074 3375 2339 3451 Principio
2363 3383 2641 3451 generatim
2665 3383 2730 3438 de
2755 3381 3046 3454 paenitentia
3071 3383 3345 3454 pertractat
3374 3381 3512 3456 (cap.
3545 3383 3602 3454 l)

1999 3485 2209 3542 eamque
2257 3474 2593 3529 necessariam
2630 3475 2850 3530 adstruit
2891 3491 2984 3547 pro
3010 3475 3241 3531 omnibus
3286 3476 3508 3552 peccatis
3552 3486 3603 3532 et

1998 3561 2218 3632 delictis,
2241 3579 2334 3620 seu
2357 3580 2532 3632 carne,
2566 3581 2654 3620 seu
2679 3565 2884 3636 spiritu,
2915 3582 3002 3621 seu
3029 3570 3189 3638 facto,
3235 3583 3322 3622 seu
3347 3567 3604 3622 voluntate

1995 3655 2279 3712 commissis
2308 3657 2449 3728 (cap.
2480 3656 2562 3730 4).
2592 3656 2726 3712 Dein
2763 3659 2866 3714 duo
2891 3657 3156 3730 distinguit
3180 3659 3484 3730 paenitentia:
3508 3675 3600 3730 ge-

1995 3762 2137 3802 nera.
2167 3745 2324 3803 Prior
2349 3757 2457 3817 est,
2498 3764 2613 3819 qua:
2657 3748 2905 3820 baptismo
2952 3749 3094 3806 debet
3140 3751 3378 3821 praemitti
3403 3766 3434 3804 a
3459 3761 3600 3806 cate-

1992 3837 2272 3906 cltumenis,
2301 3856 2388 3894 seu
2411 3856 2525 3910 qua:
2549 3841 2718 3912 agitur
2755 3849 2872 3896 ante
2891 3840 3197 3914 baptismum
3224 3842 3363 3914 (cap.
3393 3842 3482 3913 6);
3509 3858 3602 3914 po-

1992 3931 2174 3986 sterior
2192 3949 2386 4000 eorum,
2400 3934 2486 4004 qui
2499 3934 2552 3988 in
2574 3945 2783 4005 peccata
2806 3935 2982 4005 gravia
3001 3945 3112 4006 post
3128 3935 3434 4006 baptismum
3459 3937 3600 4007 infe-

1991 4021 2157 4078 liciter
2202 4024 2356 4096 lapsi,
2383 4041 2446 4080 ea:
2485 4025 2550 4081 iis
2579 4036 2855 4098 exsurgunt
2904 4043 3116 4098 Operosa
3169 4028 3481 4097 paenitentia.
3527 4027 3599 4082 1η

1989 4116 2151 4187 priori
2197 4127 2340 4188 parte
2386 4119 2731 4174 necessitatem
2773 4133 2882 4173 sese
2933 4117 3181 4187 probandi
3206 4126 3368 4188 urget,
3397 4127 3443 4172 et
3488 4134 3596 4173 sese

1989 4211 2319 4280 prteparandi
2341 4211 2410 4263 ad
2433 4211 2667 4280 baptismi
2692 4210 2908 4280 gratiam
2925 4224 3042 4264 uera
3063 4210 3376 4280 pwnitentia.
3393 4210 3597 4282 Baptis-

1989 4315 2129 4354 munt
2165 4301 2368 4356 inanem
2407 4317 2516 4355 esse
2566 4317 2668 4355 non
2708 4312 2902 4356 veretur
2944 4319 3185 4372 asserere,
3213 4321 3327 4359 cum
3369 4305 3590 4376 aliquem

1987 4401 2306 4460 peccatorum
2335 4407 2544 4446 suorum
2587 4408 2690 4446 non
2737 4393 2987 4461 paenituit,
3017 4410 3106 4448 nec
3133 4396 3236 4450 vita
3283 4397 3588 4466 emendavit,

1908 4493 1963 4553 Ῑ)
1989 4492 2034 4537 et
2075 4498 2258 4537 vanam
2281 4498 2387 4564 esse
2409 4482 2674 4552 ﬁduciam,
2702 4483 2798 4538 sibi
2823 4485 3036 4556 ﬁngere,
3063 4502 3178 4542 cum
3199 4487 3312 4553 quis
3339 4503 3492 4556 praue
3519 4487 3588 4540 ad

1988 4575 2226 4646 baptismi
2245 4591 2402 4646 usque
2421 4575 2555 4631 diem
2580 4576 2779 4642 vixerit,
2809 4592 2921 4630 eum
2946 4587 3149 4646 repente
3177 4578 3229 4632 in
3269 4579 3432 4634 virum
3460 4595 3587 4633 san-

1985 4677 2122 4722 ctum
2151 4684 2436 4733 evasurum,
2464 4677 2512 4723 et
2553 4685 2586 4722 a
2627 4677 2832 4738 peccato
2879 4667 3179 4736 desiturum,
3231 4670 3313 4724 ubi
3363 4671 3586 4742 primunt

1985 4759 2117 4814 illud
2143 4770 2515 4815 sacramentum
2542 4761 2781 4831 receperit
2811 4759 2969 4831 (cap.
3003 4761 3099 4832 6).
3129 4761 3398 4817 Tractatus
3432 4763 3585 4834 hujus

1987 4871 2107 4926 pars
2134 4855 2381 4927 posterior
2423 4865 2494 4911 est
2521 4854 2585 4910 de
2617 4855 2906 4926 paenitentia
2955 4865 3067 4925 post
3095 4855 3421 4927 baptismum,
3471 4873 3585 4928 qua:

1985 4945 2372 5019 Exomologesis
2400 4946 2605 5002 dicitur.
2636 4943 2872 5001 Testatur
2899 4944 2920 5017 (
2946 4962 3061 5018 cap.
3086 4947 3117 5001 7
3142 4948 3161 5018 )
3206 4949 3343 5003 illico
3372 4965 3424 5003 se
3448 4965 3584 5021 (egre

1984 5040 2048 5094 de
2081 5040 2178 5095 hac
2207 5041 2481 5110 posteriore
2509 5039 2800 5110 paenitentia
2830 5037 2966 5110 loqui
2988 5081 3004 5108 ,
3033 5056 3148 5110 qute
3188 5050 3439 5110 postrema
3467 5057 3583 5110 spes

1983 5142 2057 5189 est
2085 5133 2148 5188 iis
2175 5131 2392 5203 reliqua,
2419 5133 2505 5202 qui
2553 5129 2867 5199 criminibus,
2899 5131 2952 5184 It.
2985 5147 3030 5186 e.
3083 5133 3298 5203 peccatis
3327 5133 3583 5187 atrocibus

1983 5235 2096 5296 post
2139 5223 2443 5294 baptismum
2488 5239 2540 5278 se
2587 5222 2982 5290 obstrinxerunt,
3039 5239 3120 5289 ne,
3163 5223 3347 5294 inquit,
3379 5223 3442 5278 de
3483 5223 3580 5278 hac

1983 5333 2112 5372 nova
2138 5333 2170 5370 a
2198 5317 2418 5388 peccatis
2441 5315 2746 5386 exsurgendi
2772 5315 2967 5369 ratione
2991 5316 3208 5386 agendo,
3233 5331 3265 5368 a
3302 5315 3411 5370 Deo
3437 5317 3581 5371 nobis

1983 5408 2172 5476 oblata,
2205 5408 2267 5462 de
2305 5422 2431 5462 novo
2474 5407 2714 5478 peccandi
2743 5406 2874 5460 viam
2905 5407 3105 5476 aperire
3147 5405 3396 5461 videatur.
3429 5407 3582 5464 Illius

1983 5509 2155 5571 postea
2187 5498 2488 5570 poenitentia:
2535 5497 2752 5567 publica:
2775 5495 3160 5568 Exomologesis
3185 5499 3335 5554 dicta:
3371 5515 3583 5568 operosa

1984 5589 2211 5660 depingit
2231 5589 2467 5643 exercitia
2489 5587 2630 5658 (cap.
2655 5586 2734 5659 9),
2761 5588 2871 5657 ejus
2898 5589 3238 5644 necessitatem
3265 5593 3579 5646 demonstrat

1984 5684 2120 5754 (cap.
2153 5683 2211 5736 Η
2245 5679 2265 5751 )
2318 5696 2378 5733 ac
2406 5679 2608 5733 tandem
2649 5695 2732 5734 eos
2771 5679 3027 5750 objurgat,
3055 5683 3176 5750 quos
3204 5697 3315 5738 eam
3342 5685 3582 5752 amplecti

1983 5774 2204 5846 pudebat
2231 5773 2526 5835 crpuinibus
2551 5781 2663 5846 post
2697 5771 3000 5845 baptismum
3026 5774 3261 5829 admissis
3291 5777 3427 5849 (cap.
3462 5779 3582 5851 10).

2800 5864 3287 5949 (Trente—neuf.)
