4230 6256
476 272 614 332 1251

1900 263 2364 332 TERTULLIANI

3641 276 3790 334 H52

485 399 624 468 quit,
683 411 779 453 cur
827 361 1202 469 pmnitentiam.
1235 392 1436 451 invadit
1467 433 1482 462 ,
1527 387 1957 464 delinquentium
2001 392 2078 465 (l)
2104 394 2367 457 Atentiae
2417 391 2799 450 necessitatem
2853 393 3214 467 intelligamus
3259 394 3597 467 impendere.
3623 396 3790 453 Com-

484 490 749 560 privatum
781 489 860 561 (a)
889 504 984 546 cur
1007 488 1223 545 malitiae
1247 486 1482 544 officium
1508 487 1732 543 bonitati
1761 501 1874 542 suae
1902 488 2079 559 impo-

485 584 599 638 nit?
621 584 693 639 ita
709 584 908 650 evenit,
933 593 993 640 ut
1011 598 1134 640 cum
1176 581 1377 654 aliquid
1407 581 1496 639 ubi
1527 597 1633 638 non
1661 591 1874 655 oportet
1920 581 2076 640 adhi-

487 676 645 734 betur
671 717 686 745 ,
715 675 822 733 illic
851 675 941 732 ubi
969 683 1181 748 oportet
1207 674 1523 746 negligatur.

1103 767 1330 826 CAPUT
1367 767 1454 824 ΙΙΙ.

554 863 793 932 Quorum
824 874 953 933 ergo
982 860 1295 933 pmnitentia
1320 860 1464 932 justa
1503 871 1558 916 et
1604 861 1784 918 debita
1813 859 2077 930 videatur,

483 953 537 1010 id
566 960 669 1021 est,
696 968 816 1022 qua:
842 952 1039 1009 delicto
1063 951 1364 1024 deputanda
1397 953 1526 1020 sint,
1558 952 1706 1008 locus
1737 953 1951 1024 quidem
1979 970 2078 1009 ex-

480 1045 717 1117 postulat
769 1045 1048 1114 denotare,
1107 1045 1202 1102 sed
1259 1046 1490 1102 otiosum
1533 1046 1702 1103 videri
1750 1056 1925 1119 potest
1978 1046 2075 1120 (ὁ).

482 1140 711 1196 Domino
748 1138 891 1195 enim
935 1139 1170 1210 cognito,
1205 1140 1344 1195 ultro
1389 1141 1609 1210 spiritus
1656 1156 1685 1194 a
1732 1155 1831 1196 suo
1860 1150 2078 1199 auctore

477 1241 756 1304 respectus
781 1233 1007 1304 emergit
1033 1231 1100 1287 ad
1127 1232 1369 1288 notitiam
1401 1231 1664 1299 veritatis,
1705 1241 1760 1290 et
1808 1232 2076 1290 admissus

473 1327 542 1383 ad
580 1326 846 1383 dominica
878 1334 1168 1398 praecepta,
1197 1341 1262 1382 ex
1286 1326 1418 1397 ipsis
1469 1325 1655 1381 statim
1703 1325 1966 1393 eruditur,
2024 1327 2077 1383 id

476 1428 700 1492 peccato
748 1417 1134 1490 deputandum,
1177 1433 1207 1473 a
1237 1432 1342 1489 quo
1385 1417 1528 1474 Deus
1570 1426 1770 1473 arceat.
1812 1417 2076 1487 Quoniam

474 1529 598 1570 cum
651 1513 822 1570 Deum
862 1512 1062 1583 grande
1105 1511 1233 1582 quid
1275 1511 1402 1567 boni
1445 1521 1657 1567 constet
1698 1526 1841 1578 esse,
1892 1513 2077 1584 utique

474 1606 619 1662 bono
645 1605 746 1662 nisi
773 1604 973 1661 malum
993 1619 1102 1660 non
1125 1603 1456 1674 displiceret,
1481 1603 1623 1675 quod
1646 1603 1786 1660 inter
1803 1605 2074 1660 contraria

471 1699 575 1755 sibi
598 1698 740 1755 nulla
786 1697 1020 1755 amicitia
1050 1706 1152 1754 est.
1187 1697 1559 1770 Pcrstringere
1586 1707 1762 1754 tamen
1794 1714 1898 1754 non
1927 1699 2074 1771 pige-
2103 1717 2152 1778 Β

471 1791 571 1864 bit,
599 1790 917 1847 delictorum
937 1790 1181 1862 quredam
1201 1805 1322 1847 esse
1335 1790 1592 1855 carnalia,
1613 1790 1665 1846 id
1688 1800 1791 1860 est,
1816 1805 2075 1862 corpora-

471 1882 565 1949 lia,
585 1881 832 1952 quasdam
858 1897 988 1937 vero
1017 1881 1294 1951 spiritalia.
1324 1880 1458 1935 Nam
1490 1895 1610 1936 cunt
1635 1897 1702 1936 ex
1729 1880 1828 1936 hac
1850 1881 2077 1952 duplicis

469 1974 784 2030 substantia:
827 1972 1244 2042 congregatione
1295 1971 1572 2028 confectus
1618 1971 1780 2028 homo
1827 1973 1934 2038 sit,
1970 1988 2077 2028 non

471 2063 689 2121 aliunde
717 2063 1002 2134 delinquit,
1048 2078 1209 2134 quam
1255 2063 1397 2118 unde
1435 2072 1669 2118 constat.
1717 2062 1825 2119 Sed
1871 2079 1980 2120 non
2011 2079 2076 2121 co

469 2159 614 2212 inter
636 2171 696 2211 se
721 2154 993 2217 diil'erunt,
1033 2153 1176 2226 quod
1203 2168 1401 2225 corpus
1437 2163 1491 2210 et
1525 2154 1742 2225 spiritus
1773 2154 1880 2210 duo
1914 2165 2072 2212 sunt:

470 2249 706 2320 alioquin
751 2262 818 2304 eo
867 2247 1034 2318 magis
1065 2246 1209 2317 paria
1239 2255 1398 2314 sunt,
1429 2247 1552 2317 quia
1596 2245 1704 2301 duo
1747 2262 1910 2301 unum
1961 2246 2076 2302 ciii-

471 2345 656 2401 cinnt:
689 2358 756 2398 ne
800 2342 922 2413 quis
951 2355 1049 2412 pro
1102 2340 1416 2395 diversitate
1461 2339 1806 2395 materiarum
1855 2350 2074 2411 peccata

471 2451 662 2492 eorum
689 2433 982 2497 discernat,
1012 2443 1068 2487 ut
1094 2432 1322 2487 alterum
1353 2431 1525 2486 altero
1549 2430 1718 2487 levius
1743 2439 1835 2486 aut
1861 2432 2074 2502 gravius

470 2525 765 2586 existimet.
809 2523 1085 2594 Siquidem
1129 2531 1184 2578 et
1224 2537 1371 2590 caro,
1424 2529 1478 2577 et
1506 2521 1762 2592 spiritus,
1800 2521 1896 2578 Dei
1939 2538 2066 2579 res:

471 2618 596 2692 alia,
628 2632 790 2674 manu
835 2614 953 2686 ejus
977 2628 1267 2685 expressa;
1313 2613 1417 2668 alia
1445 2612 1627 2669 afﬂatu
1651 2612 1769 2684 ejus
1819 2629 2072 2671 consum.

468 2719 613 2767 mata
637 2709 793 2785 (Gen.
816 2707 906 2779 ll).
926 2706 1062 2764 Cum
1103 2721 1232 2778 ergo
1260 2721 1326 2762 ex
1354 2705 1469 2777 pari
1494 2705 1560 2762 ad
1593 2706 1877 2763 Dominum
1900 2709 2068 2778 perti-

468 2810 635 2865 neant
660 2820 674 2858 :
705 2799 1082 2872 quodcumque
1107 2811 1294 2854 eorum
1317 2795 1625 2868 deliquerit,
1654 2812 1721 2853 ex
1752 2798 1865 2868 pari
1887 2799 2070 2856 Domi-

466 2908 597 2948 num
620 2890 862 2947 offendit.
889 2890 971 2945 An
999 2898 1055 2945 tu
1079 2888 1354 2945 discernas
1373 2897 1526 2944 actus
1550 2889 1731 2945 carnis
1746 2890 2069 2961 etspiritus?

469 2997 696 3056 quorum
723 2991 776 3038 et
806 2981 861 3036 in
891 2981 1017 3048 vita,
1049 2989 1103 3036 et
1148 2980 1201 3034 in
1245 2987 1437 3046 morte,
1481 2988 1534 3036 et
1562 2979 1617 3035 in
1646 2982 2062 3053 resurrectione,

468 3087 675 3134 tantum
700 3073 1093 3134 communionis
1114 3081 1274 3142 atque
1295 3072 1550 3128 consortii
1572 3082 1654 3128 est
1679 3073 1858 3144 (Joan.
1895 3075 1981 3146 V),
2009 3087 2066 3132 ut

469 3170 674 3244 pariter
699 3179 826 3226 tunc
844 3177 936 3225 aut
957 3168 1009 3223 in
1030 3170 1194 3222 vitam
1223 3174 1316 3222 aut
1342 3166 1394 3221 in
1414 3164 1674 3237 judicium
1696 3167 2025 3225 suscitentur
2047 3189 2062 3226 :

469 3265 594 3338 quia
615 3264 821 3322 scilicet
851 3257 1054 3335 pariter
1072 3271 1164 3316 aut
1193 3259 1539 3331 deliquerint,
1583 3269 1676 3316 aut
1700 3258 1779 3333 (2)
1806 3261 2063 3320 innocen-

466 3369 552 3415 ter
575 3357 807 3430 egerint.
839 3355 955 3413 Hoc
982 3369 1047 3411 eo
1076 3352 1517 3425 prmmiserimus,
1551 3361 1608 3408 ut
1645 3369 1751 3410 non
1795 3355 2058 3414 minorem

469 3452 626 3521 alteri
656 3464 817 3525 quam
843 3446 1056 3520 utrique
1107 3445 1262 3519 parti,
1305 3444 1351 3503 si
1386 3443 1512 3517 quid
1539 3443 1852 3518 deliquerit,
1881 3449 2056 3520 poeni.

2181 490 2359 545 munis
2379 497 2562 545 reatus
2589 489 2868 544 amborum
2893 496 2999 556 est,
3027 489 3329 546 communis
3357 499 3411 545 et
3426 488 3616 560 judex,
3643 490 3790 546 Deus

2181 581 2435 638 scilicet:
2487 580 2790 637 communis
2853 580 3016 652 igitur
3065 590 3121 638 et
3167 582 3498 654 poenitentia:
3549 582 3787 639 medela.

2182 671 2392 728 Exinde
2413 670 2673 743 Spiritalia
2697 679 2753 728 et
2776 671 3080 744 corporalia
3123 674 3484 741 nominantur,
3514 673 3662 745 quod
3690 673 3790 730 de-

2185 763 2368 820 lictum
2394 779 2575 832 omne,
2599 773 2693 820 aut
2719 764 2914 836 agitur,
2937 773 3029 820 aut
3069 764 3354 837 cogitatur,
3394 773 3452 821 ut
3495 764 3791 837 corporale

2184 855 2275 924 sit,
2309 856 2452 927 quod
2481 857 2534 912 in
2563 856 2704 913 facto
2741 866 2861 913 est:
2895 857 3020 928 quia
3052 856 3270 925 factum,
3296 866 3356 914 ut
3375 873 3592 930 corpus,
3621 869 3677 915 et
3701 859 3789 916 vi-

2182 947 2297 1004 deri
2329 958 2383 1004 et
2412 949 2650 1021 contingi
2679 949 2863 1006 habet.
2894 948 3147 1021 Spiritale
3172 966 3326 1019 vero,
3355 951 3497 1021 quod
3519 952 3572 1009 in
3597 953 3787 1010 animo

2183 1048 2286 1108 est,
2317 1042 2441 1113 quia
2465 1043 2685 1115 spiritus
2715 1057 2891 1114 neque
2933 1042 3166 1110 videtur,
3207 1058 3386 1115 neque
3415 1053 3652 1112 tenetur;
3680 1059 3787 1116 per

2181 1133 2324 1206 quod
2349 1133 2652 1191 ostenditur
2678 1149 2787 1191 non
2809 1136 2932 1192 facti
2953 1137 3125 1193 solum
3150 1181 3166 1207 ,
3195 1153 3382 1194 verum
3407 1147 3461 1194 et
3496 1139 3785 1197 voluntatis

2183 1226 2378 1283 delicta
2406 1227 2642 1296 vitanda,
2675 1237 2731 1285 et
2773 1228 3085 1300 poenitentia
3121 1230 3393 1302 purganda
3419 1245 3562 1288 esse.
3597 1230 3782 1311 Neque

2184 1318 2328 1374 enim
2351 1319 2398 1376 si
2444 1319 2789 1378 mediocritas
2836 1320 3094 1389 humana,
3149 1321 3277 1378 facti
3311 1323 3393 1395 (ὅ)
3445 1323 3617 1380 solum
3642 1323 3786 1394 judi-

2181 1418 2268 1465 cat
2295 1411 2386 1480 (c),
2415 1411 2539 1478 quia
2570 1411 2859 1468 voluntatis
2905 1413 3124 1470 latebris
3161 1428 3260 1485 par
3300 1428 3408 1470 non
3444 1421 3548 1482 est,
3587 1414 3790 1473 idcirco

2180 1505 2406 1560 crimina
2453 1505 2572 1576 ejus
2619 1505 2784 1563 etiam
2836 1505 2939 1563 sub
2979 1507 3088 1564 Deo
3135 1508 3502 1579 negligamus,
3545 1509 3686 1567 Deus
3732 1509 3792 1567 in

2179 1595 2357 1651 omnia
2388 1587 2607 1653 suitieit.
2637 1596 2779 1652 Nihil
2806 1613 2834 1653 a
2863 1608 3155 1670 conspectu
3177 1600 3296 1669 ejus
3321 1608 3610 1670 remotum,
3639 1600 3791 1658 unde

2180 1688 2402 1744 omnino
2454 1687 2805 1760 delinquitur.
2839 1688 2975 1758 Quia
3005 1705 3117 1747 non
3168 1691 3375 1762 ignorat
3422 1709 3522 1750 nec
3563 1693 3790 1761 omittit,

2185 1782 2472 1852 quominus
2532 1783 2584 1838 in
2644 1773 2904 1853 judicium
2971 1779 3245 1841 decernat.
3297 1787 3672 1844 Dissimulator
3733 1798 3795 1846 et

2183 1875 2564 1945 praevaricator
2597 1873 2679 1948 (ά)
2709 1876 3051 1948 perSpicacia:
3080 1892 3191 1933 sua:
3217 1893 3323 1933 non
3350 1889 3452 1934 est.
3484 1879 3624 1949 Quid
3643 1880 3792 1952 quod

2184 1967 2435 2025 voluntas
2463 1969 2586 2025 facti
2615 1969 2767 2041 origo
2792 1970 2916 2026 est?
2939 1961 3168 2027 viderint
3208 1973 3372 2040 enim,
3397 1975 3443 2029 si
3481 1990 3585 2046 qua
3613 1976 3788 2045 casui,

2181 2069 2274 2116 aut
2322 2062 2650 2129 necessitati,
2703 2071 2796 2117 aut
2835 2062 3152 2134 ignorantia:
3200 2064 3568 2135 imputantur:
3596 2067 3792 2137 quibus

2182 2153 2421 2223 exceptis
2467 2151 2578 2223 jam
2629 2167 2737 2208 non
2790 2153 2892 2209 nisi
2942 2155 3219 2210 voluntate
3270 2155 3621 2227 delinquitur.
3652 2155 3792 2214 Cum

2179 2258 2309 2315 ergo
2339 2243 2464 2299 facti
2493 2245 2645 2316 origo
2675 2254 2778 2310 est,
2808 2262 2915 2300 non
2945 2255 3093 2302 tanto
3123 2248 3298 2318 potior
3325 2247 3393 2303 ad
3426 2263 3640 2320 pinnam
3677 2260 3786 2320 est,

2178 2347 2379 2409 quanto
2436 2339 2746 2410 principalis
2786 2340 2852 2395 ad
2883 2340 3133 2412 culpam:
3159 2357 3279 2413 quin
3321 2358 3390 2398 ne
3417 2351 3543 2400 tunc
3568 2343 3790 2416 quidem

2177 2431 2460 2499 liberatur,
2487 2447 2610 2487 cum
2642 2432 2817 2504 aliqua
2859 2433 3150 2489 difficultas
3179 2437 3636 2506 perpetratiouem
3668 2437 3787 2506 ejus

2178 2522 2480 2595 intercipit.
2525 2521 2643 2594 Ipsa
2690 2525 2834 2581 enim
2874 2524 2975 2581 sibi
3019 2525 3346 2595 imputatur,
3387 2541 3482 2583 nec
3533 2528 3783 2583 excusari

2178 2619 2379 2688 poterit
2408 2634 2503 2690 per
2531 2619 2676 2674 illam
2701 2617 3014 2689 perﬁciendi
3044 2616 3405 2675 infelicitatem
3431 2621 3525 2689 (ε),
3548 2628 3773 2688 Operata

2171 2710 2315 2782 quod
2341 2725 2496 2766 suum
2537 2709 2729 2766 fuerat.
2761 2710 3001 2782 Denique
3027 2710 3288 2767 Dominus
3326 2710 3773 2782 quemadmodum

2172 2815 2232 2859 se
2269 2801 2624 2873 adjectioncnt
2644 2801 2745 2874 legi
2788 2812 3163 2874 superstruere
3203 2803 3532 2859 demonstrat
3553 2801 3778 2874 (Matth.

2173 2893 2265 2967 ν),
2291 2895 2394 2950 nisi
2424 2905 2480 2950 et
2508 2894 2801 2950 voluntatis
2831 2896 3200 2952 interdicendo
3227 2896 3607 2953 delicta?Cum
3627 2898 3782 2954 adul-

2172 2995 2348 3044 terum
2386 3001 2494 3043 non
2542 3003 2665 3044 eum
2691 2987 2866 3043 solum
2891 2986 3097 3055 detinit,
3139 2989 3230 3058 qui
3259 2989 3504 3044 cominus
3549 2989 3604 3045 in
3649 2990 3781 3047 alie-

2172 3095 2301 3134 num
2329 3079 2728 3135 matrimonium
2759 3078 3046 3137 cecidisset
3083 3078 3174 3154 (ι),
3209 3096 3394 3138 verum
3420 3083 3583 3138 etiam
3604 3082 3773 3151 illum,

2169 3171 2260 3243 qui
2278 3179 2527 3242 aspectus
2548 3170 2989 3243 concupiscentia
3010 3173 3432 3231 contaminasset
3457 3174 3620 3231 :adeo
3633 3175 3778 3246 quod

2169 3263 2490 3336 prohibetur
2516 3264 2918 3334 administrare,
2961 3267 3092 3322 satis
3115 3267 3418 3337 periculose
3453 3267 3538 3340 (g)
3566 3269 3779 3326 animus

2167 3357 2270 3414 sibi
2299 3368 2650 3429 repraesentat
2675 3358 2777 3430 (Ii),
2808 3367 2860 3414 et
2887 3366 3090 3416 temere
3118 3374 3216 3431 per
3236 3361 3565 3418 voluntatem
3594 3361 3658 3434 (i)
3682 3378 3782 3418 ex.

2165 3451 2352 3525 pungit
2375 3451 2644 3509 effectum.
2664 3450 2829 3523 Cujus
2853 3452 3141 3512 voluntatis
3161 3469 3284 3512 cum
3305 3455 3383 3511 vis
3412 3464 3559 3528 tanta
3581 3455 3652 3514 sit
3680 3455 3776 3529 υ),

1702 3560 2089 3626 LECTIONES
2129 3566 2540 3625 VARIANTES.

528 3703 603 3767 (i)
641 3700 884 3767 Privatum
912 3693 1076 3767 _abest
1110 3693 1285 3767 Italia.
1317 3761 1327 3767 _
1338 3692 1741 3767 delinquentium
1776 3699 2070 3767 privatum?

474 3754 710 3815 u/bu'wer.
730 3761 798 3808 Μ.
828 3759 881 3806 S.
907 3754 1019 3819 Εἰς.
1043 3754 1433 3819 delinquentium
1450 3754 1741 3819 peccatum?
1763 3754 1884 3810 Jun.
1909 3761 2070 3813 delin-

462 3813 757 3890 quentium?
781 3813 1032 3874 Privatum
1047 3828 1135 3867 cur
1153 3813 1350 3866 malitia
1373 3813 1582 3869 Seiitter.

2236 3701 2310 3828 ἒξ)
2334 3701 2628 3792 Innocentes
2646 3701 2755 3769 Rig.
3682 3775 3707 3798 Δ,

2295 3769 2312 3828 )
2345 3763 2507 3816 Factis
2539 3767 2682 3816 Pam.
2709 3764 2860 3819 Sami.
2885 3779 2914 3819 e
2932 3765 3070 3822 factis
3092 3769 3236 3828 ιω».
3660 3808 3674 3818 .

2295 3763 2312 3829 )
2345 3763 2507 3816 Factis
2539 3767 2682 3816 Pam.
2707 3763 2860 3819 Sami.
2885 3765 3070 3822 efaetis
3092 3769 3236 3835 Lcop.
3743 3807 3756 3836 ι

1839 3927 2400 3993 COMMENTARIUS.

467 4064 656 4107 caussa
709 4047 832 4104 boni
863 4045 1060 4102 ominis
1099 4043 1281 4096 bonum
1313 4039 1500 4110 factum
1529 4039 1740 4106 prtefari
1794 4044 2058 4104 solebant.

468 4121 796 4178 Notavitlioc
810 4118 1090 4174 Turnebus
1110 4114 1200 4168 lib.
1228 4112 1312 4176 ill,
1342 4127 1462 4178 cap.
1489 4111 1581 4166 22.
1604 4113 1737 4170 [ΛΟ.

533 4190 614 4261 (a)
654 4191 758 4245 Cur
775 4189 1116 4261 paznitentiam
1137 4184 1352 4261 inuadit,
1381 4183 1774 4261 delinquentium
1788 4188 2058 4257 privatum.

533 4190 614 4316 ta.)
654 4191 758 4245 Cur
775 4190 1116 4261 paznitentiam
1138 4190 1352 4248 invadit,
1381 4190 2058 4257 delinquentiumprivatum.

466 4254 560 4320 Sic
610 4261 783 4332 egitur
807 4261 858 4316 in
885 4255 1230 4332 cod.Ursini.
1253 4255 1628 4310 Paenitentiam
1650 4255 1777 4313 dicit
1819 4275 1939 4317 esse
1968 4263 2062 4318 deo

466 4326 817 4404 linqueiitium
847 4331 1130 4404 privatum,
1164 4326 1266 4404 huc
1285 4336 1385 4389 est,
1435 4343 1547 4404 rem
1575 4338 1627 4383 et
1665 4343 1846 4385 curam
1886 4333 2055 4404 deliu-

469 4397 746 4480 quentium
778 4397 1052 4480 propriam
1077 4407 1134 4453 et
1165 4398 1444 4465 privatam.
1474 4397 1673 4480 lnjustc
1700 4402 2054 4480 autemiacit,

466 4469 560 4552 riui
599 4469 818 4552 privatis
840 4469 1006 4552 utitur
1042 4479 1290 4538 tanquam
1327 4469 2053 4552 communibusetpublicis.

467 4520 1165 4611 instituimus,at
1182 4520 1312 4609 agro
1338 4520 2062 4612 istata‘aigitota‘itgtv
2091 4520 2143 4579 D

463 4624 675 4676 Faster.

625 4728 830 4780 Vindice
853 4725 1082 4777 servabat
1105 4722 1238 4774 nullo
1260 4737 1347 4774 sua
1371 4722 1562 4785 publica
1585 4722 1762 4786 vulgus
1791 4740 1801 4773 :

691 4789 901 4854 Jamque
935 4791 984 4838 in
1002 4787 1192 4850 privato
1210 4799 1415 4850 pascere
1443 4786 1616 4836 inertis
1639 4796 1762 4836 erat.
1831 4787 1934 4840 lim.

516 4909 699 4973 (CAP.
733 4914 818 4971 Ill.
841 4945 912 4955 ——
941 4911 1020 4983 (bi
1050 4910 1280 4966 Otiosum
1308 4910 1468 4983 videri
1496 4920 1674 4980 potest.
1695 4914 2064 4982 Supersede".

472 4989 600 5044 dum
630 5002 750 5043 esse
769 4982 958 5040 censet
977 4983 1044 5039 de
1066 4983 1262 5053 pietate
1286 4990 1340 5037 et
1359 4982 1616 5053 religione
1645 4985 2056 5044 catechumeno-

471 5077 611 5125 rum,
627 5059 853 5129 quicum
874 5055 966 5110 Dei
985 5052 1159 5129 legem
1179 5061 1510 5129 perspectam
1526 5052 2054 5129 li_aberent,u|troque

470 5122 840 5202 pmnitentiam
859 5122 1332 5202 amplecterentur,
1353 5122 1494 5202 illius
1518 5124 1688 5202 elogia
1711 5135 1803 5182 aut
1821 5128 1887 5184 ad
1906 5122 2048 5186 illam

468 5193 874 5258 adhortationes
903 5193 1008 5251 non
1029 5193 1492 5266 posttilabitntnLE
1526 5193 1619 5250 Pn.

537 5272 612 5344 (c)
646 5269 795 5324 Facti
822 5269 985 5344 solum
1007 5263 1225 5344 iudicat.
1257 5263 1427 5344 Facti,
1459 5267 1661 5322 scilicet
1685 5268 1894 5344 delicta.
1927 5271 2050 5328 Ete-

465 5335 577 5399 uitii
593 5335 899 5412 praecessit,
931 5335 1053 5412 Non
1092 5337 1214 5409 {acti
1265 5336 1448 5402 solum,
1487 5351 1656 5393 verum
1683 5349 1729 5393 et
1778 5342 2068 5411 voluntatis,

462 5409 651 5469 delicia
674 5411 901 5466 vitanda.
935 5409 1051 5465 lito.

545 5481 625 5557 (d)
657 5482 1046 5557 Prtevaricator.
1076 5480 1295 5550 Proprie
1313 5481 1400 5549 qui
1431 5480 1887 5557 proditcaussam.
1916 5485 2049 5542 Nam

461 5565 518 5610 et
543 5551 738 5630 glossze
767 5569 871 5607 non
922 5551 1120 5630 solum
1143 5557 1465 5630 auatoya'w‘r'fit'r
1483 5553 1577 5608 scd
1600 5554 1778 5630 _ctiam
1804 5563 2050 5630 προδιδοὺς

459 5625 696 5688 sig-aliain
717 5629 869 5686 sui»,
895 5628 984 5695 nat-ir
1007 5636 1071 5694 τῷ
1095 5627 1317 5691 ἀντίδικῷ
1347 5629 1556 5695 ﬂamonii»
1599 5625 1728 5680 [ΛΕ.

513 5695 609 5766 (ε)
640 5694 1338 5769 Perﬁcieiidiinjelitiitatem.
1363 5694 1806 5769 Frustrationem,
1824 5706 2046 5769 ἀτυχίαν.

462 5763 662 5823 mc.'-—
683 5763 983 5832 Per/iciendi
1022 5765 1383 5832 infelicitatem.
1419 5765 1726 5840 Mctapltora
1755 5769 1838 5826 illa
1869 5763 2048 5828 abar-

2170 4049 2388 4123 boribus
2440 4050 2676 4123 ducitur,
2730 4067 2850 4123 quae
2893 4067 3013 4108 cum
3050 4053 3262 4110 fructus
3295 4069 3400 4110 non
3444 4058 3621 4113 ferant
3667 4072 3772 4116 seu

2167 4121 2424 4190 temporis
2453 4122 2670 4199 injuria,
2717 4121 2812 4180 seu
2842 4124 3112 4181 cultorum
3147 4125 3488 4199 negligentia,
3522 4127 3769 4187 infelices

2164 4201 2446 4248 vocantur.
2474 4193 2549 4248 LE
2573 4193 2670 4249 Pu.

2239 4261 2307 4336 (i)
2349 4263 2591 4320 Cominus
2659 4266 2713 4320 in
2764 4265 2988 4321 alienum
3039 4269 3416 4324 matrimonium
3478 4272 3764 4328 cecidisset.

2164 4335 2426 4390 Adultera
2449 4336 2656 4392 scilicet
2676 4337 2984 4393 concubitu.
3010 4337 3129 4395 th.
3810 4358 3816 4361 -

2238 4404 2333 4478 (ἕ)
2358 4405 2500 4462 δαιίε
2522 4407 2822 4476 periculose.
2875 4407 2996 4478 Ipse
3039 4411 3396 4467 Tertullianus
3423 4412 3519 4469 lib.
3543 4414 3610 4468 de
3639 4413 3764 4470 llo-

2169 4493 2291 4546 nog.
2315 4477 2464 4556 habet
2493 4494 2660 4556 secum
2706 4479 2865 4556 animi
2890 4479 3165 4556 ticeittiam,
3199 4485 3285 4553 qui
3325 4484 3498 4538 omnia
3536 4487 3762 4556 nomini,

2169 4563 2284 4623 qua;
2311 4565 2417 4623 non
2430 4547 2602 4623 liabet,
2626 4550 2932 4623 imaginario
2959 4551 3131 4623 [ructu
3156 4547 3503 4623 “praenatat.
3533 4555 3652 4613 ὡς.

2243 4617 2471 4698 (li)_S_ibi
2494 4617 2847 4698 representat._
2867 4621 2944 4677 Ex
2959 4617 3067 4698 hoc
3107 4617 3222 4680 loco
3245 4625 3434 4680 Petrus
3457 4625 3678 4698 Martyr,
3707 4637 3766 4684 et

2169 4689 2351 4744 caeteri
2381 4689 2619 4766 lueretici
2660 4691 2805 4745 aiunt
2833 4691 2934 4748 hoc
2961 4694 3180 4766 verbum
3213 4706 3509 4766 pauentem
3554 4689 3765 4754 eikibe-

2168 4776 2242 4836 re,
2267 4761 2407 4830 apud
2438 4761 2737 4836 Auctorem
2784 4778 2890 4818 non
2928 4761 3260 4829 signiﬁcare;
3299 4777 3459 4836 atque
3478 4767 3613 4823 adeo
3633 4785 3760 4825 cum

2167 4831 2242 4907 ait
2267 4830 2699 4907 pane_C|iristunt
2752 4848 2948 4903 corpus
2989 4850 3146 4890 sumn
3173 4830 3608 4907 repmsentasse,
3645 4855 3762 4898 non

2165 4901 2629 4976 itaqaccipiendum
2652 4912 2710 4957 ut
2732 4901 2966 4974 praesens
3002 4920 3197 4976 corpus
3226 4901 3503 4964 tradiderit
3536 4901 3758 4967 :verutn

2166 4971 2409 5051 httic_uni
2442 4971 2745 5028 sexcentos
2772 4990 3048 5051 opponere
3077 4971 3314 5051 possem,
3335 4980 3425 5034 ubi
3458 4992 3759 5051 primatem

2161 5045 2456 5115 remipsam
2485 5061 2736 5110 exponere
2765 5045 3046 5115 significat.
3079 5045 3316 5104 ’ALussr.

2232 5113 2294 5187 (i)
2313 5113 2394 5169 Et
2411 5125 2602 5187 temere
2623 5133 2713 5184 per
2728 5113 3057 5180 voluntatem.
3088 5120 3144 5175 In
3165 5121 3408 5178 eamdem
3429 5121 3754 5181 sententiam

2155 5184 2365 5242 dixerat
2401 5186 2646 5241 Juvenal.
2679 5196 2781 5241 sat.
2809 5188 2898 5243 15.

2275 5275 2378 5346 llas
2403 5289 2570 5346 pcenas
2594 5279 2774 5346 patitur
2808 5279 3041 5346 peccandi
3064 5279 3167 5346 sola
3180 5281 3435 5346 voluntas;

2276 5338 2582 5408 ﬁamjscelus
2595 5338 2734 5408 intra
2755 5338 2824 5391 se'
2836 5342 3036 5393 tacitum
3055 5345 3138 5408 qui
3161 5347 3343 5408 cogitat
3363 5338 3518 5398 ullum

2278 5399 2414 5452 Facti
2435 5403 2624 5454 crimen
2638 5402 2808 5453 habet.
3073 5399 3089 5408 ’
3184 5399 3295 5459 Bia.

2228 5484 2292 5558 (j)
2337 5486 2495 5558 Cujus
2519 5489 2792 5544 uoluntatis
2814 5505 2929 5544 cum
2957 5491 3032 5546 vis
3059 5501 3200 5546 tanta
3223 5494 3307 5559 sit,
3347 5511 3438 5549 cur
3475 5511 3577 5550 non
3606 5497 3752 5552 sola-

2155 5557 2280 5613 tium
2308 5557 2687 5634 sui’saturans,
2723 5577 2816 5630 pro
2846 5562 2984 5634 facto
3013 5563 3197 5630 cedat?
3221 5557 3311 5622 Sic
3337 5566 3506 5622 edidit
3534 5567 3752 5626 Rhena-

2155 5643 2278 5684 nus.
2299 5629 2408 5709 _Se_d
2437 5629 2768 5709 retinendam
2800 5629 2998 5709 céuseo
3033 5636 3234 5709 codicis
3280 5639 3484 5707 antiqui
3509 5640 3748 5709 scriptu-

2154 5714 2271 5754 ram
2299 5699 2623 5777 ltujttstnodi,
2644 5702 2814 5777 ‘Cujus
2856 5705 3131 5759 voluntatis
3174 5724 3287 5761 cum
3313 5710 3386 5761 vis
3413 5699 3554 5762 tanta
3572 5699 3661 5777 sit,
3692 5719 3750 5765 ut

2157 5788 2257 5827 non
2283 5773 2524 5831 solatium
2573 5774 2654 5831 sui
2682 5783 2919 5832 saturant
2968 5793 3061 5846 pro
3095 5780 3235 5850 facto
3277 5781 3443 5850 cedat,
3475 5796 3568 5852 pro
3607 5773 3755 5854 [acto
