4230 6256
469 369 612 428 1255

1687 365 1888 423 LIBER
1928 364 2016 423 DE
2053 365 2521 425 POENITEN‘TIA.
2963 373 2979 410 \

3633 380 3772 439 12M

471 497 530 544 ιιι
560 488 637 560 (Ι)
667 499 773 542 non
813 485 1058 542 solatium
1099 486 1180 544 sui
1207 490 1457 541 saturans
1488 483 1690 564 (a)jpro
1729 483 1869 540 facto
1889 483 2064 550 cedat,
2096 485 2147 544 A
2173 484 2366 555 quibus
2391 483 2712 541 offendimur
2734 486 2811 557 (3)
2844 501 2949 543 non
2985 486 3161 546 odisse
3198 489 3573 560 permittimus.
3596 491 3767 551 Obse-

471 597 599 653 ergo
626 583 904 650 plectetur.
938 579 1296 638 Vanissimum
1318 588 1401 636 est
1421 579 1624 645 dicere,
1652 579 1820 646 volui,
1852 594 1950 634 nec
1981 590 2063 639 ta-

469 688 594 730 men
621 672 740 728 feci.
792 671 996 744 Atquin
1045 673 1302 743 perficere
1347 671 1513 728 debes
1546 670 1670 742 quia
1691 671 1771 725 vis
1801 688 1816 725 :
1848 683 1940 726 aut
1966 685 2067 726 nec

469 761 629 830 velle,
671 765 795 836 quia
836 780 936 820 nec
975 766 1210 836 perﬁcis.
1251 765 1355 822 Sed
1413 766 1528 836 ipse
1575 765 1918 821 conscientia:
1961 773 2067 822 tua:

470 858 806 917 confessione
829 859 1164 928 pronuntias.
1191 858 1323 914 Nam
1344 859 1386 914 si
1406 859 1604 915 bonum
1628 859 2064 929 concupisceres,

467 949 726 1022 perficere
759 951 1052 1020 gestisses;
1081 965 1244 1022 porro
1278 951 1416 1006 sicut
1442 950 1640 1006 malum
1681 955 1788 1006 non
1829 950 2066 1021 perticis,

467 1059 569 1101 nec
591 1043 978 1114 concupiscere
1023 1044 1308 1101 debueras.
1348 1044 1566 1115 Quaqua
1591 1053 1642 1101 te
1672 1043 1752 1117 (2)
1777 1045 2066 1100 constitue-

467 1135 564 1203 ris,
590 1135 818 1191 crimine
845 1135 1178 1207 astringeris.
1202 1137 1324 1207 quia
1353 1146 1444 1192 aut
1473 1136 1670 1192 malum
1693 1135 1950 1206 volueris,
1978 1145 2070 1192 aut

467 1225 669 1283 bonum
697 1241 804 1282 non
831 1225 1228 1299 adimpleveris.

1081 1362 1309 1420 CAPUT
1348 1362 1437 1418 IV.

540 1495 798 1552 Omnibus
823 1511 951 1568 ergo
995 1495 1206 1554 delictis
1236 1497 1311 1572 (b)
1333 1513 1426 1554 seu
1454 1512 1616 1554 carne
1645 1540 1661 1567 ,
1701 1511 1799 1555 seu
1847 1498 2069 1570 spiritu,

469 1605 564 1646 seu
610 1591 784 1657 facto,
812 1606 906 1649 seu
939 1591 1215 1648 voluntate
1243 1593 1564 1658 commissis,
1600 1593 1690 1663 qui
1720 1607 1931 1662 poenam
1976 1607 2074 1662 per

465 1682 726 1752 judicium
759 1683 1077 1751 destinavit,
1127 1683 1266 1740 idem
1314 1694 1368 1741 et
1394 1685 1604 1740 veniam
1663 1699 1760 1755 per
1801 1685 2072 1755 poeniten-

471 1776 596 1836 tiam
635 1776 1148 1847 spopondit,diceus
1177 1777 1243 1832 ad
1272 1777 1524 1847 populum
1554 1796 1567 1832 :
1603 1776 1854 1833 Paenitcre
1881 1776 1987 1849 (5),
2022 1788 2068 1832 et

2170 577 2279 645 quii
2298 575 2439 631 enim
2458 577 2595 632 ratio
2612 577 2664 632 in
2683 578 3336 637 similitudineanimortun
3360 585 3646 640 constituta
3665 597 3768 642 est.

2172 667 2249 729 De
2279 667 2423 723 bono
2461 669 2790 739 pmnitentia:
2819 671 3186 728 enumerando
3209 713 3227 737 ,
3256 671 3444 728 dilfusa
3473 683 3528 730 et
3557 689 3653 746 per
3685 675 3767 749 (6)

2173 755 2277 814 hoc
2317 773 2510 830 magno
2555 761 2772 832 eloquio
2822 762 3206 819 committenda
3256 765 3480 820 materia
3533 775 3638 823 est.
3665 768 3773 825 Nos

2171 863 2300 906 vero
2326 865 2424 922 pro
2453 852 2651 907 nostris
2691 854 2950 924 angustiis
2977 870 3139 909 unum
3171 854 3536 912 inculcamus:
3567 857 3767 915 bonum

2171 953 2332 1015 atque
2359 945 2620 1015 optimum
2647 959 2788 1011 esse,
2817 945 2959 1018 quod
2987 946 3130 1004 Deus
3155 950 3409 1019 precepit
3438 948 3542 1024 (7).
3589 951 3772 1008 Auda-

2172 1036 2310 1090 ciam
2353 1037 2622 1103 existimo,
2665 1037 2733 1092 de
2777 1037 2916 1094 bono
2971 1037 3133 1094 divini
3178 1041 3430 1110 praecepti
3475 1041 3771 1112 disputare.

2173 1127 2358 1200 Neque
2377 1129 2519 1184 enim
2542 1129 2663 1201 quia
2692 1129 2887 1185 bonum
2917 1140 3017 1197 est,
3043 1131 3242 1188 idcirco
3270 1131 3574 1190 auscultare
3609 1133 3774 1191 debe-

2176 1234 2327 1285 mus;
2383 1218 2478 1276 sed
2519 1220 2642 1289 quia
2684 1220 2824 1277 Deus
2855 1220 2937 1294 (8)
2975 1222 3248 1292 praecepit.
3275 1222 3357 1278 Ad
3386 1222 3779 1282 exhibitioncm'

2175 1309 2440 1382 obsequii,
2491 1311 2638 1382 prior
2668 1320 2750 1367 est
2779 1313 3032 1382 majestas
3061 1313 3255 1369 divinae
3274 1315 3556 1386 potestatis
3581 1333 3593 1371 :
3625 1317 3775 1387 prior

2177 1412 2264 1462 est
2321 1404 2608 1459 auctoritas
2637 1404 2984 1475 imperantis,
3012 1420 3172 1476 quam
3215 1406 3416 1463 utilitas
3464 1407 3770 1464 servientis.

2178 1495 2384 1551 Bonum
2435 1504 2518 1551 est
2564 1497 2845 1562 poenitere,
2878 1497 3092 1552 annon?
3134 1495 3273 1565 Quid
3320 1499 3596 1554 rcvolvis?
3634 1500 3777 1556 Deus

2180 1588 2442 1662 praecipit.
2475 1590 2543 1645 At
2568 1591 2712 1646 enim
2743 1589 2824 1663 (9)
2872 1590 2962 1646 ille
2990 1605 3095 1646 non
3138 1592 3380 1662 praecipit
3408 1600 3651 1660 tantum;
3680 1593 3774 1648 sed

2178 1683 2338 1739 etiam
2363 1682 2626 1737 hortatur.
2658 1681 2848 1736 Invitat
2878 1681 3092 1755 (Ezech.
3121 1680 3378 1749 XXXIII,
3413 1683 3476 1739 il
3511 1681 3777 1755 )praemio

2177 1773 2403 1829 salutem
2435 1772 2578 1846 (10),
2611 1773 2820 1844 jurans,
2853 1772 3014 1828 etiam
3045 1773 3154 1827 vivo
3195 1774 3398 1839 dicens,
3427 1775 3574 1844 cupit
3624 1774 3774 1830 credi

468 1869 664 1923 salvum
690 1868 876 1940 faciam
909 1877 957 1923 te
986 1867 1199 1941 (Ezech.
1233 1869 1420 1934 XVIII,
1443 1871 1538 1937 2|,
1568 1868 1698 1940 23).
1731 1871 1799 1925 Et
1844 1869 2057 1936 iterum,
2093 1852 2142 1911 Β
2170 1864 2295 1920 sibi.
2326 1864 2372 1920 Ο
2430 1864 2613 1919 beatos
2650 1877 2749 1918 nos
2781 1861 2900 1934 (Il)
2927 1879 3152 1934 quorum
3203 1878 3392 1920 caussa
3424 1864 3566 1921 Deus
3588 1864 3770 1936 jurat!

480 1959 623 2024 Vivo,
650 1959 822 2032 inquit
843 1961 1121 2029 Dominus,
1142 1971 1188 2018 et
1209 1963 1552 2034 paenitentiam
1577 1963 1714 2017 malo
1740 1979 1894 2034 quam
1920 1980 2060 2017 moro

2166 1955 2211 2011 Ο
2262 1955 2620 2022 miserrimos,
2676 1954 2722 2009 si
2782 1969 2881 2009 nec
2919 1953 3122 2024 juranti
3190 1954 3420 2010 Domino
3471 1955 3772 2013 credimus!
3815 1939 3819 1943 ’

469 2061 587 2106 tem.
627 2051 768 2124 Ergo
814 2053 1132 2124 pmnitentia
1165 2055 1273 2109 vita
1309 2063 1391 2110 est
1449 2053 1543 2127 (c),
1573 2069 1695 2110 cum
1735 2054 2065 2126 praeponitur
2167 2048 2320 2118 Quod
2353 2049 2515 2120 igitur
2546 2048 2691 2104 Deus
2717 2056 2995 2118 tantopere
3034 2047 3408 2116 commendat,
3439 2049 3582 2119 quod
3611 2051 3771 2106 etiam

469 2142 650 2197 morti.
699 2141 833 2198 Eam
884 2153 940 2198 tu
987 2154 1260 2215 peccator,
1312 2145 1417 2200 mei
1461 2146 1654 2202 similis
1699 2147 1829 2218 (imo
1855 2161 1942 2203 me
1967 2147 2067 2201 mi-

469 2249 568 2288 nor
617 2232 720 2308 (ιι),
775 2249 875 2306 ego
919 2237 1064 2292 enim
1109 2238 1472 2308 praestantiam
1525 2238 1580 2294 in
1622 2237 1831 2295 delicds
1893 2247 2068 2294 meam

468 2328 751 2399 agnosco),
778 2327 850 2383 ita
878 2329 1090 2398 invade,
1111 2331 1180 2386 ita
1211 2332 1542 2402 amplexare,
1571 2341 1630 2388 ut
1649 2330 1938 2404 naufragus
1971 2332 2071 2387 ali-

468 2421 621 2491 cujus
657 2421 850 2477 tabulse
877 2422 1037 2480 [idem
1068 2423 1163 2496 (e).
1195 2425 1323 2481 Haec
1361 2437 1413 2482 te
1451 2437 1792 2498 peccatorum
1819 2427 2073 2484 fluctibus

466 2529 726 2580 mersum,
774 2515 1069 2585 prolevabit
1117 2518 1190 2589 (f)
1222 2517 1300 2590 (4)
1333 2528 1389 2574 et
1414 2520 1466 2575 in
1498 2530 1711 2591 portum
1737 2521 1932 2578 divinae
1960 2523 2071 2579 cle-

466 2609 682 2662 mentiar
713 2608 1014 2677 protelabit.
1047 2609 1197 2682 Rape
1221 2613 1558 2670 occasionem
1584 2615 1870 2687 in0pinatcc
1902 2615 2071 2672 felici-

469 2702 614 2768 tatis,
643 2712 703 2758 ut
724 2703 814 2759 ille
843 2713 897 2759 tu
927 2705 1062 2760 nihil
1100 2707 1368 2777 quondam
1398 2725 1565 2779 penes
1595 2711 1786 2780 Deum,
1836 2712 1936 2768 nisi
1968 2712 2072 2786 (Is.

467 2792 583 2861 XL,
609 2797 676 2852 15
699 2811 715 2859 ;
737 2795 926 2862 LXIV,
955 2797 1024 2864 8;
1053 2797 1193 2854 Dan.
1226 2799 1305 2866 II;
1353 2800 1448 2856 Ps.
1481 2801 1525 2868 I,
1558 2803 1624 2869 3;
1653 2802 1766 2860 Jer.
1793 2804 1940 2872 XIX,
1971 2807 2072 2873 II;

469 2888 661 2943 Matth.
695 2885 766 2942 IIl
795 2887 814 2957 )
843 2888 984 2942 stilla
1028 2891 1213 2958 situlaz,
1242 2902 1289 2947 et
1335 2909 1468 2948 area:
1517 2896 1684 2964 pulvis
1722 2905 1769 2950 et
1812 2899 2077 2952 vasculum

470 2982 636 3054 ﬁguli,
660 2981 820 3036 arbor
848 2981 1043 3038 exinde
1072 2984 1168 3041 tias
1191 2983 1299 3052 illa,
1333 3001 1452 3056 qua:
1481 3001 1643 3056 penes
1681 3004 1840 3060 aquas
1869 2989 2074 3055 seritur,

469 3083 518 3128 et
541 3073 592 3126 in
621 3071 760 3143 [aliis
790 3082 1056 3143 perennat,
1104 3083 1152 3128 et
1200 3083 1425 3146 tempore
1443 3093 1537 3134 suo
1564 3081 1762 3148 fructus
1800 3080 1924 3150 agit,
1955 3095 2074 3151 qua:

472 3179 579 3220 non
607 3165 796 3236 ignem,
824 3179 933 3220 non
977 3167 1194 3220 securim
1221 3166 1440 3224 videbit.
1491 3169 1754 3227 Pceniteat
1803 3186 2070 3238 errorum,

473 3269 690 3328 reperta
741 3258 1007 3324 veritate;
1048 3258 1308 3329 paeniteat
1339 3273 1552 3318 amasse
1602 3279 1721 3332 quae
1779 3263 1918 3319 Deus
1963 3279 2070 3320 non

2169 2141 2404 2198 humano
2431 2155 2584 2197 more
2609 2140 2710 2196 sub
2749 2139 3083 2209 dejeratione
3138 2148 3384 2206 testatur,
3427 2154 3637 2197 summa
3667 2144 3772 2198 uti-

2172 2249 2276 2303 que
2299 2233 2563 2304 gravitate
2593 2241 2649 2289 et
2687 2230 2902 2302 aggredi
2931 2239 2986 2286 et
3022 2230 3293 2287 custodire
3320 2231 3600 2300 debemus,
3633 2233 3770 2289 utin

2175 2328 2573 2399 asseveratione
2622 2325 2821 2381 divinae
2849 2325 3037 2395 gratia:
3068 2333 3468 2396 permanentes,
3502 2325 3554 2380 in
3602 2325 3774 2382 fructu

2175 2435 2389 2493 quoque
2413 2420 2531 2490 ejus
2550 2427 2603 2476 et
2631 2417 2995 2475 emolumento
3023 2416 3250 2488 proinde
3277 2430 3624 2489 perseverare
3654 2431 3778 2489 pos-

2176 2514 2363 2570 simus.

2795 2604 3024 2661 CAPUT
3065 2605 3128 2660 V.

2252 2705 2363 2763 Hoc
2387 2703 2530 2762 enim
2561 2703 2703 2768 dico,
2735 2701 3103 2774 paenitentiam
3132 2715 3252 2773 quae
3277 2715 3373 2772 per
3411 2700 3506 2758 Dei
3546 2701 3771 2774 gratiam

2178 2807 2396 2856 ostensa
2433 2807 2488 2853 et
2537 2795 2735 2852 indicta
2783 2795 2959 2862 nobis,
3020 2795 3073 2850 in
3122 2792 3348 2862 gratiam
3393 2809 3493 2850 nos
3549 2795 3776 2850 Domino

2179 2897 2418 2955 revocat,
2471 2887 2640 2944 semel
2661 2887 2930 2958 cognitam
2963 2894 3123 2956 atque
3169 2893 3472 2957 susceptam
3501 2901 3775 2958 nunquam

2181 2991 2303 3053 post
2353 2981 2457 3038 hoc
2483 2980 2767 3036 iteratione
2817 2979 3000 3034 delicti
3049 2978 3309 3050 resignari
3354 2979 3468 3050 (12)
3500 2989 3772 3050 oportere.

2179 3074 2297 3131 Jam
2317 3073 2533 3146 quidem
2584 3071 2786 3128 nullum
2840 3071 3154 3142 ignorantia:
3189 3079 3504 3143 prrctextum
3553 3071 3634 3144 (g)
3683 3073 3776 3129 tibi

2177 3167 2564 3239 patrocinatur,
2595 3165 2737 3236 quod
2769 3164 2995 3220 Domino
3020 3165 3201 3235 agnito
3244 3165 3629 3237 prteeeptisque
3660 3165 3779 3236 ejus

2179 3262 2452 3327 admissis,
2505 3260 2739 3330 denique
2786 3258 3095 3328 pmoitcntia
3169 3257 3486 3314 delictorum
3540 3258 3778 3326 functus,

473 3357 641 3418 amat,
668 3348 882 3421 quando
908 3364 974 3406 ne
995 3364 1093 3406 nos
1117 3350 1332 3422 quidem
1362 3352 1464 3423 ipsi
1492 3354 1719 3410 servulis
1756 3355 1954 3410 nostris
2005 3369 2070 3410 ea
2171 3369 2359 3412 rursus
2398 3355 2525 3410 tein
2554 3353 2748 3409 delicta
2773 3351 3010 3408 restituis
3040 3351 3158 3422 (l3)
3189 3350 3292 3423 (h).
3332 3350 3406 3408 Ita
3438 3352 3490 3408 in
3520 3363 3776 3423 quantum

1712 3446 2092 3508 LECTIONES
2134 3446 2546 3504 VARIANTES.

539 3536 617 3655 lii
637 3535 966 3650 ίέἒὲῖιὲἔὲἑῖξ
989 3534 1360 3651 ﬂigi?“

567 3599 617 3651 ἒ)
651 3599 966 3650 Converteris
989 3599 1142 3649 Latin.
1169 3599 1292 3651 luit.

477 3672 482 3678 '
543 3661 619 3721 (3)
642 3661 887 3711 Pamiteat
909 3667 961 3710 te
989 3672 1171 3712 W‘ouw.
1198 3665 1269 3713 Μ.
1296 3664 1352 3713 S.

570 3722 620 3791 ξ)
644 3722 923 3791 Berlavabit
945 3724 1161 3791 Franeq.

567 3782 618 3836 5i
644 3785 796 3833 Nosse
826 3782 970 3835 Rhea.
993 3782 1137 3836 male:

567 3847 596 3894 6
644 3847 740 3895 Pro
761 3849 880 3896 Jun.

544 3843 620 3973 l7I
644 3908 874 3973 Praecipit.

644 3908 874 3974 Praecipit.
897 3909 1048 3960 Fran.
1079 3909 1245 3962 Paris.
1272 3909 1382 3978 Rig.

2263 3544 2293 3592 8
2333 3536 2764 3612 Praecipitjtigalt.

2263 3605 2294 3655 9
2339 3603 2506 3654 Atdlle
2529 3607 2638 3668 Rtg.
2755 3662 2764 3673 Ι

2269 3669 2287 3716 1
2370 3665 2551 3716 Salutis
2572 3667 2682 3716 Pet.
2708 3663 2764 3715 Ct

2269 3730 2319 3778 ll
2372 3728 2472 3778 Nos
2493 3728 2663 3779 omittit
2685 3729 2764 3778 Set

2270 3791 2327 3839 12
2373 3789 2647 3853 Resignare
2679 3797 2764 3838 Ver

2270 3853 2327 3903 15
2375 3850 2764 3916 Ita...Le0p.Re

2269 3669 2287 3716 I

2339 3601 2667 3673 Atdlle
2717 3662 2765 3673 Δ.
2921 3660 2932 3673 ⁸

2370 3665 2551 3732 Salutis
2572 3662 2682 3732 Pet.
2695 3662 2991 3732 piat-canitis
3013 3676 3030 3726 ;
3053 3664 3211 3716 salute
3229 3663 3339 3732 Rig.

2269 3725 2348 3779 ill
2372 3728 2472 3778 Nos
2493 3728 2663 3779 omittit
2685 3725 2834 3778 Seml.

2270 3789 2350 3902 12)
2373 3789 2647 3853 Resignare
2679 3794 2844 3864 Venet.

2270 3853 2327 3902 15
2375 3853 2506 3902 Ita...
2527 3853 2668 3902 ιθου.
2694 3850 2844 3902 Resttl

2375 3849 2668 3916 Ita...'Le0p.
2694 3850 2951 3902 Restitues
2974 3850 3122 3902 Seml.
3149 3851 3302 3902 Fran.
3316 3849 3482 3903 Paris.
3510 3850 3620 3918 Rig.

2330 3666 2350 3918 ξ

1843 3972 2404 4037 COMMENTARIUS.

486 4085 602 4141 ergo
623 4071 883 4140 plectatur.
932 4068 1023 4125 Sic
1045 4079 1220 4126 autem
1267 4071 1589 4140 interpretor
1620 4088 1632 4125 :
1665 4069 1764 4140 Qui
1794 4071 2072 4128 fteminam
2177 4074 2388 4140 bantur,
2419 4083 2476 4129 ut
2497 4075 2698 4129 Auctor
2726 4073 2789 4128 de
2816 4071 3025 4136 Pudic.,
3047 4071 3111 4125 D.
3135 4069 3322 4142 Cypr.,
3341 4070 3688 4142 autqﬁuisquis
3718 4070 3782 4126 li-

485 4155 759 4214 non‘suam
791 4150 1008 4214 aspectu
1040 4143 1490 4212 concupiscentia:
1511 4144 1862 4214 contaminat,
1888 4145 2076 4214 imagi-

2178 4145 2376 4201 bellum
2423 4144 2486 4199 de
2519 4144 2721 4198 Pedum
2770 4144 3040 4197 Ablutione
3091 4141 3244 4196 nobis
3271 4141 3437 4205 dedit,
3472 4141 3698 4198 llermes
3726 4151 3784 4198 et

489 4210 634 4266 uaria
655 4211 939 4280 voluptatis
962 4210 1243 4281 prmsentia
1269 4216 1449 4268 animo
1464 4213 1604 4280 quod
1624 4215 1947 4281 concupivit,
1962 4210 2074 4282 jam
2176 4216 2420 4270 Justinus
2461 4214 2732 4268 affirmant
2763 4230 2778 4268 :
2809 4213 3156 4282 quamobrem
3201 4212 3274 4268 ait
3326 4213 3776 4270 catechumenum

486 4283 785 4338 moechatus
801 4291 884 4337 est
909 4283 960 4336 in
975 4283 1138 4338 corde
1167 4299 1286 4338 suo.
1321 4285 1450 4338 .Iure
1480 4284 1639 4352 igitur
1654 4285 1900 4337 voluntas
1921 4285 2076 4352 cujus
2180 4287 2357 4340 minus
2384 4300 2443 4339 se
2469 4298 2743 4352 peccasse.
2768 4282 2996 4336 Amasr.

487 4362 631 4408 tanta
663 4353 743 4408 vis
782 4361 891 4412 est.
921 4363 977 4406 ut
1009 4369 1102 4422 pcr
1124 4355 1292 4422 ipsam
1321 4354 1529 4407 animus
1570 4355 1880 4422 imaginario
1903 4353 2076 4408 fructu

489 4424 807 4495 delectetur,
824 4439 923 4493 pro
947 4423 1259 4487 factocedit.
1279 4433 1332 4478 et
1351 4439 1449 4495 pro
1465 4424 1602 4477 facto
1620 4423 1888 4492 plectitur.
1917 4424 2036 4479 me.

2257 4353 2338 4428 (e)
2381 4351 2612 4423 Alicujus
2642 4353 2846 4428 tabulaz.
2878 4351 3103 4428 Quando
3124 4353 3275 4428 aiunt
3303 4353 3488 4428 Patres
3510 4356 3778 4428 poeniten—

2185 4423 2456 4480 tiam'esse
2476 4423 2766 4478 secundam
2798 4433 2917 4492 post
2940 4423 3270 4494 naufragium
3312 4423 3568 4488 tabulam,
3601 4427 3669 4482 de
3695 4443 3782 4482 sc-

686 4495 945 4549 Sutatium
986 4496 1064 4548 sui
1091 4493 1604 4549 saturans.‘Anirmis
1636 4511 1729 4566 per
1750 4495 2079 4566 voluntatem
2109 4506 2164 4566 1)
2189 4495 2362 4552 cunda
2391 4503 2446 4550 et
2476 4503 2597 4566 post
2625 4493 2948 4564 baptismum
2978 4493 3288 4566 pcenitentia
3309 4495 3360 4549 id
3383 4495 3778 4566 accipiendum,

590 4512 614 4547 τι

566 4494 642 4620 (:2
686 4495 945 4549 Salutium
986 4496 1064 4548 sui
1091 4494 1604 4549 saturans.Animus
1636 4511 1729 4562 per
1750 4495 2079 4550 voluntatem

492 4581 594 4636 apu
662 4567 899 4634 seipsum
931 4566 1054 4621 fecit
1080 4576 1134 4620 et
1160 4565 1384 4635 adeptus
1404 4574 1490 4620 est
1510 4565 1878 4636 quodilibuit;
1907 4566 2087 4636 itaque

494 4639 598 4692 hoc
640 4637 751 4707 jam
784 4637 976 4692 [ruitur
1003 4647 1057 4691 et
1107 4645 1375 4692 saturatur
1411 4636 1630 4690 solatio.
1659 4635 1793 4691 Nam
1837 4635 1978 4707 quod
1997 4652 2088 4692 su-

494 4717 678 4780 pcrest
704 4723 812 4780 non
833 4718 915 4762 cst
943 4709 1124 4780 animi,
1151 4707 1244 4780 sed
1274 4709 1536 4780 corporis.
1567 4709 1681 4764 th.

565 4779 718 4834 CAP.
748 4778 999 4851 IV.—(h)
1026 4779 1272 4851 Omnibus
1302 4795 1422 4850 ergo
1449 4778 1666 4833 delictis.
1693 4778 1770 4834 De
1785 4779 1954 4849 prima
1983 4794 2089 4849 pm-

496 4851 721 4906 nilentia
755 4850 1006 4920 loquitur,
1035 4850 1176 4921 quod
1200 4865 1303 4904 non
1335 4851 1767 4905 animadvertens
1798 4851 2088 4917 Pamelius,

498 4924 681 4976 nescio
700 4921 828 4992 quid
860 4922 1055 4986 turbat,
1074 4930 1164 4976 aut
1189 4936 1285 4975 cur
1309 4921 1533 4992 primam
1556 4935 1676 4975 cum
1703 4923 1938 4992 secunda
1962 4937 2093 4992 con-

498 4993 666 5046 fundit
688 5009 701 5055 ;
720 4987 852 5046 nam
881 5008 1102 5047 necesse
1122 5002 1206 5048 est
1232 4987 1360 5046 mihi
1379 4991 1490 5053 det.
1521 4991 1623 5048 hoc
1641 4991 1771 5047 nihil
1803 5009 1902 5061 pro
1923 4987 2090 5062 parti-

497 5063 666 5117 culari
690 5064 1000 5131 poenitentia
1030 5062 1226 5128 facere,
1259 5071 1420 5133 atque
1440 5062 1575 5118 adeo
1603 5078 1702 5134 pro
1727 5065 2089 5130 confessione,

500 5141 557 5187 et
574 5134 894 5206 remissione
915 5137 1152 5190 omnium
1185 5143 1548 5204 peccatorum,
1579 5150 1700 5189 cum
1730 5134 1797 5190 de
1825 5136 1992 5206 prima
2025 5136 2096 5189 sit

497 5205 725 5270 mentio,
768 5206 893 5276 quia
950 5220 1109 5261 nemo
1150 5207 1367 5275 inquam
1409 5207 1625 5276 negavit
1662 5205 1841 5261 omnia
1870 5206 2093 5261 omnino

500 5284 716 5346 peccata
747 5275 934 5331 deleri.
969 5279 1197 5331 ALBASP.

575 5345 654 5418 (ο)
689 5345 824 5416 Ergo
855 5347 1161 5414 paenitentia:
1203 5348 1304 5402 vita
1350 5356 1442 5403 est.
1494 5347 1586 5402 Ait
1631 5346 1924 5415 Dominus,
1975 5346 2096 5403 Pae-

501 5417 768 5490 nitentiam
844 5418 980 5490 male
1012 5434 1200 5490 (quam
1259 5429 1515 5490 mortem;
1568 5433 1847 5490 opponens
1918 5420 2095 5490 ρωπί-

504 5489 744 5561 tentiam
784 5489 967 5561 morti.
997 5489 1136 5558 Quid
1175 5499 1353 5545 autem
1401 5489 1582 5545 verius
1617 5489 1906 5561 opponitur
1926 5489 2096 5545 morti

490 5574 668 5640 ’quam
697 5559 848 5615 vita?
874 5559 1017 5633 Ergo
1041 5561 1286 5633 opposita
1316 5562 1477 5616 morti
1496 5559 1832 5687 munit—entia,
1859 5561 1967 5616 vita
1992 5569 2096 5617 est.

1813 5647 1884 5687 IG.

1813 5647 1884 5689 lGo

582 5700 667 5774 (d)
695 5701 812 5756 Ima
853 5719 934 5758 me
962 5705 1147 5759 minor.
1178 5702 1442 5774 Quidquid
1483 5710 1606 5759 ante
1648 5703 1918 5758 lavacrum
1945 5717 2098 5760 com-

508 5783 824 5829 meruerant
844 5775 1213 5831 eatechumeni
1244 5786 1336 5829 aut
1377 5775 1632 5837 fecerant.
1664 5775 1716 5828 id
1755 5789 1915 5830 omne
1952 5784 2102 5830 natu-

511 5858 590 5899 rae
617 5845 788 5916 magis
813 5846 1014 5917 impetu
1065 5861 1225 5919 quam
1273 5845 1547 5904 voluntate
1599 5845 1790 5904 fecisse
1820 5847 2100 5904 existima-

2194 4582 2303 4622 non
2327 4566 2396 4622 de
2426 4565 2618 4636 prima,
2647 4579 2767 4635 quae
2793 4574 3032 4620 uouerat
3073 4565 3330 4630 secunda,
3377 4565 3472 4622 sed
3501 4569 3670 4637 prima
3699 4578 3780 4622 ta-

2196 4639 2348 4695 bula.
2375 4637 2818 4706 ALa.—-Alicujus
2840 4636 3046 4691 tabula.
3076 4637 3289 4706 Optime
3311 4636 3518 4692 monuit
3543 4638 3786 4707 Albaspi-

2197 4724 2328 4765 neus
2355 4707 2646 4762 secundam
2679 4708 2913 4761 tabulam
2954 4707 3059 4761 dici
3107 4717 3336 4762 tantum‘
3367 4707 3436 4762 de
3465 4709 3781 4778 poenitentia

2195 4780 2429 4835 secunda
2453 4795 2551 4835 seu
2587 4787 2706 4848 post
2731 4779 3052 4850 baptismum
3093 4788 3361 4850 suscepta.
3389 4779 3566 4835 Prima
3588 4781 3787 4850 quippe

2199 4851 2515 4922 pmnitentia
2566 4865 2669 4920 qua
2722 4848 2908 4922 ﬁdeles
2957 4848 3284 4922 accedebant
3337 4848 3782 4922 adﬁbaptismu'm

2194 4919 2596 4991 suscipiendum
2649 4922 2797 4976 navis
2843 4919 3141 4986 dicebatur,
3186 4936 3289 4991 qua
3343 4919 3550 4976 scilicet
3576 4921 3739 4976 fracta
3769 4961 3785 4984 ,

2195 4992 2427 5050 secunda
2453 4992 2764 5063 ptenitentia
2791 5005 2889 5046 ceu
2919 4991 3094 5047 tabula
3127 4993 3177 5047 in
3226 4991 3508 5118 naufrlagitii,
3529 4993 3795 5048 restabat.

3417 5081 3446 5118 ε
3515 5081 3568 5118 n.

3417 5081 3446 5118 ε
3473 5067 3568 5118 Pa.

2196 5208 2231 5263 b
2269 5132 2690 5261 (DRProIevabit.
2721 5133 2811 5190 Sic
2863 5131 3061 5204 legitur
3102 5133 3155 5188 in
3185 5134 3417 5206 antiquis
3456 5133 3780 5206 exemplari-

2235 5223 2317 5262 us.
2399 5223 2468 5263 ιο.

2235 5223 2317 5262 IIS.
2351 5223 2468 5264 κιο.

2269 5277 2420 5351 CAP.
2447 5277 2586 5351 V._-—
2602 5275 2682 5351 (g)
2721 5276 3037 5351 Ignorantia:
3063 5284 3383 5351 praetextum.
3412 5275 3648 5351 Gentiles
3678 5275 3795 5351 sive

2199 5349 2479 5404 audientes
2509 5347 2984 5405 hac'una’ratioue
3003 5347 3234 5418 peccatis
3262 5349 3375 5404 suis
3413 5347 3614 5418 ignosci
3638 5348 3792 5403 vole-

2201 5420 2350 5486 bant,
2371 5421 2510 5491 quod
2535 5419 2661 5491 quid
2682 5420 2942 5491 Optimum
2965 5416 3109 5474 e35et
3133 5416 3276 5475 factu
3295 5416 3627 5491 ignorassent
3651 5434 3793 5491 :Aqua

2199 5489 2639 5548 exeusa’tione'iis
2669 5507 2775 5545 non
2821 5490 3006 5546 liceret
3044 5491 3118 5544 uti
3165 5493 3255 5558 qui
3287 5489 3483 5547 Christi
3523 5489 3794 5546 mandatis

2200 5562 2391 5617 imbuti
2412 5570 2614 5628 essent,
2646 5561 2786 5617 unde
2810 5560 2974 5632 etiam
3010 5562 3276 5617 constabit
3301 5572 3469 5616 totum
3501 5561 3604 5616 hoc
3633 5570 3796 5632 caput

2200 5633 2267 5687 ad
2289 5633 2566 5689 audientes
2585 5640 2641 5688 et
2668 5631 3080 5688 catechumenos
3111 5631 3397 5702 pertinere.
3419 5633 3646 5688 ALBASP.

2274 5701 2360 5776 (ὴ)
2391 5703 2588 5759 Rursus
2613 5712 2660 5757 te
2713 5705 2765 5757 in
2794 5703 2978 5776 delicta
3006 5701 3247 5776 restituis.
3296 5703 3653 5776 Stultissimus
3701 5701 3793 5772 qui

2202 5773 2448 5846 pugnans
2468 5776 2723 5830 adversus
2754 5775 2966 5846 propria
2992 5775 3296 5844 commoda,
3323 5775 3444 5832 etin
3461 5773 3790 5833 deteriorem

2203 5845 2401 5904 elatum
2435 5847 2642 5904 restitui
2664 5846 2920 5917 postulas.
2952 5845 3078 5902 llic.
