  <div class='ocr_page' id='page_1' title='image "/cluster/home/n/w/nwhite01/storage/ocr_20150623/1/hvd.32044054128335/641.png"; bbox 0 0 4230 6256; ppageno 0'>
   <div class='ocr_carea' id='block_1_1' title="bbox 550 338 688 400">
    <p class='ocr_par' dir='ltr' id='par_1_1' title="bbox 550 338 688 400">
     <span class='ocr_line' id='line_1_1' title="bbox 550 338 688 400; baseline -0.007 -2"><span class='ocrx_word' id='word_1_1' title='bbox 550 343 572 398; x_wconf 79' lang='grc'><strong>1</strong></span> <span class='ocrx_word' id='word_1_2' title='bbox 584 338 688 400; x_wconf 70' lang='lat'><strong>259</strong></span> 
     </span>
    </p>
   </div>
   <div class='ocr_carea' id='block_1_2' title="bbox 1967 322 2430 383">
    <p class='ocr_par' dir='ltr' id='par_1_2' title="bbox 1967 322 2430 383">
     <span class='ocr_line' id='line_1_2' title="bbox 1967 322 2430 383; baseline -0.004 0"><span class='ocrx_word' id='word_1_3' title='bbox 1967 322 2430 383; x_wconf 78' lang='lat' dir='ltr'><strong>TERTULLIANI</strong></span> 
     </span>
    </p>
   </div>
   <div class='ocr_carea' id='block_1_3' title="bbox 3710 320 3869 379">
    <p class='ocr_par' dir='ltr' id='par_1_3' title="bbox 3710 320 3869 379">
     <span class='ocr_line' id='line_1_3' title="bbox 3710 320 3869 379; baseline 0.025 -4"><span class='ocrx_word' id='word_1_4' title='bbox 3710 320 3869 379; x_wconf 61' lang='lat'><strong>1240</strong></span> 
     </span>
    </p>
   </div>
   <div class='ocr_carea' id='block_1_4' title="bbox 527 435 3868 527">
    <p class='ocr_par' dir='ltr' id='par_1_4' title="bbox 527 435 3868 527">
     <span class='ocr_line' id='line_1_4' title="bbox 527 435 3868 527; baseline -0.005 -18"><span class='ocrx_word' id='word_1_5' title='bbox 527 463 641 523; x_wconf 78' lang='lat' dir='ltr'><strong>get</strong></span> <span class='ocrx_word' id='word_1_6' title='bbox 684 453 758 527; x_wconf 84' lang='lat' dir='ltr'><strong>(k)</strong></span> <span class='ocrx_word' id='word_1_7' title='bbox 815 465 940 522; x_wconf 86' lang='lat' dir='ltr'><strong>ergo</strong></span> <span class='ocrx_word' id='word_1_8' title='bbox 986 450 1182 505; x_wconf 89' lang='lat' dir='ltr'><strong>invitus</strong></span> <span class='ocrx_word' id='word_1_9' title='bbox 1231 445 1356 503; x_wconf 80' lang='lat' dir='ltr'><strong>facit</strong></span> <span class='ocrx_word' id='word_1_10' title='bbox 1401 443 1565 516; x_wconf 88' lang='lat' dir='ltr'><strong>:quis</strong></span> <span class='ocrx_word' id='word_1_11' title='bbox 1601 442 1746 501; x_wconf 86' lang='lat' dir='ltr'><strong>enim</strong></span> <span class='ocrx_word' id='word_1_12' title='bbox 1781 437 1860 513; x_wconf 83' lang='grc'><strong>(1)</strong></span> <span class='ocrx_word' id='word_1_13' title='bbox 1887 439 2226 512; x_wconf 78' lang='lat' dir='ltr'><strong>pcrmittitA</strong></span> <span class='ocrx_word' id='word_1_14' title='bbox 2251 446 2441 509; x_wconf 90' lang='lat' dir='ltr'><strong>optare</strong></span> <span class='ocrx_word' id='word_1_15' title='bbox 2471 435 2844 493; x_wconf 90' lang='lat' dir='ltr'><strong>intinctionem</strong></span> <span class='ocrx_word' id='word_1_16' title='bbox 2869 474 2884 502; x_wconf 89' lang='lat'><strong>,</strong></span> <span class='ocrx_word' id='word_1_17' title='bbox 2927 449 3034 490; x_wconf 90' lang='lat' dir='ltr'><strong>non</strong></span> <span class='ocrx_word' id='word_1_18' title='bbox 3085 447 3417 506; x_wconf 70' lang='lat' dir='ltr'><strong>praesumere</strong></span> <span class='ocrx_word' id='word_1_19' title='bbox 3463 440 3697 506; x_wconf 83' lang='lat' dir='ltr'><strong>oportet.</strong></span> <span class='ocrx_word' id='word_1_20' title='bbox 3750 436 3868 503; x_wconf 82' lang='lat' dir='ltr'><strong>Qui</strong></span> 
     </span>
    </p>
   </div>
   <div class='ocr_carea' id='block_1_5' title="bbox 549 533 2147 621">
    <p class='ocr_par' dir='ltr' id='par_1_5' title="bbox 549 533 2147 621">
     <span class='ocr_line' id='line_1_5' title="bbox 549 533 2147 621; baseline -0.009 -17"><span class='ocrx_word' id='word_1_21' title='bbox 549 561 962 621; x_wconf 80' lang='lat' dir='ltr'><strong>permansurum</strong></span> <span class='ocrx_word' id='word_1_22' title='bbox 995 543 1069 611; x_wconf 98' lang='lat' dir='ltr'><strong>id,</strong></span> <span class='ocrx_word' id='word_1_23' title='bbox 1101 541 1245 614; x_wconf 89' lang='lat' dir='ltr'><strong>quod</strong></span> <span class='ocrx_word' id='word_1_24' title='bbox 1291 538 1538 596; x_wconf 87' lang='lat' dir='ltr'><strong>tribuerit</strong></span> <span class='ocrx_word' id='word_1_25' title='bbox 1577 535 1818 593; x_wconf 87' lang='lat' dir='ltr'><strong>invitus?</strong></span> <span class='ocrx_word' id='word_1_26' title='bbox 1865 535 1980 591; x_wconf 86' lang='lat' dir='ltr'><strong>Non</strong></span> <span class='ocrx_word' id='word_1_27' title='bbox 2001 533 2147 592; x_wconf 90' lang='lat' dir='ltr'><strong>enim</strong></span> 
     </span>
    </p>
   </div>
   <div class='ocr_carea' id='block_1_6' title="bbox 527 627 2148 710">
    <p class='ocr_par' dir='ltr' id='par_1_6' title="bbox 527 627 2148 710">
     <span class='ocr_line' id='line_1_6' title="bbox 527 627 2148 710; baseline -0.008 -13"><span class='ocrx_word' id='word_1_28' title='bbox 527 641 704 696; x_wconf 75' lang='lat' dir='ltr'><strong>.multi</strong></span> <span class='ocrx_word' id='word_1_29' title='bbox 744 650 928 710; x_wconf 89' lang='lat' dir='ltr'><strong>postea</strong></span> <span class='ocrx_word' id='word_1_30' title='bbox 983 635 1281 694; x_wconf 82' lang='lat' dir='ltr'><strong>excidunt?</strong></span> <span class='ocrx_word' id='word_1_31' title='bbox 1311 649 1416 690; x_wconf 93' lang='lat' dir='ltr'><strong>non</strong></span> <span class='ocrx_word' id='word_1_32' title='bbox 1462 648 1492 688; x_wconf 92' lang='lat' dir='ltr'><strong>a</strong></span> <span class='ocrx_word' id='word_1_33' title='bbox 1538 631 1721 688; x_wconf 90' lang='lat' dir='ltr'><strong>multis</strong></span> <span class='ocrx_word' id='word_1_34' title='bbox 1767 630 1968 686; x_wconf 87' lang='lat' dir='ltr'><strong>donum</strong></span> <span class='ocrx_word' id='word_1_35' title='bbox 2018 627 2148 684; x_wconf 91' lang='lat' dir='ltr'><strong>illud</strong></span> 
     </span>
    </p>
   </div>
   <div class='ocr_carea' id='block_1_7' title="bbox 549 722 2148 799">
    <p class='ocr_par' dir='ltr' id='par_1_7' title="bbox 549 722 2148 799">
     <span class='ocr_line' id='line_1_7' title="bbox 549 722 2148 799; baseline -0.009 -9"><span class='ocrx_word' id='word_1_36' title='bbox 549 733 830 790; x_wconf 76' lang='lat' dir='ltr'><strong>aufertur?</strong></span> <span class='ocrx_word' id='word_1_37' title='bbox 866 731 926 786; x_wconf 84' lang='lat' dir='ltr'><strong>Ili</strong></span> <span class='ocrx_word' id='word_1_38' title='bbox 951 739 1079 787; x_wconf 91' lang='lat' dir='ltr'><strong>sunt</strong></span> <span class='ocrx_word' id='word_1_39' title='bbox 1105 729 1334 795; x_wconf 89' lang='lat' dir='ltr'><strong>scilicet,</strong></span> <span class='ocrx_word' id='word_1_40' title='bbox 1381 728 1470 799; x_wconf 90' lang='lat' dir='ltr'><strong>qui</strong></span> <span class='ocrx_word' id='word_1_41' title='bbox 1501 727 1788 796; x_wconf 92' lang='lat' dir='ltr'><strong>obrepunt,</strong></span> <span class='ocrx_word' id='word_1_42' title='bbox 1834 723 1928 794; x_wconf 90' lang='lat' dir='ltr'><strong>qui</strong></span> <span class='ocrx_word' id='word_1_43' title='bbox 1973 722 2148 793; x_wconf 65' lang='grc' dir='ltr'><strong>νωιιί-</strong></span> 
     </span>
    </p>
   </div>
   <div class='ocr_carea' id='block_1_8' title="bbox 547 813 2147 893">
    <p class='ocr_par' dir='ltr' id='par_1_8' title="bbox 547 813 2147 893">
     <span class='ocr_line' id='line_1_8' title="bbox 547 813 2147 893; baseline -0.006 -14"><span class='ocrx_word' id='word_1_44' title='bbox 547 825 733 882; x_wconf 66' lang='lat' dir='ltr'><strong>tentia:</strong></span> <span class='ocrx_word' id='word_1_45' title='bbox 797 822 958 879; x_wconf 87' lang='lat' dir='ltr'><strong>ﬁdem</strong></span> <span class='ocrx_word' id='word_1_46' title='bbox 1024 819 1262 893; x_wconf 82' lang='lat' dir='ltr'><strong>aggressi</strong></span> <span class='ocrx_word' id='word_1_47' title='bbox 1307 820 1406 891; x_wconf 91' lang='lat' dir='ltr'><strong>(a),</strong></span> <span class='ocrx_word' id='word_1_48' title='bbox 1463 833 1627 889; x_wconf 87' lang='lat' dir='ltr'><strong>super</strong></span> <span class='ocrx_word' id='word_1_49' title='bbox 1670 831 1862 882; x_wconf 89' lang='lat' dir='ltr'><strong>arenas</strong></span> <span class='ocrx_word' id='word_1_50' title='bbox 1926 813 2147 870; x_wconf 92' lang='lat' dir='ltr'><strong>domum</strong></span> 
     </span>
    </p>
   </div>
   <div class='ocr_carea' id='block_1_9' title="bbox 549 908 2144 985">
    <p class='ocr_par' dir='ltr' id='par_1_9' title="bbox 549 908 2144 985">
     <span class='ocr_line' id='line_1_9' title="bbox 549 908 2144 985; baseline -0.008 -9"><span class='ocrx_word' id='word_1_51' title='bbox 549 919 809 976; x_wconf 76' lang='lat' dir='ltr'><strong>ruituram</strong></span> <span class='ocrx_word' id='word_1_52' title='bbox 851 916 1139 973; x_wconf 85' lang='lat' dir='ltr'><strong>collocant.</strong></span> <span class='ocrx_word' id='word_1_53' title='bbox 1181 914 1359 971; x_wconf 85' lang='lat' dir='ltr'><strong>Nemo</strong></span> <span class='ocrx_word' id='word_1_54' title='bbox 1380 929 1507 985; x_wconf 88' lang='lat' dir='ltr'><strong>ergo</strong></span> <span class='ocrx_word' id='word_1_55' title='bbox 1555 912 1656 968; x_wconf 85' lang='lat' dir='ltr'><strong>sibi</strong></span> <span class='ocrx_word' id='word_1_56' title='bbox 1694 910 1963 975; x_wconf 90' lang='lat' dir='ltr'><strong>aduletur,</strong></span> <span class='ocrx_word' id='word_1_57' title='bbox 2019 908 2144 980; x_wconf 90' lang='lat' dir='ltr'><strong>quia</strong></span> 
     </span>
    </p>
   </div>
   <div class='ocr_carea' id='block_1_10' title="bbox 549 1003 2144 1080">
    <p class='ocr_par' dir='ltr' id='par_1_10' title="bbox 549 1003 2144 1080">
     <span class='ocr_line' id='line_1_10' title="bbox 549 1003 2144 1080; baseline -0.006 -13"><span class='ocrx_word' id='word_1_58' title='bbox 549 1014 691 1068; x_wconf 91' lang='lat' dir='ltr'><strong>inter</strong></span> <span class='ocrx_word' id='word_1_59' title='bbox 711 1011 1013 1067; x_wconf 88' lang='lat' dir='ltr'><strong>auditorum</strong></span> <span class='ocrx_word' id='word_1_60' title='bbox 1041 1009 1286 1065; x_wconf 89' lang='lat' dir='ltr'><strong>tirocinia</strong></span> <span class='ocrx_word' id='word_1_61' title='bbox 1306 1008 1380 1080; x_wconf 86' lang='lat' dir='ltr'><strong>(b)</strong></span> <span class='ocrx_word' id='word_1_62' title='bbox 1401 1007 1708 1079; x_wconf 78' lang='lat' dir='ltr'><strong>deputatur,</strong></span> <span class='ocrx_word' id='word_1_63' title='bbox 1726 1004 1878 1076; x_wconf 89' lang='lat' dir='ltr'><strong>quasi</strong></span> <span class='ocrx_word' id='word_1_64' title='bbox 1897 1019 1962 1059; x_wconf 91' lang='lat' dir='ltr'><strong>eo</strong></span> <span class='ocrx_word' id='word_1_65' title='bbox 1981 1003 2144 1059; x_wconf 88' lang='lat' dir='ltr'><strong>etiam</strong></span> 
     </span>
    </p>
   </div>
   <div class='ocr_carea' id='block_1_11' title="bbox 549 1096 2148 1172">
    <p class='ocr_par' dir='ltr' id='par_1_11' title="bbox 549 1096 2148 1172">
     <span class='ocr_line' id='line_1_11' title="bbox 549 1096 2148 1172; baseline -0.004 -14"><span class='ocrx_word' id='word_1_66' title='bbox 549 1117 694 1159; x_wconf 88' lang='lat' dir='ltr'><strong>nunc</strong></span> <span class='ocrx_word' id='word_1_67' title='bbox 721 1103 822 1158; x_wconf 87' lang='lat' dir='ltr'><strong>sibi</strong></span> <span class='ocrx_word' id='word_1_68' title='bbox 866 1101 1183 1172; x_wconf 87' lang='lat' dir='ltr'><strong>delinquere</strong></span> <span class='ocrx_word' id='word_1_69' title='bbox 1222 1100 1379 1155; x_wconf 90' lang='lat' dir='ltr'><strong>liceat</strong></span> <span class='ocrx_word' id='word_1_70' title='bbox 1431 1099 1715 1154; x_wconf 87' lang='lat' dir='ltr'><strong>Dominum</strong></span> <span class='ocrx_word' id='word_1_71' title='bbox 1745 1096 1906 1162; x_wconf 83' lang='lat' dir='ltr'><strong>simul</strong></span> <span class='ocrx_word' id='word_1_72' title='bbox 1945 1109 2148 1166; x_wconf 83' lang='lat' dir='ltr'><strong>cogno-</strong></span> 
     </span>
    </p>
   </div>
   <div class='ocr_carea' id='block_1_12' title="bbox 540 1189 2145 1262">
    <p class='ocr_par' dir='ltr' id='par_1_12' title="bbox 540 1189 2145 1262">
     <span class='ocr_line' id='line_1_12' title="bbox 540 1189 2145 1262; baseline -0.005 -11"><span class='ocrx_word' id='word_1_73' title='bbox 540 1199 686 1254; x_wconf 90' lang='lat' dir='ltr'><strong>veris</strong></span> <span class='ocrx_word' id='word_1_74' title='bbox 707 1238 723 1262; x_wconf 93' lang='lat'><strong>,</strong></span> <span class='ocrx_word' id='word_1_75' title='bbox 755 1196 946 1252; x_wconf 90' lang='lat' dir='ltr'><strong>timeas</strong></span> <span class='ocrx_word' id='word_1_76' title='bbox 973 1213 986 1250; x_wconf 95' lang='lat'><strong>:</strong></span> <span class='ocrx_word' id='word_1_77' title='bbox 1017 1195 1177 1250; x_wconf 91' lang='lat' dir='ltr'><strong>simul</strong></span> <span class='ocrx_word' id='word_1_78' title='bbox 1229 1193 1559 1262; x_wconf 77' lang='lat' dir='ltr'><strong>inspexeris,</strong></span> <span class='ocrx_word' id='word_1_79' title='bbox 1591 1190 1912 1248; x_wconf 84' lang='lat' dir='ltr'><strong>reverearis.</strong></span> <span class='ocrx_word' id='word_1_80' title='bbox 1968 1189 2145 1245; x_wconf 59' lang='lat' dir='ltr'><strong>Caele.</strong></span> 
     </span>
    </p>
   </div>
   <div class='ocr_carea' id='block_1_13' title="bbox 542 1283 2143 1361">
    <p class='ocr_par' dir='ltr' id='par_1_13' title="bbox 542 1283 2143 1361">
     <span class='ocr_line' id='line_1_13' title="bbox 542 1283 2143 1361; baseline -0.004 -16"><span class='ocrx_word' id='word_1_81' title='bbox 542 1307 663 1345; x_wconf 92' lang='lat' dir='ltr'><strong>rum</strong></span> <span class='ocrx_word' id='word_1_82' title='bbox 686 1289 812 1361; x_wconf 90' lang='lat' dir='ltr'><strong>quid</strong></span> <span class='ocrx_word' id='word_1_83' title='bbox 837 1298 888 1344; x_wconf 91' lang='lat' dir='ltr'><strong>te</strong></span> <span class='ocrx_word' id='word_1_84' title='bbox 917 1289 1234 1360; x_wconf 81' lang='lat' dir='ltr'><strong>cognovisse</strong></span> <span class='ocrx_word' id='word_1_85' title='bbox 1287 1287 1531 1352; x_wconf 89' lang='lat' dir='ltr'><strong>interest,</strong></span> <span class='ocrx_word' id='word_1_86' title='bbox 1579 1301 1701 1341; x_wconf 88' lang='lat' dir='ltr'><strong>cum</strong></span> <span class='ocrx_word' id='word_1_87' title='bbox 1749 1283 1939 1340; x_wconf 91' lang='lat' dir='ltr'><strong>iisdem</strong></span> <span class='ocrx_word' id='word_1_88' title='bbox 1991 1283 2143 1338; x_wconf 86' lang='lat' dir='ltr'><strong>incu-</strong></span> 
     </span>
    </p>
   </div>
   <div class='ocr_carea' id='block_1_14' title="bbox 545 1375 2144 1452">
    <p class='ocr_par' dir='ltr' id='par_1_14' title="bbox 545 1375 2144 1452">
     <span class='ocr_line' id='line_1_14' title="bbox 545 1375 2144 1452; baseline -0.005 -14"><span class='ocrx_word' id='word_1_89' title='bbox 545 1383 662 1448; x_wconf 90' lang='lat' dir='ltr'><strong>bas,</strong></span> <span class='ocrx_word' id='word_1_90' title='bbox 697 1381 892 1452; x_wconf 87' lang='lat' dir='ltr'><strong>quibus</strong></span> <span class='ocrx_word' id='word_1_91' title='bbox 916 1390 1064 1436; x_wconf 91' lang='lat' dir='ltr'><strong>retro</strong></span> <span class='ocrx_word' id='word_1_92' title='bbox 1092 1380 1343 1450; x_wconf 81' lang='lat' dir='ltr'><strong>ignarus?</strong></span> <span class='ocrx_word' id='word_1_93' title='bbox 1371 1378 1506 1448; x_wconf 81' lang='lat' dir='ltr'><strong>Quid</strong></span> <span class='ocrx_word' id='word_1_94' title='bbox 1529 1387 1709 1434; x_wconf 90' lang='lat' dir='ltr'><strong>autem</strong></span> <span class='ocrx_word' id='word_1_95' title='bbox 1755 1386 1806 1432; x_wconf 90' lang='lat' dir='ltr'><strong>te</strong></span> <span class='ocrx_word' id='word_1_96' title='bbox 1845 1391 1874 1430; x_wconf 91' lang='lat' dir='ltr'><strong>a</strong></span> <span class='ocrx_word' id='word_1_97' title='bbox 1906 1375 2144 1446; x_wconf 85' lang='lat' dir='ltr'><strong>perfecto</strong></span> 
     </span>
    </p>
   </div>
   <div class='ocr_carea' id='block_1_15' title="bbox 543 1469 2142 1547">
    <p class='ocr_par' dir='ltr' id='par_1_15' title="bbox 543 1469 2142 1547">
     <span class='ocr_line' id='line_1_15' title="bbox 543 1469 2142 1547; baseline -0.005 -16"><span class='ocrx_word' id='word_1_98' title='bbox 543 1489 702 1531; x_wconf 89' lang='lat' dir='ltr'><strong>servo</strong></span> <span class='ocrx_word' id='word_1_99' title='bbox 729 1475 822 1530; x_wconf 89' lang='lat' dir='ltr'><strong>Dei</strong></span> <span class='ocrx_word' id='word_1_100' title='bbox 854 1473 932 1547; x_wconf 72' lang='lat'><strong>(2)</strong></span> <span class='ocrx_word' id='word_1_101' title='bbox 959 1474 1030 1546; x_wconf 89' lang='lat' dir='ltr'><strong>(c)</strong></span> <span class='ocrx_word' id='word_1_102' title='bbox 1056 1474 1309 1545; x_wconf 83' lang='lat' dir='ltr'><strong>separat?</strong></span> <span class='ocrx_word' id='word_1_103' title='bbox 1335 1473 1416 1527; x_wconf 86' lang='lat' dir='ltr'><strong>An</strong></span> <span class='ocrx_word' id='word_1_104' title='bbox 1439 1473 1578 1528; x_wconf 89' lang='lat' dir='ltr'><strong>alius</strong></span> <span class='ocrx_word' id='word_1_105' title='bbox 1603 1480 1686 1527; x_wconf 89' lang='lat' dir='ltr'><strong>est</strong></span> <span class='ocrx_word' id='word_1_106' title='bbox 1704 1471 1940 1526; x_wconf 90' lang='lat' dir='ltr'><strong>intinctis</strong></span> <span class='ocrx_word' id='word_1_107' title='bbox 1955 1469 2142 1524; x_wconf 88' lang='lat' dir='ltr'><strong>Chris-</strong></span> 
     </span>
    </p>
   </div>
   <div class='ocr_carea' id='block_1_16' title="bbox 545 1561 2140 1634">
    <p class='ocr_par' dir='ltr' id='par_1_16' title="bbox 545 1561 2140 1634">
     <span class='ocr_line' id='line_1_16' title="bbox 545 1561 2140 1634; baseline -0.003 -13"><span class='ocrx_word' id='word_1_108' title='bbox 545 1577 654 1629; x_wconf 87' lang='lat' dir='ltr'><strong>tus.</strong></span> <span class='ocrx_word' id='word_1_109' title='bbox 687 1565 826 1620; x_wconf 90' lang='lat' dir='ltr'><strong>alius</strong></span> <span class='ocrx_word' id='word_1_110' title='bbox 861 1565 1249 1620; x_wconf 89' lang='lat' dir='ltr'><strong>audientibus?</strong></span> <span class='ocrx_word' id='word_1_111' title='bbox 1273 1562 1410 1618; x_wconf 89' lang='lat' dir='ltr'><strong>Num</strong></span> <span class='ocrx_word' id='word_1_112' title='bbox 1452 1577 1576 1634; x_wconf 90' lang='lat' dir='ltr'><strong>spes</strong></span> <span class='ocrx_word' id='word_1_113' title='bbox 1622 1563 1745 1628; x_wconf 90' lang='lat' dir='ltr'><strong>alia,</strong></span> <span class='ocrx_word' id='word_1_114' title='bbox 1799 1561 1884 1616; x_wconf 86' lang='lat' dir='ltr'><strong>vel</strong></span> <span class='ocrx_word' id='word_1_115' title='bbox 1913 1574 2140 1629; x_wconf 83' lang='lat' dir='ltr'><strong>merces.</strong></span> 
     </span>
    </p>
   </div>
   <div class='ocr_carea' id='block_1_17' title="bbox 543 1653 2143 1728">
    <p class='ocr_par' dir='ltr' id='par_1_17' title="bbox 543 1653 2143 1728">
     <span class='ocr_line' id='line_1_17' title="bbox 543 1653 2143 1728; baseline -0.005 -14"><span class='ocrx_word' id='word_1_116' title='bbox 543 1660 651 1714; x_wconf 90' lang='lat' dir='ltr'><strong>alia</strong></span> <span class='ocrx_word' id='word_1_117' title='bbox 681 1658 909 1714; x_wconf 79' lang='lat' dir='ltr'><strong>formido</strong></span> <span class='ocrx_word' id='word_1_118' title='bbox 937 1657 1146 1728; x_wconf 88' lang='lat' dir='ltr'><strong>judicii,</strong></span> <span class='ocrx_word' id='word_1_119' title='bbox 1179 1658 1282 1712; x_wconf 90' lang='lat' dir='ltr'><strong>alia</strong></span> <span class='ocrx_word' id='word_1_120' title='bbox 1315 1655 1610 1712; x_wconf 90' lang='lat' dir='ltr'><strong>necessitas</strong></span> <span class='ocrx_word' id='word_1_121' title='bbox 1640 1653 2008 1725; x_wconf 74' lang='lat' dir='ltr'><strong>ptenitcntite?</strong></span> <span class='ocrx_word' id='word_1_122' title='bbox 2037 1653 2143 1707; x_wconf 88' lang='lat' dir='ltr'><strong>La-</strong></span> 
     </span>
    </p>
   </div>
   <div class='ocr_carea' id='block_1_18' title="bbox 546 1749 2145 1824">
    <p class='ocr_par' dir='ltr' id='par_1_18' title="bbox 546 1749 2145 1824">
     <span class='ocr_line' id='line_1_18' title="bbox 546 1749 2145 1824; baseline -0.003 -15"><span class='ocrx_word' id='word_1_123' title='bbox 546 1769 767 1811; x_wconf 87' lang='lat' dir='ltr'><strong>vacrum</strong></span> <span class='ocrx_word' id='word_1_124' title='bbox 796 1753 926 1809; x_wconf 88' lang='lat' dir='ltr'><strong>illud</strong></span> <span class='ocrx_word' id='word_1_125' title='bbox 955 1753 1259 1824; x_wconf 84' lang='lat' dir='ltr'><strong>obsignatio</strong></span> <span class='ocrx_word' id='word_1_126' title='bbox 1291 1762 1375 1809; x_wconf 91' lang='lat' dir='ltr'><strong>est</strong></span> <span class='ocrx_word' id='word_1_127' title='bbox 1411 1751 1532 1808; x_wconf 89' lang='lat' dir='ltr'><strong>ﬁdei</strong></span> <span class='ocrx_word' id='word_1_128' title='bbox 1564 1769 1577 1807; x_wconf 92' lang='lat'><strong>:</strong></span> <span class='ocrx_word' id='word_1_129' title='bbox 1605 1766 1726 1822; x_wconf 63' lang='lat' dir='ltr'><strong>qua:</strong></span> <span class='ocrx_word' id='word_1_130' title='bbox 1753 1749 1886 1806; x_wconf 89' lang='lat' dir='ltr'><strong>ﬁdes</strong></span> <span class='ocrx_word' id='word_1_131' title='bbox 1916 1765 1946 1804; x_wconf 90' lang='lat' dir='ltr'><strong>a</strong></span> <span class='ocrx_word' id='word_1_132' title='bbox 1973 1749 2145 1820; x_wconf 76' lang='lat' dir='ltr'><strong>pumi-</strong></span> 
     </span>
    </p>
   </div>
   <div class='ocr_carea' id='block_1_19' title="bbox 545 1840 2140 1915">
    <p class='ocr_par' dir='ltr' id='par_1_19' title="bbox 545 1840 2140 1915">
     <span class='ocr_line' id='line_1_19' title="bbox 545 1840 2140 1915; baseline -0.003 -14"><span class='ocrx_word' id='word_1_133' title='bbox 545 1847 730 1902; x_wconf 69' lang='lat' dir='ltr'><strong>tentire</strong></span> <span class='ocrx_word' id='word_1_134' title='bbox 761 1845 841 1915; x_wconf 84' lang='grc' dir='ltr'><strong>(ά)</strong></span> <span class='ocrx_word' id='word_1_135' title='bbox 875 1844 976 1900; x_wconf 87' lang='lat' dir='ltr'><strong>ﬁde</strong></span> <span class='ocrx_word' id='word_1_136' title='bbox 1007 1845 1258 1915; x_wconf 88' lang='lat' dir='ltr'><strong>incipitur</strong></span> <span class='ocrx_word' id='word_1_137' title='bbox 1302 1853 1360 1900; x_wconf 92' lang='lat' dir='ltr'><strong>et</strong></span> <span class='ocrx_word' id='word_1_138' title='bbox 1404 1841 1832 1899; x_wconf 86' lang='lat' dir='ltr'><strong>commendatur.</strong></span> <span class='ocrx_word' id='word_1_139' title='bbox 1874 1840 1991 1898; x_wconf 86' lang='lat' dir='ltr'><strong>Non</strong></span> <span class='ocrx_word' id='word_1_140' title='bbox 2018 1841 2140 1898; x_wconf 89' lang='lat' dir='ltr'><strong>ideo</strong></span> 
     </span>
    </p>
   </div>
   <div class='ocr_carea' id='block_1_20' title="bbox 545 1932 2142 2006">
    <p class='ocr_par' dir='ltr' id='par_1_20' title="bbox 545 1932 2142 2006">
     <span class='ocr_line' id='line_1_20' title="bbox 545 1932 2142 2006; baseline -0.004 -12"><span class='ocrx_word' id='word_1_141' title='bbox 545 1938 854 2002; x_wconf 89' lang='lat' dir='ltr'><strong>abluimur,</strong></span> <span class='ocrx_word' id='word_1_142' title='bbox 897 1945 958 1991; x_wconf 91' lang='lat' dir='ltr'><strong>ut</strong></span> <span class='ocrx_word' id='word_1_143' title='bbox 1012 1936 1327 2006; x_wconf 90' lang='lat' dir='ltr'><strong>delinquere</strong></span> <span class='ocrx_word' id='word_1_144' title='bbox 1377 1935 1707 2001; x_wconf 85' lang='lat' dir='ltr'><strong>desinamus,</strong></span> <span class='ocrx_word' id='word_1_145' title='bbox 1737 1932 1992 2004; x_wconf 88' lang='lat' dir='ltr'><strong>quoniam</strong></span> <span class='ocrx_word' id='word_1_146' title='bbox 2029 1933 2142 2003; x_wconf 91' lang='lat' dir='ltr'><strong>jam</strong></span> 
     </span>
    </p>
   </div>
   <div class='ocr_carea' id='block_1_21' title="bbox 544 2024 2145 2097">
    <p class='ocr_par' dir='ltr' id='par_1_21' title="bbox 544 2024 2145 2097">
     <span class='ocr_line' id='line_1_21' title="bbox 544 2024 2145 2097; baseline -0.004 -11"><span class='ocrx_word' id='word_1_147' title='bbox 544 2029 712 2086; x_wconf 92' lang='lat' dir='ltr'><strong>corde</strong></span> <span class='ocrx_word' id='word_1_148' title='bbox 740 2029 837 2083; x_wconf 91' lang='lat' dir='ltr'><strong>loti</strong></span> <span class='ocrx_word' id='word_1_149' title='bbox 873 2042 1082 2082; x_wconf 85' lang='lat' dir='ltr'><strong>sumus.</strong></span> <span class='ocrx_word' id='word_1_150' title='bbox 1135 2026 1262 2082; x_wconf 72' lang='lat' dir='ltr'><strong>Hmc</strong></span> <span class='ocrx_word' id='word_1_151' title='bbox 1287 2026 1429 2082; x_wconf 92' lang='lat' dir='ltr'><strong>enim</strong></span> <span class='ocrx_word' id='word_1_152' title='bbox 1457 2025 1630 2097; x_wconf 88' lang='lat' dir='ltr'><strong>prima</strong></span> <span class='ocrx_word' id='word_1_153' title='bbox 1659 2024 1928 2080; x_wconf 91' lang='lat' dir='ltr'><strong>audientis</strong></span> <span class='ocrx_word' id='word_1_154' title='bbox 1957 2024 2145 2080; x_wconf 84' lang='lat' dir='ltr'><strong>intinc-</strong></span> 
     </span>
    </p>
   </div>
   <div class='ocr_carea' id='block_1_22' title="bbox 547 2103 2147 2192">
    <p class='ocr_par' dir='ltr' id='par_1_22' title="bbox 547 2103 2147 2192">
     <span class='ocr_line' id='line_1_22' title="bbox 547 2103 2147 2192; baseline -0.004 -15"><span class='ocrx_word' id='word_1_155' title='bbox 547 2122 622 2177; x_wconf 94' lang='lat' dir='ltr'><strong>tio</strong></span> <span class='ocrx_word' id='word_1_156' title='bbox 667 2131 750 2177; x_wconf 89' lang='lat' dir='ltr'><strong>est</strong></span> <span class='ocrx_word' id='word_1_157' title='bbox 801 2119 870 2192; x_wconf 80' lang='grc' dir='ltr'><strong>(ε)</strong></span> <span class='ocrx_word' id='word_1_158' title='bbox 913 2129 1088 2175; x_wconf 90' lang='lat' dir='ltr'><strong>metus</strong></span> <span class='ocrx_word' id='word_1_159' title='bbox 1145 2119 1390 2189; x_wconf 78' lang='lat' dir='ltr'><strong>integer;</strong></span> <span class='ocrx_word' id='word_1_160' title='bbox 1435 2115 1632 2174; x_wconf 79' lang='lat' dir='ltr'><strong>exinde</strong></span> <span class='ocrx_word' id='word_1_161' title='bbox 1683 2115 1763 2189; x_wconf 79' lang='lat'><strong>(5)</strong></span> <span class='ocrx_word' id='word_1_162' title='bbox 1809 2115 1985 2186; x_wconf 83' lang='lat' dir='ltr'><strong>quoad</strong></span> <span class='ocrx_word' id='word_1_163' title='bbox 2038 2103 2147 2171; x_wconf 78' lang='grc' dir='ltr'><strong>Ι)οέ</strong></span> 
     </span>
    </p>
   </div>
   <div class='ocr_carea' id='block_1_23' title="bbox 547 2210 2142 2285">
    <p class='ocr_par' dir='ltr' id='par_1_23' title="bbox 547 2210 2142 2285">
     <span class='ocr_line' id='line_1_23' title="bbox 547 2210 2142 2285; baseline -0.003 -14"><span class='ocrx_word' id='word_1_164' title='bbox 547 2216 754 2271; x_wconf 91' lang='lat' dir='ltr'><strong>minum</strong></span> <span class='ocrx_word' id='word_1_165' title='bbox 782 2214 1021 2269; x_wconf 84' lang='lat' dir='ltr'><strong>senseris</strong></span> <span class='ocrx_word' id='word_1_166' title='bbox 1050 2255 1064 2274; x_wconf 86' lang='lat'><strong>.</strong></span> <span class='ocrx_word' id='word_1_167' title='bbox 1101 2212 1170 2285; x_wconf 70' lang='grc' dir='ltr'><strong>(ι’)</strong></span> <span class='ocrx_word' id='word_1_168' title='bbox 1219 2212 1352 2268; x_wconf 91' lang='lat' dir='ltr'><strong>ﬁdes</strong></span> <span class='ocrx_word' id='word_1_169' title='bbox 1388 2225 1542 2277; x_wconf 87' lang='lat' dir='ltr'><strong>sana,</strong></span> <span class='ocrx_word' id='word_1_170' title='bbox 1588 2210 1942 2275; x_wconf 72' lang='lat' dir='ltr'><strong>conscientia,</strong></span> <span class='ocrx_word' id='word_1_171' title='bbox 1973 2210 2142 2267; x_wconf 88' lang='lat' dir='ltr'><strong>semel</strong></span> 
     </span>
    </p>
   </div>
   <div class='ocr_carea' id='block_1_24' title="bbox 541 2300 2148 2379">
    <p class='ocr_par' dir='ltr' id='par_1_24' title="bbox 541 2300 2148 2379">
     <span class='ocr_line' id='line_1_24' title="bbox 541 2300 2148 2379; baseline -0.004 -15"><span class='ocrx_word' id='word_1_172' title='bbox 541 2305 927 2379; x_wconf 68' lang='lat' dir='ltr'><strong>paenitentiam</strong></span> <span class='ocrx_word' id='word_1_173' title='bbox 971 2305 1295 2375; x_wconf 77' lang='lat' dir='ltr'><strong>amplexata.</strong></span> <span class='ocrx_word' id='word_1_174' title='bbox 1337 2302 1626 2368; x_wconf 75' lang='lat' dir='ltr'><strong>Caeterum,</strong></span> <span class='ocrx_word' id='word_1_175' title='bbox 1677 2300 1723 2356; x_wconf 91' lang='lat' dir='ltr'><strong>si</strong></span> <span class='ocrx_word' id='word_1_176' title='bbox 1749 2300 1818 2356; x_wconf 88' lang='lat' dir='ltr'><strong>ab</strong></span> <span class='ocrx_word' id='word_1_177' title='bbox 1842 2300 1996 2371; x_wconf 89' lang='lat' dir='ltr'><strong>aquis</strong></span> <span class='ocrx_word' id='word_1_178' title='bbox 2022 2315 2148 2372; x_wconf 90' lang='lat' dir='ltr'><strong>pec-</strong></span> 
     </span>
    </p>
   </div>
   <div class='ocr_carea' id='block_1_25' title="bbox 543 2391 2145 2462">
    <p class='ocr_par' dir='ltr' id='par_1_25' title="bbox 543 2391 2145 2462">
     <span class='ocr_line' id='line_1_25' title="bbox 543 2391 2145 2462; baseline -0.005 -8"><span class='ocrx_word' id='word_1_179' title='bbox 543 2397 671 2454; x_wconf 85' lang='lat' dir='ltr'><strong>care</strong></span> <span class='ocrx_word' id='word_1_180' title='bbox 703 2396 1051 2460; x_wconf 86' lang='lat' dir='ltr'><strong>desistimus,</strong></span> <span class='ocrx_word' id='word_1_181' title='bbox 1087 2394 1429 2460; x_wconf 89' lang='lat' dir='ltr'><strong>necessitate,</strong></span> <span class='ocrx_word' id='word_1_182' title='bbox 1479 2406 1585 2446; x_wconf 91' lang='lat' dir='ltr'><strong>non</strong></span> <span class='ocrx_word' id='word_1_183' title='bbox 1625 2400 1818 2462; x_wconf 90' lang='lat' dir='ltr'><strong>sponte</strong></span> <span class='ocrx_word' id='word_1_184' title='bbox 1861 2391 1944 2462; x_wconf 87' lang='lat' dir='ltr'><strong>(g)</strong></span> <span class='ocrx_word' id='word_1_185' title='bbox 1987 2392 2145 2447; x_wconf 89' lang='lat' dir='ltr'><strong>inno-</strong></span> 
     </span>
    </p>
   </div>
   <div class='ocr_carea' id='block_1_26' title="bbox 543 2485 2145 2560">
    <p class='ocr_par' dir='ltr' id='par_1_26' title="bbox 543 2485 2145 2560">
     <span class='ocr_line' id='line_1_26' title="bbox 543 2485 2145 2560; baseline -0.005 -12"><span class='ocrx_word' id='word_1_186' title='bbox 543 2492 774 2548; x_wconf 88' lang='lat' dir='ltr'><strong>centiam</strong></span> <span class='ocrx_word' id='word_1_187' title='bbox 800 2489 1092 2546; x_wconf 90' lang='lat' dir='ltr'><strong>induimus.</strong></span> <span class='ocrx_word' id='word_1_188' title='bbox 1124 2489 1412 2560; x_wconf 64' lang='lat' dir='ltr'><strong>Quisergo</strong></span> <span class='ocrx_word' id='word_1_189' title='bbox 1441 2487 1498 2542; x_wconf 91' lang='lat' dir='ltr'><strong>in</strong></span> <span class='ocrx_word' id='word_1_190' title='bbox 1529 2487 1768 2542; x_wconf 88' lang='lat' dir='ltr'><strong>bonitate</strong></span> <span class='ocrx_word' id='word_1_191' title='bbox 1791 2485 2145 2557; x_wconf 59' lang='lat' dir='ltr'><strong>praecellens?</strong></span> 
     </span>
    </p>
   </div>
   <div class='ocr_carea' id='block_1_27' title="bbox 479 2578 2145 2653">
    <p class='ocr_par' dir='ltr' id='par_1_27' title="bbox 479 2578 2145 2653">
     <span class='ocr_line' id='line_1_27' title="bbox 479 2578 2145 2653; baseline -0.004 -13"><span class='ocrx_word' id='word_1_192' title='bbox 479 2580 481 2582; x_wconf 71' lang='grc'><em>’</em></span> <span class='ocrx_word' id='word_1_193' title='bbox 545 2584 632 2640; x_wconf 91' lang='lat' dir='ltr'><strong>cui</strong></span> <span class='ocrx_word' id='word_1_194' title='bbox 664 2597 770 2638; x_wconf 93' lang='lat' dir='ltr'><strong>non</strong></span> <span class='ocrx_word' id='word_1_195' title='bbox 807 2582 952 2648; x_wconf 89' lang='lat' dir='ltr'><strong>licet,</strong></span> <span class='ocrx_word' id='word_1_196' title='bbox 981 2590 1073 2637; x_wconf 91' lang='lat' dir='ltr'><strong>aut</strong></span> <span class='ocrx_word' id='word_1_197' title='bbox 1117 2580 1197 2653; x_wconf 79' lang='grc'><strong>(4)</strong></span> <span class='ocrx_word' id='word_1_198' title='bbox 1227 2581 1311 2636; x_wconf 91' lang='lat' dir='ltr'><strong>cui</strong></span> <span class='ocrx_word' id='word_1_199' title='bbox 1356 2578 1607 2650; x_wconf 86' lang='lat' dir='ltr'><strong>displicet</strong></span> <span class='ocrx_word' id='word_1_200' title='bbox 1650 2578 1793 2634; x_wconf 92' lang='lat' dir='ltr'><strong>malo</strong></span> <span class='ocrx_word' id='word_1_201' title='bbox 1840 2578 2005 2634; x_wconf 80' lang='lat' dir='ltr'><strong>esse?</strong></span> <span class='ocrx_word' id='word_1_202' title='bbox 2053 2579 2145 2649; x_wconf 90' lang='lat' dir='ltr'><strong>qui</strong></span> 
     </span>
    </p>
   </div>
   <div class='ocr_carea' id='block_1_28' title="bbox 541 2657 2143 2746">
    <p class='ocr_par' dir='ltr' id='par_1_28' title="bbox 541 2657 2143 2746">
     <span class='ocr_line' id='line_1_28' title="bbox 541 2657 2143 2746; baseline -0.003 -15"><span class='ocrx_word' id='word_1_203' title='bbox 541 2674 784 2746; x_wconf 82' lang='lat' dir='ltr'><strong>iubetur,</strong></span> <span class='ocrx_word' id='word_1_204' title='bbox 815 2688 883 2729; x_wconf 91' lang='lat' dir='ltr'><strong>an</strong></span> <span class='ocrx_word' id='word_1_205' title='bbox 914 2657 1005 2744; x_wconf 87' lang='lat' dir='ltr'><strong>qui</strong></span> <span class='ocrx_word' id='word_1_206' title='bbox 1033 2671 1333 2728; x_wconf 89' lang='lat' dir='ltr'><strong>delectatur</strong></span> <span class='ocrx_word' id='word_1_207' title='bbox 1371 2686 1398 2724; x_wconf 94' lang='lat' dir='ltr'><strong>a</strong></span> <span class='ocrx_word' id='word_1_208' title='bbox 1453 2670 1680 2727; x_wconf 89' lang='lat' dir='ltr'><strong>crimine</strong></span> <span class='ocrx_word' id='word_1_209' title='bbox 1736 2670 1972 2726; x_wconf 86' lang='lat' dir='ltr'><strong>vacare?</strong></span> <span class='ocrx_word' id='word_1_210' title='bbox 2001 2669 2143 2741; x_wconf 89' lang='lat' dir='ltr'><strong>Ergo</strong></span> 
     </span>
    </p>
   </div>
   <div class='ocr_carea' id='block_1_29' title="bbox 543 2761 2141 2830">
    <p class='ocr_par' dir='ltr' id='par_1_29' title="bbox 543 2761 2141 2830">
     <span class='ocr_line' id='line_1_29' title="bbox 543 2761 2141 2830; baseline -0.003 -8"><span class='ocrx_word' id='word_1_211' title='bbox 543 2781 646 2822; x_wconf 89' lang='lat' dir='ltr'><strong>nec</strong></span> <span class='ocrx_word' id='word_1_212' title='bbox 667 2781 697 2820; x_wconf 90' lang='lat' dir='ltr'><strong>a</strong></span> <span class='ocrx_word' id='word_1_213' title='bbox 729 2764 872 2821; x_wconf 84' lang='lat' dir='ltr'><strong>furto</strong></span> <span class='ocrx_word' id='word_1_214' title='bbox 901 2779 1092 2823; x_wconf 88' lang='lat' dir='ltr'><strong>manus</strong></span> <span class='ocrx_word' id='word_1_215' title='bbox 1137 2773 1467 2830; x_wconf 86' lang='lat' dir='ltr'><strong>avertamus,</strong></span> <span class='ocrx_word' id='word_1_216' title='bbox 1501 2763 1603 2818; x_wconf 91' lang='lat' dir='ltr'><strong>nisi</strong></span> <span class='ocrx_word' id='word_1_217' title='bbox 1630 2762 1987 2819; x_wconf 85' lang='lat' dir='ltr'><strong>claustrorum</strong></span> <span class='ocrx_word' id='word_1_218' title='bbox 2038 2761 2141 2818; x_wconf 91' lang='lat' dir='ltr'><strong>du-</strong></span> 
     </span>
    </p>
   </div>
   <div class='ocr_carea' id='block_1_30' title="bbox 543 2856 2141 2929">
    <p class='ocr_par' dir='ltr' id='par_1_30' title="bbox 543 2856 2141 2929">
     <span class='ocr_line' id='line_1_30' title="bbox 543 2856 2141 2929; baseline -0.002 -15"><span class='ocrx_word' id='word_1_219' title='bbox 543 2859 667 2914; x_wconf 90' lang='lat' dir='ltr'><strong>ritia</strong></span> <span class='ocrx_word' id='word_1_220' title='bbox 705 2865 968 2929; x_wconf 85' lang='lat' dir='ltr'><strong>repugnet</strong></span> <span class='ocrx_word' id='word_1_221' title='bbox 997 2876 1011 2912; x_wconf 90' lang='lat'><strong>:</strong></span> <span class='ocrx_word' id='word_1_222' title='bbox 1040 2871 1139 2914; x_wconf 91' lang='lat' dir='ltr'><strong>nec</strong></span> <span class='ocrx_word' id='word_1_223' title='bbox 1178 2858 1366 2912; x_wconf 91' lang='lat' dir='ltr'><strong>oculos</strong></span> <span class='ocrx_word' id='word_1_224' title='bbox 1412 2872 1442 2911; x_wconf 91' lang='lat' dir='ltr'><strong>a</strong></span> <span class='ocrx_word' id='word_1_225' title='bbox 1490 2856 1659 2927; x_wconf 84' lang='lat' dir='ltr'><strong>stupri</strong></span> <span class='ocrx_word' id='word_1_226' title='bbox 1690 2856 2141 2927; x_wconf 88' lang='lat' dir='ltr'><strong>concupiscentiis</strong></span> 
     </span>
    </p>
   </div>
   <div class='ocr_carea' id='block_1_31' title="bbox 542 2947 2137 3018">
    <p class='ocr_par' dir='ltr' id='par_1_31' title="bbox 542 2947 2137 3018">
     <span class='ocr_line' id='line_1_31' title="bbox 542 2947 2137 3018; baseline 0 -15"><span class='ocrx_word' id='word_1_227' title='bbox 542 2947 895 3005; x_wconf 79' lang='lat' dir='ltr'><strong>refraenemus</strong></span> <span class='ocrx_word' id='word_1_228' title='bbox 915 2990 930 3013; x_wconf 89' lang='lat'><strong>,</strong></span> <span class='ocrx_word' id='word_1_229' title='bbox 963 2949 1062 3003; x_wconf 92' lang='lat' dir='ltr'><strong>nisi</strong></span> <span class='ocrx_word' id='word_1_230' title='bbox 1095 2964 1126 3002; x_wconf 90' lang='lat' dir='ltr'><strong>a</strong></span> <span class='ocrx_word' id='word_1_231' title='bbox 1172 2947 1486 3004; x_wconf 88' lang='lat' dir='ltr'><strong>custodibus</strong></span> <span class='ocrx_word' id='word_1_232' title='bbox 1513 2961 1802 3018; x_wconf 88' lang='lat' dir='ltr'><strong>corporum</strong></span> <span class='ocrx_word' id='word_1_233' title='bbox 1859 2947 2137 3014; x_wconf 90' lang='lat' dir='ltr'><strong>obstructi,</strong></span> 
     </span>
    </p>
   </div>
   <div class='ocr_carea' id='block_1_32' title="bbox 542 3038 2140 3111">
    <p class='ocr_par' dir='ltr' id='par_1_32' title="bbox 542 3038 2140 3111">
     <span class='ocr_line' id='line_1_32' title="bbox 542 3038 2140 3111; baseline -0.001 -14"><span class='ocrx_word' id='word_1_234' title='bbox 542 3041 590 3097; x_wconf 87' lang='lat' dir='ltr'><strong>si</strong></span> <span class='ocrx_word' id='word_1_235' title='bbox 635 3055 794 3096; x_wconf 91' lang='lat' dir='ltr'><strong>nemo</strong></span> <span class='ocrx_word' id='word_1_236' title='bbox 846 3041 1076 3096; x_wconf 91' lang='lat' dir='ltr'><strong>Domino</strong></span> <span class='ocrx_word' id='word_1_237' title='bbox 1127 3039 1341 3096; x_wconf 90' lang='lat' dir='ltr'><strong>deditus</strong></span> <span class='ocrx_word' id='word_1_238' title='bbox 1387 3038 1706 3111; x_wconf 90' lang='lat' dir='ltr'><strong>delinquere</strong></span> <span class='ocrx_word' id='word_1_239' title='bbox 1753 3039 1984 3106; x_wconf 90' lang='lat' dir='ltr'><strong>desinet,</strong></span> <span class='ocrx_word' id='word_1_240' title='bbox 2036 3040 2140 3096; x_wconf 89' lang='lat' dir='ltr'><strong>nisi</strong></span> 
     </span>
    </p>
   </div>
   <div class='ocr_carea' id='block_1_33' title="bbox 545 3132 2140 3203">
    <p class='ocr_par' dir='ltr' id='par_1_33' title="bbox 545 3132 2140 3203">
     <span class='ocr_line' id='line_1_33' title="bbox 545 3132 2140 3203; baseline -0.001 -15"><span class='ocrx_word' id='word_1_241' title='bbox 545 3133 864 3188; x_wconf 91' lang='lat' dir='ltr'><strong>intinctione</strong></span> <span class='ocrx_word' id='word_1_242' title='bbox 887 3132 1153 3203; x_wconf 88' lang='lat' dir='ltr'><strong>alligatus.</strong></span> <span class='ocrx_word' id='word_1_243' title='bbox 1181 3132 1335 3200; x_wconf 82' lang='lat' dir='ltr'><strong>Quod</strong></span> <span class='ocrx_word' id='word_1_244' title='bbox 1363 3133 1407 3188; x_wconf 92' lang='lat' dir='ltr'><strong>si</strong></span> <span class='ocrx_word' id='word_1_245' title='bbox 1438 3132 1529 3203; x_wconf 91' lang='lat' dir='ltr'><strong>qui</strong></span> <span class='ocrx_word' id='word_1_246' title='bbox 1574 3132 1645 3187; x_wconf 92' lang='lat' dir='ltr'><strong>ita</strong></span> <span class='ocrx_word' id='word_1_247' title='bbox 1673 3133 1926 3199; x_wconf 90' lang='lat' dir='ltr'><strong>senserit,</strong></span> <span class='ocrx_word' id='word_1_248' title='bbox 1955 3133 2140 3189; x_wconf 90' lang='lat' dir='ltr'><strong>nescio</strong></span> 
     </span>
    </p>
   </div>
   <div class='ocr_carea' id='block_1_34' title="bbox 459 3226 2136 3299">
    <p class='ocr_par' dir='ltr' id='par_1_34' title="bbox 459 3226 2136 3299">
     <span class='ocr_line' id='line_1_34' title="bbox 459 3226 2136 3299; baseline 0.002 -19"><span class='ocrx_word' id='word_1_249' title='bbox 459 3257 463 3262; x_wconf 95' lang='lat'><strong><em>-</em></strong></span> <span class='ocrx_word' id='word_1_250' title='bbox 542 3241 612 3282; x_wconf 90' lang='lat' dir='ltr'><strong>an</strong></span> <span class='ocrx_word' id='word_1_251' title='bbox 639 3226 895 3282; x_wconf 90' lang='lat' dir='ltr'><strong>intinctus</strong></span> <span class='ocrx_word' id='word_1_252' title='bbox 923 3227 1095 3299; x_wconf 91' lang='lat' dir='ltr'><strong>magis</strong></span> <span class='ocrx_word' id='word_1_253' title='bbox 1118 3227 1488 3294; x_wconf 88' lang='lat' dir='ltr'><strong>contristetur,</strong></span> <span class='ocrx_word' id='word_1_254' title='bbox 1515 3226 1660 3298; x_wconf 91' lang='lat' dir='ltr'><strong>quod</strong></span> <span class='ocrx_word' id='word_1_255' title='bbox 1686 3241 1913 3298; x_wconf 88' lang='lat' dir='ltr'><strong>peccare</strong></span> <span class='ocrx_word' id='word_1_256' title='bbox 1957 3227 2136 3284; x_wconf 86' lang='lat' dir='ltr'><strong>desie-</strong></span> 
     </span>
    </p>
   </div>
   <div class='ocr_carea' id='block_1_35' title="bbox 543 3320 2145 3394">
    <p class='ocr_par' dir='ltr' id='par_1_35' title="bbox 543 3320 2145 3394">
     <span class='ocr_line' id='line_1_35' title="bbox 543 3320 2145 3394; baseline 0.003 -18"><span class='ocrx_word' id='word_1_257' title='bbox 543 3321 634 3390; x_wconf 92' lang='lat' dir='ltr'><strong>rit,</strong></span> <span class='ocrx_word' id='word_1_258' title='bbox 662 3335 820 3392; x_wconf 81' lang='lat' dir='ltr'><strong>quam</strong></span> <span class='ocrx_word' id='word_1_259' title='bbox 869 3321 1113 3390; x_wconf 66' lang='lat' dir='ltr'><strong>laetetur,</strong></span> <span class='ocrx_word' id='word_1_260' title='bbox 1144 3320 1287 3392; x_wconf 90' lang='lat' dir='ltr'><strong>quod</strong></span> <span class='ocrx_word' id='word_1_261' title='bbox 1334 3321 1585 3378; x_wconf 76' lang='lat' dir='ltr'><strong>evaserit.</strong></span> <span class='ocrx_word' id='word_1_262' title='bbox 1643 3321 1826 3394; x_wconf 89' lang='lat' dir='ltr'><strong>Itaque</strong></span> <span class='ocrx_word' id='word_1_263' title='bbox 1865 3321 2145 3381; x_wconf 88' lang='lat' dir='ltr'><strong>audientes</strong></span> 
     </span>
    </p>
   </div>
   <div class='ocr_carea' id='block_1_36' title="bbox 2175 1803 2222 1864">
    <p class='ocr_par' dir='ltr' id='par_1_36' title="bbox 2175 1803 2222 1864">
     <span class='ocr_line' id='line_1_36' title="bbox 2175 1803 2222 1864; baseline 0 0"><span class='ocrx_word' id='word_1_264' title='bbox 2175 1803 2222 1864; x_wconf 92' lang='lat' dir='ltr'><strong>B</strong></span> 
     </span>
    </p>
   </div>
   <div class='ocr_carea' id='block_1_37' title="bbox 2253 525 3863 601">
    <p class='ocr_par' dir='ltr' id='par_1_37' title="bbox 2253 525 3863 601">
     <span class='ocr_line' id='line_1_37' title="bbox 2253 525 3863 601; baseline -0.002 -15"><span class='ocrx_word' id='word_1_265' title='bbox 2253 531 2398 586; x_wconf 89' lang='lat' dir='ltr'><strong>enim</strong></span> <span class='ocrx_word' id='word_1_266' title='bbox 2449 537 2622 601; x_wconf 90' lang='lat' dir='ltr'><strong>optat,</strong></span> <span class='ocrx_word' id='word_1_267' title='bbox 2678 528 2953 584; x_wconf 75' lang='lat' dir='ltr'><strong>honorat:</strong></span> <span class='ocrx_word' id='word_1_268' title='bbox 2977 525 3069 598; x_wconf 90' lang='lat' dir='ltr'><strong>qui</strong></span> <span class='ocrx_word' id='word_1_269' title='bbox 3128 525 3426 598; x_wconf 72' lang='lat' dir='ltr'><strong>prtesumit,</strong></span> <span class='ocrx_word' id='word_1_270' title='bbox 3477 527 3744 596; x_wconf 87' lang='lat' dir='ltr'><strong>superbit.</strong></span> <span class='ocrx_word' id='word_1_271' title='bbox 3794 527 3863 583; x_wconf 87' lang='lat' dir='ltr'><strong>In</strong></span> 
     </span>
    </p>
   </div>
   <div class='ocr_carea' id='block_1_38' title="bbox 2253 617 3862 690">
    <p class='ocr_par' dir='ltr' id='par_1_38' title="bbox 2253 617 3862 690">
     <span class='ocr_line' id='line_1_38' title="bbox 2253 617 3862 690; baseline -0.002 -13"><span class='ocrx_word' id='word_1_272' title='bbox 2253 622 2346 678; x_wconf 92' lang='lat' dir='ltr'><strong>illo</strong></span> <span class='ocrx_word' id='word_1_273' title='bbox 2377 620 2721 686; x_wconf 86' lang='lat' dir='ltr'><strong>verecundia,</strong></span> <span class='ocrx_word' id='word_1_274' title='bbox 2747 621 2798 675; x_wconf 93' lang='lat' dir='ltr'><strong>in</strong></span> <span class='ocrx_word' id='word_1_275' title='bbox 2841 619 2944 674; x_wconf 91' lang='lat' dir='ltr'><strong>isto</strong></span> <span class='ocrx_word' id='word_1_276' title='bbox 2970 618 3262 690; x_wconf 86' lang='lat' dir='ltr'><strong>petulantia</strong></span> <span class='ocrx_word' id='word_1_277' title='bbox 3291 626 3534 689; x_wconf 88' lang='lat' dir='ltr'><strong>apparet.</strong></span> <span class='ocrx_word' id='word_1_278' title='bbox 3580 617 3677 674; x_wconf 87' lang='lat' dir='ltr'><strong>Ille</strong></span> <span class='ocrx_word' id='word_1_279' title='bbox 3705 629 3862 674; x_wconf 84' lang='lat' dir='ltr'><strong>sata-</strong></span> 
     </span>
    </p>
   </div>
   <div class='ocr_carea' id='block_1_39' title="bbox 2251 708 3860 785">
    <p class='ocr_par' dir='ltr' id='par_1_39' title="bbox 2251 708 3860 785">
     <span class='ocr_line' id='line_1_39' title="bbox 2251 708 3860 785; baseline -0.002 -18"><span class='ocrx_word' id='word_1_280' title='bbox 2251 714 2351 785; x_wconf 88' lang='lat' dir='ltr'><strong>git,</strong></span> <span class='ocrx_word' id='word_1_281' title='bbox 2385 711 2472 769; x_wconf 91' lang='lat' dir='ltr'><strong>hic</strong></span> <span class='ocrx_word' id='word_1_282' title='bbox 2503 712 2747 784; x_wconf 86' lang='lat' dir='ltr'><strong>negligit.</strong></span> <span class='ocrx_word' id='word_1_283' title='bbox 2777 710 2874 766; x_wconf 91' lang='lat' dir='ltr'><strong>Ille</strong></span> <span class='ocrx_word' id='word_1_284' title='bbox 2896 710 3091 766; x_wconf 87' lang='lat' dir='ltr'><strong>mereri</strong></span> <span class='ocrx_word' id='word_1_285' title='bbox 3114 709 3282 781; x_wconf 90' lang='lat' dir='ltr'><strong>cupit,</strong></span> <span class='ocrx_word' id='word_1_286' title='bbox 3305 717 3360 764; x_wconf 89' lang='lat' dir='ltr'><strong>at</strong></span> <span class='ocrx_word' id='word_1_287' title='bbox 3375 708 3488 776; x_wconf 91' lang='lat' dir='ltr'><strong>hic,</strong></span> <span class='ocrx_word' id='word_1_288' title='bbox 3511 718 3570 766; x_wconf 91' lang='lat' dir='ltr'><strong>ut</strong></span> <span class='ocrx_word' id='word_1_289' title='bbox 3587 709 3860 776; x_wconf 82' lang='lat' dir='ltr'><strong>debitum,</strong></span> 
     </span>
    </p>
   </div>
   <div class='ocr_carea' id='block_1_40' title="bbox 2252 799 3863 874">
    <p class='ocr_par' dir='ltr' id='par_1_40' title="bbox 2252 799 3863 874">
     <span class='ocr_line' id='line_1_40' title="bbox 2252 799 3863 874; baseline 0 -16"><span class='ocrx_word' id='word_1_290' title='bbox 2252 803 2353 859; x_wconf 91' lang='lat' dir='ltr'><strong>sibi</strong></span> <span class='ocrx_word' id='word_1_291' title='bbox 2375 803 2702 874; x_wconf 89' lang='lat' dir='ltr'><strong>repromittit</strong></span> <span class='ocrx_word' id='word_1_292' title='bbox 2723 821 2737 858; x_wconf 89' lang='lat'>:</span> <span class='ocrx_word' id='word_1_293' title='bbox 2767 802 2859 860; x_wconf 92' lang='lat' dir='ltr'><strong>ille</strong></span> <span class='ocrx_word' id='word_1_294' title='bbox 2879 804 3064 870; x_wconf 88' lang='lat' dir='ltr'><strong>sumit,</strong></span> <span class='ocrx_word' id='word_1_295' title='bbox 3089 801 3176 856; x_wconf 91' lang='lat' dir='ltr'><strong>hic</strong></span> <span class='ocrx_word' id='word_1_296' title='bbox 3197 799 3419 856; x_wconf 79' lang='lat' dir='ltr'><strong>invadit.</strong></span> <span class='ocrx_word' id='word_1_297' title='bbox 3441 800 3610 870; x_wconf 86' lang='lat' dir='ltr'><strong>Quem</strong></span> <span class='ocrx_word' id='word_1_298' title='bbox 3627 817 3863 858; x_wconf 86' lang='lat' dir='ltr'><strong>censeas</strong></span> 
     </span>
    </p>
   </div>
   <div class='ocr_carea' id='block_1_41' title="bbox 2253 894 3856 966">
    <p class='ocr_par' dir='ltr' id='par_1_41' title="bbox 2253 894 3856 966">
     <span class='ocr_line' id='line_1_41' title="bbox 2253 894 3856 966; baseline 0.001 -16"><span class='ocrx_word' id='word_1_299' title='bbox 2253 894 2573 966; x_wconf 90' lang='lat' dir='ltr'><strong>digniorem,</strong></span> <span class='ocrx_word' id='word_1_300' title='bbox 2596 895 2699 950; x_wconf 91' lang='lat' dir='ltr'><strong>nisi</strong></span> <span class='ocrx_word' id='word_1_301' title='bbox 2719 894 3144 952; x_wconf 88' lang='lat' dir='ltr'><strong>emendatiorem</strong></span> <span class='ocrx_word' id='word_1_302' title='bbox 3166 894 3190 948; x_wconf 88' lang='lat'><strong>?</strong></span> <span class='ocrx_word' id='word_1_303' title='bbox 3215 908 3378 964; x_wconf 89' lang='lat' dir='ltr'><strong>quem</strong></span> <span class='ocrx_word' id='word_1_304' title='bbox 3405 894 3856 965; x_wconf 81' lang='lat' dir='ltr'><strong>emendatiorem,</strong></span> 
     </span>
    </p>
   </div>
   <div class='ocr_carea' id='block_1_42' title="bbox 2252 987 3859 1058">
    <p class='ocr_par' dir='ltr' id='par_1_42' title="bbox 2252 987 3859 1058">
     <span class='ocr_line' id='line_1_42' title="bbox 2252 987 3859 1058; baseline 0 -14"><span class='ocrx_word' id='word_1_305' title='bbox 2252 990 2354 1045; x_wconf 91' lang='lat' dir='ltr'><strong>nisi</strong></span> <span class='ocrx_word' id='word_1_306' title='bbox 2379 989 2722 1056; x_wconf 90' lang='lat' dir='ltr'><strong>timidiorem,</strong></span> <span class='ocrx_word' id='word_1_307' title='bbox 2767 989 3049 1046; x_wconf 88' lang='lat' dir='ltr'><strong>etidcirco</strong></span> <span class='ocrx_word' id='word_1_308' title='bbox 3092 1002 3219 1044; x_wconf 88' lang='lat' dir='ltr'><strong>vera</strong></span> <span class='ocrx_word' id='word_1_309' title='bbox 3240 987 3546 1058; x_wconf 68' lang='lat' dir='ltr'><strong>pmnitentia</strong></span> <span class='ocrx_word' id='word_1_310' title='bbox 3568 987 3859 1045; x_wconf 71' lang='lat' dir='ltr'><strong>functum!</strong></span> 
     </span>
    </p>
   </div>
   <div class='ocr_carea' id='block_1_43' title="bbox 2251 1079 3854 1154">
    <p class='ocr_par' dir='ltr' id='par_1_43' title="bbox 2251 1079 3854 1154">
     <span class='ocr_line' id='line_1_43' title="bbox 2251 1079 3854 1154; baseline -0.001 -15"><span class='ocrx_word' id='word_1_311' title='bbox 2251 1083 2453 1140; x_wconf 90' lang='lat' dir='ltr'><strong>Timuit</strong></span> <span class='ocrx_word' id='word_1_312' title='bbox 2493 1083 2637 1139; x_wconf 91' lang='lat' dir='ltr'><strong>enim</strong></span> <span class='ocrx_word' id='word_1_313' title='bbox 2666 1082 2842 1139; x_wconf 90' lang='lat' dir='ltr'><strong>adhuc</strong></span> <span class='ocrx_word' id='word_1_314' title='bbox 2892 1082 3227 1154; x_wconf 89' lang='lat' dir='ltr'><strong>delinquere,</strong></span> <span class='ocrx_word' id='word_1_315' title='bbox 3270 1095 3340 1137; x_wconf 92' lang='lat' dir='ltr'><strong>ne</strong></span> <span class='ocrx_word' id='word_1_316' title='bbox 3396 1095 3500 1136; x_wconf 88' lang='lat' dir='ltr'><strong>non</strong></span> <span class='ocrx_word' id='word_1_317' title='bbox 3543 1079 3854 1138; x_wconf 85' lang='lat' dir='ltr'><strong>mereretur</strong></span> 
     </span>
    </p>
   </div>
   <div class='ocr_carea' id='block_1_44' title="bbox 2250 1169 3848 1247">
    <p class='ocr_par' dir='ltr' id='par_1_44' title="bbox 2250 1169 3848 1247">
     <span class='ocr_line' id='line_1_44' title="bbox 2250 1169 3848 1247; baseline -0.001 -17"><span class='ocrx_word' id='word_1_318' title='bbox 2250 1175 2516 1247; x_wconf 91' lang='lat' dir='ltr'><strong>accipere.</strong></span> <span class='ocrx_word' id='word_1_319' title='bbox 2545 1175 2724 1231; x_wconf 78' lang='lat' dir='ltr'><strong>Atille</strong></span> <span class='ocrx_word' id='word_1_320' title='bbox 2749 1181 3128 1245; x_wconf 65' lang='lat' dir='ltr'><strong>praesumptor,</strong></span> <span class='ocrx_word' id='word_1_321' title='bbox 3151 1187 3275 1227; x_wconf 89' lang='lat' dir='ltr'><strong>cum</strong></span> <span class='ocrx_word' id='word_1_322' title='bbox 3301 1169 3402 1228; x_wconf 90' lang='lat' dir='ltr'><strong>sibi</strong></span> <span class='ocrx_word' id='word_1_323' title='bbox 3429 1171 3848 1243; x_wconf 89' lang='lat' dir='ltr'><strong>repromitteret,</strong></span> 
     </span>
    </p>
   </div>
   <div class='ocr_carea' id='block_1_45' title="bbox 2250 1264 3854 1336">
    <p class='ocr_par' dir='ltr' id='par_1_45' title="bbox 2250 1264 3854 1336">
     <span class='ocr_line' id='line_1_45' title="bbox 2250 1264 3854 1336; baseline -0.003 -11"><span class='ocrx_word' id='word_1_324' title='bbox 2250 1283 2474 1326; x_wconf 91' lang='lat' dir='ltr'><strong>securus</strong></span> <span class='ocrx_word' id='word_1_325' title='bbox 2501 1268 2726 1334; x_wconf 88' lang='lat' dir='ltr'><strong>scilicet,</strong></span> <span class='ocrx_word' id='word_1_326' title='bbox 2786 1268 2976 1324; x_wconf 91' lang='lat' dir='ltr'><strong>timere</strong></span> <span class='ocrx_word' id='word_1_327' title='bbox 3007 1280 3112 1321; x_wconf 92' lang='lat' dir='ltr'><strong>non</strong></span> <span class='ocrx_word' id='word_1_328' title='bbox 3143 1264 3316 1336; x_wconf 89' lang='lat' dir='ltr'><strong>potuit</strong></span> <span class='ocrx_word' id='word_1_329' title='bbox 3347 1283 3361 1319; x_wconf 89' lang='lat'><strong>:</strong></span> <span class='ocrx_word' id='word_1_330' title='bbox 3408 1265 3486 1321; x_wconf 92' lang='lat' dir='ltr'><strong>sic</strong></span> <span class='ocrx_word' id='word_1_331' title='bbox 3543 1278 3641 1321; x_wconf 90' lang='lat' dir='ltr'><strong>nec</strong></span> <span class='ocrx_word' id='word_1_332' title='bbox 3669 1267 3854 1336; x_wconf 58' lang='lat' dir='ltr'><strong>paeni:</strong></span> 
     </span>
    </p>
   </div>
   <div class='ocr_carea' id='block_1_46' title="bbox 2251 1357 3854 1431">
    <p class='ocr_par' dir='ltr' id='par_1_46' title="bbox 2251 1357 3854 1431">
     <span class='ocr_line' id='line_1_46' title="bbox 2251 1357 3854 1431; baseline -0.001 -16"><span class='ocrx_word' id='word_1_333' title='bbox 2251 1361 2471 1416; x_wconf 90' lang='lat' dir='ltr'><strong>tentiam</strong></span> <span class='ocrx_word' id='word_1_334' title='bbox 2527 1359 2789 1431; x_wconf 85' lang='lat' dir='ltr'><strong>implevit,</strong></span> <span class='ocrx_word' id='word_1_335' title='bbox 2828 1360 2949 1429; x_wconf 90' lang='lat' dir='ltr'><strong>quia</strong></span> <span class='ocrx_word' id='word_1_336' title='bbox 3001 1358 3359 1413; x_wconf 85' lang='lat' dir='ltr'><strong>instrumento</strong></span> <span class='ocrx_word' id='word_1_337' title='bbox 3411 1357 3764 1427; x_wconf 66' lang='lat' dir='ltr'><strong>ptenitentiaa.</strong></span> <span class='ocrx_word' id='word_1_338' title='bbox 3799 1358 3854 1414; x_wconf 89' lang='lat' dir='ltr'><strong>id</strong></span> 
     </span>
    </p>
   </div>
   <div class='ocr_carea' id='block_1_47' title="bbox 2249 1449 3855 1522">
    <p class='ocr_par' dir='ltr' id='par_1_47' title="bbox 2249 1449 3855 1522">
     <span class='ocr_line' id='line_1_47' title="bbox 2249 1449 3855 1522; baseline -0.002 -12"><span class='ocrx_word' id='word_1_339' title='bbox 2249 1465 2354 1520; x_wconf 90' lang='lat' dir='ltr'><strong>est,</strong></span> <span class='ocrx_word' id='word_1_340' title='bbox 2388 1463 2556 1522; x_wconf 90' lang='lat' dir='ltr'><strong>metu,</strong></span> <span class='ocrx_word' id='word_1_341' title='bbox 2607 1452 2804 1510; x_wconf 90' lang='lat' dir='ltr'><strong>caruit.</strong></span> <span class='ocrx_word' id='word_1_342' title='bbox 2848 1452 3207 1522; x_wconf 64' lang='lat' dir='ltr'><strong>Praesumptio</strong></span> <span class='ocrx_word' id='word_1_343' title='bbox 3234 1449 3629 1507; x_wconf 79' lang='lat' dir='ltr'><strong>inverecundia:</strong></span> <span class='ocrx_word' id='word_1_344' title='bbox 3673 1452 3855 1522; x_wconf 86' lang='lat' dir='ltr'><strong>portio</strong></span> 
     </span>
    </p>
   </div>
   <div class='ocr_carea' id='block_1_48' title="bbox 2249 1541 3860 1617">
    <p class='ocr_par' dir='ltr' id='par_1_48' title="bbox 2249 1541 3860 1617">
     <span class='ocr_line' id='line_1_48' title="bbox 2249 1541 3860 1617; baseline -0.003 -15"><span class='ocrx_word' id='word_1_345' title='bbox 2249 1556 2351 1612; x_wconf 89' lang='lat' dir='ltr'><strong>est,</strong></span> <span class='ocrx_word' id='word_1_346' title='bbox 2382 1547 2542 1602; x_wconf 85' lang='lat' dir='ltr'><strong>instat</strong></span> <span class='ocrx_word' id='word_1_347' title='bbox 2562 1546 2867 1617; x_wconf 89' lang='lat' dir='ltr'><strong>petitorem,</strong></span> <span class='ocrx_word' id='word_1_348' title='bbox 2892 1544 3121 1616; x_wconf 87' lang='lat' dir='ltr'><strong>despicit</strong></span> <span class='ocrx_word' id='word_1_349' title='bbox 3147 1543 3410 1599; x_wconf 89' lang='lat' dir='ltr'><strong>datorem.</strong></span> <span class='ocrx_word' id='word_1_350' title='bbox 3442 1541 3630 1614; x_wconf 88' lang='lat' dir='ltr'><strong>Itaque</strong></span> <span class='ocrx_word' id='word_1_351' title='bbox 3653 1542 3860 1616; x_wconf 85' lang='lat' dir='ltr'><strong>decipit</strong></span> 
     </span>
    </p>
   </div>
   <div class='ocr_carea' id='block_1_49' title="bbox 2250 1635 3857 1716">
    <p class='ocr_par' dir='ltr' id='par_1_49' title="bbox 2250 1635 3857 1716">
     <span class='ocr_line' id='line_1_49' title="bbox 2250 1635 3857 1716; baseline -0.003 -21"><span class='ocrx_word' id='word_1_352' title='bbox 2250 1655 2655 1710; x_wconf 86' lang='lat' dir='ltr'><strong>nonnunquam.</strong></span> <span class='ocrx_word' id='word_1_353' title='bbox 2676 1640 2814 1694; x_wconf 87' lang='lat' dir='ltr'><strong>Ante</strong></span> <span class='ocrx_word' id='word_1_354' title='bbox 2844 1638 2988 1693; x_wconf 89' lang='lat' dir='ltr'><strong>enim</strong></span> <span class='ocrx_word' id='word_1_355' title='bbox 3019 1652 3176 1708; x_wconf 89' lang='lat' dir='ltr'><strong>quam</strong></span> <span class='ocrx_word' id='word_1_356' title='bbox 3213 1635 3472 1691; x_wconf 84' lang='lat' dir='ltr'><strong>debeatur</strong></span> <span class='ocrx_word' id='word_1_357' title='bbox 3499 1635 3857 1716; x_wconf 73' lang='lat' dir='ltr'><strong>repromittit,</strong></span> 
     </span>
    </p>
   </div>
   <div class='ocr_carea' id='block_1_50' title="bbox 2252 1726 3666 1806">
    <p class='ocr_par' dir='ltr' id='par_1_50' title="bbox 2252 1726 3666 1806">
     <span class='ocr_line' id='line_1_50' title="bbox 2252 1726 3666 1806; baseline -0.006 -17"><span class='ocrx_word' id='word_1_358' title='bbox 2252 1747 2358 1806; x_wconf 85' lang='lat' dir='ltr'><strong>quo</strong></span> <span class='ocrx_word' id='word_1_359' title='bbox 2384 1743 2594 1804; x_wconf 87' lang='lat' dir='ltr'><strong>semper</strong></span> <span class='ocrx_word' id='word_1_360' title='bbox 2613 1732 2680 1802; x_wconf 91' lang='lat' dir='ltr'><strong>is,</strong></span> <span class='ocrx_word' id='word_1_361' title='bbox 2711 1731 2802 1804; x_wconf 91' lang='lat' dir='ltr'><strong>qui</strong></span> <span class='ocrx_word' id='word_1_362' title='bbox 2827 1738 2910 1786; x_wconf 91' lang='lat' dir='ltr'><strong>est</strong></span> <span class='ocrx_word' id='word_1_363' title='bbox 2933 1737 3309 1802; x_wconf 72' lang='lat' dir='ltr'><strong>prmstaturus,</strong></span> <span class='ocrx_word' id='word_1_364' title='bbox 3351 1726 3666 1784; x_wconf 79' lang='lat' dir='ltr'><strong>olienditur.</strong></span> 
     </span>
    </p>
   </div>
   <div class='ocr_carea' id='block_1_51' title="bbox 2841 1929 3222 1989">
    <p class='ocr_par' dir='ltr' id='par_1_51' title="bbox 2841 1929 3222 1989">
     <span class='ocr_line' id='line_1_51' title="bbox 2841 1929 3222 1989; baseline 0 -3"><span class='ocrx_word' id='word_1_365' title='bbox 2841 1929 3070 1989; x_wconf 77' lang='lat' dir='ltr'><strong>CAPUT</strong></span> <span class='ocrx_word' id='word_1_366' title='bbox 3109 1929 3222 1986; x_wconf 74' lang='lat' dir='ltr'><strong>VII.</strong></span> 
     </span>
    </p>
   </div>
   <div class='ocr_carea' id='block_1_52' title="bbox 2320 2107 3856 2192">
    <p class='ocr_par' dir='ltr' id='par_1_52' title="bbox 2320 2107 3856 2192">
     <span class='ocr_line' id='line_1_52' title="bbox 2320 2107 3856 2192; baseline -0.01 -14"><span class='ocrx_word' id='word_1_367' title='bbox 2320 2121 2627 2192; x_wconf 80' lang='lat' dir='ltr'><strong>ﬂuensque,</strong></span> <span class='ocrx_word' id='word_1_368' title='bbox 2655 2117 2873 2174; x_wconf 87' lang='lat' dir='ltr'><strong>Christe</strong></span> <span class='ocrx_word' id='word_1_369' title='bbox 2894 2115 3138 2180; x_wconf 88' lang='lat' dir='ltr'><strong>Domine,</strong></span> <span class='ocrx_word' id='word_1_370' title='bbox 3162 2113 3230 2169; x_wconf 89' lang='lat' dir='ltr'><strong>de</strong></span> <span class='ocrx_word' id='word_1_371' title='bbox 3250 2108 3583 2183; x_wconf 68' lang='lat' dir='ltr'><strong>poenitentia:</strong></span> <span class='ocrx_word' id='word_1_372' title='bbox 3604 2107 3856 2177; x_wconf 86' lang='lat' dir='ltr'><strong>discipli-</strong></span> 
     </span>
    </p>
   </div>
   <div class='ocr_carea' id='block_1_53' title="bbox 2247 2203 3858 2285">
    <p class='ocr_par' dir='ltr' id='par_1_53' title="bbox 2247 2203 3858 2285">
     <span class='ocr_line' id='line_1_53' title="bbox 2247 2203 3858 2285; baseline -0.012 -12"><span class='ocrx_word' id='word_1_373' title='bbox 2247 2231 2313 2272; x_wconf 88' lang='lat' dir='ltr'><strong>na</strong></span> <span class='ocrx_word' id='word_1_374' title='bbox 2341 2215 2511 2272; x_wconf 86' lang='lat' dir='ltr'><strong>servis</strong></span> <span class='ocrx_word' id='word_1_375' title='bbox 2539 2214 2641 2268; x_wconf 91' lang='lat' dir='ltr'><strong>tuis</strong></span> <span class='ocrx_word' id='word_1_376' title='bbox 2671 2212 2750 2285; x_wconf 84' lang='lat'><strong>(5)</strong></span> <span class='ocrx_word' id='word_1_377' title='bbox 2776 2211 2956 2268; x_wconf 88' lang='lat' dir='ltr'><strong>dicere</strong></span> <span class='ocrx_word' id='word_1_378' title='bbox 2985 2208 3069 2264; x_wconf 89' lang='lat' dir='ltr'><strong>vel</strong></span> <span class='ocrx_word' id='word_1_379' title='bbox 3117 2205 3303 2263; x_wconf 87' lang='lat' dir='ltr'><strong>audire</strong></span> <span class='ocrx_word' id='word_1_380' title='bbox 3328 2203 3625 2274; x_wconf 83' lang='lat' dir='ltr'><strong>contingat,</strong></span> <span class='ocrx_word' id='word_1_381' title='bbox 3653 2214 3858 2272; x_wconf 81' lang='lat' dir='ltr'><strong>quous-</strong></span> 
     </span>
    </p>
   </div>
   <div class='ocr_carea' id='block_1_54' title="bbox 2251 2293 3858 2382">
    <p class='ocr_par' dir='ltr' id='par_1_54' title="bbox 2251 2293 3858 2382">
     <span class='ocr_line' id='line_1_54' title="bbox 2251 2293 3858 2382; baseline -0.011 -17"><span class='ocrx_word' id='word_1_382' title='bbox 2251 2324 2354 2382; x_wconf 90' lang='lat' dir='ltr'><strong>que</strong></span> <span class='ocrx_word' id='word_1_383' title='bbox 2382 2308 2545 2364; x_wconf 90' lang='lat' dir='ltr'><strong>etiam</strong></span> <span class='ocrx_word' id='word_1_384' title='bbox 2587 2306 2901 2375; x_wconf 89' lang='lat' dir='ltr'><strong>delinquere</strong></span> <span class='ocrx_word' id='word_1_385' title='bbox 2940 2317 3046 2358; x_wconf 91' lang='lat' dir='ltr'><strong>non</strong></span> <span class='ocrx_word' id='word_1_386' title='bbox 3097 2305 3312 2371; x_wconf 88' lang='lat' dir='ltr'><strong>oportet</strong></span> <span class='ocrx_word' id='word_1_387' title='bbox 3349 2295 3692 2352; x_wconf 85' lang='lat' dir='ltr'><strong>audientibus</strong></span> <span class='ocrx_word' id='word_1_388' title='bbox 3723 2313 3736 2349; x_wconf 85' lang='lat'><strong>:</strong></span> <span class='ocrx_word' id='word_1_389' title='bbox 3765 2293 3858 2348; x_wconf 83' lang='lat' dir='ltr'><strong>vel</strong></span> 
     </span>
    </p>
   </div>
   <div class='ocr_carea' id='block_1_55' title="bbox 2251 2387 3853 2472">
    <p class='ocr_par' dir='ltr' id='par_1_55' title="bbox 2251 2387 3853 2472">
     <span class='ocr_line' id='line_1_55' title="bbox 2251 2387 3853 2472; baseline -0.011 -14"><span class='ocrx_word' id='word_1_390' title='bbox 2251 2402 2384 2458; x_wconf 81' lang='lat' dir='ltr'><strong>nihil</strong></span> <span class='ocrx_word' id='word_1_391' title='bbox 2409 2401 2520 2472; x_wconf 91' lang='lat' dir='ltr'><strong>jam</strong></span> <span class='ocrx_word' id='word_1_392' title='bbox 2535 2399 2602 2454; x_wconf 91' lang='lat' dir='ltr'><strong>de</strong></span> <span class='ocrx_word' id='word_1_393' title='bbox 2623 2397 2938 2469; x_wconf 87' lang='lat' dir='ltr'><strong>poenitentia</strong></span> <span class='ocrx_word' id='word_1_394' title='bbox 2955 2393 3226 2459; x_wconf 88' lang='lat' dir='ltr'><strong>noverint,</strong></span> <span class='ocrx_word' id='word_1_395' title='bbox 3251 2390 3386 2446; x_wconf 90' lang='lat' dir='ltr'><strong>nihil</strong></span> <span class='ocrx_word' id='word_1_396' title='bbox 3406 2395 3524 2459; x_wconf 78' lang='lat' dir='ltr'><strong>ejus</strong></span> <span class='ocrx_word' id='word_1_397' title='bbox 3551 2387 3853 2458; x_wconf 82' lang='lat' dir='ltr'><strong>requirant.</strong></span> 
     </span>
    </p>
   </div>
   <div class='ocr_carea' id='block_1_56' title="bbox 2247 2480 3854 2567">
    <p class='ocr_par' dir='ltr' id='par_1_56' title="bbox 2247 2480 3854 2567">
     <span class='ocr_line' id='line_1_56' title="bbox 2247 2480 3854 2567; baseline -0.012 -14"><span class='ocrx_word' id='word_1_398' title='bbox 2247 2496 2402 2567; x_wconf 87' lang='lat' dir='ltr'><strong>Piget</strong></span> <span class='ocrx_word' id='word_1_399' title='bbox 2453 2493 2728 2556; x_wconf 77' lang='lat' dir='ltr'><strong>fecundze,</strong></span> <span class='ocrx_word' id='word_1_400' title='bbox 2778 2492 2889 2546; x_wconf 90' lang='lat' dir='ltr'><strong>imo</strong></span> <span class='ocrx_word' id='word_1_401' title='bbox 2943 2489 3049 2544; x_wconf 91' lang='lat' dir='ltr'><strong>iam</strong></span> <span class='ocrx_word' id='word_1_402' title='bbox 3113 2485 3318 2541; x_wconf 68' lang='lat' dir='ltr'><strong>ultimm</strong></span> <span class='ocrx_word' id='word_1_403' title='bbox 3384 2482 3496 2553; x_wconf 89' lang='lat' dir='ltr'><strong>spei</strong></span> <span class='ocrx_word' id='word_1_404' title='bbox 3552 2480 3854 2534; x_wconf 74' lang='lat' dir='ltr'><strong>subtexere</strong></span> 
     </span>
    </p>
   </div>
   <div class='ocr_carea' id='block_1_57' title="bbox 2249 2571 3847 2651">
    <p class='ocr_par' dir='ltr' id='par_1_57' title="bbox 2249 2571 3847 2651">
     <span class='ocr_line' id='line_1_57' title="bbox 2249 2571 3847 2651; baseline -0.015 -4"><span class='ocrx_word' id='word_1_405' title='bbox 2249 2590 2598 2651; x_wconf 84' lang='lat' dir='ltr'><strong>mentionem,</strong></span> <span class='ocrx_word' id='word_1_406' title='bbox 2631 2600 2699 2642; x_wconf 87' lang='lat' dir='ltr'><strong>ne</strong></span> <span class='ocrx_word' id='word_1_407' title='bbox 2725 2590 3079 2642; x_wconf 87' lang='lat' dir='ltr'><strong>retractantes</strong></span> <span class='ocrx_word' id='word_1_408' title='bbox 3106 2580 3175 2635; x_wconf 90' lang='lat' dir='ltr'><strong>de</strong></span> <span class='ocrx_word' id='word_1_409' title='bbox 3196 2576 3411 2634; x_wconf 90' lang='lat' dir='ltr'><strong>residuo</strong></span> <span class='ocrx_word' id='word_1_410' title='bbox 3435 2573 3630 2629; x_wconf 84' lang='lat' dir='ltr'><strong>auxilio</strong></span> <span class='ocrx_word' id='word_1_411' title='bbox 3653 2571 3847 2643; x_wconf 72' lang='grc' dir='ltr'><strong>ρωπὶ-</strong></span> 
     </span>
    </p>
   </div>
   <div class='ocr_carea' id='block_1_58' title="bbox 2248 2662 3846 2752">
    <p class='ocr_par' dir='ltr' id='par_1_58' title="bbox 2248 2662 3846 2752">
     <span class='ocr_line' id='line_1_58' title="bbox 2248 2662 3846 2752; baseline -0.016 -14"><span class='ocrx_word' id='word_1_412' title='bbox 2248 2683 2414 2748; x_wconf 90' lang='lat' dir='ltr'><strong>tendi,</strong></span> <span class='ocrx_word' id='word_1_413' title='bbox 2443 2680 2674 2752; x_wconf 89' lang='lat' dir='ltr'><strong>spatium</strong></span> <span class='ocrx_word' id='word_1_414' title='bbox 2697 2677 2873 2734; x_wconf 91' lang='lat' dir='ltr'><strong>adhuc</strong></span> <span class='ocrx_word' id='word_1_415' title='bbox 2892 2671 3240 2742; x_wconf 90' lang='lat' dir='ltr'><strong>delinquendi</strong></span> <span class='ocrx_word' id='word_1_416' title='bbox 3263 2669 3621 2725; x_wconf 89' lang='lat' dir='ltr'><strong>demonstrare</strong></span> <span class='ocrx_word' id='word_1_417' title='bbox 3652 2662 3846 2718; x_wconf 79' lang='lat' dir='ltr'><strong>videa-</strong></span> 
     </span>
    </p>
   </div>
   <div class='ocr_carea' id='block_1_59' title="bbox 2246 2756 3850 2842">
    <p class='ocr_par' dir='ltr' id='par_1_59' title="bbox 2246 2756 3850 2842">
     <span class='ocr_line' id='line_1_59' title="bbox 2246 2756 3850 2842; baseline -0.012 -10"><span class='ocrx_word' id='word_1_418' title='bbox 2246 2793 2387 2832; x_wconf 91' lang='lat' dir='ltr'><strong>mur.</strong></span> <span class='ocrx_word' id='word_1_419' title='bbox 2421 2775 2594 2841; x_wconf 89' lang='lat' dir='ltr'><strong>Absit,</strong></span> <span class='ocrx_word' id='word_1_420' title='bbox 2621 2783 2682 2830; x_wconf 90' lang='lat' dir='ltr'><strong>ut</strong></span> <span class='ocrx_word' id='word_1_421' title='bbox 2717 2772 2907 2842; x_wconf 89' lang='lat' dir='ltr'><strong>aliquis</strong></span> <span class='ocrx_word' id='word_1_422' title='bbox 2936 2769 3009 2825; x_wconf 91' lang='lat' dir='ltr'><strong>ita</strong></span> <span class='ocrx_word' id='word_1_423' title='bbox 3036 2768 3434 2836; x_wconf 87' lang='lat' dir='ltr'><strong>interpretetur,</strong></span> <span class='ocrx_word' id='word_1_424' title='bbox 3460 2758 3610 2832; x_wconf 85' lang='lat' dir='ltr'><strong>quasi</strong></span> <span class='ocrx_word' id='word_1_425' title='bbox 3647 2773 3715 2814; x_wconf 91' lang='lat' dir='ltr'><strong>co</strong></span> <span class='ocrx_word' id='word_1_426' title='bbox 3737 2756 3850 2812; x_wconf 86' lang='lat' dir='ltr'><strong>sibi</strong></span> 
     </span>
    </p>
   </div>
   <div class='ocr_carea' id='block_1_60' title="bbox 2246 2850 3851 2937">
    <p class='ocr_par' dir='ltr' id='par_1_60' title="bbox 2246 2850 3851 2937">
     <span class='ocr_line' id='line_1_60' title="bbox 2246 2850 3851 2937; baseline -0.012 -12"><span class='ocrx_word' id='word_1_427' title='bbox 2246 2869 2408 2925; x_wconf 91' lang='lat' dir='ltr'><strong>etiam</strong></span> <span class='ocrx_word' id='word_1_428' title='bbox 2429 2881 2573 2922; x_wconf 87' lang='lat' dir='ltr'><strong>nunc</strong></span> <span class='ocrx_word' id='word_1_429' title='bbox 2591 2873 2768 2937; x_wconf 88' lang='lat' dir='ltr'><strong>pateat</strong></span> <span class='ocrx_word' id='word_1_430' title='bbox 2783 2862 2849 2918; x_wconf 91' lang='lat' dir='ltr'><strong>ad</strong></span> <span class='ocrx_word' id='word_1_431' title='bbox 2872 2859 3314 2931; x_wconf 87' lang='lat' dir='ltr'><strong>delinquendum,</strong></span> <span class='ocrx_word' id='word_1_432' title='bbox 3343 2855 3462 2926; x_wconf 88' lang='lat' dir='ltr'><strong>quia</strong></span> <span class='ocrx_word' id='word_1_433' title='bbox 3481 2862 3627 2925; x_wconf 86' lang='lat' dir='ltr'><strong>patet</strong></span> <span class='ocrx_word' id='word_1_434' title='bbox 3648 2850 3714 2904; x_wconf 92' lang='lat' dir='ltr'><strong>ad</strong></span> <span class='ocrx_word' id='word_1_435' title='bbox 3730 2865 3851 2921; x_wconf 71' lang='lat' dir='ltr'><strong>pa:-</strong></span> 
     </span>
    </p>
   </div>
   <div class='ocr_carea' id='block_1_61' title="bbox 2245 2945 3850 3025">
    <p class='ocr_par' dir='ltr' id='par_1_61' title="bbox 2245 2945 3850 3025">
     <span class='ocr_line' id='line_1_61' title="bbox 2245 2945 3850 3025; baseline -0.013 -7"><span class='ocrx_word' id='word_1_436' title='bbox 2245 2960 2523 3018; x_wconf 87' lang='lat' dir='ltr'><strong>uitendum</strong></span> <span class='ocrx_word' id='word_1_437' title='bbox 2551 2975 2564 3025; x_wconf 90' lang='lat'><strong>;</strong></span> <span class='ocrx_word' id='word_1_438' title='bbox 2591 2968 2644 3014; x_wconf 90' lang='lat' dir='ltr'><strong>et</strong></span> <span class='ocrx_word' id='word_1_439' title='bbox 2665 2955 3022 3014; x_wconf 88' lang='lat' dir='ltr'><strong>redundantia</strong></span> <span class='ocrx_word' id='word_1_440' title='bbox 3047 2951 3353 3009; x_wconf 65' lang='lat' dir='ltr'><strong>clementia:</strong></span> <span class='ocrx_word' id='word_1_441' title='bbox 3380 2946 3640 3011; x_wconf 68' lang='lat' dir='ltr'><strong>crelestis,</strong></span> <span class='ocrx_word' id='word_1_442' title='bbox 3668 2945 3850 3001; x_wconf 86' lang='lat' dir='ltr'><strong>libidi-</strong></span> 
     </span>
    </p>
   </div>
   <div class='ocr_carea' id='block_1_62' title="bbox 2244 3036 3850 3110">
    <p class='ocr_par' dir='ltr' id='par_1_62' title="bbox 2244 3036 3850 3110">
     <span class='ocr_line' id='line_1_62' title="bbox 2244 3036 3850 3110; baseline -0.012 0"><span class='ocrx_word' id='word_1_443' title='bbox 2244 3069 2370 3110; x_wconf 90' lang='lat' dir='ltr'><strong>nem</strong></span> <span class='ocrx_word' id='word_1_444' title='bbox 2389 3050 2809 3107; x_wconf 77' lang='lat' dir='ltr'><strong>faciathumana:</strong></span> <span class='ocrx_word' id='word_1_445' title='bbox 2827 3045 3168 3104; x_wconf 89' lang='lat' dir='ltr'><strong>temeritatis.</strong></span> <span class='ocrx_word' id='word_1_446' title='bbox 3197 3042 3364 3098; x_wconf 86' lang='lat' dir='ltr'><strong>Nemo</strong></span> <span class='ocrx_word' id='word_1_447' title='bbox 3386 3039 3587 3095; x_wconf 89' lang='lat' dir='ltr'><strong>idcirco</strong></span> <span class='ocrx_word' id='word_1_448' title='bbox 3613 3036 3850 3091; x_wconf 79' lang='lat' dir='ltr'><strong>deterior</strong></span> 
     </span>
    </p>
   </div>
   <div class='ocr_carea' id='block_1_63' title="bbox 2165 3130 3852 3232">
    <p class='ocr_par' dir='ltr' id='par_1_63' title="bbox 2165 3130 3852 3232">
     <span class='ocr_line' id='line_1_63' title="bbox 2165 3130 3852 3232; baseline -0.012 -31"><span class='ocrx_word' id='word_1_449' title='bbox 2165 3168 2210 3232; x_wconf 64' lang='grc' dir='ltr'><strong>ρ</strong></span> <span class='ocrx_word' id='word_1_450' title='bbox 2244 3145 2334 3210; x_wconf 90' lang='lat' dir='ltr'><strong>sit,</strong></span> <span class='ocrx_word' id='word_1_451' title='bbox 2352 3144 2476 3216; x_wconf 90' lang='lat' dir='ltr'><strong>quia</strong></span> <span class='ocrx_word' id='word_1_452' title='bbox 2493 3143 2634 3199; x_wconf 88' lang='lat' dir='ltr'><strong>Deus</strong></span> <span class='ocrx_word' id='word_1_453' title='bbox 2655 3141 2848 3197; x_wconf 84' lang='lat' dir='ltr'><strong>melior</strong></span> <span class='ocrx_word' id='word_1_454' title='bbox 2870 3147 2971 3204; x_wconf 90' lang='lat' dir='ltr'><strong>est,</strong></span> <span class='ocrx_word' id='word_1_455' title='bbox 2993 3137 3188 3193; x_wconf 90' lang='lat' dir='ltr'><strong>totiens</strong></span> <span class='ocrx_word' id='word_1_456' title='bbox 3211 3130 3852 3232; x_wconf 57' lang='lat' dir='ltr'><strong>delinqttendoquotiens</strong></span> 
     </span>
    </p>
   </div>
   <div class='ocr_carea' id='block_1_64' title="bbox 2247 3219 3848 3306">
    <p class='ocr_par' dir='ltr' id='par_1_64' title="bbox 2247 3219 3848 3306">
     <span class='ocr_line' id='line_1_64' title="bbox 2247 3219 3848 3306; baseline -0.012 -15"><span class='ocrx_word' id='word_1_457' title='bbox 2247 3232 2649 3306; x_wconf 86' lang='lat' dir='ltr'><strong>ignoscitur(h).</strong></span> <span class='ocrx_word' id='word_1_458' title='bbox 2666 3232 2932 3289; x_wconf 66' lang='lat' dir='ltr'><strong>Caeterum</strong></span> <span class='ocrx_word' id='word_1_459' title='bbox 2952 3230 3110 3285; x_wconf 89' lang='lat' dir='ltr'><strong>ﬁnem</strong></span> <span class='ocrx_word' id='word_1_460' title='bbox 3129 3227 3311 3296; x_wconf 89' lang='lat' dir='ltr'><strong>utique</strong></span> <span class='ocrx_word' id='word_1_461' title='bbox 3328 3221 3589 3279; x_wconf 88' lang='lat' dir='ltr'><strong>evadendi</strong></span> <span class='ocrx_word' id='word_1_462' title='bbox 3609 3219 3848 3274; x_wconf 90' lang='lat' dir='ltr'><strong>habebit.</strong></span> 
     </span>
    </p>
   </div>
   <div class='ocr_carea' id='block_1_65' title="bbox 2253 3313 3854 3384">
    <p class='ocr_par' dir='ltr' id='par_1_65' title="bbox 2253 3313 3854 3384">
     <span class='ocr_line' id='line_1_65' title="bbox 2253 3313 3854 3384; baseline -0.01 -1"><span class='ocrx_word' id='word_1_463' title='bbox 2253 3343 2376 3384; x_wconf 90' lang='lat' dir='ltr'><strong>cum</strong></span> <span class='ocrx_word' id='word_1_464' title='bbox 2402 3325 2709 3383; x_wconf 76' lang='lat' dir='ltr'><strong>offendendi</strong></span> <span class='ocrx_word' id='word_1_465' title='bbox 2732 3338 2843 3381; x_wconf 91' lang='lat' dir='ltr'><strong>non</strong></span> <span class='ocrx_word' id='word_1_466' title='bbox 2874 3321 3109 3380; x_wconf 88' lang='lat' dir='ltr'><strong>habebit.</strong></span> <span class='ocrx_word' id='word_1_467' title='bbox 3135 3318 3414 3375; x_wconf 85' lang='lat' dir='ltr'><strong>Evasimus</strong></span> <span class='ocrx_word' id='word_1_468' title='bbox 3439 3314 3641 3382; x_wconf 86' lang='lat' dir='ltr'><strong>semel;</strong></span> <span class='ocrx_word' id='word_1_469' title='bbox 3672 3313 3854 3369; x_wconf 86' lang='lat' dir='ltr'><strong>hacte-</strong></span> 
     </span>
    </p>
   </div>
   <div class='ocr_carea' id='block_1_66' title="bbox 1760 3460 2600 3522">
    <p class='ocr_par' dir='ltr' id='par_1_66' title="bbox 1760 3460 2600 3522">
     <span class='ocr_line' id='line_1_66' title="bbox 1760 3460 2600 3522; baseline 0 -4"><span class='ocrx_word' id='word_1_470' title='bbox 1760 3460 2142 3522; x_wconf 84' lang='lat' dir='ltr'><strong>LECTIONES</strong></span> <span class='ocrx_word' id='word_1_471' title='bbox 2181 3463 2600 3522; x_wconf 70' lang='lat' dir='ltr'><strong>\‘ARIANTES.</strong></span> 
     </span>
    </p>
   </div>
   <div class='ocr_carea' id='block_1_67' title="bbox 605 3579 1090 3642">
    <p class='ocr_par' dir='ltr' id='par_1_67' title="bbox 605 3579 1090 3642">
     <span class='ocr_line' id='line_1_67' title="bbox 605 3579 1090 3642; baseline -0.006 -11"><span class='ocrx_word' id='word_1_472' title='bbox 605 3579 682 3642; x_wconf 88' lang='grc'><strong>(1)</strong></span> <span class='ocrx_word' id='word_1_473' title='bbox 704 3579 949 3642; x_wconf 82' lang='lat' dir='ltr'><strong>Promittit</strong></span> <span class='ocrx_word' id='word_1_474' title='bbox 970 3579 1090 3629; x_wconf 83' lang='lat' dir='ltr'><strong>Jun.</strong></span> 
     </span>
    </p>
   </div>
   <div class='ocr_carea' id='block_1_68' title="bbox 543 3641 1424 3692">
    <p class='ocr_par' dir='ltr' id='par_1_68' title="bbox 543 3641 1424 3692">
     <span class='ocr_line' id='line_1_68' title="bbox 543 3641 1424 3692; baseline -0.001 0"><span class='ocrx_word' id='word_1_475' title='bbox 543 3663 546 3667; x_wconf 56' lang='grc' dir='ltr'>λ</span> <span class='ocrx_word' id='word_1_476' title='bbox 607 3641 682 3692; x_wconf 74' lang='grc'><strong>(21</strong></span> <span class='ocrx_word' id='word_1_477' title='bbox 705 3643 793 3690; x_wconf 89' lang='lat' dir='ltr'><strong>Dei</strong></span> <span class='ocrx_word' id='word_1_478' title='bbox 814 3641 981 3690; x_wconf 83' lang='lat' dir='ltr'><strong>Verbo</strong></span> <span class='ocrx_word' id='word_1_479' title='bbox 1004 3643 1126 3691; x_wconf 85' lang='lat' dir='ltr'><strong>Jun.</strong></span> <span class='ocrx_word' id='word_1_480' title='bbox 1161 3652 1226 3692; x_wconf 72' lang='lat' dir='ltr'><strong>ea:</strong></span> <span class='ocrx_word' id='word_1_481' title='bbox 1248 3643 1320 3691; x_wconf 79' lang='grc' dir='ltr'><strong>Μ.</strong></span> <span class='ocrx_word' id='word_1_482' title='bbox 1347 3647 1424 3692; x_wconf 91' lang='lat' dir='ltr'><strong>ss.</strong></span> 
     </span>
    </p>
   </div>
   <div class='ocr_carea' id='block_1_69' title="bbox 631 3648 1101 3767">
    <p class='ocr_par' dir='ltr' id='par_1_69' title="bbox 631 3648 1101 3767">
     <span class='ocr_line' id='line_1_69' title="bbox 631 3648 1101 3767; baseline 0.002 -77"><span class='ocrx_word' id='word_1_483' title='bbox 631 3648 684 3767; x_wconf 49' lang='lat'><strong>3;</strong></span> <span class='ocrx_word' id='word_1_484' title='bbox 705 3648 793 3690; x_wconf 83' lang='lat' dir='ltr'><strong>Dei</strong></span> <span class='ocrx_word' id='word_1_485' title='bbox 817 3648 981 3710; x_wconf 74' lang='lat' dir='ltr'><strong>Verbo</strong></span> <span class='ocrx_word' id='word_1_486' title='bbox 1004 3648 1101 3691; x_wconf 85' lang='lat' dir='ltr'><strong>Jun</strong></span> 
     </span>
     <span class='ocr_line' id='line_1_70' title="bbox 631 3701 1101 3767; baseline 0 -14"><span class='ocrx_word' id='word_1_487' title='bbox 631 3719 662 3753; x_wconf 78' lang='grc' dir='ltr'>ο</span> <span class='ocrx_word' id='word_1_488' title='bbox 708 3704 816 3762; x_wconf 87' lang='lat' dir='ltr'><strong>Quo</strong></span> <span class='ocrx_word' id='word_1_489' title='bbox 837 3701 899 3752; x_wconf 91' lang='lat' dir='ltr'><strong>ad</strong></span> <span class='ocrx_word' id='word_1_490' title='bbox 917 3701 1101 3767; x_wconf 72' lang='lat' dir='ltr'><strong>Rigalt.</strong></span> 
     </span>
    </p>
   </div>
   <div class='ocr_carea' id='block_1_70' title="bbox 618 3897 2140 3984">
    <p class='ocr_par' dir='ltr' id='par_1_70' title="bbox 618 3897 2140 3984">
     <span class='ocr_line' id='line_1_71' title="bbox 618 3897 2140 3984; baseline 0 -26"><span class='ocrx_word' id='word_1_491' title='bbox 618 3899 702 3984; x_wconf 71' lang='lat' dir='ltr'><strong>(Ii)</strong></span> <span class='ocrx_word' id='word_1_492' title='bbox 731 3898 1032 3984; x_wconf 62' lang='lat' dir='ltr'><strong>Symbolum</strong></span> <span class='ocrx_word' id='word_1_493' title='bbox 1061 3898 1238 3984; x_wconf 69' lang='lat' dir='ltr'><strong>mortis</strong></span> <span class='ocrx_word' id='word_1_494' title='bbox 1258 3897 1504 3984; x_wconf 47' lang='lat' dir='ltr'><strong>indulget.</strong></span> <span class='ocrx_word' id='word_1_495' title='bbox 1551 3897 1919 3984; x_wconf 76' lang='lat' dir='ltr'><strong>Syngrapham</strong></span> <span class='ocrx_word' id='word_1_496' title='bbox 1949 3903 2140 3984; x_wconf 72' lang='lat' dir='ltr'><strong>mortis</strong></span> 
     </span>
    </p>
   </div>
   <div class='ocr_carea' id='block_1_71' title="bbox 541 3969 2135 4041">
    <p class='ocr_par' dir='ltr' id='par_1_71' title="bbox 541 3969 2135 4041">
     <span class='ocr_line' id='line_1_72' title="bbox 541 3969 2135 4041; baseline -0.002 -11"><span class='ocrx_word' id='word_1_497' title='bbox 541 3969 708 4031; x_wconf 80' lang='lat' dir='ltr'><strong>donat</strong></span> <span class='ocrx_word' id='word_1_498' title='bbox 727 4013 744 4037; x_wconf 87' lang='lat'><strong>,</strong></span> <span class='ocrx_word' id='word_1_499' title='bbox 773 3969 825 4027; x_wconf 83' lang='lat' dir='ltr'><strong>id</strong></span> <span class='ocrx_word' id='word_1_500' title='bbox 853 3983 968 4038; x_wconf 86' lang='lat' dir='ltr'><strong>est,</strong></span> <span class='ocrx_word' id='word_1_501' title='bbox 1001 3979 1300 4041; x_wconf 86' lang='lat' dir='ltr'><strong>peccatum.</strong></span> <span class='ocrx_word' id='word_1_502' title='bbox 1347 3969 1559 4024; x_wconf 89' lang='lat' dir='ltr'><strong>Etenim</strong></span> <span class='ocrx_word' id='word_1_503' title='bbox 1593 3969 1948 4041; x_wconf 82' lang='lat' dir='ltr'><strong>obligationes</strong></span> <span class='ocrx_word' id='word_1_504' title='bbox 1976 3973 2135 4027; x_wconf 88' lang='lat' dir='ltr'><strong>etiam</strong></span> 
     </span>
    </p>
   </div>
   <div class='ocr_carea' id='block_1_72' title="bbox 543 4040 2135 4102">
    <p class='ocr_par' dir='ltr' id='par_1_72' title="bbox 543 4040 2135 4102">
     <span class='ocr_line' id='line_1_73' title="bbox 543 4040 2135 4102; baseline -0.003 0"><span class='ocrx_word' id='word_1_505' title='bbox 543 4062 612 4102; x_wconf 83' lang='lat' dir='ltr'><strong>ex</strong></span> <span class='ocrx_word' id='word_1_506' title='bbox 638 4045 845 4101; x_wconf 90' lang='lat' dir='ltr'><strong>delictis</strong></span> <span class='ocrx_word' id='word_1_507' title='bbox 867 4052 922 4099; x_wconf 91' lang='lat' dir='ltr'><strong>et</strong></span> <span class='ocrx_word' id='word_1_508' title='bbox 945 4040 1225 4097; x_wconf 90' lang='lat' dir='ltr'><strong>maleﬁciis</strong></span> <span class='ocrx_word' id='word_1_509' title='bbox 1265 4050 1576 4096; x_wconf 90' lang='lat' dir='ltr'><strong>nascuntur.</strong></span> <span class='ocrx_word' id='word_1_510' title='bbox 1620 4040 1817 4096; x_wconf 87' lang='lat' dir='ltr'><strong>Paulus</strong></span> <span class='ocrx_word' id='word_1_511' title='bbox 1839 4042 1905 4096; x_wconf 93' lang='lat' dir='ltr'><strong>ad</strong></span> <span class='ocrx_word' id='word_1_512' title='bbox 1927 4042 2135 4100; x_wconf 88' lang='lat' dir='ltr'><strong>Coloss.</strong></span> 
     </span>
    </p>
   </div>
   <div class='ocr_carea' id='block_1_73' title="bbox 539 4112 2142 4194">
    <p class='ocr_par' dir='ltr' id='par_1_73' title="bbox 539 4112 2142 4194">
     <span class='ocr_line' id='line_1_74' title="bbox 539 4112 2142 4194; baseline -0.009 -22"><span class='ocrx_word' id='word_1_513' title='bbox 539 4117 588 4172; x_wconf 89' lang='lat' dir='ltr'><strong>ll</strong></span> <span class='ocrx_word' id='word_1_514' title='bbox 623 4116 776 4182; x_wconf 81' lang='lat' dir='ltr'><strong>dixit,</strong></span> <span class='ocrx_word' id='word_1_515' title='bbox 804 4112 1242 4194; x_wconf 71' lang='lat' dir='ltr'><strong>chirographum.</strong></span> <span class='ocrx_word' id='word_1_516' title='bbox 1291 4119 1539 4194; x_wconf 43' lang='lat' dir='ltr'><strong>agnitae;</strong></span> <span class='ocrx_word' id='word_1_517' title='bbox 1565 4122 1620 4167; x_wconf 83' lang='grc' dir='ltr'><strong>τὸ</strong></span> <span class='ocrx_word' id='word_1_518' title='bbox 1666 4113 1769 4194; x_wconf 51' lang='lat' dir='ltr'><strong>nae:</strong></span> <span class='ocrx_word' id='word_1_519' title='bbox 1797 4122 1962 4194; x_wconf 39' lang='lat' dir='ltr'><strong>ags-in</strong></span> <span class='ocrx_word' id='word_1_520' title='bbox 1981 4125 2142 4194; x_wconf 48' lang='grc' dir='ltr'><strong>χεξρδ-</strong></span> 
     </span>
    </p>
   </div>
   <div class='ocr_carea' id='block_1_74' title="bbox 540 4183 2135 4324">
    <p class='ocr_par' dir='ltr' id='par_1_74' title="bbox 540 4183 2135 4324">
     <span class='ocr_line' id='line_1_75' title="bbox 540 4183 2135 4258; baseline -0.001 -17"><span class='ocrx_word' id='word_1_521' title='bbox 540 4210 715 4258; x_wconf 58' lang='grc' dir='ltr'><strong>γράφον</strong></span> <span class='ocrx_word' id='word_1_522' title='bbox 741 4192 841 4246; x_wconf 79' lang='grc' dir='ltr'><strong>τοῖς</strong></span> <span class='ocrx_word' id='word_1_523' title='bbox 874 4183 1119 4254; x_wconf 47' lang='grc' dir='ltr'><strong>δόγμασιν.</strong></span> <span class='ocrx_word' id='word_1_524' title='bbox 1153 4184 1272 4254; x_wconf 89' lang='lat' dir='ltr'><strong>Ipse</strong></span> <span class='ocrx_word' id='word_1_525' title='bbox 1298 4183 1657 4238; x_wconf 87' lang='lat' dir='ltr'><strong>Tertullianus</strong></span> <span class='ocrx_word' id='word_1_526' title='bbox 1710 4184 1800 4238; x_wconf 78' lang='lat' dir='ltr'><strong>lib.</strong></span> <span class='ocrx_word' id='word_1_527' title='bbox 1829 4185 1897 4240; x_wconf 91' lang='lat' dir='ltr'><strong>de</strong></span> <span class='ocrx_word' id='word_1_528' title='bbox 1926 4183 2135 4240; x_wconf 59' lang='lat' dir='ltr'><strong>PudlCJ</strong></span> 
     </span>
     <span class='ocr_line' id='line_1_76' title="bbox 540 4254 2135 4324; baseline -0.002 -11"><span class='ocrx_word' id='word_1_529' title='bbox 540 4259 686 4313; x_wconf 82' lang='lat' dir='ltr'><strong>Nam</strong></span> <span class='ocrx_word' id='word_1_530' title='bbox 715 4267 763 4311; x_wconf 85' lang='lat' dir='ltr'><strong>et</strong></span> <span class='ocrx_word' id='word_1_531' title='bbox 787 4257 934 4310; x_wconf 78' lang='lat' dir='ltr'><strong>solvit</strong></span> <span class='ocrx_word' id='word_1_532' title='bbox 960 4255 1177 4312; x_wconf 78' lang='lat' dir='ltr'><strong>liberans</strong></span> <span class='ocrx_word' id='word_1_533' title='bbox 1210 4255 1465 4308; x_wconf 81' lang='lat' dir='ltr'><strong>hominem</strong></span> <span class='ocrx_word' id='word_1_534' title='bbox 1504 4269 1594 4324; x_wconf 84' lang='lat' dir='ltr'><strong>per</strong></span> <span class='ocrx_word' id='word_1_535' title='bbox 1621 4254 1920 4321; x_wconf 82' lang='lat' dir='ltr'><strong>lavacrum,</strong></span> <span class='ocrx_word' id='word_1_536' title='bbox 1947 4255 2135 4310; x_wconf 81' lang='lat' dir='ltr'><strong>donata</strong></span> 
     </span>
    </p>
   </div>
   <div class='ocr_carea' id='block_1_75' title="bbox 538 4325 1322 4398">
    <p class='ocr_par' dir='ltr' id='par_1_75' title="bbox 538 4325 1322 4398">
     <span class='ocr_line' id='line_1_77' title="bbox 538 4325 1322 4398; baseline -0.008 -14"><span class='ocrx_word' id='word_1_537' title='bbox 538 4331 586 4384; x_wconf 80' lang='lat' dir='ltr'><strong>ei</strong></span> <span class='ocrx_word' id='word_1_538' title='bbox 611 4327 952 4398; x_wconf 81' lang='lat' dir='ltr'><strong>chirographo</strong></span> <span class='ocrx_word' id='word_1_539' title='bbox 973 4327 1169 4398; x_wconf 79' lang='lat' dir='ltr'><strong>mortis.</strong></span> <span class='ocrx_word' id='word_1_540' title='bbox 1201 4325 1322 4382; x_wconf 81' lang='lat' dir='ltr'><strong>RIG.</strong></span> 
     </span>
    </p>
   </div>
   <div class='ocr_carea' id='block_1_76' title="bbox 611 4395 2136 4472">
    <p class='ocr_par' dir='ltr' id='par_1_76' title="bbox 611 4395 2136 4472">
     <span class='ocr_line' id='line_1_78' title="bbox 611 4395 2136 4472; baseline 0.001 -19"><span class='ocrx_word' id='word_1_541' title='bbox 611 4399 688 4472; x_wconf 91' lang='lat' dir='ltr'><strong>(a)</strong></span> <span class='ocrx_word' id='word_1_542' title='bbox 731 4395 1163 4472; x_wconf 58' lang='lat' dir='ltr'><strong>Qui_&#39;pmnitentia:</strong></span> <span class='ocrx_word' id='word_1_543' title='bbox 1192 4398 1346 4472; x_wconf 69' lang='lat' dir='ltr'><strong>ﬁdem</strong></span> <span class='ocrx_word' id='word_1_544' title='bbox 1389 4397 1635 4467; x_wconf 80' lang='lat' dir='ltr'><strong>aggressi.</strong></span> <span class='ocrx_word' id='word_1_545' title='bbox 1688 4395 1744 4452; x_wconf 93' lang='lat' dir='ltr'><strong>Id</strong></span> <span class='ocrx_word' id='word_1_546' title='bbox 1771 4398 1969 4469; x_wconf 87' lang='lat' dir='ltr'><strong>estqui</strong></span> <span class='ocrx_word' id='word_1_547' title='bbox 2001 4399 2136 4454; x_wconf 79' lang='lat' dir='ltr'><strong>inci-</strong></span> 
     </span>
    </p>
   </div>
   <div class='ocr_carea' id='block_1_77' title="bbox 535 4468 2135 4541">
    <p class='ocr_par' dir='ltr' id='par_1_77' title="bbox 535 4468 2135 4541">
     <span class='ocr_line' id='line_1_79' title="bbox 535 4468 2135 4541; baseline 0 -15"><span class='ocrx_word' id='word_1_548' title='bbox 535 4468 692 4541; x_wconf 80' lang='lat' dir='ltr'><strong>piunt</strong></span> <span class='ocrx_word' id='word_1_549' title='bbox 727 4468 947 4525; x_wconf 79' lang='lat' dir='ltr'><strong>credere</strong></span> <span class='ocrx_word' id='word_1_550' title='bbox 991 4468 1356 4541; x_wconf 57' lang='lat' dir='ltr'><strong>paenitendum</strong></span> <span class='ocrx_word' id='word_1_551' title='bbox 1385 4482 1535 4541; x_wconf 83' lang='lat' dir='ltr'><strong>esse,</strong></span> <span class='ocrx_word' id='word_1_552' title='bbox 1575 4477 1628 4522; x_wconf 89' lang='lat' dir='ltr'><strong>et</strong></span> <span class='ocrx_word' id='word_1_553' title='bbox 1658 4477 1834 4541; x_wconf 77' lang='lat' dir='ltr'><strong>tamen</strong></span> <span class='ocrx_word' id='word_1_554' title='bbox 1880 4468 1976 4525; x_wconf 89' lang='lat' dir='ltr'><strong>eos</strong></span> <span class='ocrx_word' id='word_1_555' title='bbox 2027 4486 2135 4526; x_wconf 91' lang='lat' dir='ltr'><strong>non</strong></span> 
     </span>
    </p>
   </div>
   <div class='ocr_carea' id='block_1_78' title="bbox 535 4538 2132 4612">
    <p class='ocr_par' dir='ltr' id='par_1_78' title="bbox 535 4538 2132 4612">
     <span class='ocr_line' id='line_1_80' title="bbox 535 4538 2132 4612; baseline 0 -16"><span class='ocrx_word' id='word_1_556' title='bbox 535 4538 665 4598; x_wconf 74' lang='lat' dir='ltr'><strong>vere</strong></span> <span class='ocrx_word' id='word_1_557' title='bbox 701 4542 965 4612; x_wconf 66' lang='lat' dir='ltr'><strong>paenitet;</strong></span> <span class='ocrx_word' id='word_1_558' title='bbox 1021 4538 1154 4594; x_wconf 91' lang='lat' dir='ltr'><strong>nihil</strong></span> <span class='ocrx_word' id='word_1_559' title='bbox 1199 4539 1342 4592; x_wconf 92' lang='lat' dir='ltr'><strong>enim</strong></span> <span class='ocrx_word' id='word_1_560' title='bbox 1390 4539 1570 4612; x_wconf 68' lang='lat' dir='ltr'><strong>prius</strong></span> <span class='ocrx_word' id='word_1_561' title='bbox 1598 4538 1972 4612; x_wconf 85' lang='lat' dir='ltr'><strong>catechumcni</strong></span> <span class='ocrx_word' id='word_1_562' title='bbox 2019 4542 2132 4596; x_wconf 87' lang='lat' dir='ltr'><strong>sive</strong></span> 
     </span>
    </p>
   </div>
   <div class='ocr_carea' id='block_1_79' title="bbox 536 4608 2137 4680">
    <p class='ocr_par' dir='ltr' id='par_1_79' title="bbox 536 4608 2137 4680">
     <span class='ocr_line' id='line_1_81' title="bbox 536 4608 2137 4680; baseline 0 -12"><span class='ocrx_word' id='word_1_563' title='bbox 536 4608 745 4668; x_wconf 76' lang='lat' dir='ltr'><strong>tirones</strong></span> <span class='ocrx_word' id='word_1_564' title='bbox 771 4611 1120 4677; x_wconf 89' lang='lat' dir='ltr'><strong>docebantur,</strong></span> <span class='ocrx_word' id='word_1_565' title='bbox 1143 4624 1301 4680; x_wconf 88' lang='lat' dir='ltr'><strong>quam</strong></span> <span class='ocrx_word' id='word_1_566' title='bbox 1331 4618 1388 4663; x_wconf 91' lang='lat' dir='ltr'><strong>ut</strong></span> <span class='ocrx_word' id='word_1_567' title='bbox 1410 4608 1601 4678; x_wconf 88' lang='lat' dir='ltr'><strong>prioris</strong></span> <span class='ocrx_word' id='word_1_568' title='bbox 1618 4610 1740 4664; x_wconf 88' lang='lat' dir='ltr'><strong>vitae</strong></span> <span class='ocrx_word' id='word_1_569' title='bbox 1766 4612 2137 4680; x_wconf 73' lang='lat' dir='ltr'><strong>ptenitentiam</strong></span> 
     </span>
    </p>
   </div>
   <div class='ocr_carea' id='block_1_80' title="bbox 539 4682 1037 4755">
    <p class='ocr_par' dir='ltr' id='par_1_80' title="bbox 539 4682 1037 4755">
     <span class='ocr_line' id='line_1_82' title="bbox 539 4682 1037 4755; baseline -0.01 -15"><span class='ocrx_word' id='word_1_570' title='bbox 539 4693 777 4755; x_wconf 84' lang='lat' dir='ltr'><strong>agerent.</strong></span> <span class='ocrx_word' id='word_1_571' title='bbox 809 4682 1037 4755; x_wconf 59' lang='lat' dir='ltr'><strong>Atsase.</strong></span> 
     </span>
    </p>
   </div>
   <div class='ocr_carea' id='block_1_81' title="bbox 611 4750 2138 4825">
    <p class='ocr_par' dir='ltr' id='par_1_81' title="bbox 611 4750 2138 4825">
     <span class='ocr_line' id='line_1_83' title="bbox 611 4750 2138 4825; baseline 0 -15"><span class='ocrx_word' id='word_1_572' title='bbox 611 4755 692 4825; x_wconf 88' lang='lat' dir='ltr'><strong>(b)</strong></span> <span class='ocrx_word' id='word_1_573' title='bbox 719 4753 864 4808; x_wconf 82' lang='lat' dir='ltr'><strong>Inter</strong></span> <span class='ocrx_word' id='word_1_574' title='bbox 912 4753 1202 4814; x_wconf 78' lang='lat' dir='ltr'><strong>auditorum</strong></span> <span class='ocrx_word' id='word_1_575' title='bbox 1249 4751 1502 4806; x_wconf 80' lang='lat' dir='ltr'><strong>tirocinia.</strong></span> <span class='ocrx_word' id='word_1_576' title='bbox 1548 4750 1984 4825; x_wconf 88' lang='lat' dir='ltr'><strong>_Catechumenos</strong></span> <span class='ocrx_word' id='word_1_577' title='bbox 2029 4771 2138 4810; x_wconf 87' lang='lat' dir='ltr'><strong>non</strong></span> 
     </span>
    </p>
   </div>
   <div class='ocr_carea' id='block_1_82' title="bbox 533 4822 2138 4896">
    <p class='ocr_par' dir='ltr' id='par_1_82' title="bbox 533 4822 2138 4896">
     <span class='ocr_line' id='line_1_84' title="bbox 533 4822 2138 4896; baseline 0.001 -15"><span class='ocrx_word' id='word_1_578' title='bbox 533 4822 817 4896; x_wconf 85' lang='lat' dir='ltr'><strong>intelligit,</strong></span> <span class='ocrx_word' id='word_1_579' title='bbox 865 4833 923 4879; x_wconf 89' lang='lat' dir='ltr'><strong>ut</strong></span> <span class='ocrx_word' id='word_1_580' title='bbox 949 4825 1174 4896; x_wconf 78' lang='lat' dir='ltr'><strong>opinor,</strong></span> <span class='ocrx_word' id='word_1_581' title='bbox 1209 4837 1330 4896; x_wconf 86' lang='lat' dir='ltr'><strong>nam</strong></span> <span class='ocrx_word' id='word_1_582' title='bbox 1380 4822 1636 4896; x_wconf 87' lang='lat' dir='ltr'><strong>proprie__</strong></span> <span class='ocrx_word' id='word_1_583' title='bbox 1665 4825 2032 4896; x_wconf 83' lang='lat' dir='ltr'><strong>catechumeni</strong></span> <span class='ocrx_word' id='word_1_584' title='bbox 2064 4827 2138 4883; x_wconf 93' lang='lat' dir='ltr'><strong>illi</strong></span> 
     </span>
    </p>
   </div>
   <div class='ocr_carea' id='block_1_83' title="bbox 534 4891 2138 4965">
    <p class='ocr_par' dir='ltr' id='par_1_83' title="bbox 534 4891 2138 4965">
     <span class='ocr_line' id='line_1_85' title="bbox 534 4891 2138 4965; baseline 0.003 -16"><span class='ocrx_word' id='word_1_585' title='bbox 534 4891 885 4961; x_wconf 74' lang='lat' dir='ltr'><strong>vocabantur,</strong></span> <span class='ocrx_word' id='word_1_586' title='bbox 909 4891 1006 4965; x_wconf 82' lang='lat' dir='ltr'><strong>qui</strong></span> <span class='ocrx_word' id='word_1_587' title='bbox 1031 4893 1196 4962; x_wconf 86' lang='lat' dir='ltr'><strong>probe</strong></span> <span class='ocrx_word' id='word_1_588' title='bbox 1216 4891 1391 4965; x_wconf 88' lang='lat' dir='ltr'><strong>edocti</strong></span> <span class='ocrx_word' id='word_1_589' title='bbox 1409 4901 1464 4948; x_wconf 88' lang='lat' dir='ltr'><strong>et</strong></span> <span class='ocrx_word' id='word_1_590' title='bbox 1487 4891 1680 4948; x_wconf 85' lang='lat' dir='ltr'><strong>eruditi</strong></span> <span class='ocrx_word' id='word_1_591' title='bbox 1710 4893 1777 4949; x_wconf 91' lang='lat' dir='ltr'><strong>de</strong></span> <span class='ocrx_word' id='word_1_592' title='bbox 1804 4895 1918 4965; x_wconf 87' lang='lat' dir='ltr'><strong>lege</strong></span> <span class='ocrx_word' id='word_1_593' title='bbox 1939 4896 2138 4954; x_wconf 87' lang='lat' dir='ltr'><strong>Christi</strong></span> 
     </span>
    </p>
   </div>
   <div class='ocr_carea' id='block_1_84' title="bbox 539 4964 2136 5034">
    <p class='ocr_par' dir='ltr' id='par_1_84' title="bbox 539 4964 2136 5034">
     <span class='ocr_line' id='line_1_86' title="bbox 539 4964 2136 5034; baseline 0.003 -15"><span class='ocrx_word' id='word_1_594' title='bbox 539 4977 759 5023; x_wconf 77' lang='lat' dir='ltr'><strong>orarent</strong></span> <span class='ocrx_word' id='word_1_595' title='bbox 801 4977 854 5023; x_wconf 92' lang='lat' dir='ltr'><strong>et</strong></span> <span class='ocrx_word' id='word_1_596' title='bbox 885 4967 974 5033; x_wconf 88' lang='lat' dir='ltr'><strong>jus</strong></span> <span class='ocrx_word' id='word_1_597' title='bbox 996 4964 1258 5020; x_wconf 87' lang='lat' dir='ltr'><strong>haberent</strong></span> <span class='ocrx_word' id='word_1_598' title='bbox 1285 4964 1348 5017; x_wconf 91' lang='lat' dir='ltr'><strong>ad</strong></span> <span class='ocrx_word' id='word_1_599' title='bbox 1377 4965 1697 5032; x_wconf 88' lang='lat' dir='ltr'><strong>baptismum</strong></span> <span class='ocrx_word' id='word_1_600' title='bbox 1729 4964 1996 5034; x_wconf 85' lang='lat' dir='ltr'><strong>(quamvis</strong></span> <span class='ocrx_word' id='word_1_601' title='bbox 2031 4985 2136 5023; x_wconf 90' lang='lat' dir='ltr'><strong>non</strong></span> 
     </span>
    </p>
   </div>
   <div class='ocr_carea' id='block_1_85' title="bbox 537 5035 2137 5108">
    <p class='ocr_par' dir='ltr' id='par_1_85' title="bbox 537 5035 2137 5108">
     <span class='ocr_line' id='line_1_87' title="bbox 537 5035 2137 5108; baseline 0.001 -14"><span class='ocrx_word' id='word_1_602' title='bbox 537 5039 779 5108; x_wconf 86' lang='lat' dir='ltr'><strong>ignorem</strong></span> <span class='ocrx_word' id='word_1_603' title='bbox 841 5039 1086 5100; x_wconf 88' lang='lat' dir='ltr'><strong>tirones,</strong></span> <span class='ocrx_word' id='word_1_604' title='bbox 1144 5037 1422 5090; x_wconf 89' lang='lat' dir='ltr'><strong>audientes</strong></span> <span class='ocrx_word' id='word_1_605' title='bbox 1442 5045 1540 5108; x_wconf 80' lang='lat' dir='ltr'><strong>,_et</strong></span> <span class='ocrx_word' id='word_1_606' title='bbox 1588 5035 2004 5108; x_wconf 85' lang='lat' dir='ltr'><strong>catechumenos</strong></span> <span class='ocrx_word' id='word_1_607' title='bbox 2030 5055 2137 5096; x_wconf 91' lang='lat' dir='ltr'><strong>uno</strong></span> 
     </span>
    </p>
   </div>
   <div class='ocr_carea' id='block_1_86' title="bbox 537 5106 2140 5181">
    <p class='ocr_par' dir='ltr' id='par_1_86' title="bbox 537 5106 2140 5181">
     <span class='ocr_line' id='line_1_88' title="bbox 537 5106 2140 5181; baseline -0.002 -16"><span class='ocrx_word' id='word_1_608' title='bbox 537 5106 837 5180; x_wconf 80' lang='lat' dir='ltr'><strong>eodemque</strong></span> <span class='ocrx_word' id='word_1_609' title='bbox 897 5121 1279 5181; x_wconf 81' lang='lat' dir='ltr'><strong>nonnunquam</strong></span> <span class='ocrx_word' id='word_1_610' title='bbox 1331 5106 1546 5181; x_wconf 76' lang='lat' dir='ltr'><strong>nomine</strong></span> <span class='ocrx_word' id='word_1_611' title='bbox 1611 5107 1914 5181; x_wconf 83' lang='lat' dir='ltr'><strong>appellari),</strong></span> <span class='ocrx_word' id='word_1_612' title='bbox 1945 5112 2140 5181; x_wconf 84' lang='lat' dir='ltr'><strong>quique</strong></span> 
     </span>
    </p>
   </div>
   <div class='ocr_carea' id='block_1_87' title="bbox 537 5177 2137 5252">
    <p class='ocr_par' dir='ltr' id='par_1_87' title="bbox 537 5177 2137 5252">
     <span class='ocr_line' id='line_1_89' title="bbox 537 5177 2137 5252; baseline 0.003 -17"><span class='ocrx_word' id='word_1_613' title='bbox 537 5177 766 5249; x_wconf 82' lang='lat' dir='ltr'><strong>primani</strong></span> <span class='ocrx_word' id='word_1_614' title='bbox 803 5179 1182 5252; x_wconf 74' lang='lat' dir='ltr'><strong>paenitentiam</strong></span> <span class='ocrx_word' id='word_1_615' title='bbox 1232 5192 1367 5252; x_wconf 82' lang='lat' dir='ltr'><strong>pene</strong></span> <span class='ocrx_word' id='word_1_616' title='bbox 1415 5177 1691 5252; x_wconf 80' lang='lat' dir='ltr'><strong>ﬁnierant;</strong></span> <span class='ocrx_word' id='word_1_617' title='bbox 1720 5178 1814 5252; x_wconf 82' lang='lat' dir='ltr'><strong>sed</strong></span> <span class='ocrx_word' id='word_1_618' title='bbox 1855 5177 2066 5238; x_wconf 79' lang='lat' dir='ltr'><strong>tirones</strong></span> <span class='ocrx_word' id='word_1_619' title='bbox 2085 5194 2137 5239; x_wconf 86' lang='lat' dir='ltr'><strong>et</strong></span> 
     </span>
    </p>
   </div>
   <div class='ocr_carea' id='block_1_88' title="bbox 536 5247 2138 5321">
    <p class='ocr_par' dir='ltr' id='par_1_88' title="bbox 536 5247 2138 5321">
     <span class='ocr_line' id='line_1_90' title="bbox 536 5247 2138 5321; baseline 0.004 -16"><span class='ocrx_word' id='word_1_620' title='bbox 536 5247 827 5307; x_wconf 78' lang='lat' dir='ltr'><strong>novitiolos</strong></span> <span class='ocrx_word' id='word_1_621' title='bbox 869 5251 960 5321; x_wconf 92' lang='lat' dir='ltr'><strong>qui</strong></span> <span class='ocrx_word' id='word_1_622' title='bbox 991 5248 1296 5304; x_wconf 69' lang='lat' dir='ltr'><strong>christianum</strong></span> <span class='ocrx_word' id='word_1_623' title='bbox 1340 5247 1472 5319; x_wconf 81' lang='lat' dir='ltr'><strong>legis</strong></span> <span class='ocrx_word' id='word_1_624' title='bbox 1492 5249 1661 5319; x_wconf 89' lang='lat' dir='ltr'><strong>prima</strong></span> <span class='ocrx_word' id='word_1_625' title='bbox 1690 5249 1954 5307; x_wconf 88' lang='lat' dir='ltr'><strong>elementa</strong></span> <span class='ocrx_word' id='word_1_626' title='bbox 1978 5254 2138 5310; x_wconf 89' lang='lat' dir='ltr'><strong>doce-</strong></span> 
     </span>
    </p>
   </div>
   <div class='ocr_carea' id='block_1_89' title="bbox 533 5324 1346 5378">
    <p class='ocr_par' dir='ltr' id='par_1_89' title="bbox 533 5324 1346 5378">
     <span class='ocr_line' id='line_1_91' title="bbox 533 5324 1346 5378; baseline -0.004 -1"><span class='ocrx_word' id='word_1_627' title='bbox 533 5324 753 5378; x_wconf 87' lang='lat' dir='ltr'><strong>bantur.</strong></span> <span class='ocrx_word' id='word_1_628' title='bbox 798 5324 1030 5377; x_wconf 75' lang='lat' dir='ltr'><strong>ALBASP.</strong></span> <span class='ocrx_word' id='word_1_629' title='bbox 1326 5363 1346 5374; x_wconf 84' lang='lat'><strong>..</strong></span> 
     </span>
    </p>
   </div>
   <div class='ocr_carea' id='block_1_90' title="bbox 610 5389 2138 5466">
    <p class='ocr_par' dir='ltr' id='par_1_90' title="bbox 610 5389 2138 5466">
     <span class='ocr_line' id='line_1_92' title="bbox 610 5389 2138 5466; baseline -0.001 -16"><span class='ocrx_word' id='word_1_630' title='bbox 610 5395 685 5466; x_wconf 84' lang='lat' dir='ltr'><strong>(c)</strong></span> <span class='ocrx_word' id='word_1_631' title='bbox 716 5393 761 5447; x_wconf 83' lang='lat' dir='ltr'><strong><em>A</em></strong></span> <span class='ocrx_word' id='word_1_632' title='bbox 789 5396 1016 5466; x_wconf 69' lang='lat' dir='ltr'><strong>perfecto</strong></span> <span class='ocrx_word' id='word_1_633' title='bbox 1043 5389 1140 5466; x_wconf 85' lang='lat' dir='ltr'><strong>_Dei</strong></span> <span class='ocrx_word' id='word_1_634' title='bbox 1167 5407 1329 5466; x_wconf 74' lang='lat' dir='ltr'><strong>servo.</strong></span> <span class='ocrx_word' id='word_1_635' title='bbox 1348 5389 1699 5466; x_wconf 75' lang='lat' dir='ltr'><strong>Initiabanlur</strong></span> <span class='ocrx_word' id='word_1_636' title='bbox 1724 5391 2002 5466; x_wconf 76' lang='lat' dir='ltr'><strong>adsumpta</strong></span> <span class='ocrx_word' id='word_1_637' title='bbox 2023 5411 2138 5464; x_wconf 64' lang='lat' dir='ltr'><strong>pa)-</strong></span> 
     </span>
    </p>
   </div>
   <div class='ocr_carea' id='block_1_91' title="bbox 532 5463 2136 5590">
    <p class='ocr_par' dir='ltr' id='par_1_91' title="bbox 532 5463 2136 5590">
     <span class='ocr_line' id='line_1_93' title="bbox 532 5463 2136 5590; baseline 0.002 -70"><span class='ocrx_word' id='word_1_638' title='bbox 532 5463 777 5590; x_wconf 53' lang='grc' dir='ltr'><strong>1111βὴῑίῗί</strong></span> <span class='ocrx_word' id='word_1_639' title='bbox 781 5463 798 5528; x_wconf 70' lang='grc' dir='ltr'><strong>ξ</strong></span> <span class='ocrx_word' id='word_1_640' title='bbox 830 5463 1246 5534; x_wconf 88' lang='lat' dir='ltr'><strong>perﬁciebantur</strong></span> <span class='ocrx_word' id='word_1_641' title='bbox 1279 5463 1575 5534; x_wconf 72' lang='lat' dir='ltr'><strong>baptismo,</strong></span> <span class='ocrx_word' id='word_1_642' title='bbox 1609 5463 2136 5533; x_wconf 46' lang='lat' dir='ltr'><strong>unctione,‘Eucha-</strong></span> 
     </span>
     <span class='ocr_line' id='line_1_94' title="bbox 532 5551 854 5590; baseline -0.003 0"><span class='ocrx_word' id='word_1_643' title='bbox 532 5553 608 5590; x_wconf 82' lang='lat' dir='ltr'><strong>l‘IS</strong></span> <span class='ocrx_word' id='word_1_644' title='bbox 636 5553 706 5590; x_wconf 73' lang='lat' dir='ltr'><strong>In.</strong></span> <span class='ocrx_word' id='word_1_645' title='bbox 782 5551 854 5590; x_wconf 83' lang='lat' dir='ltr'><strong>IG.</strong></span> 
     </span>
    </p>
   </div>
   <div class='ocr_carea' id='block_1_92' title="bbox 531 5539 854 5593">
    <p class='ocr_par' dir='ltr' id='par_1_92' title="bbox 531 5539 854 5593">
     <span class='ocr_line' id='line_1_95' title="bbox 531 5539 854 5593; baseline -0.009 -2"><span class='ocrx_word' id='word_1_646' title='bbox 531 5539 706 5593; x_wconf 88' lang='lat' dir='ltr'><strong>ristia.</strong></span> <span class='ocrx_word' id='word_1_647' title='bbox 732 5539 854 5592; x_wconf 82' lang='lat' dir='ltr'><strong>RIG.</strong></span> 
     </span>
    </p>
   </div>
   <div class='ocr_carea' id='block_1_93' title="bbox 606 5604 2134 5682">
    <p class='ocr_par' dir='ltr' id='par_1_93' title="bbox 606 5604 2134 5682">
     <span class='ocr_line' id='line_1_96' title="bbox 606 5604 2134 5682; baseline 0.001 -20"><span class='ocrx_word' id='word_1_648' title='bbox 606 5607 686 5678; x_wconf 90' lang='lat' dir='ltr'><strong>(d)</strong></span> <span class='ocrx_word' id='word_1_649' title='bbox 711 5605 990 5682; x_wconf 59' lang='lat' dir='ltr'><strong>Quis/idea</strong></span> <span class='ocrx_word' id='word_1_650' title='bbox 1012 5623 1044 5661; x_wconf 87' lang='lat' dir='ltr'><strong>a</strong></span> <span class='ocrx_word' id='word_1_651' title='bbox 1073 5604 1974 5682; x_wconf 69' lang='lat' dir='ltr'><strong>paenitentiae.Nonaccedebantad</strong></span> <span class='ocrx_word' id='word_1_652' title='bbox 2000 5609 2134 5682; x_wconf 90' lang='lat' dir='ltr'><strong>bap-</strong></span> 
     </span>
    </p>
   </div>
   <div class='ocr_carea' id='block_1_94' title="bbox 533 5677 2136 5749">
    <p class='ocr_par' dir='ltr' id='par_1_94' title="bbox 533 5677 2136 5749">
     <span class='ocr_line' id='line_1_97' title="bbox 533 5677 2136 5749; baseline 0.004 -17"><span class='ocrx_word' id='word_1_653' title='bbox 533 5677 773 5742; x_wconf 87' lang='lat' dir='ltr'><strong>tismum,</strong></span> <span class='ocrx_word' id='word_1_654' title='bbox 803 5677 998 5749; x_wconf 12' lang='lat' dir='ltr'><strong>nisigde</strong></span> <span class='ocrx_word' id='word_1_655' title='bbox 1022 5680 1184 5733; x_wconf 91' lang='lat' dir='ltr'><strong>rebus</strong></span> <span class='ocrx_word' id='word_1_656' title='bbox 1207 5678 1328 5734; x_wconf 89' lang='lat' dir='ltr'><strong>ﬁdei</strong></span> <span class='ocrx_word' id='word_1_657' title='bbox 1356 5678 1512 5745; x_wconf 90' lang='lat' dir='ltr'><strong>plane</strong></span> <span class='ocrx_word' id='word_1_658' title='bbox 1543 5679 1783 5734; x_wconf 88' lang='lat' dir='ltr'><strong>instructi</strong></span> <span class='ocrx_word' id='word_1_659' title='bbox 1811 5723 1827 5746; x_wconf 93' lang='lat'><strong>,</strong></span> <span class='ocrx_word' id='word_1_660' title='bbox 1858 5681 1910 5738; x_wconf 91' lang='lat' dir='ltr'><strong>id</strong></span> <span class='ocrx_word' id='word_1_661' title='bbox 1938 5691 2042 5749; x_wconf 88' lang='lat' dir='ltr'><strong>est,</strong></span> <span class='ocrx_word' id='word_1_662' title='bbox 2069 5677 2136 5738; x_wconf 79' lang='lat' dir='ltr'><strong>de</strong></span> 
     </span>
    </p>
   </div>
   <div class='ocr_carea' id='block_1_95' title="bbox 535 5747 2135 5835">
    <p class='ocr_par' dir='ltr' id='par_1_95' title="bbox 535 5747 2135 5835">
     <span class='ocr_line' id='line_1_98' title="bbox 535 5747 2135 5835; baseline -0.001 0"><span class='ocrx_word' id='word_1_663' title='bbox 535 5747 1415 5835; x_wconf 53' lang='grc' dir='ltr'><strong>ΡξξξεῐιιξιβξιὲξξιξιέῐιςοεΡριςεψιθρ</strong></span> <span class='ocrx_word' id='word_1_664' title='bbox 1442 5750 1710 5835; x_wconf 55' lang='lat' dir='ltr'><strong>rebus“?</strong></span> <span class='ocrx_word' id='word_1_665' title='bbox 1737 5753 1828 5835; x_wconf 67' lang='lat' dir='ltr'><strong>qui</strong></span> <span class='ocrx_word' id='word_1_666' title='bbox 1879 5754 1931 5808; x_wconf 73' lang='lat' dir='ltr'><strong>in</strong></span> <span class='ocrx_word' id='word_1_667' title='bbox 1960 5747 2135 5834; x_wconf 62' lang='lat' dir='ltr'><strong>Eun-</strong></span> 
     </span>
    </p>
   </div>
   <div class='ocr_carea' id='block_1_96' title="bbox 528 5817 2131 5895">
    <p class='ocr_par' dir='ltr' id='par_1_96' title="bbox 528 5817 2131 5895">
     <span class='ocr_line' id='line_1_99' title="bbox 528 5817 2131 5895; baseline 0.005 -23"><span class='ocrx_word' id='word_1_668' title='bbox 528 5817 682 5887; x_wconf 82' lang='lat' dir='ltr'><strong>geliis</strong></span> <span class='ocrx_word' id='word_1_669' title='bbox 707 5817 1066 5886; x_wconf 80' lang='lat' dir='ltr'><strong>centinentur,</strong></span> <span class='ocrx_word' id='word_1_670' title='bbox 1086 5832 1193 5875; x_wconf 92' lang='lat' dir='ltr'><strong>uno</strong></span> <span class='ocrx_word' id='word_1_671' title='bbox 1217 5827 1444 5889; x_wconf 83' lang='lat' dir='ltr'><strong>excepto</strong></span> <span class='ocrx_word' id='word_1_672' title='bbox 1469 5817 1823 5880; x_wconf 78' lang='lat' dir='ltr'><strong>Eucharistiae</strong></span> <span class='ocrx_word' id='word_1_673' title='bbox 1845 5823 2131 5895; x_wconf 86' lang='lat' dir='ltr'><strong>mysterio,</strong></span> 
     </span>
    </p>
   </div>
   <div class='ocr_carea' id='block_1_97' title="bbox 2162 4575 2216 4636">
    <p class='ocr_par' dir='ltr' id='par_1_97' title="bbox 2162 4575 2216 4636">
     <span class='ocr_line' id='line_1_100' title="bbox 2162 4575 2216 4636; baseline 0 0"><span class='ocrx_word' id='word_1_674' title='bbox 2162 4575 2216 4636; x_wconf 92' lang='lat' dir='ltr'><strong>D</strong></span> 
     </span>
    </p>
   </div>
   <div class='ocr_carea' id='block_1_98' title="bbox 2307 3575 3097 3709">
    <p class='ocr_par' dir='ltr' id='par_1_98' title="bbox 2307 3575 3097 3709">
     <span class='ocr_line' id='line_1_101' title="bbox 2329 3575 2796 3642; baseline -0.011 -12"><span class='ocrx_word' id='word_1_675' title='bbox 2329 3580 2358 3630; x_wconf 71' lang='grc'><strong>4</strong></span> <span class='ocrx_word' id='word_1_676' title='bbox 2404 3582 2484 3630; x_wconf 84' lang='lat' dir='ltr'><strong>An</strong></span> <span class='ocrx_word' id='word_1_677' title='bbox 2505 3580 2658 3630; x_wconf 82' lang='lat' dir='ltr'><strong>Fran.</strong></span> <span class='ocrx_word' id='word_1_678' title='bbox 2686 3575 2796 3642; x_wconf 83' lang='lat' dir='ltr'><strong>Rig.</strong></span> 
     </span>
     <span class='ocr_line' id='line_1_102' title="bbox 2307 3578 3097 3709; baseline -0.005 -16"><span class='ocrx_word' id='word_1_679' title='bbox 2307 3578 2383 3709; x_wconf 50' lang='lat' dir='ltr'><strong>E5;</strong></span> <span class='ocrx_word' id='word_1_680' title='bbox 2407 3642 2616 3694; x_wconf 89' lang='lat' dir='ltr'><strong>Discere</strong></span> <span class='ocrx_word' id='word_1_681' title='bbox 2647 3651 2830 3694; x_wconf 86' lang='lat' dir='ltr'><strong>Wouw.</strong></span> <span class='ocrx_word' id='word_1_682' title='bbox 2857 3641 2928 3690; x_wconf 82' lang='lat' dir='ltr'><strong>M.</strong></span> <span class='ocrx_word' id='word_1_683' title='bbox 2963 3645 3010 3690; x_wconf 91' lang='lat' dir='ltr'><strong>S.</strong></span> <span class='ocrx_word' id='word_1_684' title='bbox 3038 3637 3097 3690; x_wconf 80' lang='lat' dir='ltr'><strong>Ri</strong></span> 
     </span>
    </p>
   </div>
   <div class='ocr_carea' id='block_1_99' title="bbox 2331 3639 3150 3705">
    <p class='ocr_par' dir='ltr' id='par_1_99' title="bbox 2331 3639 3150 3705">
     <span class='ocr_line' id='line_1_103' title="bbox 2331 3639 3150 3705; baseline -0.006 -12"><span class='ocrx_word' id='word_1_685' title='bbox 2331 3639 2383 3705; x_wconf 82' lang='lat'><strong>5)</strong></span> <span class='ocrx_word' id='word_1_686' title='bbox 2407 3642 2616 3694; x_wconf 88' lang='lat' dir='ltr'><strong>Discere</strong></span> <span class='ocrx_word' id='word_1_687' title='bbox 2647 3639 2830 3694; x_wconf 68' lang='lat' dir='ltr'><strong>Wouw.</strong></span> <span class='ocrx_word' id='word_1_688' title='bbox 2857 3641 2928 3690; x_wconf 83' lang='lat' dir='ltr'><strong>M.</strong></span> <span class='ocrx_word' id='word_1_689' title='bbox 2963 3645 3010 3690; x_wconf 92' lang='lat' dir='ltr'><strong>s.</strong></span> <span class='ocrx_word' id='word_1_690' title='bbox 3038 3639 3150 3705; x_wconf 81' lang='lat' dir='ltr'><strong>Rig.</strong></span> 
     </span>
    </p>
   </div>
   <div class='ocr_carea' id='block_1_100' title="bbox 1910 3787 2469 3849">
    <p class='ocr_par' dir='ltr' id='par_1_100' title="bbox 1910 3787 2469 3849">
     <span class='ocr_line' id='line_1_104' title="bbox 1910 3787 2469 3849; baseline 0.011 -6"><span class='ocrx_word' id='word_1_691' title='bbox 1910 3787 2469 3849; x_wconf 77' lang='lat' dir='ltr'><strong>COMMENTARIUS.</strong></span> 
     </span>
    </p>
   </div>
   <div class='ocr_carea' id='block_1_101' title="bbox 2245 3897 3852 3976">
    <p class='ocr_par' dir='ltr' id='par_1_101' title="bbox 2245 3897 3852 3976">
     <span class='ocr_line' id='line_1_105' title="bbox 2245 3897 3852 3976; baseline -0.005 -16"><span class='ocrx_word' id='word_1_692' title='bbox 2245 3920 2419 3976; x_wconf 87' lang='lat' dir='ltr'><strong>neque</strong></span> <span class='ocrx_word' id='word_1_693' title='bbox 2447 3903 2854 3976; x_wconf 86' lang='lat' dir='ltr'><strong>baptizabantur</strong></span> <span class='ocrx_word' id='word_1_694' title='bbox 2893 3902 2994 3976; x_wconf 89' lang='lat' dir='ltr'><strong>nisi</strong></span> <span class='ocrx_word' id='word_1_695' title='bbox 3018 3908 3392 3976; x_wconf 81' lang='lat' dir='ltr'><strong>postquamea</strong></span> <span class='ocrx_word' id='word_1_696' title='bbox 3418 3897 3598 3976; x_wconf 77' lang='lat' dir='ltr'><strong>omnia</strong></span> <span class='ocrx_word' id='word_1_697' title='bbox 3624 3911 3706 3976; x_wconf 81' lang='lat' dir='ltr'><strong>_se</strong></span> <span class='ocrx_word' id='word_1_698' title='bbox 3729 3911 3852 3976; x_wconf 78' lang='lat' dir='ltr'><strong>cre-</strong></span> 
     </span>
    </p>
   </div>
   <div class='ocr_carea' id='block_1_102' title="bbox 2243 3970 3848 4046">
    <p class='ocr_par' dir='ltr' id='par_1_102' title="bbox 2243 3970 3848 4046">
     <span class='ocr_line' id='line_1_106' title="bbox 2243 3970 3848 4046; baseline -0.005 -16"><span class='ocrx_word' id='word_1_699' title='bbox 2243 3970 2372 4032; x_wconf 68' lang='lat' dir='ltr'><strong>der&#39;e</strong></span> <span class='ocrx_word' id='word_1_700' title='bbox 2395 3970 2688 4046; x_wconf 72' lang='lat' dir='ltr'><strong>iurassent,</strong></span> <span class='ocrx_word' id='word_1_701' title='bbox 2717 3989 2941 4046; x_wconf 92' lang='lat' dir='ltr'><strong>quorum</strong></span> <span class='ocrx_word' id='word_1_702' title='bbox 2963 3970 3094 4046; x_wconf 83' lang='lat' dir='ltr'><strong>ﬁdes</strong></span> <span class='ocrx_word' id='word_1_703' title='bbox 3117 3988 3145 4026; x_wconf 92' lang='lat' dir='ltr'><strong>a</strong></span> <span class='ocrx_word' id='word_1_704' title='bbox 3163 3970 3487 4046; x_wconf 61' lang='lat' dir='ltr'><strong>paenitentia</strong></span> <span class='ocrx_word' id='word_1_705' title='bbox 3533 3970 3848 4037; x_wconf 79' lang='lat' dir='ltr'><strong>incipiebat,</strong></span> 
     </span>
    </p>
   </div>
   <div class='ocr_carea' id='block_1_103' title="bbox 2244 4041 3851 4113">
    <p class='ocr_par' dir='ltr' id='par_1_103' title="bbox 2244 4041 3851 4113">
     <span class='ocr_line' id='line_1_107' title="bbox 2244 4041 3851 4113; baseline -0.003 -12"><span class='ocrx_word' id='word_1_706' title='bbox 2244 4048 2367 4113; x_wconf 87' lang='lat' dir='ltr'><strong>quia</strong></span> <span class='ocrx_word' id='word_1_707' title='bbox 2395 4041 2600 4102; x_wconf 77' lang='lat' dir='ltr'><strong>scilicet</strong></span> <span class='ocrx_word' id='word_1_708' title='bbox 2625 4041 3008 4102; x_wconf 52' lang='lat' dir='ltr'><strong>nun&#39;censendi</strong></span> <span class='ocrx_word' id='word_1_709' title='bbox 3035 4041 3189 4100; x_wconf 85' lang='lat' dir='ltr'><strong>erant</strong></span> <span class='ocrx_word' id='word_1_710' title='bbox 3231 4045 3338 4113; x_wconf 90' lang='lat' dir='ltr'><strong>Deo</strong></span> <span class='ocrx_word' id='word_1_711' title='bbox 3363 4041 3586 4098; x_wconf 90' lang='lat' dir='ltr'><strong>credere</strong></span> <span class='ocrx_word' id='word_1_712' title='bbox 3615 4056 3851 4111; x_wconf 88' lang='lat' dir='ltr'><strong>eumque</strong></span> 
     </span>
    </p>
   </div>
   <div class='ocr_carea' id='block_1_104' title="bbox 2244 4112 3849 4188">
    <p class='ocr_par' dir='ltr' id='par_1_104' title="bbox 2244 4112 3849 4188">
     <span class='ocr_line' id='line_1_108' title="bbox 2244 4112 3849 4188; baseline -0.005 -16"><span class='ocrx_word' id='word_1_713' title='bbox 2244 4112 2618 4188; x_wconf 17' lang='lat' dir='ltr'><strong>magnifacere,</strong></span> <span class='ocrx_word' id='word_1_714' title='bbox 2653 4125 2708 4173; x_wconf 91' lang='lat' dir='ltr'><strong>et</strong></span> <span class='ocrx_word' id='word_1_715' title='bbox 2737 4118 2956 4180; x_wconf 90' lang='lat' dir='ltr'><strong>timere,</strong></span> <span class='ocrx_word' id='word_1_716' title='bbox 3004 4115 3263 4188; x_wconf 83' lang='lat' dir='ltr'><strong>nisi_eum</strong></span> <span class='ocrx_word' id='word_1_717' title='bbox 3310 4112 3529 4184; x_wconf 88' lang='lat' dir='ltr'><strong>dignum</strong></span> <span class='ocrx_word' id='word_1_718' title='bbox 3571 4113 3849 4188; x_wconf 76' lang='lat' dir='ltr'><strong>existima-</strong></span> 
     </span>
    </p>
   </div>
   <div class='ocr_carea' id='block_1_105' title="bbox 2242 4184 3852 4258">
    <p class='ocr_par' dir='ltr' id='par_1_105' title="bbox 2242 4184 3852 4258">
     <span class='ocr_line' id='line_1_109' title="bbox 2242 4184 3852 4258; baseline -0.006 -14"><span class='ocrx_word' id='word_1_719' title='bbox 2242 4184 2397 4255; x_wconf 69' lang='lat' dir='ltr'><strong>rent,</strong></span> <span class='ocrx_word' id='word_1_720' title='bbox 2455 4189 2541 4243; x_wconf 91' lang='lat' dir='ltr'><strong>cui</strong></span> <span class='ocrx_word' id='word_1_721' title='bbox 2590 4187 2657 4244; x_wconf 92' lang='lat' dir='ltr'><strong>de</strong></span> <span class='ocrx_word' id='word_1_722' title='bbox 2705 4189 2944 4258; x_wconf 92' lang='lat' dir='ltr'><strong>pristinis</strong></span> <span class='ocrx_word' id='word_1_723' title='bbox 2981 4185 3369 4258; x_wconf 79' lang='lat' dir='ltr'><strong>satisfacerent.</strong></span> <span class='ocrx_word' id='word_1_724' title='bbox 3397 4193 3481 4258; x_wconf 89' lang='lat' dir='ltr'><strong>__et</strong></span> <span class='ocrx_word' id='word_1_725' title='bbox 3529 4184 3852 4252; x_wconf 65' lang='lat' dir='ltr'><strong>paenitentia</strong></span> 
     </span>
    </p>
   </div>
   <div class='ocr_carea' id='block_1_106' title="bbox 2241 4253 3846 4382">
    <p class='ocr_par' dir='ltr' id='par_1_106' title="bbox 2241 4253 3846 4382">
     <span class='ocr_line' id='line_1_110' title="bbox 2241 4253 3846 4382; baseline -0.006 -66"><span class='ocrx_word' id='word_1_726' title='bbox 2241 4253 2529 4328; x_wconf 85' lang='lat' dir='ltr'><strong>diluerent,</strong></span> <span class='ocrx_word' id='word_1_727' title='bbox 2548 4275 2669 4330; x_wconf 71' lang='lat' dir='ltr'><strong>qua:</strong></span> <span class='ocrx_word' id='word_1_728' title='bbox 2695 4253 2747 4314; x_wconf 58' lang='lat' dir='ltr'><strong>i&#39;n</strong></span> <span class='ocrx_word' id='word_1_729' title='bbox 2775 4274 2897 4315; x_wconf 89' lang='lat' dir='ltr'><strong>eum</strong></span> <span class='ocrx_word' id='word_1_730' title='bbox 2919 4258 3143 4328; x_wconf 88' lang='lat' dir='ltr'><strong>ejusque</strong></span> <span class='ocrx_word' id='word_1_731' title='bbox 3168 4257 3339 4382; x_wconf 57' lang='lat' dir='ltr'><strong>Iegxm</strong></span> <span class='ocrx_word' id='word_1_732' title='bbox 3360 4253 3489 4310; x_wconf 90' lang='lat' dir='ltr'><strong>olim</strong></span> <span class='ocrx_word' id='word_1_733' title='bbox 3509 4264 3846 4324; x_wconf 81' lang='lat' dir='ltr'><strong>peccassent.</strong></span> 
     </span>
     <span class='ocr_line' id='line_1_111' title="bbox 3297 4341 3476 4382; baseline -0.011 0"><span class='ocrx_word' id='word_1_734' title='bbox 3297 4341 3476 4382; x_wconf 77' lang='lat' dir='ltr'><strong>LBASP.</strong></span> 
     </span>
    </p>
   </div>
   <div class='ocr_carea' id='block_1_107' title="bbox 3297 4341 3476 4382">
    <p class='ocr_par' dir='ltr' id='par_1_107' title="bbox 3297 4341 3476 4382">
     <span class='ocr_line' id='line_1_112' title="bbox 3297 4341 3476 4382; baseline -0.011 0"><span class='ocrx_word' id='word_1_735' title='bbox 3297 4341 3476 4382; x_wconf 76' lang='lat' dir='ltr'><strong>LBASP.</strong></span> 
     </span>
    </p>
   </div>
   <div class='ocr_carea' id='block_1_108' title="bbox 2313 4398 3846 4476">
    <p class='ocr_par' dir='ltr' id='par_1_108' title="bbox 2313 4398 3846 4476">
     <span class='ocr_line' id='line_1_113' title="bbox 2313 4398 3846 4476; baseline -0.005 -19"><span class='ocrx_word' id='word_1_736' title='bbox 2313 4401 2389 4476; x_wconf 93' lang='lat' dir='ltr'><strong>(e)</strong></span> <span class='ocrx_word' id='word_1_737' title='bbox 2421 4401 2876 4476; x_wconf 26' lang='lat' dir='ltr'><strong>Printa‘audientis</strong></span> <span class='ocrx_word' id='word_1_738' title='bbox 2901 4399 3155 4476; x_wconf 69' lang='lat' dir='ltr'><strong>intinctio,</strong></span> <span class='ocrx_word' id='word_1_739' title='bbox 3184 4398 3440 4476; x_wconf 78' lang='lat' dir='ltr'><strong>ctc._Quo</strong></span> <span class='ocrx_word' id='word_1_740' title='bbox 3455 4405 3693 4476; x_wconf 34' lang='lat' dir='ltr'><strong>“tenetur</strong></span> <span class='ocrx_word' id='word_1_741' title='bbox 3735 4402 3846 4450; x_wconf 81' lang='lat' dir='ltr'><strong>tota</strong></span> 
     </span>
    </p>
   </div>
   <div class='ocr_carea' id='block_1_109' title="bbox 2241 4467 3849 4543">
    <p class='ocr_par' dir='ltr' id='par_1_109' title="bbox 2241 4467 3849 4543">
     <span class='ocr_line' id='line_1_114' title="bbox 2241 4467 3849 4543; baseline -0.004 -15"><span class='ocrx_word' id='word_1_742' title='bbox 2241 4467 2351 4528; x_wconf 79' lang='lat' dir='ltr'><strong>vita</strong></span> <span class='ocrx_word' id='word_1_743' title='bbox 2369 4467 2476 4528; x_wconf 63' lang='lat' dir='ltr'><strong>&#39;sua</strong></span> <span class='ocrx_word' id='word_1_744' title='bbox 2504 4473 2828 4528; x_wconf 87' lang='lat' dir='ltr'><strong>christianus</strong></span> <span class='ocrx_word' id='word_1_745' title='bbox 2852 4473 2942 4543; x_wconf 93' lang='lat' dir='ltr'><strong>qui</strong></span> <span class='ocrx_word' id='word_1_746' title='bbox 2970 4474 3173 4542; x_wconf 89' lang='lat' dir='ltr'><strong>integre</strong></span> <span class='ocrx_word' id='word_1_747' title='bbox 3201 4469 3341 4543; x_wconf 83' lang='lat' dir='ltr'><strong>sapit</strong></span> <span class='ocrx_word' id='word_1_748' title='bbox 3361 4467 3438 4543; x_wconf 22' lang='lat' dir='ltr'><strong>ad.</strong></span> <span class='ocrx_word' id='word_1_749' title='bbox 3455 4467 3643 4543; x_wconf 70' lang='lat' dir='ltr'><strong>Deum,</strong></span> <span class='ocrx_word' id='word_1_750' title='bbox 3664 4477 3849 4521; x_wconf 86' lang='lat' dir='ltr'><strong>mente</strong></span> 
     </span>
    </p>
   </div>
   <div class='ocr_carea' id='block_1_110' title="bbox 2241 4539 3849 4671">
    <p class='ocr_par' dir='ltr' id='par_1_110' title="bbox 2241 4539 3849 4671">
     <span class='ocr_line' id='line_1_115' title="bbox 2241 4539 3849 4671; baseline -0.005 -71"><span class='ocrx_word' id='word_1_751' title='bbox 2241 4545 2309 4670; x_wconf 47' lang='lat' dir='ltr'><strong>id</strong></span> <span class='ocrx_word' id='word_1_752' title='bbox 2337 4545 2715 4671; x_wconf 54' lang='lat' dir='ltr'><strong>igololatriam,</strong></span> <span class='ocrx_word' id='word_1_753' title='bbox 2748 4544 2815 4599; x_wconf 89' lang='lat' dir='ltr'><strong>ad</strong></span> <span class='ocrx_word' id='word_1_754' title='bbox 2837 4539 3120 4615; x_wconf 53' lang='lat' dir='ltr'><strong>stuprum}</strong></span> <span class='ocrx_word' id='word_1_755' title='bbox 3149 4541 3215 4596; x_wconf 91' lang='lat' dir='ltr'><strong>ad</strong></span> <span class='ocrx_word' id='word_1_756' title='bbox 3246 4539 3593 4595; x_wconf 85' lang='lat' dir='ltr'><strong>homicidium</strong></span> <span class='ocrx_word' id='word_1_757' title='bbox 3623 4539 3849 4593; x_wconf 88' lang='lat' dir='ltr'><strong>irretor-</strong></span> 
     </span>
     <span class='ocr_line' id='line_1_116' title="bbox 2267 4631 2472 4671; baseline 0.01 -2"><span class='ocrx_word' id='word_1_758' title='bbox 2267 4631 2316 4670; x_wconf 91' lang='lat' dir='ltr'><strong>a.</strong></span> <span class='ocrx_word' id='word_1_759' title='bbox 2397 4631 2472 4671; x_wconf 71' lang='grc' dir='ltr'><strong>ια.</strong></span> 
     </span>
    </p>
   </div>
   <div class='ocr_carea' id='block_1_111' title="bbox 2244 4623 2472 4672">
    <p class='ocr_par' dir='ltr' id='par_1_111' title="bbox 2244 4623 2472 4672">
     <span class='ocr_line' id='line_1_117' title="bbox 2244 4623 2472 4672; baseline 0.013 -3"><span class='ocrx_word' id='word_1_760' title='bbox 2244 4623 2316 4670; x_wconf 88' lang='lat' dir='ltr'><strong>ta.</strong></span> <span class='ocrx_word' id='word_1_761' title='bbox 2348 4623 2472 4672; x_wconf 67' lang='lat' dir='ltr'><strong>HIC.</strong></span> 
     </span>
    </p>
   </div>
   <div class='ocr_carea' id='block_1_112' title="bbox 2317 4679 3842 4758">
    <p class='ocr_par' dir='ltr' id='par_1_112' title="bbox 2317 4679 3842 4758">
     <span class='ocr_line' id='line_1_118' title="bbox 2317 4679 3842 4758; baseline -0.005 -17"><span class='ocrx_word' id='word_1_762' title='bbox 2317 4688 2382 4758; x_wconf 85' lang='grc'><strong>(1)</strong></span> <span class='ocrx_word' id='word_1_763' title='bbox 2418 4686 2651 4758; x_wconf 64' lang='lat' dir='ltr'><strong>Exinde</strong></span> <span class='ocrx_word' id='word_1_764' title='bbox 2676 4685 2844 4758; x_wconf 83' lang='lat' dir='ltr'><strong>quoad</strong></span> <span class='ocrx_word' id='word_1_765' title='bbox 2895 4683 3171 4740; x_wconf 86' lang='lat' dir='ltr'><strong>Dominum</strong></span> <span class='ocrx_word' id='word_1_766' title='bbox 3213 4681 3448 4738; x_wconf 77' lang='lat' dir='ltr'><strong>senseris.</strong></span> <span class='ocrx_word' id='word_1_767' title='bbox 3485 4679 3718 4736; x_wconf 88' lang='lat' dir='ltr'><strong>Domino</strong></span> <span class='ocrx_word' id='word_1_768' title='bbox 3745 4679 3842 4734; x_wconf 81' lang='lat' dir='ltr'><strong>de-</strong></span> 
     </span>
    </p>
   </div>
   <div class='ocr_carea' id='block_1_113' title="bbox 2242 4757 2746 4824">
    <p class='ocr_par' dir='ltr' id='par_1_113' title="bbox 2242 4757 2746 4824">
     <span class='ocr_line' id='line_1_119' title="bbox 2242 4757 2746 4824; baseline -0.008 -10"><span class='ocrx_word' id='word_1_769' title='bbox 2242 4757 2407 4824; x_wconf 82' lang='lat' dir='ltr'><strong>ditus,</strong></span> <span class='ocrx_word' id='word_1_770' title='bbox 2439 4758 2596 4814; x_wconf 78' lang='lat' dir='ltr'><strong>infra.</strong></span> <span class='ocrx_word' id='word_1_771' title='bbox 2627 4757 2746 4814; x_wconf 83' lang='lat' dir='ltr'><strong>th.</strong></span> 
     </span>
    </p>
   </div>
   <div class='ocr_carea' id='block_1_114' title="bbox 2318 4822 3848 4900">
    <p class='ocr_par' dir='ltr' id='par_1_114' title="bbox 2318 4822 3848 4900">
     <span class='ocr_line' id='line_1_120' title="bbox 2318 4822 3848 4900; baseline -0.014 -14"><span class='ocrx_word' id='word_1_772' title='bbox 2318 4822 2401 4900; x_wconf 16' lang='lat'><strong>(3)7</strong></span> <span class='ocrx_word' id='word_1_773' title='bbox 2419 4828 2733 4883; x_wconf 79' lang='lat' dir='ltr'><strong>Necessitatc</strong></span> <span class='ocrx_word' id='word_1_774' title='bbox 2761 4845 2862 4882; x_wconf 85' lang='lat' dir='ltr'><strong>non</strong></span> <span class='ocrx_word' id='word_1_775' title='bbox 2888 4837 3085 4896; x_wconf 74' lang='lat' dir='ltr'><strong>sponte.</strong></span> <span class='ocrx_word' id='word_1_776' title='bbox 3100 4825 3360 4882; x_wconf 86' lang='lat' dir='ltr'><strong>Jurabant</strong></span> <span class='ocrx_word' id='word_1_777' title='bbox 3386 4823 3439 4878; x_wconf 91' lang='lat' dir='ltr'><strong>in</strong></span> <span class='ocrx_word' id='word_1_778' title='bbox 3457 4822 3728 4900; x_wconf 68' lang='lat' dir='ltr'><strong>baptismo</strong></span> <span class='ocrx_word' id='word_1_779' title='bbox 3748 4835 3848 4876; x_wconf 80' lang='lat' dir='ltr'><strong>so-</strong></span> 
     </span>
    </p>
   </div>
   <div class='ocr_carea' id='block_1_115' title="bbox 2241 4893 3852 4966">
    <p class='ocr_par' dir='ltr' id='par_1_115' title="bbox 2241 4893 3852 4966">
     <span class='ocr_line' id='line_1_121' title="bbox 2241 4893 3852 4966; baseline -0.004 -12"><span class='ocrx_word' id='word_1_780' title='bbox 2241 4893 2492 4956; x_wconf 54' lang='lat' dir='ltr'><strong>len&#39;nihus</strong></span> <span class='ocrx_word' id='word_1_781' title='bbox 2520 4900 2699 4956; x_wconf 87' lang='lat' dir='ltr'><strong>verbis</strong></span> <span class='ocrx_word' id='word_1_782' title='bbox 2744 4915 2802 4954; x_wconf 89' lang='lat' dir='ltr'><strong>se</strong></span> <span class='ocrx_word' id='word_1_783' title='bbox 2838 4893 3106 4966; x_wconf 82' lang='lat' dir='ltr'><strong>nunquam</strong></span> <span class='ocrx_word' id='word_1_784' title='bbox 3138 4905 3484 4966; x_wconf 88' lang='lat' dir='ltr'><strong>peccaturos,</strong></span> <span class='ocrx_word' id='word_1_785' title='bbox 3533 4893 3729 4949; x_wconf 90' lang='lat' dir='ltr'><strong>deinde</strong></span> <span class='ocrx_word' id='word_1_786' title='bbox 3756 4908 3852 4947; x_wconf 89' lang='lat' dir='ltr'><strong>rc-</strong></span> 
     </span>
    </p>
   </div>
   <div class='ocr_carea' id='block_1_116' title="bbox 2243 4968 3846 5039">
    <p class='ocr_par' dir='ltr' id='par_1_116' title="bbox 2243 4968 3846 5039">
     <span class='ocr_line' id='line_1_122' title="bbox 2243 4968 3846 5039; baseline -0.006 -13"><span class='ocrx_word' id='word_1_787' title='bbox 2243 4972 2561 5027; x_wconf 87' lang='lat' dir='ltr'><strong>nuntiabant</strong></span> <span class='ocrx_word' id='word_1_788' title='bbox 2581 4970 2798 5026; x_wconf 91' lang='lat' dir='ltr'><strong>diabolo</strong></span> <span class='ocrx_word' id='word_1_789' title='bbox 2827 4981 2880 5024; x_wconf 90' lang='lat' dir='ltr'><strong>et</strong></span> <span class='ocrx_word' id='word_1_790' title='bbox 2913 4969 3120 5039; x_wconf 89' lang='lat' dir='ltr'><strong>pompis</strong></span> <span class='ocrx_word' id='word_1_791' title='bbox 3151 4969 3266 5038; x_wconf 90' lang='lat' dir='ltr'><strong>ejus</strong></span> <span class='ocrx_word' id='word_1_792' title='bbox 3285 4968 3561 5039; x_wconf 85' lang='lat' dir='ltr'><strong>;denique</strong></span> <span class='ocrx_word' id='word_1_793' title='bbox 3589 4978 3846 5028; x_wconf 82' lang='lat' dir='ltr'><strong>censura,</strong></span> 
     </span>
    </p>
   </div>
   <div class='ocr_carea' id='block_1_117' title="bbox 2245 5038 3851 5112">
    <p class='ocr_par' dir='ltr' id='par_1_117' title="bbox 2245 5038 3851 5112">
     <span class='ocr_line' id='line_1_123' title="bbox 2245 5038 3851 5112; baseline -0.004 -16"><span class='ocrx_word' id='word_1_794' title='bbox 2245 5043 2287 5096; x_wconf 91' lang='lat' dir='ltr'><strong>si</strong></span> <span class='ocrx_word' id='word_1_795' title='bbox 2321 5051 2605 5112; x_wconf 90' lang='lat' dir='ltr'><strong>peccarent</strong></span> <span class='ocrx_word' id='word_1_796' title='bbox 2625 5053 2742 5109; x_wconf 79' lang='lat' dir='ltr'><strong>post</strong></span> <span class='ocrx_word' id='word_1_797' title='bbox 2773 5038 3093 5112; x_wconf 88' lang='lat' dir='ltr'><strong>baptismum</strong></span> <span class='ocrx_word' id='word_1_798' title='bbox 3117 5038 3444 5095; x_wconf 89' lang='lat' dir='ltr'><strong>coercebant</strong></span> <span class='ocrx_word' id='word_1_799' title='bbox 3472 5055 3484 5090; x_wconf 91' lang='lat'>:</span> <span class='ocrx_word' id='word_1_800' title='bbox 3513 5043 3851 5107; x_wconf 82' lang='lat' dir='ltr'><strong>quapropter</strong></span> 
     </span>
    </p>
   </div>
   <div class='ocr_carea' id='block_1_118' title="bbox 2243 5114 2967 5174">
    <p class='ocr_par' dir='ltr' id='par_1_118' title="bbox 2243 5114 2967 5174">
     <span class='ocr_line' id='line_1_124' title="bbox 2243 5114 2967 5174; baseline -0.004 -7"><span class='ocrx_word' id='word_1_801' title='bbox 2243 5115 2336 5174; x_wconf 87' lang='lat' dir='ltr'><strong>ait.</strong></span> <span class='ocrx_word' id='word_1_802' title='bbox 2371 5114 2708 5169; x_wconf 84' lang='lat' dir='ltr'><strong>necessitate.</strong></span> <span class='ocrx_word' id='word_1_803' title='bbox 2737 5115 2967 5167; x_wconf 75' lang='lat' dir='ltr'><strong>ALBASP.</strong></span> 
     </span>
    </p>
   </div>
   <div class='ocr_carea' id='block_1_119' title="bbox 2312 5177 3848 5255">
    <p class='ocr_par' dir='ltr' id='par_1_119' title="bbox 2312 5177 3848 5255">
     <span class='ocr_line' id='line_1_125' title="bbox 2312 5177 3848 5255; baseline -0.004 -17"><span class='ocrx_word' id='word_1_804' title='bbox 2312 5185 2396 5238; x_wconf 85' lang='lat' dir='ltr'><strong>CA</strong></span> <span class='ocrx_word' id='word_1_805' title='bbox 2408 5184 2466 5239; x_wconf 89' lang='lat' dir='ltr'><strong>P.</strong></span> <span class='ocrx_word' id='word_1_806' title='bbox 2492 5183 2672 5244; x_wconf 73' lang='lat' dir='ltr'><strong>VII.—.—</strong></span> <span class='ocrx_word' id='word_1_807' title='bbox 2684 5183 2764 5255; x_wconf 82' lang='lat' dir='ltr'><strong>(lt)</strong></span> <span class='ocrx_word' id='word_1_808' title='bbox 2779 5183 2986 5237; x_wconf 77' lang='lat' dir='ltr'><strong>Totiens</strong></span> <span class='ocrx_word' id='word_1_809' title='bbox 2999 5180 3332 5255; x_wconf 74' lang='lat' dir='ltr'><strong>delinquendo</strong></span> <span class='ocrx_word' id='word_1_810' title='bbox 3343 5179 3588 5255; x_wconf 67' lang='lat' dir='ltr'><strong>quotiens</strong></span> <span class='ocrx_word' id='word_1_811' title='bbox 3615 5177 3848 5255; x_wconf 71' lang='lat' dir='ltr'><strong>ignosci-</strong></span> 
     </span>
    </p>
   </div>
   <div class='ocr_carea' id='block_1_120' title="bbox 2241 5251 3852 5325">
    <p class='ocr_par' dir='ltr' id='par_1_120' title="bbox 2241 5251 3852 5325">
     <span class='ocr_line' id='line_1_126' title="bbox 2241 5251 3852 5325; baseline -0.004 -15"><span class='ocrx_word' id='word_1_812' title='bbox 2241 5255 2479 5325; x_wconf 84' lang='lat' dir='ltr'><strong>tur.Quis</strong></span> <span class='ocrx_word' id='word_1_813' title='bbox 2494 5271 2561 5310; x_wconf 84' lang='lat' dir='ltr'><strong>ex</strong></span> <span class='ocrx_word' id='word_1_814' title='bbox 2581 5255 2660 5310; x_wconf 92' lang='lat' dir='ltr'><strong>his</strong></span> <span class='ocrx_word' id='word_1_815' title='bbox 2679 5251 2784 5310; x_wconf 81' lang='lat' dir='ltr'><strong>non</strong></span> <span class='ocrx_word' id='word_1_816' title='bbox 2806 5251 3406 5325; x_wconf 63' lang='lat' dir='ltr'><strong>existitnaretlﬂcclesiaz</strong></span> <span class='ocrx_word' id='word_1_817' title='bbox 3425 5251 3567 5306; x_wconf 81' lang='lat' dir='ltr'><strong>fores</strong></span> <span class='ocrx_word' id='word_1_818' title='bbox 3585 5251 3852 5325; x_wconf 63' lang='lat' dir='ltr'><strong>pgettiteh-</strong></span> 
     </span>
    </p>
   </div>
   <div class='ocr_carea' id='block_1_121' title="bbox 2243 5320 3849 5396">
    <p class='ocr_par' dir='ltr' id='par_1_121' title="bbox 2243 5320 3849 5396">
     <span class='ocr_line' id='line_1_127' title="bbox 2243 5320 3849 5396; baseline -0.005 -14"><span class='ocrx_word' id='word_1_819' title='bbox 2243 5320 2391 5382; x_wconf 73' lang='lat' dir='ltr'><strong>tibus</strong></span> <span class='ocrx_word' id='word_1_820' title='bbox 2409 5340 2622 5396; x_wconf 87' lang='lat' dir='ltr'><strong>semper</strong></span> <span class='ocrx_word' id='word_1_821' title='bbox 2645 5327 2904 5396; x_wconf 87' lang='lat' dir='ltr'><strong>patuisse,</strong></span> <span class='ocrx_word' id='word_1_822' title='bbox 2929 5340 3049 5396; x_wconf 78' lang='lat' dir='ltr'><strong>cum</strong></span> <span class='ocrx_word' id='word_1_823' title='bbox 3075 5323 3217 5396; x_wconf 80' lang='lat' dir='ltr'><strong>dicat</strong></span> <span class='ocrx_word' id='word_1_824' title='bbox 3240 5321 3514 5377; x_wconf 86' lang='lat' dir='ltr'><strong>Christum</strong></span> <span class='ocrx_word' id='word_1_825' title='bbox 3538 5320 3697 5396; x_wconf 80' lang='lat' dir='ltr'><strong>t0ti_es</strong></span> <span class='ocrx_word' id='word_1_826' title='bbox 3720 5334 3849 5390; x_wconf 81' lang='lat' dir='ltr'><strong>par-</strong></span> 
     </span>
    </p>
   </div>
   <div class='ocr_carea' id='block_1_122' title="bbox 2240 5391 3847 5468">
    <p class='ocr_par' dir='ltr' id='par_1_122' title="bbox 2240 5391 3847 5468">
     <span class='ocr_line' id='line_1_128' title="bbox 2240 5391 3847 5468; baseline -0.006 -14"><span class='ocrx_word' id='word_1_827' title='bbox 2240 5391 2608 5468; x_wconf 84' lang='lat' dir='ltr'><strong>cere,quoties</strong></span> <span class='ocrx_word' id='word_1_828' title='bbox 2625 5391 2991 5468; x_wconf 80' lang='lat' dir='ltr'><strong>delinquitur?</strong></span> <span class='ocrx_word' id='word_1_829' title='bbox 3017 5393 3283 5450; x_wconf 88' lang='lat' dir='ltr'><strong>Pamelius</strong></span> <span class='ocrx_word' id='word_1_830' title='bbox 3300 5407 3512 5468; x_wconf 76' lang='lat' dir='ltr'><strong>quoque</strong></span> <span class='ocrx_word' id='word_1_831' title='bbox 3538 5407 3601 5468; x_wconf 62' lang='grc' dir='ltr'><strong>εξ</strong></span> <span class='ocrx_word' id='word_1_832' title='bbox 3623 5391 3708 5446; x_wconf 89' lang='lat' dir='ltr'><strong>bis</strong></span> <span class='ocrx_word' id='word_1_833' title='bbox 3735 5406 3847 5446; x_wconf 85' lang='lat' dir='ltr'><strong>non</strong></span> 
     </span>
    </p>
   </div>
   <div class='ocr_carea' id='block_1_123' title="bbox 2241 5463 3848 5534">
    <p class='ocr_par' dir='ltr' id='par_1_123' title="bbox 2241 5463 3848 5534">
     <span class='ocr_line' id='line_1_129' title="bbox 2241 5463 3848 5534; baseline -0.004 -10"><span class='ocrx_word' id='word_1_834' title='bbox 2241 5463 2451 5524; x_wconf 78' lang='lat' dir='ltr'><strong>dubitat</strong></span> <span class='ocrx_word' id='word_1_835' title='bbox 2466 5469 2736 5524; x_wconf 81' lang='lat' dir='ltr'><strong>afﬁrmare</strong></span> <span class='ocrx_word' id='word_1_836' title='bbox 2758 5463 3052 5523; x_wconf 82' lang='lat' dir='ltr'><strong>Ecclesiam</strong></span> <span class='ocrx_word' id='word_1_837' title='bbox 3090 5465 3461 5534; x_wconf 81' lang='lat' dir='ltr'><strong>peccatoribus</strong></span> <span class='ocrx_word' id='word_1_838' title='bbox 3472 5463 3684 5519; x_wconf 89' lang='lat' dir='ltr'><strong>veniam</strong></span> <span class='ocrx_word' id='word_1_839' title='bbox 3697 5475 3848 5534; x_wconf 79' lang='lat' dir='ltr'><strong>sem-</strong></span> 
     </span>
    </p>
   </div>
   <div class='ocr_carea' id='block_1_124' title="bbox 2239 5533 3846 5610">
    <p class='ocr_par' dir='ltr' id='par_1_124' title="bbox 2239 5533 3846 5610">
     <span class='ocr_line' id='line_1_130' title="bbox 2239 5533 3846 5610; baseline -0.003 -15"><span class='ocrx_word' id='word_1_840' title='bbox 2239 5555 2338 5610; x_wconf 87' lang='lat' dir='ltr'><strong>per</strong></span> <span class='ocrx_word' id='word_1_841' title='bbox 2364 5540 2668 5603; x_wconf 86' lang='lat' dir='ltr'><strong>indulsisse.</strong></span> <span class='ocrx_word' id='word_1_842' title='bbox 2685 5549 2740 5595; x_wconf 84' lang='lat' dir='ltr'><strong>et</strong></span> <span class='ocrx_word' id='word_1_843' title='bbox 2756 5539 2802 5594; x_wconf 88' lang='lat' dir='ltr'><strong>si</strong></span> <span class='ocrx_word' id='word_1_844' title='bbox 2820 5537 2944 5609; x_wconf 90' lang='lat' dir='ltr'><strong>quid</strong></span> <span class='ocrx_word' id='word_1_845' title='bbox 2969 5533 3107 5610; x_wconf 87' lang='lat' dir='ltr'><strong>apud</strong></span> <span class='ocrx_word' id='word_1_846' title='bbox 3124 5546 3375 5610; x_wconf 87' lang='lat' dir='ltr'><strong>auctores</strong></span> <span class='ocrx_word' id='word_1_847' title='bbox 3395 5536 3535 5591; x_wconf 89' lang='lat' dir='ltr'><strong>inter</strong></span> <span class='ocrx_word' id='word_1_848' title='bbox 3555 5533 3846 5610; x_wconf 77' lang='lat' dir='ltr'><strong>legendum</strong></span> 
     </span>
    </p>
   </div>
   <div class='ocr_carea' id='block_1_125' title="bbox 2240 5606 3848 5680">
    <p class='ocr_par' dir='ltr' id='par_1_125' title="bbox 2240 5606 3848 5680">
     <span class='ocr_line' id='line_1_131' title="bbox 2240 5606 3848 5680; baseline -0.002 -15"><span class='ocrx_word' id='word_1_849' title='bbox 2240 5606 2307 5666; x_wconf 78' lang='lat' dir='ltr'><strong>de</strong></span> <span class='ocrx_word' id='word_1_850' title='bbox 2335 5613 2570 5668; x_wconf 89' lang='lat' dir='ltr'><strong>secunda</strong></span> <span class='ocrx_word' id='word_1_851' title='bbox 2616 5619 2671 5666; x_wconf 91' lang='lat' dir='ltr'><strong>et</strong></span> <span class='ocrx_word' id='word_1_852' title='bbox 2721 5606 2906 5665; x_wconf 80' lang='lat' dir='ltr'><strong>ultima</strong></span> <span class='ocrx_word' id='word_1_853' title='bbox 2936 5608 3247 5680; x_wconf 67' lang='lat' dir='ltr'><strong>paenitentia</strong></span> <span class='ocrx_word' id='word_1_854' title='bbox 3280 5615 3549 5680; x_wconf 66' lang='lat' dir='ltr'><strong>occurrat,</strong></span> <span class='ocrx_word' id='word_1_855' title='bbox 3585 5606 3637 5660; x_wconf 94' lang='lat' dir='ltr'><strong>id</strong></span> <span class='ocrx_word' id='word_1_856' title='bbox 3675 5617 3848 5680; x_wconf 78' lang='lat' dir='ltr'><strong>omne</strong></span> 
     </span>
    </p>
   </div>
   <div class='ocr_carea' id='block_1_126' title="bbox 2238 5675 3846 5752">
    <p class='ocr_par' dir='ltr' id='par_1_126' title="bbox 2238 5675 3846 5752">
     <span class='ocr_line' id='line_1_132' title="bbox 2238 5675 3846 5752; baseline -0.004 -14"><span class='ocrx_word' id='word_1_857' title='bbox 2238 5682 2307 5738; x_wconf 91' lang='lat' dir='ltr'><strong>de</strong></span> <span class='ocrx_word' id='word_1_858' title='bbox 2333 5683 2542 5752; x_wconf 90' lang='lat' dir='ltr'><strong>publica</strong></span> <span class='ocrx_word' id='word_1_859' title='bbox 2560 5675 3289 5752; x_wconf 13' lang='lat' dir='ltr'><strong>accipiendum&#39;esse,gatque</strong></span> <span class='ocrx_word' id='word_1_860' title='bbox 3314 5677 3381 5732; x_wconf 90' lang='lat' dir='ltr'><strong>ad</strong></span> <span class='ocrx_word' id='word_1_861' title='bbox 3406 5675 3846 5752; x_wconf 74' lang='lat' dir='ltr'><strong>conﬁrmandum</strong></span> 
     </span>
    </p>
   </div>
   <div class='ocr_carea' id='block_1_127' title="bbox 2238 5745 3846 5818">
    <p class='ocr_par' dir='ltr' id='par_1_127' title="bbox 2238 5745 3846 5818">
     <span class='ocr_line' id='line_1_133' title="bbox 2238 5745 3846 5818; baseline -0.004 -10"><span class='ocrx_word' id='word_1_862' title='bbox 2238 5745 2407 5808; x_wconf 83' lang='lat' dir='ltr'><strong>multa</strong></span> <span class='ocrx_word' id='word_1_863' title='bbox 2436 5769 2502 5809; x_wconf 85' lang='lat' dir='ltr'><strong>ex</strong></span> <span class='ocrx_word' id='word_1_864' title='bbox 2525 5745 2834 5810; x_wconf 74' lang='lat' dir='ltr'><strong>auctoribus</strong></span> <span class='ocrx_word' id='word_1_865' title='bbox 2878 5745 3219 5814; x_wconf 73' lang='lat' dir='ltr'><strong>accumulat,</strong></span> <span class='ocrx_word' id='word_1_866' title='bbox 3253 5763 3373 5818; x_wconf 76' lang='lat' dir='ltr'><strong>qua:</strong></span> <span class='ocrx_word' id='word_1_867' title='bbox 3418 5747 3548 5804; x_wconf 89' lang='lat' dir='ltr'><strong>nihil</strong></span> <span class='ocrx_word' id='word_1_868' title='bbox 3608 5745 3846 5818; x_wconf 60' lang='lat' dir='ltr'><strong>referre;</strong></span> 
     </span>
    </p>
   </div>
   <div class='ocr_carea' id='block_1_128' title="bbox 2238 5814 3840 5896">
    <p class='ocr_par' dir='ltr' id='par_1_128' title="bbox 2238 5814 3840 5896">
     <span class='ocr_line' id='line_1_134' title="bbox 2238 5814 3840 5896; baseline -0.004 -16"><span class='ocrx_word' id='word_1_869' title='bbox 2238 5824 2539 5896; x_wconf 77' lang='lat' dir='ltr'><strong>explicare.</strong></span> <span class='ocrx_word' id='word_1_870' title='bbox 2570 5839 2693 5882; x_wconf 90' lang='lat' dir='ltr'><strong>cum</strong></span> <span class='ocrx_word' id='word_1_871' title='bbox 2729 5838 2849 5895; x_wconf 61' lang='lat' dir='ltr'><strong>quae</strong></span> <span class='ocrx_word' id='word_1_872' title='bbox 2875 5823 2996 5879; x_wconf 89' lang='lat' dir='ltr'><strong>istic</strong></span> <span class='ocrx_word' id='word_1_873' title='bbox 3030 5822 3106 5878; x_wconf 87' lang='lat' dir='ltr'><strong>ait</strong></span> <span class='ocrx_word' id='word_1_874' title='bbox 3142 5814 3504 5877; x_wconf 80' lang='lat' dir='ltr'><strong>Tertitllianus</strong></span> <span class='ocrx_word' id='word_1_875' title='bbox 3531 5814 3840 5889; x_wconf 83' lang='lat' dir='ltr'><strong>cujusmodi</strong></span> 
     </span>
    </p>
   </div>
   <div class='ocr_carea' id='block_1_129' title="bbox 2948 5979 2970 6007">
    <p class='ocr_par' dir='ltr' id='par_1_129' title="bbox 2948 5979 2970 6007">
     <span class='ocr_line' id='line_1_135' title="bbox 2948 5979 2970 6007; baseline 0 -3"><span class='ocrx_word' id='word_1_876' title='bbox 2948 5979 2970 6007; x_wconf 53' lang='grc' dir='ltr'><strong>Χ</strong></span> 
     </span>
    </p>
   </div>
  </div>
