4230 6256
346 361 483 422 12ιὶ

1572 360 1782 419 LIBER
1817 359 1909 418 DE
1945 357 2425 420 PCENITENTIA.

3502 363 3649 424 1242

347 492 449 535 nus
469 476 784 550 periculosis
800 475 1471 556 nosmetipsosioferamus
1492 477 1658 552 (a),et
1675 479 1720 536 si
1751 480 1942 536 iterum
1974 479 2024 540 A
2049 487 2134 536 est
2161 482 2372 536 animus
2397 477 2794 552 desperatione,
2825 480 2872 538 si
2898 479 3147 551 secundm
3173 481 3294 552 quis
3313 480 3647 552 poenitentiae

346 575 556 630 evasuri
583 573 846 629 videmur.
898 573 1152 645 Plerique
1188 571 1476 644 naufragio
1513 572 1726 629 liberati
1745 572 1943 630 exinde

345 666 624 737 repudium
641 675 695 721 et
711 665 830 720 navi
844 673 900 722 et
922 667 1056 722 mari
1074 666 1258 723 dicunt
1275 665 1376 738 (b),
1399 675 1454 722 et
1475 667 1566 722 Dei
1593 666 1936 732 beneﬁcium,

343 759 569 815 salutem
622 773 774 814 suam
829 759 1060 828 scilicet,
1110 761 1369 815 memoria
1395 760 1618 831 periculi
1649 760 1935 818 honorant.

342 850 525 906 Laudo
553 851 822 915 timorem,
855 851 1018 923 diligo
1063 852 1464 921 verecundiam,
1501 854 1692 910 nolunt
1747 855 1942 911 iterum

341 941 534 998 divina:
555 943 934 1000 misericordia:
949 944 1103 1024 oneri
1117 959 1236 1002 esse
1253 962 1267 1004 :
1289 946 1574 1002 formidant
1591 947 1758 1004 videri
1779 947 1943 1003 incul-

2041 572 2259 629 debitor
2286 573 2446 630 fuerit
2472 591 2485 629 :
2518 575 2694 646 pigeat
2716 589 2844 630 sane
2864 589 3089 646 peccare
3105 589 3314 638 rursus,
3337 575 3432 631 sed
3459 589 3646 632 rursus

2045 666 2312 737 ptenitere
2383 680 2492 721 non
2565 667 2786 738 pigeat:
2820 667 2998 737 pigeat
3067 665 3258 722 iterum
3328 666 3641 737 periclitari,

2038 757 2143 813 sed
2193 773 2300 813 non
2327 758 2523 815 iterum
2554 759 2789 816 liberari.
2822 759 3102 816 Neminem
3151 759 3388 831 pudeat;
3440 759 3644 816 iteratae

2046 847 2367 904 valetudinis
2422 848 2660 905 iteranda
2691 850 2954 907 medicina
2995 857 3078 906 est
3109 866 3122 904 :
3148 859 3332 922 gratus
3359 848 3411 904 in
3458 850 3641 906 Domi-

2046 956 2174 997 num
2199 940 2282 1013 (4)
2325 941 2616 1010 exstiteris,
2665 943 2710 998 si
2745 943 2887 1012 quod
2915 943 3006 1000 tibi
3040 943 3297 999 Dominus
3327 943 3505 1010 oﬁ‘ert,
3537 958 3641 999 non

340 1047 482 1100 care,
511 1033 654 1104 quod
704 1035 983 1091 consecuti
1028 1046 1152 1092 sunt
1183 1053 1198 1092 :
1233 1036 1370 1091 bona
1402 1047 1550 1093 certe
1579 1037 1942 1095 sollicitudine
2043 1034 2406 1090 recusaveris:
2431 1034 2725 1104 offendisti,
2757 1035 2855 1092 sed
2883 1035 3215 1093 reconciliari
3245 1034 3422 1092 adhuc
3464 1045 3638 1107 potes.

337 1127 532 1182 iterum
563 1125 796 1197 experiri
835 1127 1006 1183 vitant
1031 1127 1176 1200 quod
1201 1129 1370 1185 semel
1395 1128 1698 1186 didicerunt
1724 1130 1936 1186 timere.

338 1219 415 1277 Ita
440 1220 633 1278 modus
662 1221 1000 1289 temeritatis,
1025 1223 1244 1280 testatio
1267 1230 1352 1278 est
1381 1223 1611 1279 timoris.
1639 1221 1826 1278 Timor
1845 1238 1940 1279 au-

337 1321 446 1371 tem
477 1313 732 1379 hominis,
763 1313 855 1371 Dei
887 1314 1059 1370 honor
1105 1323 1207 1371 est.
1237 1315 1344 1371 Sed
1371 1318 1519 1372 enim
1567 1314 1935 1386 pervicacissiv

335 1421 457 1463 mus
484 1406 654 1463 hostis
698 1406 807 1474 ille,
838 1414 1128 1479 nunquam
1157 1407 1375 1463 malitiae
1427 1421 1540 1463 suae
1569 1410 1736 1463 otium
1788 1407 1934 1465 facit.

347 1500 546 1570 Atquin
595 1508 723 1556 tunc
773 1491 1006 1556 maxime
1054 1502 1229 1570 stevit,
1282 1515 1406 1556 eum
1455 1501 1726 1557 hominem
1778 1501 1935 1570 plene

335 1590 502 1646 sentit
528 1590 807 1648 liberatum
835 1591 940 1664 (I);
971 1601 1099 1648 tunc
1134 1592 1420 1664 plurimum
1447 1592 1776 1660 accenditur,
1804 1593 1931 1648 dum

334 1683 680 1756 extinguitur.
717 1686 908 1743 Doleat
949 1694 1004 1742 et
1034 1686 1347 1757 ingemiscat
1374 1701 1594 1743 necesse
1650 1695 1753 1754 est,
1776 1686 1932 1742 venia

331 1783 677 1846 peccatorum
723 1777 1001 1848 permissa,
1047 1787 1127 1834 tot
1182 1779 1235 1833 in
1273 1779 1489 1835 homine
1533 1779 1720 1834 mortis
1765 1793 1928 1849 opera

2031 1125 2222 1185 Habes
2249 1128 2334 1184 cui
2367 1128 2683 1196 satisfacias,
2712 1137 2768 1185 et
2790 1128 3006 1200 quidem
3037 1128 3334 1184 volentem.

2634 1219 2864 1277 CAPUT
2898 1219 3029 1276 VIII.

2111 1312 2169 1368 Id
2200 1313 2245 1369 si
2291 1313 2526 1380 dubitas,
2567 1314 2754 1371 evolve
2781 1329 2900 1385 quae
2949 1314 3180 1385 Spiritus
3211 1313 3468 1369 Ecelesiis
3498 1313 3642 1370 dicat

2042 1401 2250 1476 (Apoc.,
2284 1403 2324 1470 l,
2351 1405 2412 1470 ll,
2441 1405 2552 1477 Ill).
2578 1407 2852 1462 Desertam
2875 1406 3212 1462 dilectionem
3260 1405 3504 1476 Ephesiis
3534 1407 3640 1460 itit-

2039 1506 2211 1567 putat,
2247 1506 2490 1567 stuprum
2534 1504 2590 1554 ct
2638 1497 3052 1571 idolothytorum
3105 1514 3257 1556 esum
3297 1498 3640 1572 Thyatirenis

2037 1588 2346 1660 exprobrat,
2380 1589 2580 1646 Sardos
2604 1591 2685 1662 (5)
2709 1605 2814 1646 non
2845 1591 3125 1661 pleuorum
3160 1607 3384 1662 operum
3408 1592 3636 1659 incusat,

2037 1679 2397 1752 Pergamenos
2441 1681 2696 1738 docentes
2741 1697 2989 1751 perversa
3037 1683 3411 1754 reprehendit;
3439 1684 3636 1739 Laodi-
3681 1757 3685 1760 ι

2037 1788 2202 1830 ceuos
2230 1774 2455 1831 ﬁdentes
2475 1775 2674 1831 divitiis
2706 1776 2950 1848 objurgat
2982 1796 2996 1834 :
3028 1787 3081 1832 et
3120 1787 3298 1834 tamen
3343 1791 3529 1832 omnes
3567 1777 3634 1833 ad

331 1845 528 1934 diruta,
587 1878 666 1924 tot
723 1845 908 1926 titulos
956 1871 1315 1928 damnationis
1361 1879 1507 1928 retro
1552 1887 1664 1926 suae
1717 1845 1924 1930 era-sos.
1957 1845 2006 1905 Β
2035 1869 2403 1941 penitentiam
2452 1845 2787 1936 commonet,
2821 1845 2921 1925 sub
2966 1869 3471 1926 comminationibus
3520 1871 3636 1941 qui-

331 1959 486 2016 Dolet
513 1961 656 2031 quod
680 1963 853 2032 ipsum
881 1972 936 2019 et
963 1963 1184 2035 angelos
1211 1963 1349 2035 ejus,
1381 1963 1580 2021 Christi
1624 1978 1813 2020 servus
1847 1963 1926 2022 illi

329 2061 578 2120 peccator
604 2054 942 2124 judicaturus
964 2064 1067 2113 est.
1101 2058 1284 2128 Itaque
1318 2056 1590 2124 observat,
1629 2067 1924 2130 oppugnat,

326 2145 559 2214 obsidet,
589 2148 636 2204 si
683 2163 788 2220 qua
820 2149 996 2220 possit
1015 2149 1113 2205 aut
1136 2150 1320 2206 oculos
1347 2149 1781 2220 concupiscentia
1809 2166 1928 2208 car-

325 2236 433 2292 nali
462 2237 644 2306 ferire,
692 2249 784 2295 aut
810 2241 1050 2298 animum
1082 2242 1348 2299 illecebris
1391 2243 1740 2300 saecularibus
1787 2245 1925 2302 irre-

329 2329 452 2396 tire,
481 2339 574 2386 aut
600 2330 759 2387 ﬁdem
782 2341 1009 2391 terrenae
1036 2335 1317 2405 potestatis
1335 2334 1627 2392 formidine
1652 2345 1920 2405 evertere,

323 2428 417 2474 aut
446 2435 476 2475 a
507 2421 590 2476 via
616 2431 764 2478 certa
802 2425 1070 2494 perversis
1099 2424 1180 2496 (ἓ)
1212 2424 1584 2484 traditionibus
1627 2425 1698 2498 (c)
1741 2426 1926 2482 detor-

324 2527 493 2582 quere
524 2531 537 2568 :
564 2527 670 2568 non
699 2515 984 2582 scandalis,
1018 2529 1128 2571 non
1153 2515 1536 2572 tentationibus
1563 2516 1764 2573 deﬁcit.
1796 2517 1922 2575 IItec

321 2605 482 2677 igitur
503 2621 708 2662 venena
741 2607 857 2679 ejus
882 2608 1172 2680 providens
1199 2609 1363 2676 Deus,
1391 2609 1573 2664 clausa
1603 2608 1732 2666 licet
1769 2610 1922 2681 igno-

318 2699 540 2756 scentiae
576 2700 761 2770 janua,
792 2708 848 2757 et
875 2702 1212 2759 intinctionis
1238 2717 1360 2758 sera
1385 2703 1683 2771 obstructa,
1715 2704 1917 2776 aliquid

318 2789 497 2846 adhuc
537 2792 781 2860 permisit
829 2802 1032 2864 patere.
1086 2793 1380 2849 Collocavit
1423 2795 1474 2849 in
1515 2796 1779 2853 vestibulo
1832 2796 1913 2868 (ά)

327 2882 699 2952 paenitentiam
729 2884 1042 2952 secundam,
1086 2901 1206 2956 qua:
1233 2886 1569 2956 pulsantibus
1595 2887 1913 2956 patefaciat:

318 2973 414 3028 sed
437 2973 551 3045 jam
587 2975 774 3042 semel,
808 2977 928 3048 quia
953 2977 1062 3047 jam
1090 2977 1347 3034 secundo.
1378 2977 1483 3033 Sed
1509 2979 1738 3050 amplius
1781 2995 1919 3036 nun-

318 3082 499 3138 quam,
533 3067 604 3140 (e)
637 3069 759 3140 quia
792 3071 1035 3140 proxime
1087 3072 1303 3126 frustra.
1352 3070 1468 3127 Non
1529 3074 1673 3128 enim
1716 3082 1772 3129 et
1814 3073 1918 3131 hoc

317 3156 487 3218 semel
533 3163 662 3217 satis
715 3163 832 3218 est?
880 3162 1099 3228 Habes,
1155 3163 1299 3234 quod
1335 3164 1445 3235 jam
1508 3163 1589 3238 (3)
1641 3180 1746 3220 non
1803 3182 1918 3223 me—

315 3253 521 3309 rebaris
549 3271 564 3322 ;
596 3255 819 3310 amisisti
851 3258 995 3312 enim
1026 3257 1169 3326 quod
1194 3271 1502 3328 acceperas.
1533 3257 1589 3312 Si
1621 3257 1713 3313 tibi
1741 3258 1914 3315 indul-

315 3347 491 3418 gentia
515 3349 726 3405 Domini
753 3350 1146 3418 accommodat,
1163 3351 1306 3407 unde
1334 3351 1587 3406 restituas
1608 3351 1750 3422 quod
1779 3352 1916 3407 ami-

314 3451 466 3494 seras
493 3480 509 3506 ,
538 3440 732 3495 iterato
760 3440 1023 3496 beneﬁcio
1047 3449 1233 3512 gratus
1257 3449 1397 3508 esto,
1444 3441 1642 3496 nedum
1686 3442 1906 3512 ampliac

314 3541 405 3588 to:
439 3533 611 3605 majus
637 3543 721 3590 est
743 3534 889 3590 enim
930 3535 1244 3601 restituere,
1273 3549 1433 3605 quam
1459 3534 1588 3590 dare
1614 3553 1628 3590 :
1659 3537 1912 3606 quoniam

312 3623 564 3679 miserius
587 3632 672 3680 est
711 3625 1010 3696 perdidisse
1056 3626 1148 3697 (ι’),
1179 3641 1338 3708 quam
1361 3627 1582 3682 omnino
1621 3642 1730 3683 non
1759 3643 1916 3685 acce-

312 3714 477 3786 pisse.
509 3715 702 3772 Verum
731 3732 836 3773 non
871 3716 1054 3773 statim
1087 3716 1447 3775 suecidendus
1472 3733 1536 3775 ac
1563 3719 1906 3776 subruendus

2032 1962 2177 2017 dem.
2230 1960 2348 2018 Non
2387 1961 2801 2018 comminaretur
2849 1970 3028 2017 autem
3086 1977 3192 2018 nou
3247 1962 3542 2032 pmnitenti,
3588 1963 3632 2017 si

2032 2070 2138 2111 non
2168 2057 2470 2127 ignosceret
2510 2056 2807 2126 pmuitenti.
2844 2055 3092 2120 Dubium,
3150 2054 3196 2108 si
3246 2069 3352 2109 non
3403 2062 3459 2110 et
3503 2055 3632 2110 alibi

2031 2147 2169 2203 hanc
2189 2147 2485 2203 clementia:
2510 2163 2620 2202 sua:
2639 2147 3001 2218 profusionem
3019 2147 3460 2203 demonstrasset.
3484 2145 3624 2213 Non,

2032 2240 2108 2296 ait
2129 2237 2430 2311 (Jer.,VIlI,
2457 2239 2528 2304 II;
2555 2239 2704 2307 Osee,
2721 2238 2812 2304 Vl,
2843 2238 2924 2311 6),
2943 2241 3027 2310 qui
3048 2239 3299 2306 ceciderit,
3318 2248 3563 2311 resurget,
3583 2249 3631 2294 et

2023 2333 2110 2404 qui
2138 2341 2396 2387 aversatus
2424 2333 2578 2404 fuerit
2592 2333 2941 2386 convertetur?
2967 2331 3060 2388 Ille
3080 2341 3162 2388 est
3180 2333 3407 2399 scilicet,
3435 2333 3524 2389 ille
3547 2341 3632 2389 est

2025 2425 2116 2496 qui
2137 2424 2538 2479 misericordiam
2555 2425 2742 2478 mavult
2763 2439 2916 2492 quam
2942 2423 3194 2492 sacriﬁcia
3217 2423 3327 2495 (6).
3363 2421 3632 2479 Laztantur

2025 2518 2157 2585 caeli,
2182 2527 2228 2572 et
2245 2518 2332 2589 qui
2349 2518 2454 2572 illic
2467 2518 2672 2588 Angeli,
2698 2517 2993 2588 paenitentia
3014 2518 3232 2572 hominis
3263 2517 3501 2588 (Malm,
3534 2518 3624 2584 lX,
3723 2588 3747 2604 κ

2025 2608 2139 2680 15).
2175 2609 2318 2665 Heus
2353 2619 2430 2675 ttt,
2463 2619 2728 2681 peccator,
2761 2609 2902 2664 bono
2927 2610 3106 2664 animo
3133 2609 3228 2672 sis,
3262 2609 3412 2665 vides
3443 2609 3530 2665 ubi
3559 2610 3627 2665 de

2019 2708 2118 2756 tuo
2147 2700 2317 2756 reditu
2347 2701 2424 2770 (7)
2463 2701 2778 2771 gaudeatur.
2811 2699 2948 2768 Quid
2976 2699 3061 2752 illa
3091 2699 3499 2755 similitudinum
3523 2701 3625 2756 do-

2023 2793 2340 2848 minicarum
2390 2801 2702 2862 argumenta
2749 2791 2906 2845 nobis
2969 2791 3188 2846 volunt?
3233 2791 3385 2860 Quod
3434 2793 3626 2847 mulier

2022 2886 2332 2940 drachmam
2365 2884 2596 2954 perdidit
2623 2893 2675 2939 et
2728 2885 2972 2955 requirit,
3007 2893 3060 2940 et
3090 2885 3306 2955 reperit,
3341 2894 3393 2939 et
3424 2885 3623 2940 amicas

2019 2976 2087 3032 ad
2115 2976 2362 3048 gaudium
2392 2977 2596 3042 invitat,
2630 2991 2808 3031 nonne
2849 2977 3079 3032 restituti
3109 2977 3405 3048 peccatoris
3433 2993 3618 3034 exem-

2019 3073 2169 3143 plum
2190 3072 2308 3127 est?
2337 3071 2498 3126 Errat
2520 3079 2575 3126 et
2604 3085 2706 3126 una
2737 3071 2964 3141 pastoris
2995 3069 3076 3143 (8)
3104 3071 3334 3136 ovicula,
3363 3071 3459 3127 sed
3491 3087 3619 3141 grex

2024 3176 2126 3218 una
2154 3163 2334 3218 carior
2371 3177 2477 3216 non
2522 3169 2685 3217 erat:
2724 3174 2827 3215 una
2853 3160 2944 3215 illa
2981 3162 3335 3232 conquiritur,
3377 3176 3480 3215 una
3526 3176 3621 3230 pro

2021 3253 2272 3310 omnibus
2297 3251 2655 3320 desideratur,
2682 3262 2737 3308 et
2767 3251 2982 3307 tandem
3010 3252 3298 3317 invenitur,
3325 3259 3380 3308 et
3427 3251 3618 3306 hume-

2019 3348 2095 3403 ris
2139 3347 2371 3418 pastoris
2411 3346 2578 3417 ipsius
2618 3344 2890 3401 refertur:
2921 3345 3144 3401 multum
3193 3345 3338 3401 enim
3389 3345 3620 3401 errando

2018 3441 2370 3496 laboraverat.
2401 3440 2556 3496 Illum
2583 3440 2745 3494 etiam
2786 3438 3128 3494 mitissimum
3157 3449 3364 3510 patrem
3401 3453 3505 3494 non
3543 3449 3620 3492 ta-

2016 3533 2172 3602 cebo,
2199 3533 2286 3604 qui
2327 3531 2605 3603 prodigum
2649 3531 2816 3586 lilium
2864 3539 3098 3595 revocat.
3130 3539 3184 3586 et
3223 3539 3344 3601 post
3385 3529 3617 3600 impiam

2013 3628 2363 3699 pmnitentem
2421 3623 2500 3700 (9)
2548 3622 2722 3679 libens
2788 3623 3049 3694 suscipit,
3105 3622 3346 3678 immolat
3390 3621 3616 3676 vitulum

2013 3721 2386 3794 prmopimum,
2427 3719 2673 3776 convivio
2716 3717 2968 3789 gaudium
2993 3733 3149 3776 suum
3169 3725 3418 3775 exornat.
3442 3715 3614 3785 Quid-

1552 3838 1929 3901 LECTIONES
1960 3841 2053 3900 VA
2062 3837 2376 3895 RIANTES.

373 3947 448 4025 ill
469 3947 946 4025 Earlismoaciﬁcet:

371 4013 446 4086 ς
468 4013 839 4086 gonditionibus
859 4014 962 4067 alii.
987 4014 1176 4069 Pamel.
1203 4016 1254 4068 in
1275 4014 1388 4069 trib.
1412 4015 1560 4068 codd.

394 4071 446 4140 3)
468 4075 575 4125 Non
592 4076 722 4126 abest
745 4076 852 4143 Rig.

370 4071 447 4264 is;
478 4137 687 4211 Domino
710 4137 854 4210 senti.

370 4197 420 4263 (5
467 4199 666 4251 Sardtos
687 4203 852 4255 Paris.

367 4197 444 4263 (5)
467 4199 666 4251 Sardios
687 4200 852 4255 Paris.
877 4203 1029 4254 Frau.

2097 3951 2150 4018 6)
2175 3951 2481 4018 Sacriﬁcium
2505 3951 2658 4018 Frao.

2099 4011 2152 4067 7')
2179 4016 2358 4066 Reditu
2377 4016 2542 4064 aberat
2566 4027 2598 4063 α
2622 4011 2773 4064 Rhea.

2099 4023 2126 4067 7
2179 4023 2358 4066 ﬂeditu
2377 4023 2542 4064 aberat
2566 4027 2598 4063 α
2622 4023 2773 4064 tmen.

2097 4079 2127 4127 8
2171 4079 2364 4128 Pastori
2388 4073 2564 4142 Rigalt.
3369 4128 3380 4140 ο
3493 4132 3503 4141 _

2097 4023 2152 4206 9i
2174 4141 2519 4191 Paenitentiam
2544 4135 2688 4191 senti.
2709 4135 3048 4201 paenitentiam
3075 4134 3228 4186 Fran.
3255 4134 3422 4184 Parts.
3453 4139 3502 4185 Rt

2095 4129 2148 4201 9)
2174 4129 2519 4191 Paenitentiam
2544 4135 2688 4191 senti.
2709 4135 3048 4201 paenitentiam
3075 4134 3228 4186 Fran.
3255 4129 3422 4184 Paris.
3453 4129 3606 4200 Rigal.

2073 3954 2094 4205 ξ

1677 4312 1867 4370 COMM
1877 4314 2052 4371 ENTA
2064 4315 2240 4371 RIUS.

301 4433 394 4479 aut
420 4424 688 4496 quomodo
706 4423 1013 4496 accipienda
1041 4425 1142 4480 sint
1161 4425 1326 4496 nostri
1351 4423 1610 4480 duntaxat
1635 4423 1706 4480 sit
1735 4427 1891 4482 inSti-

301 4496 399 4550 tttti
429 4495 676 4552 etlocere.
711 4497 835 4552 IIee
869 4498 1028 4566 igitur
1046 4497 1274 4565 quotiens
1297 4495 1573 4566 ignoscitur
1597 4497 1664 4550 ita
1697 4497 1892 4552 intelli-

1970 4418 1972 4422 ’
1999 4426 2303 4497 Neptunum
2334 4431 2553 4481 accusat
2579 4465 2594 4489 ,
2625 4423 2714 4494 qui
2744 4423 2936 4497 iterum
2966 4420 3300 4497 naufragium
3334 4420 3478 4476 facit.
3504 4422 3606 4497 γε.

1996 4494 2185 4553 mustos
2207 4513 2336 4553 vero
2359 4511 2558 4559 sermo,
2586 4511 2733 4560 eum,
2762 4495 2931 4565 inquit
2956 4534 2972 4559 ,
3026 4494 3305 4565 repudium
3326 4503 3382 4565 (ct
3410 4495 3527 4565 navi
3552 4501 3604 4549 ct

298 4581 393 4637 gas
431 4567 590 4647 quasi
624 4579 758 4647 post
807 4563 1094 4647 secundam
1146 4563 1522 4647 pmnitenti‘am.
1564 4567 1698 4622 alius
1741 4578 1886 4623 esset
1911 4587 1964 4647 D
1990 4570 2126 4647 _ma_ri
2155 4563 3003 4647 dicunt,_tratislatione_stimpta
3039 4564 3109 4647 ab
3137 4563 3517 4647 bis-qtt'i'ulxori
3545 4565 3606 4647 li-

301 4639 589 4707 pmnitendi
624 4639 770 4694 locus
791 4680 805 4703 ,
831 4639 925 4694 sed
956 4639 1085 4692 nihil
1117 4638 1258 4692 aliud
1288 4639 1452 4692 voluit
1473 4638 1651 4693 dicere
1674 4679 1690 4702 ,
1722 4655 1881 4708 quam

298 4709 512 4764 tametsi
543 4710 717 4778 aliqua
749 4719 869 4778 post
896 4711 1218 4779 baptismum
1256 4724 1380 4778 spes
1407 4710 1575 4762 venite
1601 4711 1833 4776 supersit
1864 4753 1878 4773 .

296 4787 352 4833 et
379 4779 611 4834 secunda
641 4790 800 4850 atque
831 4782 1014 4836 ultima
1045 4780 1369 4834 eoneedatur
1414 4781 1749 4848 pwnitentia,
1809 4793 1888 4835 ta-

296 4865 419 4906 men
449 4866 638 4905 rursus
682 4852 1004 4919 pcccaudunt
1055 4868 1158 4904 non
1201 4866 1319 4904 esse
1369 4861 1486 4920 post
1528 4851 1884 4919 baptismum;

296 4935 419 4975 nam
460 4924 730 4976 sexcentis
781 4922 945 4986 locis,
999 4939 1104 4976 non
1148 4923 1319 4976 dicam
1368 4924 1466 4975 hoc
1503 4923 1700 4992 capite,
1728 4939 1886 4977 uuam

295 5000 507 5046 tantum
538 4993 613 5045 ait
638 5009 667 5045 a
700 4992 912 5048 lavacro
939 4996 1148 5049 veniam
1180 5008 1485 5063 superesse,
1518 5008 1690 5062 neque
1719 4995 1887 5048 ullum

293 5065 485 5132 primis
525 5063 630 5118 illis
664 5065 992 5134 temporibus
1019 5067 1157 5120 inter
1203 5067 1460 5134 privatam
1488 5073 1580 5118 aut
1621 5065 1885 5133 publicam

292 5136 606 5204 graviorum
638 5135 921 5189 criminum
948 5136 1237 5190 discrimen
1282 5145 1550 5191 occurret.
1580 5134 1760 5205 Itaque
1801 5137 1888 5191 illa

295 5206 493 5260 totiens
523 5217 576 5259 et
604 5207 853 5276 quatiens
879 5207 1130 5262 dicuntur
1148 5249 1163 5273 ,
1193 5217 1339 5262 recte
1362 5206 1429 5260 de
1449 5207 1654 5261 duabus
1684 5208 1852 5263 veniis
1872 5249 1886 5274 ,

293 5285 355 5331 ut
382 5278 451 5331 ita
480 5276 654 5349 dicam
674 5320 690 5344 ,
715 5289 766 5332 et
789 5278 1008 5333 totidem
1037 5279 1293 5349 peccatis.
1327 5277 1395 5332 de
1426 5278 1490 5332 iis
1517 5279 1739 5342 scilicet,
1771 5293 1891 5349 qute

292 5357 420 5419 ante
449 5348 562 5403 sive
598 5360 721 5419 post
773 5348 1092 5419 baptismum
1148 5350 1579 5404 remittebantur.
1621 5348 1889 5405 Caeterum

291 5415 553 5473 Ecelesire
584 5415 855 5476 universae
902 5421 1041 5476 hanc
1081 5421 1243 5475 fuisse
1281 5420 1600 5474 sententiam
1622 5420 1724 5487 {vel
1754 5421 1892 5476 lianc

291 5491 739 5546 consuetudinem
763 5493 815 5545 iu
837 5492 1086 5546 omnibus
1108 5492 1328 5546 omnino
1349 5490 1605 5547 Ecelesiis
1634 5491 1892 5547 observa-

291 5569 403 5615 tam
429 5561 613 5625 fuisse.
647 5577 754 5617 non
784 5563 958 5618 ausim
984 5562 1271 5617 afﬁrmare.
1299 5566 1528 5617 Aurasr.

365 5632 444 5703 (a)
486 5631 747 5688 Hactenus
769 5633 1063 5704 periculosis
1089 5635 1414 5705 nosmetipsos
1437 5635 1733 5705 inferamus.
1754 5631 1891 5689 Hac-

288 5710 465 5770 tenus,
483 5705 552 5775 id
590 5715 694 5770 est,
729 5703 996 5775 nunquam
1029 5703 1268 5774 posthac.
1299 5705 1417 5760 Rte.

364 5775 444 5846 (h)
469 5774 755 5845 Repudium
783 5786 826 5830 et
857 5773 985 5848 napi
1012 5773 1078 5848 et
1109 5775 1240 5848 mari
1277 5777 1483 5848 dicunt.
1501 5773 1666 5841 Nam,
1717 5775 1890 5848 inquit

291 5841 763 5918 Rh'cuauosmtest
776 5847 915 5920 apud
930 5845 1622 5920 PubliumMimographum:
1644 5841 1888 5923 improbe

1989 4640 2182 4718 bellum
2209 4639 2424 4718 repudii
2468 4640 2720 4718 mittuntz-
2754 4633 3012 4718 Similiter
3057 4635 3152 4690 lib.
3197 4635 3261 4690 de
3305 4633 3439 4688 Hab.
3471 4638 3599 4688 mnf.

1989 4709 2495 4790 capdﬁrepudium
2522 4709 2634 4790 cadi
2671 4709 2824 4790 «Ιξγὶῐι
2860 4709 2994 4790 |_’_-\M-
3032 4786 3041 4790 Α
3431 4778 3442 4790 ,

2062 4776 2141 4907 (c)
2182 4776 2433 4835 Perbersis
2461 4780 2838 4834 traditionibus.
2869 4779 2996 4834 Mss.
3029 4786 3139 4833 tres
3165 4776 3492 4832 conditionib.
3529 4778 3600 4833 ll-

1992 4854 2061 4907 ltu
2112 4863 2287 4906 tamen
2312 4854 2479 4907 magis
2508 4851 2687 4907 nlacet
2711 4893 2723 4907 .
2749 4859 2810 4903 ut
2839 4859 2957 4907 agat
2987 4860 3170 4902 contra
3212 4847 3558 4902 Montanistas
3583 4891 3598 4907 .

2112 4847 2287 4906 tamen
2312 4854 2479 4922 magis
2508 4851 2687 4918 placet
2711 4893 2723 4914 ,
2749 4859 2810 4903 ut
2839 4859 2957 4922 agat
2987 4860 3192 4922 contra,
3212 4847 3558 4902 Montanistas
3583 4891 3598 4913 ,

1991 4924 2085 4995 qui
2118 4923 2382 4994 perversis
2409 4920 2788 4977 traditionibus
2835 4921 2945 4974 suis
2979 4920 3046 4995 de
3083 4921 3228 4995 nulla
3281 4930 3396 4988 post
3427 4922 3594 4995 bapti-

1998 4990 2173 5050 smum
2209 4995 2520 5064 pmoitentia
2544 5035 2558 5050 .
2601 5009 2630 5046 a
2685 4995 2768 5047 via
2800 4990 3162 5064 certaiﬁdeles
3190 4990 3596 5058 detorquehaot.

1996 5067 2073 5121 Eo
2101 5063 2280 5120 autem
2309 5067 2454 5136 quod
2491 5063 2674 5129 addit,
2732 5063 3000 5136 perversis
3023 5103 3035 5126 ,
3064 5070 3210 5132 patet
3259 5076 3600 5136 tion_»o_mi_ies

1994 5139 2063 5191 ab
2085 5140 2316 5192 Auctore
2329 5131 2656 5190 traditiones
2679 5131 3009 5203 impugnari;
3036 5131 3217 5188 verum
3241 5133 3309 5203 de
3339 5131 3422 5185 his
3443 5132 3599 5185 latius

1997 5208 2089 5264 lib.
2119 5209 2186 5262 de
2213 5209 2337 5262 Cor.
2367 5207 2481 5262 mil.
2518 5207 2604 5261 ubi
2633 5202 3110 5260 mult’as’Ecelesia‘.
3138 5202 3451 5259 traditiones
3477 5219 3596 5273 pro-

1999 5279 2108 5333 bat.
2144 5279 2284 5333 Pan.

2070 5351 2148 5422 (d)
2174 5350 2451 5405 Collocavit
2471 5348 2524 5403 in
2544 5348 2804 5422 vestibulo,
2856 5343 3200 5422 Consuetudo
3227 5352 3280 5400 et
3303 5344 3439 5400 ritus
3475 5352 3594 5422 erat

2009 5415 2088 5475 ut'
2117 5415 2438 5492 poenitentes
2479 5422 2530 5475 in
2582 5419 2843 5475 vestibulo
2887 5416 3131 5474 ecclesiae
3177 5425 3493 5482 manerent,
3529 5415 3596 5470 ad

1995 5507 2152 5564 quem
2180 5493 2418 5564 respicit.
2456 5493 2686 5548 ALBASP.

2067 5566 2144 5634 (e)
2176 5563 2283 5618 Sed
2324 5564 2544 5634 amplius
2592 5569 2882 5634 nunquam.
2919 5561 3058 5631 Ergo
3099 5573 3200 5613 una
3230 5565 3432 5614 tantum
3461 5565 3596 5615 erat
3672 5573 3679 5580 ·

1993 5644 2114 5705 post
2135 5634 2456 5700 baptismum
2488 5635 2821 5704 pce-nitentia.
2858 5633 3086 5688 ALBASP.

2064 5703 2125 5776 (f)
2170 5699 2404 5760 Miserius
2447 5699 2519 5760 est
2565 5705 2845 5774 perdidisse
2869 5719 3022 5776 quam
3046 5743 3062 5776 ε
3094 5709 3198 5756 etc.
3227 5699 3472 5776 Miserius
3508 5709 3593 5756 est

1990 5771 2160 5831 multo
2184 5777 2408 5832 salutem
2449 5771 2606 5848 quam
2635 5771 2890 5847 accepisti
2923 5773 3186 5848 baptismo
3215 5771 3437 5848 perdere
3461 5786 3591 5842 pec-

1988 5850 2181 5920 eando,
2211 5862 2369 5922 quam
2393 5845 2614 5905 omnino
2639 5845 2896 5905 eam'non
2924 5845 3216 5916 accepisse.
3244 5845 3475 5901 Awssr.
