4230 6256
209 370 359 431 1243

1444 364 1659 425 LIBER
1688 364 1780 424 DE
1814 365 2291 426 PﬂL‘NITENTlA.

3369 369 3524 430 me

206 498 345 557 tant,
371 494 428 546 et
463 487 537 545 ita
562 502 686 546 eum
729 487 1096 546 erubescenda
1123 499 1216 545 sua
1237 495 1492 560 pereunt.
1521 486 1806 546 lntoleram
1834 488 1888 550 Α
1912 486 2007 563 sed
2039 487 2128 554 ubi
2159 485 2526 558 paenitendum
2575 494 2658 543 est
2694 486 2774 560 (5)
2807 487 3008 544 deserit
3055 486 3309 545 miserum
3335 505 3352 544 :
3384 485 3510 561 quia

205 581 334 638 dum
371 581 577 638 scilicet
611 581 823 652 pudori,
864 581 1092 637 Domino
1126 579 1339 637 ollenso
1369 580 1700 646 satisfacere,
1728 595 1807 636 sa?

203 673 300 730 luti
325 675 595 746 prodaetas
622 674 902 730 reformari
929 673 1027 748 (a).
1052 673 1144 729 Nae
1174 683 1230 729 ιιι
1252 673 1577 731 verecundia
1599 674 1802 738 bonus,

206 766 278 822 ad
318 765 739 838 delinquendum
777 766 1088 836 espandens
1123 765 1380 834 frontem,
1407 767 1475 823 ad
1504 765 1798 836 deprecan-

204 858 335 915 dum
377 873 508 920 vero
549 858 876 915 subducens.
904 857 1020 929 Ego
1047 857 1234 915 rubori
1270 859 1446 916 locum
1477 872 1584 914 non
1629 856 1802 922 facio,

205 965 330 1006 cum
373 951 497 1021 plus
538 949 607 1006 de
647 950 976 1006 detrimento
1001 948 1118 1020 ejus
1142 950 1361 1020 acquiro
1385 991 1402 1016 ,
1435 947 1515 1021 (l)
1536 963 1657 1004 cum
1690 948 1806 1018 ipse

205 1041 480 1099 hominem
502 1041 902 1112 quodammodo
915 1041 1250 1108 exhortatur,
1267 1042 1345 1098 Ne
1369 1056 1456 1098 me
1481 1041 1805 1112 respexeris,

205 1135 416 1205 dicens,
441 1145 613 1207 perte
631 1135 762 1191 mihi
784 1134 982 1192 melius
1003 1143 1087 1191 est
1112 1135 1308 1206 perire.
1334 1133 1494 1190 Certe
1510 1132 1808 1204 periculum

204 1228 322 1299 ejus
353 1237 500 1294 tunc,
529 1229 573 1283 si
605 1225 768 1294 forte,
798 1240 1084 1284 onerosum
1113 1235 1217 1294 est,
1245 1240 1366 1282 cum
1395 1239 1561 1297 penes
1587 1224 1810 1288 insulta-

203 1328 358 1377 turos
385 1321 438 1376 in
465 1319 746 1391 risiloquio
773 1320 1040 1384 consistit,
1083 1319 1172 1376 ubi
1202 1319 1270 1375 de
1297 1319 1520 1375 alterius
1550 1319 1699 1376 ruina
1724 1319 1809 1374 al-

205 1424 290 1472 ter
317 1415 604 1482 attollitur,
627 1415 718 1470 ubi
747 1423 1020 1486 prostrato
1044 1413 1506 1484 superscenditur.
1539 1410 1810 1472 Caeterum.

205 1510 348 1565 inter
373 1508 564 1565 fratres
591 1517 752 1580 atque
768 1523 1082 1574 conservos,
1110 1508 1200 1564 ubi
1222 1507 1524 1565 communis
1548 1507 1632 1579 (9)
1657 1521 1806 1578 spes,

205 1611 407 1668 metus,
424 1601 698 1672 gaudium,
720 1601 897 1667 dolor,
919 1601 1098 1672 passio
1113 1599 1256 1674 (quia
1273 1599 1572 1657 communis
1587 1599 1814 1672 spiritus

204 1696 274 1751 de
303 1695 574 1751 communi
599 1696 826 1750 Domino
863 1705 916 1752 et
954 1695 1161 1766 Patre),
1189 1695 1316 1766 quid
1346 1702 1402 1750 tu
1433 1695 1531 1751 bos
1555 1694 1635 1767 (5)
1659 1693 1814 1754 aliud

205 1804 366 1859 quam
407 1797 460 1844 te
504 1787 742 1860 opinaris
787 1787 909 1860 (b)?
950 1787 1090 1857 Quid
1130 1797 1414 1844 consortes
1451 1802 1668 1844 casuum
1696 1796 1810 1846 tuor

1908 579 2104 635 factum
2154 588 2242 636 est
2293 581 2548 646 salutare.
2593 581 2848 638 Miserum
2877 591 2962 638 est
2989 583 3159 639 secari
3190 590 3245 638 et
3270 585 3516 642 cauterio

1907 673 2090 740 exuri,
2124 682 2177 727 et
2217 673 2452 744 pulveris
2497 673 2723 744 alicujus
2768 674 3523 750 mordacitate(6_)cruciari:.

1907 772 2088 820 tamen
2128 781 2246 837 qum
2287 781 2385 836 per
2429 767 2804 823 insuavitatem
2859 768 3171 838 medentur,
3201 779 3258 827 et
3301 772 3509 827 emolu—

1908 859 2413 915 mento~curationis
2437 859 2698 916 offensam
2735 861 2817 917 sui
2865 871 3153 931 excusant,
3187 871 3510 934 etpraesenv

1911 958 2021 1006 tem
2052 951 2302 1022 injuriam
2332 961 2740 1024 superventurte
2768 953 3015 1011 utilitatis
3041 954 3209 1026 gratia
3232 970 3523 1020 commen-.,.

1912 1042 2061 1099 dant.
2707 1087 2712 1096 ,

1935 1183 1938 1186 .
2535 1137 2762 1196 CAPUT
2802 1139 2897 1195 XI.

1931 1261 1938 1280 -.
1985 1228 2124 1298 Quid
2149 1229 2197 1286 si
2225 1238 2424 1301 praeter
2449 1232 2709 1302 pudorem
2736 1275 2751 1301 ,
2783 1249 2945 1305 quem
2979 1239 3242 1306 potiorem
3273 1245 3459 1307 putant
3484 1260 3522 1307 ,;

1913 1321 2073 1378 etiam
2103 1323 2441 1380 incommoda
2459 1327 2701 1397 corporis
2725 1327 3098 1397 reformident,
3121 1330 3258 1400 quod
3290 1332 3506 1399 inlotos,

1911 1416 2054 1487 quod
2101 1417 2477 1486 sordulentos,
2517 1420 2660 1491 quod
2705 1429 2856 1476 extra
2899 1422 3139 1477 laetitiam
3188 1423 3259 1494 (Γ)
3301 1433 3514 1494 oportet

1913 1509 2184 1566 deversari
2209 1552 2225 1578 ,
2253 1511 2307 1566 in
2334 1512 2701 1582 asperitudine
2729 1514 2904 1578 sacci,
2933 1522 2991 1569 et
3021 1514 3249 1572 horrore
3272 1516 3471 1572 cineris
3495 1529 3525 1582 ,".

1913 1610 1968 1655 et
1996 1601 2107 1656 oris
2137 1601 2202 1656 de
2227 1600 2438 1672 jejunio
2468 1603 2701 1659 vanitate
2742 1603 2819 1677 (g)
2844 1605 2868 1660 ?
2896 1604 3035 1660 Num
3082 1621 3212 1676 ergo
3241 1607 3293 1660 in
3334 1607 3511 1662 cocci-

1913 1707 1987 1749 no
2017 1693 2098 1767 (It)
2122 1703 2177 1750 et
2198 1695 2362 1766 Tyrio
2391 1695 2450 1765 (i)
2485 1713 2582 1762 pro
2607 1697 2816 1753 delictis
2857 1699 3157 1769 supplicare
3185 1715 3284 1755 nos
3308 1701 3512 1757 conde—

1913 1787 2036 1843 cet?
2061 1786 2208 1843 Cedo
2236 1801 2392 1844 acum
2425 1789 2666 1844 crinibus
2696 1789 3090 1861 distinguendis
3115 1832 3129 1858 ,
3153 1802 3208 1847 et
3235 1793 3510 1862 pulverem

203 1897 325 1938 rum
355 1881 452 1954 (e),
497 1859 556 1935 ut
599 1859 896 1950 plausores,
922 1879 1102 1950 fugis?
1144 1878 1261 1935 Non
1307 1887 1484 1950 potest
1521 1893 1720 1949 corpus
1741 1878 1818 1937 de
1839 1859 1886 1920 Β
1914 1881 2168 1937 dentibus
2198 1881 2483 1936 elimandis
2509 1881 2580 1954 (ί)
2599 1923 2614 1946 ,
2645 1891 2699 1938 et
2739 1859 3006 1939 bisulcam
3040 1859 3248 1954 aliquid
3273 1885 3400 1941 ferri
3430 1887 3514 1941 vel

205 1975 365 2029 unius
411 1973 642 2028 membri
689 1973 978 2028 vexatione
1028 1973 1210 2027 laetum
1266 1987 1427 2042 agere
1471 1989 1485 2024 :
1527 1972 1820 2032 condoleat
1916 1977 2042 2033 teris
2080 1977 2346 2048 unguibus
2391 1976 2808 2046 repastineudis.
2837 1977 2894 2033 Si
2921 1977 3047 2048 quid
3081 1978 3188 2034 licti
3217 1979 3438 2044 nitoris,
3467 1981 3522 2038 si

205 2067 548 2133 universum,
578 2073 634 2120 et
658 2064 725 2119 ad
751 2063 1052 2121 remedium
1080 2063 1410 2130 conlaboret,
1456 2079 1680 2122 necesse
1704 2072 1805 2121 est.

204 2157 264 2214 In
294 2175 400 2214 uno
436 2168 490 2214 et
512 2158 684 2214 altero
714 2157 956 2214 Ecclesia
985 2167 1086 2223 est,
1122 2157 1361 2214 Ecclesia
1392 2173 1521 2214 vero
1542 2158 1809 2216 Christus.

207 2251 353 2322 Ergo
375 2266 500 2307 cum
539 2259 592 2306 te
615 2250 686 2305 ad
723 2249 950 2306 fratrum
989 2265 1163 2321 genua
1210 2250 1510 2322 protendis,
1536 2250 1812 2307 Christum

208 2348 535 2407 contrectas,
581 2340 856 2398 Christum
880 2356 1093 2398 exoras.
1118 2340 1291 2412 Eque
1317 2341 1392 2396 illi
1420 2356 1540 2398 cum
1566 2357 1728 2412 super
1757 2351 1814 2398 te

207 2437 476 2507 lacrymas
522 2445 706 2506 agunt,
751 2434 996 2490 Christus
1046 2434 1258 2504 patitur,
1300 2434 1544 2490 Christus
1593 2435 1816 2492 Patrem.

208 2527 550 2597 deprecatur.
601 2524 782 2582 Facile
827 2526 1146 2595 impetratur
1187 2540 1422 2596 semper,
1479 2527 1622 2597 quod
1667 2527 1810 2584 ﬁlius

210 2618 463 2690 postulat.
521 2615 738 2673 Grande
792 2619 951 2686 plane
994 2617 1420 2674 emolumentum
1467 2618 1810 2674 verecundiae

213 2710 500 2766 occultatio
521 2709 702 2768 delicti
727 2708 1029 2780 pollicetur.
1047 2709 1310 2766 Videlicet
1335 2711 1379 2766 si
1401 2711 1529 2782 quid
1558 2711 1808 2768 humanae

214 2804 417 2858 notitiae
444 2802 884 2867 subduxerimns,
921 2801 1146 2872 proinde
1187 2812 1242 2858 et
1270 2804 1438 2859 Deum
1469 2804 1808 2862 cclabimus?

212 2894 436 2950 Adeone
455 2893 781 2950 existimatio
805 2892 1080 2950 hominum
1103 2903 1158 2949 et
1183 2895 1278 2950 Dei
1301 2896 1632 2952 conscientia
1658 2913 1808 2954 com-

213 2986 504 3056 parantur?
547 2987 628 3042 An
679 2987 876 3058 melius
922 2996 1006 3042 est
1053 2985 1365 3044 damnatum
1413 2988 1599 3055 latere,
1650 3006 1814 3061 quam

211 3080 388 3150 palam
412 3081 611 3136 absolvi
645 3081 764 3152 (d)?
795 3080 1046 3135 Miserum
1076 3089 1152 3135 est
1183 3081 1263 3136 sic
1287 3081 1354 3140 ad
1398 3081 1814 3156 Exomologesin

1916 2067 2048 2140 quid
2073 2066 2246 2124 coacti
2276 2068 2526 2136 ruboris,
2553 2068 2607 2123 in
2649 2068 2788 2124 labia
2826 2079 2915 2124 aut
2943 2083 3108 2140 genas
3134 2078 3336 2140 urgeat.
3371 2069 3518 2125 Prm-

1919 2173 2065 2220 terea
2085 2162 2354 2233 exquirito
2380 2161 2601 2218 balneas
2632 2162 2870 2218 laetiores
2895 2161 3163 2218 bortulani
3187 2163 3523 2219 maritimive'

1917 2269 2196 2312 secessus:
2223 2254 2441 2325 adjicito
2481 2255 2548 2310 ad
2592 2263 2899 2325 sumptum;
2933 2254 3239 2326 conquirito
3287 2255 3515 2310 altilium

1914 2362 2193 2404 enormem
2233 2347 2508 2419 saginam;
2547 2345 2794 2403 defecato
2821 2356 3158 2402 senectutem
3185 2346 3317 2400 vini.
3345 2345 3514 2401 Cum-

1914 2456 2019 2512 que
2047 2441 2167 2511 quis
2198 2439 2571 2510 interrogarit,
2610 2439 2823 2494 cuinam
2849 2454 2913 2494 ea
2953 2438 3196 2510 largiaris
3226 2437 3300 2508 (k)
3329 2457 3341 2493 :
3375 2439 3516 2494 Deli-

1912 2534 2024 2604 qui,
2053 2533 2235 2599 dicito,
2269 2532 2321 2587 in
2346 2533 2536 2599 Deum,
2568 2541 2622 2587 et
2652 2531 2925 2600 periclitor
2950 2529 3004 2584 in
3033 2539 3292 2586 aeternum
3316 2530 3513 2600 perire.

1911 2624 2097 2694 Itaque
2122 2639 2264 2679 nunc
2292 2623 2536 2695 pendeo,
2577 2632 2632 2678 et
2677 2635 2952 2686 maceror,
2997 2630 3053 2676 et
3092 2621 3411 2687 excrucior,
3458 2630 3518 2675 ut

1913 2716 2080 2772 Deum
2111 2715 2452 2773 reconciliem
2485 2713 2636 2780 mihi,
2661 2729 2820 2784 quem
2851 2711 3216 2782 delinquendo
3243 2710 3377 2767 laesi.
3403 2712 3509 2766 Sed

1911 2808 2056 2863 enim
2097 2808 2250 2875 illos,
2295 2809 2384 2877 qui
2428 2806 2631 2862 ambitu
2657 2805 2734 2877 (7)
2773 2804 2973 2860 obeunt
3001 2804 3314 2876 capessendi
3345 2804 3514 2874 magi-

1912 2912 2143 2967 stratus,
2174 2916 2345 2972 neque
2376 2901 2575 2972 pudet,
2607 2915 2784 2972 neque
2813 2901 2960 2971 piget
2998 2899 3354 2956 incommodis
3393 2900 3510 2954 ani-

1915 3004 2094 3052 mat-et
2120 2995 2393 3066 corporis,
2427 3008 2528 3050 nec
2558 2992 2916 3049 incommodis
2960 3001 3168 3050 tantum
3189 3033 3205 3062 ,
3237 3007 3424 3048 verum
3455 3000 3510 3048 et

1915 3089 2252 3146 contumeliis
2280 3087 2528 3142 omnibus
2553 3087 2682 3142 eniti
2715 3087 2768 3141 in
2790 3099 2977 3141 caussa
3002 3095 3244 3141 votorum
3269 3099 3510 3141 suorum.

212 3177 495 3247 pervenire
522 3174 616 3248 (e).
644 3175 784 3232 Malo
811 3176 953 3231 enim
982 3175 1049 3231 ad
1072 3175 1345 3232 miseriam
1369 3176 1446 3248 (4)
1470 3173 1800 3248 pervenitur,
1830 3171 1875 3234 C
1909 3180 2052 3252 Quas
2095 3196 2200 3236 non
2252 3179 2612 3253 ignobilitates
2646 3178 2873 3234 vestium
2903 3176 3194 3234 affectant?
3223 3177 3353 3247 Qua:
3409 3190 3512 3231 non

1452 3291 1833 3352 LECTIONES
1861 3293 2271 3366 YARIANTES.

277 3405 349 3473 (ξ)
374 3405 678 3473 QuinLatin.
704 3410 749 3456 et
771 3409 891 3473 Jun.

299 3469 348 3532 Ξ)
375 3470 580 3532 Species
601 3470 754 3532 Frtm.
783 3469 939 3520 Paris.

303 3528 355 3597 ὃ)
380 3528 511 3597 Tuos
526 3529 668 3597 seml.
691 3533 832 3594 Leop.
861 3537 915 3582 tu
939 3532 1028 3582 hos
1052 3530 1160 3597 Εἰς.
1179 3544 1244 3597 ea:
1267 3529 1374 3597 cod.
1395 3528 1497 3582 div.

301 3589 351 3658 4)
374 3596 449 3645 Ad
473 3595 718 3644 miseriam
764 3589 912 3646 Frmt.
948 3589 1136 3646 Paris.’
1153 3589 1322 3660 Rigalt.
1363 3607 1532 3644 amans
1586 3595 1626 3645 si
1670 3609 1812 3660 perv.

1910 3407 2062 3463 Seml.
2090 3413 2352 3463 adventum
2374 3419 2450 3462 est
2473 3406 2654 3464 volebat
2677 3410 2822 3462 then.
2847 3407 3005 3462 minus
3026 3409 3158 3462 bene.

1983 3473 2060 3532 (5)
2084 3473 2279 3524 Desinit
2302 3475 2457 3526 Fran.

1920 3601 1922 3604 ν
1979 3530 2054 3604 (ρ)
2077 3535 2294 3604 Cruciari
2316 3537 2472 3604 F_ran.
2495 3535 2602 3601 Rig.
2628 3537 2815 3588 anxiari
2831 3530 2972 3587 Seml.

2006 3597 2287 3664 7)Atnbitus
2303 3598 2410 3664 Rig.

1561 3697 2121 3788 COMMENTARIUS.

286 3820 362 3894 (τι)
383 3818 845 3894 Salutiprodactw.
868 3816 1094 3888 Prodiga
1123 3815 1378 3888 peccandi
1409 3817 1677 3886 protervia
1695 3831 1810 3888 per-

212 3891 510 3951 ditissimtc.
536 3891 656 3947 Rm.

287 3963 364 4038 (b)
385 3962 538 4038 Quid
561 3973 627 4038 tu
652 3963 742 4038 llos
768 3960 1087 4038 aliudgnam
1117 3968 1163 4014 te
1206 3959 1453 4038 opinaris.
1483 3959 1572 4015 Sic
1614 3959 1808 4038 legitur

215 4037 268 4093 in
296 4031 888 4091 codice-Divisionensi.
914 4031 979 4087 Et
1009 4047 1128 4088 esse
1145 4031 1482 4087 verissimum
1515 4040 1662 4100 puto.
1683 4034 1803 4090 th.

285 4108 364 4179 (c)
397 4107 808 4179 Qnid_cou_sortes
837 4120 1048 4157 casuum
1070 4113 1294 4158 tuorum.
1336 4103 1490 4157 Hunc
1520 4105 1692 4159 locum
1723 4109 1803 4160 sic

211 4176 473 4250 expressit
517 4177 586 4250 VB.
635 4176 893 4250 Pacianus
943 4191 956 4228 :
991 4185 1246 4230 consortes
1273 4189 1481 4250 casuum
1522 4186 1802 4230 vestrorum

214 4245 387 4306 tiniere
437 4249 609 4303 nolite.
666 4246 882 4302 Nullum
933 4261 1129 4315 corpus
1169 4245 1530 4300 membrorum
1583 4261 1800 4302 suorum

211 4321 493 4378 vexatione
512 4322 721 4375 laetatur
749 4336 762 4385 ;
796 4320 902 4373 imo
928 4319 1127 4387 pariter
1142 4316 1309 4380 dolet,
1337 4326 1391 4368 et
1416 4317 1478 4387 ad
1507 4317 1804 4372 remedium

211 4393 526 4449 collaborat.
552 4391 608 4446 In
638 4405 744 4445 uno
767 4399 822 4444 et
858 4385 1030 4444 altero
1067 4387 1303 4444 Ecclesia
1331 4395 1432 4450 est,
1469 4385 1518 4438 in
1565 4387 1806 4442 Ecclesia

211 4480 341 4520 vero
363 4463 641 4525 Christus;
675 4472 833 4530 atque
868 4461 1002 4516 adeo
1026 4457 1414 4531 quint‘ratribus
1453 4468 1666 4531 peccata
1710 4474 1804 4531 sua

213 4551 322 4590 non
342 4543 503 4599 tacet,
525 4527 779 4589 Ecclesia:
804 4527 1060 4604 lacrymis
1079 4530 1313 4600 adjutus,
1341 4527 1537 4583 Christi
1566 4530 1809 4598 precibus

210 4607 527 4662 absolvitur.
559 4606 692 4660 PAM.
747 4624 758 4628 -
1333 4629 1342 4634 .
1627 4615 1637 4624 .

283 4678 360 4751 (d)
386 4678 552 4751 Quam
574 4678 745 4751 palum
767 4674 975 4729 absolvi.
1005 4673 1185 4733 Palam
1206 4670 1421 4751 quidem
1448 4679 1503 4726 et
1524 4669 1805 4740 frequente

211 4741 449 4805 Ecclesia
472 4741 901 4810 absolvebantur,
923 4759 1106 4800 verum
1133 4741 1263 4798 satis
1291 4741 1419 4796 mihi
1464 4758 1569 4796 non
1596 4754 1808 4800 constat

208 4820 435 4888 barcde
476 4818 852 4888 sacramentali
905 4816 1242 4888 absolutione
1287 4813 1799 4888 accipiendaicsse;

209 4885 549 4960 quin'potius
576 4885 899 4958 conjicerem
923 4929 936 4953 ,
953 4885 1029 4960 de
1042 4886 1250 4960 ultima
1268 4887 1652 4960 exomologesi,
1686 4903 1804 4960 quae

209 4957 533 5032 permolesta
564 4970 618 5015 et
665 4957 817 5030 plena
863 4957 1423 5032 pudorisvidebatur,
1456 4957 1583 5012 illud
1633 4959 1806 5032 palam

208 5027 400 5088 absolvi
436 5033 646 5087 dictum.
668 5027 822 5097 esse;
865 5027 1000 5084 'nam
1024 5027 1149 5100 quid
1182 5036 1366 5100 posset
1387 5030 1563 5083 inesse
1587 5031 1805 5098 pudoris

208 5114 302 5159 aut
343 5103 680 5159 verecundiae
724 5103 776 5155 in
825 5101 910 5156 illa
955 5098 1336 5155 absolutionc?
1363 5108 1419 5153 at
1448 5114 1576 5155 vero
1603 5101 1654 5154 in
1679 5101 1805 5156 ulti-

214 5191 303 5230 ma
329 5173 690 5244 exomologesi
719 5173 882 5227 multa
922 5171 1273 5244 occurrebant
1298 5185 1434 5244 quae
1461 5173 1578 5244 sine
1605 5173 1807 5241 pudore

206 5262 315 5303 non
337 5241 748 5318 poterant—ferri.
776 5244 1010 5318 Primum
1033 5257 1064 5297 e
1091 5241 1274 5318 limine
1295 5241 1347 5318 in
1375 5243 1604 5318 mediam
1637 5244 1810 5318 eccle-

209 5312 354 5372 siam’
393 5316 798 5373 adthtcebantur
825 5316 892 5370 ab
919 5315 1193 5384 episcopo,
1247 5313 1456 5384 isticad
1486 5312 1601 5382 ejus
1648 5315 1808 5384 pedes

211 5394 468 5459 prostrati
500 5388 711 5444 veniam
744 5395 1086 5459 peccatorum
1119 5398 1336 5459 suorum
1359 5383 1807 5459 deprecabantur,

207 5454 457 5530 precibus
470 5469 522 5514 et
551 5454 799 5530 lacrym’is
831 5457 995 5511 totius
1018 5454 1360 5530 fraternitatis
1380 5455 1602 5530 gratiam
1632 5468 1679 5509 et
1711 5458 1811 5511 mi-

213 5525 562 5586 sericordiam
595 5525 972 5594 sollicitabant,
996 5526 1209 5580 tandem
1233 5525 1285 5579 in
1314 5525 1501 5579 eodem
1521 5534 1658 5579 statu
1684 5543 1804 5594 per—

208 5611 510 5668 manentes,
531 5601 582 5656 id
610 5609 692 5656 est
721 5601 865 5655 humi
893 5599 1150 5668 iacentes,
1184 5611 1213 5668 a
1244 5595 1478 5668 peccatis
1492 5595 1802 5668 liberaban-

208 5681 318 5736 tur,
349 5672 466 5726 lucc
495 5666 674 5727 omnia
703 5666 985 5727 multis—ita
1014 5667 1336 5740 permoleste
1365 5666 1682 5740 videbantur
1701 5710 1715 5734 ,
1747 5679 1806 5724 ut

207 5743 433 5798 mallent
460 5744 511 5796 in
552 5744 704 5813 culpa
756 5737 1070 5806 remanere,
1112 5753 1272 5808 quam
1301 5737 1402 5792 hoc
1449 5738 1609 5793 modo
1637 5741 1706 5796 ab
1740 5756 1804 5797 ca

209 5814 448 5871 liberari.
480 5814 706 5869 Auusn.

287 5887 362 5958 (e)
411 5885 657 5942 Miserum
681 5896 753 5943 est
773 5887 845 5959 sig:
871 5883 939 5941 ad
964 5879 1332 5955 exomologesin
1367 5882 1643 5954 pervenire.
1668 5884 1803 5949 For—

1912 3828 1997 3892 ma
2047 3820 2296 3892 loquendi
2339 3819 2753 3892 abhorrentium,
2793 3817 3032 3889 aliquid,
3077 3817 3330 3892 miserum
3395 3819 3523 3892 esti,

1911 3891 1998 3947 Sic
2031 3889 2283 3947 Horatius
2324 3891 2648 3962 Deprehendi
2688 3891 2926 3944 miserum
2956 3898 3069 3962 est:
3102 3889 3200 3962 llic
3231 3889 3390 3960 igitur
3411 3889 3513 3945 ali-

1949 3964 2029 4018 uis
2057 3963 2357 4018 abhorrens
2388 3960 2742 4018 austeriorem
2778 3960 3072 4031 paenitendi
3113 3961 3340 4015 formam
3361 4003 3374 4030 ,
3408 3962 3515 4026 ait,

1973 4037 2158 4090 iserum
2187 4045 2260 4089 est
2289 4036 2362 4090 sic
2390 4034 2457 4088 ad
2498 4034 2873 4104 erce-mologesin
2923 4032 3383 4104 peruenirel_Huie
3427 4047 3517 4097 re:

1909 4107 2141 4173 spondet
2190 4105 2558 4162 Tertullianus
2583 4101 2598 4171 ᾖ
2633 4101 2779 4157 Malo
2805 4101 2938 4157 eitint
2966 4101 3033 4152 ad
3063 4101 3318 4153 miseriam
3347 4117 3520 4173 perve-

1909 4172 2065 4244 nitur,
2100 4186 2230 4244 etc.,
2249 4178 2350 4231 hoc
2377 4187 2478 4243 est,
2498 4187 2736 4244 peccato.
2768 4174 2839 4228 Et
2867 4173 3002 4228 mala
3035 4179 3161 4224 sunt
3179 4186 3297 4240 qua:
3325 4186 3423 4226 nos
3449 4172 3516 4242 ad

1911 4249 2180 4302 miseriam
2207 4248 2428 4302 ducunt.
2465 4248 2582 4302 llic.

1981 4319 2132 4373 CAP.
2164 4318 2255 4372 XI.
2289 4348 2360 4360 --
2388 4318 2451 4387 (Γ)
2491 4317 2656 4370 Extra
2684 4315 2926 4370 lwtitiam.
2959 4311 3074 4366 Non
3121 4310 3322 4387 licebat
3343 4316 3515 4384 pugni-

1912 4391 2149 4444 tentibus
2178 4391 2286 4443 u!lo
2317 4383 2687 4443 delectationis
2722 4398 2942 4457 genere,
2976 4399 3044 4439 ne
3068 4383 3282 4455 quidem
3311 4386 3517 4442 balneis

1913 4475 1970 4516 se
1996 4460 2284 4515 oblectare.
2316 4461 2538 4514 Asnasr.

1990 4531 2068 4602 (ε)
2103 4531 2220 4604 Oris
2252 4531 2314 4585 de
2333 4531 2536 4604 jejunio
2562 4528 2803 4604 vanitate.
2835 4528 3046 4604 Etenim
3070 4526 3274 4604 jejunio
3306 4527 3517 4604 nativus

1915 4597 2036 4659 ori's'
2051 4597 2108 4658 et
2134 4597 2511 4671 forpichxiigor
2539 4601 2830 4656 evanescit.
2869 4599 3063 4655 Allusit
3103 4597 3168 4652 ad
3198 4598 3346 4671 _i_llt_td
3378 4598 3514 4653 Mat~

1915 4675 2060 4742 tbmi,
2087 4673 2178 4741 Vl,
2203 4673 2268 4729 16
2289 4691 2300 4726 Ζ
2325 4667 2610 4743 Aput—vigor)“
2642 4677 2704 4728 τὰ
2732 4675 2956 4742 apiscitur.
2984 4673 3156 4726 αὐτῶν.
3198 4667 3356 4724 Vultu
3383 4671 3518 4726 ince-

1910 4747 2039 4800 dunt
2067 4747 2301 4799 evanida.
2327 4746 2450 4800 Rm.

1982 4817 2062 4887 (b)
2092 4817 2155 4870 In
2204 4817 2426 4873 coccino.
2458 4817 2560 4870 Per
2585 4815 2862 4887 coccinum
2907 4812 3078 4883 inquit
3103 4811 3278 4868 Rben.
3313 4813 3515 4869 intelli-

1908 4889 1984 4962 git
2008 4886 2401 4962 vestemcocco
2439 4888 2710 4962 infectam,
2738 4886 3009 4962 Martialis.

2094 4959 2297 5010 Coccina
2320 4959 2544 5009 formosa:
2567 4959 2719 5007 donas
2742 4964 2795 5008 et
2819 4957 3034 5007 ianthina
3059 4957 3279 5006 moechae.

1908 5029 2139 5088 Coccum
2198 5032 2358 5101 vulgo
2403 5045 2627 5103 granum
2670 5038 2864 5103 voeant
2904 5028 3069 5084 latine
3111 5029 3392 5084 reddentes
3433 5033 3516 5085 τσῦ

1911 5107 2078 5158 κόκκου
2105 5119 2337 5170 graecum
2364 5101 2701 5158 vocabulum.
2737 5101 2872 5156 Pan.

1986 5176 2047 5247 (i)
2081 5169 2145 5229 Et
2167 5173 2346 5245 Tyrio.
2389 5173 2607 5247 Tyrith
2626 5214 2648 5247 ,Α
2667 5172 2836 5242 inquit
2864 5169 3042 5247 idem_,
3079 5171 3325 5247 appellat
3350 5171 3518 5247 vesti-

1914 5241 2152 5302 mentum
2179 5241 2244 5301 cit
2269 5241 2684 5316 purpu'raiTyria
2705 5241 2976 5316 censtans.
2996 5241 3174 5316 Ovid.:
3197 5242 3316 5296 Sive
3339 5243 3433 5297 erit
3461 5243 3517 5316 in

1918 5317 2082 5388 Tyriis
2111 5313 2294 5388 Tyrios
2314 5313 2546 5388 laudabis
2565 5313 2795 5369 amictus.
2826 5313 2927 5381 Qui
2947 5315 3106 5369 etiam
3138 5324 3363 5368 annotat
3390 5313 3515 5368 cedo

1915 5385 2002 5445 hic
2033 5385 2203 5458 accipi
2236 5403 2334 5457 pro
2364 5387 2450 5439 da.
2485 5385 2622 5440 Pan.

1987 5459 2051 5533 (j)
2086 5455 2168 5513 Et
2195 5455 2447 5533 pulverem
2473 5456 2702 5533 dentilnts
2731 5455 3329 5533 eliMandis.‘Aptissime
3347 5455 3515 5533 verbo

1908 5525 2129 5586 elim'are
2165 5525 2292 5584 usus
2316 5538 2398 5584 cst
2419 5569 2433 5589 ,
2466 5543 2588 5582 nam
2618 5529 2774 5582 limus
2814 5536 3034 5582 vocatur
3068 5527 3152 5580 illa
3201 5525 3513 5595 scabrities,

1909 5616 2002 5657 seu
2025 5601 2213 5657 sordes
2238 5600 2344 5654 illae
2363 5599 2614 5654 dentibus
2635 5597 2992 5653 adhaerentes.
3012 5597 3081 5650 At
3105 5607 3300 5665 praeter
3325 5597 3512 5666 pulve-

1908 5688 2042 5739 rem,
2070 5671 2370 5729 dentifricio
2401 5671 2684 5726 utebantur
2709 5679 2938 5725 veteres.
2987 5667 3192 5723 Videsis
3221 5669 3509 5740 Apuleium

1909 5743 1962 5799 in
1988 5745 2198 5813 apolog.
2231 5741 2306 5797 LE
2335 5742 2431 5796 ΡΒ.

2112 5809 2325 5889 Ubinam
2355 5830 2412 5867 ea
2451 5813 2736 5889 largioris.“
2758 5811 2849 5867 Sic
2884 5809 3307 5889 emendavimue
3330 5811 3500 5869 secuti

1907 5883 2128 5960 vestigia
2157 5888 2434 5959 scriptura:
2453 5886 2671 5955 veteris,
2697 5883 2800 5941 Cur
2811 5884 2983 5956 animo
2999 5883 3257 5956 largioris.
3275 5884 3396 5942 RIG.
