4184 6258
689 341 830 402 tan
2105 334 2567 398 mammam
2867 412 2875 419 ,
3852 337 3988 398 ms

689 463 826 520 atria
876 459 1154 518 nocturnis
1192 464 1247 515 et
1282 455 1466 515 crudis
1516 455 1932 515 salutationibus
1977 456 2284 530 occupant?
2309 457 2364 519 Α
2388 458 2545 526 sidia,
2573 471 2669 514 cur
2697 454 2925 516 salutem
2959 465 3101 513 tuam
3127 451 3382 514 deseris?
3404 453 3520 512 Cur
3539 465 3726 513 cessas
3745 455 3980 528 aggredi,

689 557 770 614 Ad
793 571 1008 613 omnem
1039 568 1327 612 occursum
1356 551 1575 622 majoris
1615 553 1874 625 cujusque
1912 567 2158 624 personae
2186 552 2285 608 de-

687 656 1016 717 crescentes,
1050 645 1210 704 nullis
1237 646 1502 702 conviviis
1530 644 1794 712 celebres,
1825 644 1986 700 nullis
2013 658 2286 701 comessa-

687 745 926 802 tionibus
951 755 1271 815 congreges,
1301 740 1398 796 sed
1425 739 1615 796 exules
1637 753 1668 794 a
1699 738 1964 794 libertatis
2003 746 2058 794 et
2087 736 2286 794 laetitia:

688 835 968 894 felicitate.
997 834 1166 905 quue
1190 842 1360 888 totum
1401 839 1622 902 propter
1661 831 1820 918 unius
1839 830 1964 884 anni
1994 829 2286 886 volaticum

687 927 941 1001 gaudium
971 924 1071 1000 (α).
1102 925 1231 993 Nos,
1257 923 1400 996 quod
1426 923 1696 980 securium
1727 922 2066 994 virgarumve
2096 923 2285 994 petitio

687 1020 939 1086 sustinet,
973 1020 1026 1074 in
1053 1017 1292 1090 periculo
1329 1015 1644 1075 mternitatis
1675 1015 1907 1072 tolerare
1941 1015 2286 1073 dubitamus?

688 1124 745 1173 et
771 1113 1178 1186 castigationem
1202 1101 1566 1182 victus‘atque
1600 1109 1778 1166 cultus
1811 1108 2020 1166 ollenso
2051 1109 2285 1164 Domino

689 1215 948 1282 praestare
985 1204 1350 1271 cessabimus,
1384 1218 1504 1274 qua:
1549 1203 1778 1275 gentiles
1821 1201 2038 1259 nemine
2062 1201 2286 1258 omnino

691 1303 822 1358 Ireso
846 1301 945 1357 sibi
977 1299 1249 1371 irrogant?
1279 1298 1342 1354 Hi
1363 1306 1489 1353 sunt
1515 1297 1584 1354 de
1609 1297 1802 1368 quibus
1829 1296 2107 1367 Scriptura
2129 1310 2284 1352 com-

690 1403 955 1450 memorat
986 1409 1000 1448 :
1044 1392 1130 1448 Var
1153 1391 1257 1447 illis
1285 1390 1370 1460 qui
1397 1390 1582 1445 delicta
1610 1405 1705 1445 sua
1733 1389 1866 1445 velut
1905 1403 2116 1459 procero
2165 1389 2288 1461 fune

690 1496 896 1543 nectunt
923 1485 1020 1559 (b).

1283 1577 1510 1636 CAPUT
1548 1577 1662 1633 XII.

762 1671 818 1729 Si
853 1671 922 1729 de
953 1669 1313 1742 exomologesi
1360 1678 1648 1736 retractas,
1689 1668 1989 1740 gehennam
2032 1669 2086 1725 in
2122 1668 2290 1726 corde

2391 551 2536 626 quod
2561 552 2703 610 scias
2733 551 2934 608 mederi
2961 550 3092 606 tibi?
3119 550 3278 606 Muta:
3297 549 3516 622 quidem
3555 550 3750 607 anima:
3769 560 3825 607 et
3849 553 3980 605 irra-

2393 645 2652 710 tionales,
2691 643 2985 700 medicinas
3023 642 3125 698 sibi
3155 642 3409 698 divinitus
3435 642 3724 699 attributas
3763 643 3818 698 in
3849 653 3980 698 tem-

2391 751 2523 810 pore
2550 744 2865 809 agnoscunt.
2892 735 3099 792 Cervus
3125 737 3316 806 sagitta
3345 734 3650 801 transfixus,
3685 745 3746 790 ut
3783 732 3976 790 ferrum

2391 839 2448 887 et
2483 830 2862 887 irrevocabiles
2895 843 3078 885 moras
3115 828 3232 899 ejus
3274 827 3344 884 de
3375 828 3595 885 vulnere
3629 827 3867 898 expellat
3893 828 3970 897 (Δ)

2391 922 2493 980 scit
2511 922 2611 978 sibi
2637 921 2910 978 dictamno
2931 920 3276 976 medendum.
3317 920 3566 988 Hirundo,
3593 921 3640 976 si
3669 934 3982 978 excaecare-

2391 1019 2463 1074 rit
2487 999 2886 1090 pullosTnovit
2909 997 3274 1071 illos‘oculare
3303 1029 3488 1070 rursus
3524 1014 3593 1085 (ε)
3625 1014 3694 1070 de
3719 1028 3822 1070 sua
3847 1014 3984 1093 giae.

2391 1110 2611 1178 litignia.
2631 1109 2889 1166 Peccator
2913 1107 3244 1164 restituendo
3264 1107 3367 1163 sibi
3394 1108 3464 1178 (f)
3497 1107 3785 1162 institutam
3815 1121 3850 1160 a
3880 1105 3987 1160 Do—

2389 1203 2538 1260 mino
2553 1201 2953 1274 exomologesin
2983 1201 3179 1265 sciens,
3198 1198 3499 1272 praeteribit
3518 1199 3655 1253 illam
3672 1197 3816 1271 (Dan
3867 1197 3987 1267 IV)?

2388 1309 2508 1367 quas
2538 1293 2888 1367 Babylonium
2910 1307 3093 1365 regem
3129 1293 3183 1347 in
3217 1306 3380 1362 regna
3412 1290 3680 1346 restituit?
3704 1290 3805 1345 Diu
3840 1289 3985 1344 enim

2392 1387 2761 1459 paenitentiam
2803 1386 3031 1442 Domino
3075 1384 3416 1450 immolarat,
3446 1382 3696 1454 septenni
3734 1381 3984 1452 squalore

2391 1482 2798 1554 cxomologesin
2817 1488 3091 1551 operatus,
3112 1478 3368 1550 unguium
3403 1478 3679 1533 leoninnm
3701 1476 3754 1531 in
3767 1475 3982 1530 modum

2391 1574 2729 1642 eﬂ‘eratione,
2751 1585 2808 1630 et
2831 1573 3010 1644 capilli
3037 1571 3239 1628 incuria
3270 1570 3552 1626 horrorem
3575 1568 3872 1640 aquilinum
3905 1570 3983 1638 (ι)

2393 1669 2737 1743 praeferente.
2761 1668 2902 1724 Proh
2921 1665 3076 1722 mala:
3092 1663 3422 1720 tractationis
3446 1661 3550 1734 (9)?
3570 1675 3732 1732 quem
3745 1660 3986 1716 homines

2393 1173 2589 1190 νὴ

689 1766 1167 1836 considera,quam
1191 1765 1284 1821 tibi
1300 1764 1692 1834 exornologcsis
1707 1763 1992 1833 exstinguit
2010 1779 2023 1816 :
2040 1773 2095 1819 et
2110 1778 2284 1834 poena:
2311 1774 2361 1836 Β
2387 1764 2810 1844 perhorrebant,
2843 1762 2984 1818 Dens
3011 1759 3306 1830 recipiebat
3331 1757 3564 1830 (Exod.,
3586 1754 3755 1825 XIV).
3791 1755 3981 1811 Contra

691 1858 841 1929 prius
884 1857 1302 1929 magnitudinem
1347 1857 1674 1926 imaginare,
1716 1865 1773 1911 ut
1799 1857 1868 1912 de
1906 1856 2128 1913 remedii
2156 1856 2288 1913 ade-

691 1949 875 2021 ptione
899 1964 1004 2004 non
1029 1948 1259 2005 dubites.
1284 1947 1420 2014 Quid
1442 1947 1590 2002 illum
1611 1948 1919 2003 thesaurum
1941 1949 2078 2020 ignis
2101 1948 2289 2005 aeterni

465 2083 476 2110 .l
546 2026 598 2118 il
692 2042 1042 2108 aestimamus,
1071 2057 1192 2098 cum
1227 2041 1505 2126 {magna
1532 2040 1777 2112 quaedam
1805 2040 1922 2112 ejus
1955 2042 2089 2098 tales
2137 2043 2292 2098 llam-

693 2148 901 2190 marum
949 2134 1086 2190 ictus
1120 2132 1409 2200 suscitent‘,
1451 2143 1507 2188 nt
1549 2132 1807 2203 proximae
1847 2132 2008 2189 urbes
2053 2143 2147 2189 aut
2175 2134 2290 2204 jam

695 2224 858 2280 nulla:
875 2233 1110 2292 exstent,
1129 2235 1222 2280 aut
1250 2225 1393 2282 idem
1419 2225 1520 2281 sibi
1548 2224 1618 2280 de
1642 2223 1730 2281 die
1749 2234 1991 2296 sperent.
2015 2225 2293 2283 Dissiliunt

695 2317 1062 2390 superbissimi
1106 2325 1318 2373 montes
1348 2317 1486 2388 ignis
1517 2316 1841 2373 intrinsecus
1867 2316 1996 2374 {tetu
2024 2336 2038 2373 :
2065 2325 2121 2374 et
2148 2317 2293 2389 quod

696 2409 1054 2481 nobisjudicii
1093 2411 1503 2481 perpetuitatem
1556 2410 1775 2480 probat,
1824 2425 1947 2467 cum
1991 2411 2290 2479 dissiliant,

695 2517 815 2558 cum
836 2502 1180 2570 devorentur,
1223 2518 1492 2574 nunquam
1517 2511 1694 2559 tamen
1724 2503 2001 2560 liniuntur.
2024 2503 2156 2572 Quis
2177 2503 2295 2560 haec

697 2594 954 2666 supplicia
973 2595 1190 2650 interim
1208 2596 1470 2650 montium
1498 2611 1604 2650 non
1627 2594 1814 2666 judicii
1840 2597 2096 2652 minantis
2112 2611 2295 2652 exem-

698 2687 866 2757 plaria
893 2685 1212 2756 deputabit?
1243 2686 1375 2753 Quis
1401 2687 1662 2742 scintillas
1690 2687 1826 2743 tales
1855 2703 1960 2743 non
1989 2689 2167 2759 magni
2190 2689 2294 2743 alio

697 2779 852 2850 cujus
882 2788 937 2835 et
963 2779 1355 2835 inaestimabilis
1383 2778 1485 2835 foci
1514 2780 1738 2836 missilia
1767 2779 2014 2851 quaedam
2041 2791 2098 2837 et
2136 2796 2299 2839 exer-

697 2871 882 2926 citoria
906 2871 1082 2941 jacula
1117 2872 1194 2940 (ε)
1224 2872 1558 2928 consentiet?
1584 2872 1749 2942 Igitur
1785 2887 1907 2928 cum
1935 2872 2075 2930 scias
2101 2874 2297 2930 adver-

697 2977 791 3018 sus
819 2963 1120 3034 gehennam
1148 2971 1268 3032 post
1295 2962 1465 3032 prima
1505 2963 1595 3018 illa
1647 2963 1977 3019 intinctionis
2013 2957 2299 3022 dominicae

700 3054 1050 3122 munimenta,
1080 3069 1204 3111 esse
1229 3054 1407 3113 adhuc
1427 3055 1479 3112 in
1506 3057 1873 3130 exomologesi
1906 3061 2142 3116 secunda
2167 3061 2299 3118 sub-

2392 1869 2572 1916 autem
2625 1854 2887 1928 aegyptios
2940 1852 3232 1928 imperator
3259 1892 3274 1916 ,
3317 1851 3409 1923 qui
3459 1849 3722 1920 populum
3765 1847 3863 1902 Dei
3895 1847 3988 1902 alio

2393 1949 2606 2023 quando
2629 1935 2929 2011 amita—um,
2947 1943 3040 2000 diu
3077 1942 3305 1998 Domino
3330 1953 3429 1997 suo
3457 1939 3785 2010 denegatum
3812 1952 3990 2008 pene.

2393 2051 2570 2110 cutus,
2601 2040 2655 2096 in
2710 2038 2951 2110 praelium
2983 2036 3176 2102 irruit,
3207 2041 3326 2105 post
3354 2041 3434 2089 tot
3459 2031 3784 2088 documenta
3818 2029 3995 2099 plaga-

2396 2149 2548 2198 rum,
2579 2129 2802 2188 dissidio
2845 2127 2922 2201 (2)
2969 2127 3154 2192 maris,
3184 2125 3332 2198 quod
3368 2123 3473 2181 soli
3516 2121 3714 2194 populo
3748 2121 3990 2192 pervium

2394 2226 2609 2291 licebat,
2629 2223 2888 2280 revolutis
2911 2220 3163 2278 ﬂuctibus
3183 2220 3342 2291 perit.
3369 2215 3750 2275 Paenitentiam
3769 2215 3919 2270 enim
3942 2223 3997 2270 et

2397 2313 2754 2372 ministerium
2779 2312 2989 2385 ejus(h)
3019 2309 3426 2381 exomologesin
3449 2305 3992 2380 abjecent.Quid(3)

2397 2421 2527 2478 ergo
2553 2406 2693 2462 ultra
2713 2404 2784 2461 de
2812 2405 2930 2460 istis
2956 2404 3166 2460 duabus
3204 2402 3455 2460 humanm
3501 2403 3690 2459 salutis
3729 2403 3890 2474 quasi
3919 2405 4005 2474 μ)

2399 2499 2606 2572 plancis
2626 2498 2714 2572 (i),
2755 2498 2878 2570 styli
2906 2497 3082 2568 potius
3108 2497 3380 2567 negotium
3408 2509 3564 2567 quam
3593 2494 3844 2552 oﬂicium
3869 2511 3998 2552 con-

2399 2597 2640 2654 scientia:
2663 2610 2798 2652 metu
2825 2607 3019 2650 curans
3046 2592 3127 2664 (5)
3155 2593 3180 2648 ‘2
3207 2601 3458 2664 peccator
3473 2591 3604 2648 enim
3625 2591 3889 2646 omnium
3914 2606 4002 2646 no-

2400 2698 2576 2745 tarum
2619 2703 2740 2744 cum
2769 2688 2870 2743 sim
2890 2728 2906 2754 ,
2939 2701 3040 2743 nec
3059 2686 3152 2740 ulli
3177 2686 3256 2741 rei
3297 2684 3400 2740 nisi
3431 2683 3755 2754 paenitentiae
3803 2695 4000 2750 natus,

2402 2795 2510 2837 non
2537 2781 2693 2836 facile
2731 2793 2947 2851 possum
2979 2793 3142 2849 super
3171 2778 3260 2833 illa
3293 2785 3495 2840 tacere.
3525 2791 3685 2847 quam
3715 2776 3843 2848 ipse
3871 2793 4002 2846 qun-

2401 2889 2506 2946 que
2530 2882 2587 2930 et
2621 2872 2807 2943 stirpis
2831 2871 3083 2928 humana!
3103 2878 3159 2926 et
3183 2869 3404 2926 oﬂensae
3434 2869 3487 2924 in
3524 2868 3818 2924 Dominum
3857 2869 4002 2939 prin-

2402 2983 2531 3041 ceps
2563 2965 2733 3025 Adam
2783 2964 3146 3036 exomologesi
3182 2964 3461 3021 restitutus
3498 2960 3568 3036 (j)
3605 2961 3662 3018 in
3698 2961 4001 3034 paradisum

2403 3077 2581 3128 suum,
2615 3077 2722 3118 non
2749 3070 2907 3118 tacet.

1931 3172 2313 3234 LECTIONES
2350 3172 2759 3234 VARIANTES.

795 3283 840 3362 1
865 3285 1222 3362 ὲςιιιξιξριιιῃλη
1245 3297 1433 3338 morem
1451 3281 1655 3350 quidam
1675 3285 1883 3339 addunt.

772 3349 829 3410 [2’
865 3349 1082 3399 Discidio
1105 3349 1214 3415 Rig.
1466 3349 1470 3350 ⁷

772 3353 850 3476 (δὲ
871 3411 980 3476 Ego
995 3413 1152 3464 Fran.
1186 3411 1350 3464 Paris.
1369 3410 1560 3464 duobus
1581 3413 1740 3465 Fran.

2324 3289 2372 3353 C

2490 3290 2540 3341 41
2567 3291 2736 3341 Pharis
2759 3291 2901 3341 Pam.

2490 3290 2519 3339 4
2567 3291 2736 3341 Pharis
2759 3291 2901 3341 Pam.

2466 3289 2546 3419 ὶὸζ
2571 3353 2785 3406 Curem?
2809 3353 2970 3404 Latin.

2053 3515 2613 3581 COMMENTARIUS.

776 3635 857 3710 (a)
887 3635 1284 3712 Proptegunius
1309 3636 1432 3692 anui
1452 3637 1724 3712 volaticum
1749 3637 1907 3712 gaud.
1933 3637 2067 3694 Nam
2097 3653 2299 3712 consu-

706 3707 867 3774 latus,
897 3709 1068 3779 inquit
1088 3707 1302 3779 Rhem,
1331 3718 1448 3764 erat
1495 3707 1837 3779 magistratus
1879 3725 2110 3766 annuus.
2167 3710 2300 3766 ltem

2479 3638 2557 3713 (g)
2586 3637 2692 3713 Pro
2730 3639 2882 3713 mala:
2911 3636 3587 3713 tractationis.__Suspicor_
3620 3637 4006 3713 Tertullianntn

2407 3709 2694 3782 scripsisse
2725 3710 3192 3782 finaletractationis
3235 3709 3474 3766 dictione
3498 3710 3655 3782 unica
3687 3751 3706 3774 ,
3733 3725 3861 3766 cum
3880 3711 4008 3766 dicat

705 3779 826 3852 alite
851 3777 1098 3852 quaedam
1141 3778 1446 3852 functiones
1468 3777 1682 3852 annuae.
1723 3781 1790 3837 Et
1807 3795 1937 3852 vero
1958 3782 2175 3852 antiqua
2199 3795 2305 3836 vox
2409 3777 2693 3838 Turnebus
2723 3781 2818 3837 lib.
2847 3781 2890 3836 11
2909 3823 2923 3844 .
2950 3798 3070 3852 cap.
3095 3781 3168 3837 20
3191 3822 3206 3848 ,
3258 3797 3380 3852 quae
3406 3781 3753 3836 malatractio
3775 3798 3807 3835 a
3839 3782 4010 3837 multis

707 3849 980 3906 volaticum
1031 3862 1135 3916 pro
1192 3849 1516 3905 inconstanti
1535 3888 1551 3914 ,
1597 3852 1756 3906 etiam
1805 3851 2055 3908 Ciceroni
2088 3849 2306 3908 'usitata
2410 3853 2626 3914 dicitur.
2656 3868 2775 3908 eam
2802 3853 2871 3908 ab
2895 3849 3136 3909 Arnobio
3165 3849 3536 3907 malétmctatio
3564 3851 3674 3908 dici
3700 3867 3842 3908 vom
3865 3855 4012 3908 unica

707 3921 819 3991 lib.‘
837 3918 877 3991 l_|
903 3917 970 3991 ad
995 3918 1110 3991 Att.
1139 3927 1196 3975 et
1222 3919 1290 3991 de
1311 3919 1538 3990 Harusp.
1563 3935 1680 3991 cap.
1706 3923 1794 3978 45.
1821 3922 1957 3979 Ρη.

2409 3924 2506 3979 lib.
2549 3923 2614 3979 IV
2659 3924 2783 3979 adv.
2811 3919 3021 3994 gentes.
3065 3925 3303 3994 Apparet
3331 3932 3512 3978 autem
3563 3924 3874 3979 Amobium

783 3987 865 4065 (b)
903 3989 992 4045 Va:
1015 3989 1118 4066 illis
1145 3991 1233 4066 qui
1258 3990 1442 4066 delicta
1457 3987 1556 4066 sua
1574 4032 1589 4056 ,
1619 3987 1724 4046 etc.
1749 3992 1917 4048 Nemo
1942 3993 2200 4048 odoratus
2225 4001 2310 4049 est
2417 4003 2584 4050 tatum
2625 4009 2747 4050 esse
2785 3987 2984 4066 scripta
3013 3987 3354 4050 Tertulliani.
3383 3994 3536 4066 Apud
3563 3995 3825 4051 rhetoras
3863 3996 4010 4051 etiam

707 4059 910 4129 10011111,
937 4077 1060 4118 cum
1090 4059 1234 4117 issit
1258 4059 1431 4127 Isaim,
1457 4061 1551 4135 γ)
1577 4067 1700 4135 Οὐαὶ
1747 4072 1794 4118 οἱ
1843 4070 2162 4135 ιπισπὼμενοι
2220 4071 2308 4127 τὰς
2412 4066 2785 4120 maletractatt'o
2810 4059 3006 4122 dicitur
3028 4066 3185 4121 unica
3210 4059 3464 4122 dictione.
3492 4065 3626 4121 [Λα.

706 4137 950 4205 ἁμαρτίαις
971 4140 1250 4206 (3:01“?th
1277 4145 1464 4204 μακρῷ.
1493 4133 1599 4206 Sed
1630 4135 1990 4206 fl‘ertulliztrtus
2030 4133 2307 4206 nunquam

711 4206 923 4276 legebat
952 4205 1174 4277 latinum
1207 4213 1409 4277 textum
1436 4205 1737 4277 quihabet,
1761 4222 1838 4262 va:
1860 4209 1948 4277 qui
1973 4205 2177 4261 trahitis
2209 4207 2309 4261 iui-

780 4275 951 4330 itatem
979 4276 1045 4348 in,
1059 4275 1300 4348 funiculis
1340 4276 1597 4330 vanitatis.
1651 4277 1784 4332 Cum
1835 4275 2173 4348 septuaginta
2215 4278 2310 4332 ha-

733 4355 896 4421 ieant,
919 4361 996 4421 me
1031 4347 1135 4401 illis
1174 4347 1261 4413 qui
1306 4347 1625 4421 delicutsuq
1661 4350 1797 4404 velut
1841 4347 1993 4421 longo
2024 4347 2152 4421 fune
2193 4365 2310 4421 nec:

2485 4135 2950 4208 (lt)7Paenitentiam
2971 4147 3018 4191 et
3044 4137 3373 4208 ministerium
3414 4137 3525 4206 ejus
3544 4137 3777 4208 mmol.
3825 4137 4013 4194 Peace:-

2413 4207 2512 4262 tori
2531 4207 2598 4263 ad
2638 4209 3006 4277 paenitentiam
3036 4207 3274 4262 admisso
3299 4207 3710 4264 ministrabatur
3739 4212 4014 4266 exmnolo-

2412 4278 2574 4353 gesis,
2600 4295 2700 4353 qua
2733 4281 2835 4353 rite
2863 4289 3077 4353 peracta
3101 4319 3117 4345 ,
3169 4280 3213 4334 si
3243 4281 3375 4353 satis
3404 4279 3664 4353 episcgpo
3694 4292 3752 4335 et
3795 4282 4015 4353 presby-

2415 4349 2543 4405 teris
2567 4359 2622 4406 et
2653 4349 2790 4418 plebi
2811 4349 3010 4404 factum
3031 4350 3196 4406 fuisse
3225 4351 3519 4415 videretur,
3539 4349 3811 4407 Ecclesiae
3831 4349 4016 4408 redde-

713 4428 843 4492 tugu.
869 4419 943 4492 l)_e
963 4418 1088 4492 fune
1117 4417 1534 4492 contemptionis
1559 4419 1660 4492 alia
1680 4431 1771 4492 est
1796 4417 1954 4492 ratio,
1978 4417 2094 4492 lege
2123 4420 2216 4476 lib.
2237 4419 2305 4474 1V
2336 4471 2388 4492 η
2413 4419 2740 4492 batur._th.

713 4488 836 4544 adv.
869 4488 1192 4544 Mareionem
1219 4497 1274 4542 ct
1313 4489 1404 4542 lib.
1435 4488 1558 4544 adv.
1589 4489 1825 4546 Judznos.
1855 4491 1984 4547 Lac.

785 4559 1084 4633 CllP._Xll.
1110 4559 1282 4633 —-(c)r
1302 4559 1618 4633 Exerciloria
1636 4562 1838 4631 jacula.
1871 4562 2116 4617 Lusoria.
2144 4562 2267 4618 Βία.

2334 4471 2390 4532 Ῑ)
2414 4471 2790 4574 :Duu'bus
2815 4492 3061 4574 [minante
3073 4492 3252 4574 salutis
3270 4492 3419 4574 quasi
3445 4492 3796 4574 plqucis._Alii

2416 4561 2629 4631 Pharis,
2657 4563 2751 4618 sed
2779 4563 2849 4617 ab
2875 4565 3147 4620 veteribus
3176 4563 3325 4618 libris
3353 4564 3406 4620 id
3446 4561 3686 4620 habeant
3705 4605 3723 4630 ,
3755 4580 3830 4618 an
3857 4561 4022 4621 ibia-

789 4629 881 4705 (d)_
914 4630 1135 4705 Ferrum!
1155 4629 1224 4705 _et
1259 4629 1649 4705 'irrevocubiles'
1672 4650 1842 4687 moras
1886 4637 2017 4704 ejus.
2050 4633 2312 4689 Hamatile
2413 4629 2745 4705 genio,'tton
2775 4635 3011 4690 tradunt.
3039 4635 3184 4690 .lllud
3233 4643 3434 4699 autem,
3465 4636 3612 4704 quasi
3633 4629 3873 4705 plausis,
3903 4652 4022 4705 m-

601 4715 608 4722 ‘
715 4701 978 4772 spiculum
1003 4701 1297 4772 signiﬁcat,
1348 4703 1490 4774 quod
1523 4702 1609 4756 ubi
1655 4701 1954 4774 penetravit
1994 4706 2048 4760 in
2078 4707 2306 4770 vulnus,

2413 4706 2533 4779 pius
2560 4705 2767 4779 accedit
2789 4705 2859 4760 ad
2886 4705 3001 4762 lucc
3029 4706 3232 4762 veteris
3259 4706 3540 4777 scriptum
3567 4707 3798 4778 vestigia
3823 4749 3842 4776 ,
3889 4705 4024 4779 qui

717 4775 958 4848 revocari
980 4785 1090 4848 aut
1136 4773 1544 4848 avelli_nequit,
1577 4773 1679 4828 nisi
1710 4775 1904 4830 vulnus
1947 4777 2122 4848 ipsum
2171 4789 2310 4831 novo
2413 4773 2730 4848 pluitanne.

717 4843 940 4899 vulnere
962 4844 1262 4900 diducatur.
1290 4844 1412 4900 Rm.

2483 4845 2747 4921 (j)‘Adant
2770 4848 3107 4921 exornologesi
3131 4847 3407 4921 restitutus.
3447 4847 3561 4904 [loc
3605 4859 3806 4921 contra
3857 4848 4026 4906 Tatia-

791 4913 870 4988 (e)
914 4914 1151 4990 Qeulare.
1195 4915 1248 4990 id
1280 4915 1568 4990 estoculos
1597 4916 1848 4990 reddere.
1902 4916 2014 4990 Hoc
2040 4918 2159 4988 ipso
2181 4932 2310 4974 usus
2414 4913 2541 4973 nniii
2569 4913 3078 4990 luereticum,cuj"us
3124 4930 3242 4976 erat
3289 4919 3545 4984 hsrresis,
3590 4919 3771 4975 Adam
3803 4924 4025 4976 saluti:-

718 4986 811 5040 est
827 4986 991 5042 verbo
1009 4986 1078 5040 dc
1107 4986 1239 5042 Pud.
1264 4997 1317 5042 et
1339 4987 1390 5042 in
1413 4991 1460 5070 ,Α
1472 4987 1674 5058 polng.:
1701 4989 1844 5113 (“md
1873 4989 2001 5043 mihi
2031 4986 2128 5056 pro
2147 5003 2307 5061 argu-

718 5067 902 5111 mento
930 5067 1008 5112 est
1034 5057 1178 5112 hunc
1200 5057 1517 5113 Tertulliani
1533 5073 1652 5113 esse
1682 5059 1717 5113 li
1759 5059 1944 5113 ellum.
1968 5063 2196 5113 Amasr.

718 5067 902 5111 mento
930 5067 1008 5112 est
1034 5057 1178 5112 hunc
1200 5057 1517 5114 Tertulliani
1533 5057 1652 5113 esse
1682 5057 1944 5116 libellum.
1968 5063 2196 5117 Annasr.

787 5124 853 5201 (l)
886 5127 1214 5185 Restituendo
1255 5129 1368 5185 sibi.
1399 5129 1741 5188 Restitutioni
1770 5147 1903 5188 suae.
1936 5131 2057 5189 Βία.

2411 4991 2664 5118 οὲηεεῑαὲιὶ
2697 4992 3097 5118 nonppotuisse;
3127 4991 3201 5047 uti
3225 4999 3368 5062 patet
3397 5005 3462 5048 ex
3493 4992 3590 5047 lib.
3617 4992 3686 5046 de
3719 4990 4022 5062 Praua-iu.

2411 5077 2442 5116 α
2483 5077 2528 5114 υ.
2574 5079 2588 5116 ι
2641 5077 2739 5117 res.
2845 5077 2939 5118 Al.

2411 5077 2528 5116 aav.
2558 5077 2739 5118 meres.
2801 5077 2939 5118 ι’ΔΙ.
