4230 6256
221 271 362 330 1149

1427 275 1636 335 LIBER
1674 275 1766 354 DE
1804 275 2196 337 PATIENTIA.

3377 282 3521 342 1250

213 413 3510 487 Μ

655 620 1042 716 QUINTI
1080 623 1585 747 SEPTIMII
1637 631 2236 723 FLOBENTIS
2280 636 2820 721 TERTULLI
2842 640 3033 720 AN!
3090 573 3097 588 γ’

1220 870 1469 1004 DE
1556 872 2526 1017 PATIENTIA

1592 1154 2118 1269 LIBER.

1258 1403 1834 1440 -————‘;

1947 1405 2439 1440 ὒ--ω

1453 1575 2207 1722 atrgainentnm.

276 1804 546 1860 Tractatus
589 1805 652 1861 de
681 1805 924 1877 patientia
953 1821 1100 1878 quem
1125 1806 1272 1862 multi
1299 1823 1332 1862 a
1359 1805 1676 1863 Tertulliano
1704 1806 1803 1862 ad-

202 1896 425 1951 hucdum
445 1897 696 1953 catholico
720 1899 856 1953 circa
885 1915 938 1953 a.
967 1915 1046 1956 cc.
1069 1901 1415 1972 conscriptum
1439 1901 1602 1971 fuisse
1625 1901 1805 1955 existi-

197 1999 365 2058 mant,
410 1992 463 2044 in
486 2007 638 2062 quam
662 1991 913 2063 imprimis
937 1993 1108 2049 abiere
1130 1995 1429 2050 sententiam
1455 1995 1662 2051 doctiss.
1688 1995 1804 2051 Til-

140 2147 143 2150 I
204 2081 494 2150 lemontius,
520 2082 590 2136 D.
609 2083 874 2152 Cellerius,
909 2083 977 2139 P.
1007 2084 1310 2140 Dominicus
1349 2086 1591 2154 Schram,
1619 2087 1806 2143 eximia

198 2182 278 2228 est
301 2175 458 2229 multa
488 2191 604 2230 cum
647 2176 932 2247 eloquentia
958 2178 1249 2234 adhortatio
1273 2180 1342 2233 ad
1380 2181 1678 2251 patientiam
1699 2197 1812 2236 am-

201 2266 541 2334 plectendam,
570 2285 697 2338 pene
744 2269 912 2324 dicant
967 2271 1037 2325 ad
1085 2272 1389 2343 martyrium
1436 2274 1806 2340 sustinendum,

199 2359 344 2412 haud
369 2359 518 2414 aliter
543 2376 606 2415 ac
628 2362 693 2427 si,
729 2378 843 2416 cum
882 2362 990 2417 haec
1017 2364 1354 2419 conscriberet
1387 2367 1650 2436 septimius
1669 2367 1812 2438 jam-

192 2450 310 2520 jatn
351 2466 482 2505 nova
529 2451 786 2522 ingrueret
833 2453 1081 2521 procella,
1104 2453 1385 2524 iterumque
1407 2453 1812 2511 Christianorum

201 2541 520 2597 calamitates
557 2543 724 2612 forent
773 2543 1101 2613 refricandte.
1135 2544 1398 2617 Quidquid
1445 2562 1507 2601 ea
1541 2546 1609 2603 'de
1653 2563 1710 2603 re
1747 2549 1814 2603 sit

1907 1817 2076 1864 ratum
2096 1810 2402 1881 habendum,
2435 1816 2637 1886 qualine
2676 1825 2901 1891 tempore
2918 1820 2996 1876 vel
3019 1836 3191 1878 rerum
3221 1831 3517 1896 tempestate

1909 1904 2063 1972 fuerit
2109 1905 2190 1960 hic
2236 1907 2440 1963 libellus
2466 1919 2720 1979 exaratus,
2769 1912 2822 1966 in
2865 1930 2924 1968 ea
2978 1915 3121 1968 nulla
3166 1933 3268 1971 non
3307 1916 3518 1984 affertur

1909 2008 2113 2064 caussa,
2141 2013 2232 2051 cur
2271 1998 2550 2056 Christiani
2573 2003 2642 2058 ad
2670 2003 2966 2073 patientiam
3005 2007 3218 2061 excitari
3256 2020 3439 2079 queant
3467 2017 3516 2062 et

1911 2088 1976 2142 ab
2017 2090 2335 2162 impatientia
2367 2093 2630 2152 deterreri.
2664 2094 2866 2168 Nempe
2893 2115 3007 2153 cum
3037 2102 3088 2155 in
3119 2100 3284 2172 Operis
3322 2099 3516 2168 limine,

1912 2185 2060 2254 quasi
2083 2185 2278 2255 publice
2305 2196 2513 2257 stratus,
2545 2206 2692 2244 suam
2735 2201 2913 2246 auctor
2947 2192 3365 2260 imbecillitatem,
3398 2196 3519 2249 ani-

1915 2277 2084 2347 tuique
2110 2278 2460 2350 impotentiam
2484 2281 2846 2354 propalaverit,
2881 2285 3278 2355 patientiamque
3316 2287 3520 2359 magnis

1917 2371 2152 2426 laudibus
2181 2375 2468 2428 summatim
2499 2375 2821 2448 descripserit
2867 2377 3068 2449 singula
3090 2379 3380 2451 perstringit
3407 2396 3518 2435 mo-

1918 2462 2021 2517 tiva
2047 2463 2116 2518 ad
2141 2479 2256 2520 eam
2280 2466 2685 2538 amplectendam
2713 2470 3068 2541 proponenda,
3101 2469 3290 2526 scilicet
3321 2487 3340 2526 :

200 2696 242 2753 I.
290 2698 596 2754 Patientiam
623 2698 721 2755 Dei
739 2716 859 2772 erga
885 2716 1000 2768 nos,
1740 2703 1804 2760 II.
1984 2716 2172 2761 ratum.
3417 2708 3510 2767 IX.

200 2788 270 2846 Il.
316 2791 625 2848 Patientiam
650 2792 862 2862 Christi,
1592 2793 1682 2864 III,
1717 2795 1806 2854 IV.
1918 2795 2052 2852 VIII.
2103 2797 2353 2856 Vindicta:
2368 2797 2698 2869 cupiditatem
2727 2799 3053 2856 exstinctam.
3445 2799 3516 2856 Χ.

202 2881 291 2938 III.
338 2883 555 2940 Natales
580 2886 913 2955 impatientia:
936 2903 998 2941 ac
1037 2889 1147 2959 ejus
1177 2884 1314 2942 mala
1335 2885 1388 2941 in
1413 2885 1525 2958 ipso
1753 2924 1764 2928 -
1914 2887 2009 2944 IX.
2054 2887 2212 2943 Irrita
2228 2890 2344 2959 jant
2368 2889 2562 2944 inimici
2589 2891 2939 2948 incitamenta.
3424 2891 3518 2949 XI.

275 2974 480 3029 diabolo
507 2976 844 3046 deprehensa.
1742 2978 1807 3034 V.
1915 2979 1985 3034 X.
2029 2978 2338 3034 Patientiant
2365 2981 2605 3036 virtutum
2626 2992 2860 3038 matrem.
3372 2982 3517 3040 XIII.

201 3063 292 3120 IV.
341 3065 522 3121 Fidem
552 3069 799 3136 patientia
834 3069 1170 3140 probandam.
1713 3068 1807 3127 VI.
1913 3070 2006 3127 XI.
2057 3070 2351 3142 Viriumque
2363 3071 2556 3143 fontem
2584 3074 2966 3132 inexhaustum.
3125 3121 3130 3125 .
3353 3075 3519 3135 XIV.

200 3157 270 3214 V.
319 3158 641 3231 Temporalta
666 3162 847 3217 exinde
883 3173 1076 3233 spreta.
1692 3162 1806 3220 VII.
1913 3162 2032 3221 XII.
2071 3162 2332 3235 Exempla
2359 3166 2644 3240 patientiw,
2673 3166 2878 3225 demum
2913 3168 3195 3227 mercedem

207 3249 293 3306 VI.
335 3250 568 3322 lnjurias
586 3269 733 3325 requa
754 3263 919 3310 mente
950 3256 1104 3314 latas.
1670 3255 1806 3314 VIII.
1983 3265 2032 3312 et
2060 3255 2306 3328 fructum.
3221 3259 3362 3333 XIV,
3394 3258 3514 3320 XV.

201 3340 315 3398 VII.
358 3341 599 3402 Dolorem
635 3362 664 3402 e
705 3361 917 3405 suorum
968 3350 1242 3407 amissione
1285 3360 1486 3424 tempe-
2024 3353 2028 3357 ’
2992 3355 3128 3415 Eon.

1530 3525 2190 3561 *ᾧ

734 3701 964 3760 CAPUT
1004 3699 1296 3758 PRIMUM.

273 3798 542 3856 Confiteor
565 3797 633 3853 ad
663 3796 946 3852 Dominum
976 3794 1148 3852 Deum
1169 3835 1186 3860 ,
1217 3793 1351 3849 satis
1389 3801 1591 3849 temere
1619 3806 1728 3862 me,
1760 3792 1806 3848 si

199 3908 310 3948 non
353 3893 513 3948 etiam
550 3889 922 3961 impudenter,
958 3888 1030 3945 de
1065 3887 1316 3959 patientia
1351 3901 1676 3958 componere
1711 3902 1809 3942 au-

199 3999 343 4052 sum,
371 3983 456 4040 cui
486 3981 800 4053 praestanda:
826 3981 1053 4038 idoneus
1080 3981 1300 4036 omnino
1328 3993 1436 4034 non
1466 3977 1569 4032 sint
1601 3976 1705 4048 (I),
1752 3987 1808 4032 ut

201 4077 372 4134 homo
396 4077 592 4131 nullius
623 4075 745 4132 boni
770 4072 868 4146 (α),
894 4072 1108 4145 quando
1134 4069 1806 4144 oporteatdemonstratio-

199 4183 328 4224 nem
365 4175 420 4223 et
443 4166 966 4224 commendationem
1005 4165 1232 4234 alicujus
1262 4165 1339 4220 rei
1373 4163 1622 4228 adortos,
1659 4163 1806 4233 ipsos

201 4259 354 4330 prius
376 4259 428 4314 in
453 4258 918 4314 administratione
945 4256 1064 4327 ejus
1088 4257 1163 4312 rei
1185 4255 1538 4326 deprehendi,
1562 4266 1617 4310 et
1642 4270 1807 4310 cons-

198 4353 421 4408 tantiam
439 4352 814 4409 commonendi
837 4350 915 4424 (9.)
933 4353 1162 4422 propria:
1183 4349 1608 4405 conversationis
1623 4359 1808 4404 aucto-

200 4448 360 4502 ritate
389 4446 654 4518 dirigere,
701 4463 770 4502 ne
801 4445 946 4501 dicta
979 4444 1148 4513 lactis.
1173 4442 1547 4498 deﬁcientibus
1582 4442 1808 4497 erubes-

199 4547 347 4592 cant.
381 4539 553 4608 Atque
575 4538 776 4592 utinam
805 4535 1127 4592 erubescere
1149 4531 1290 4590 istud
1321 4531 1615 4588 remedium
1645 4531 1805 4600 ferat,

197 4633 273 4688 uti
299 4631 469 4702 pudor
487 4648 592 4687 non
609 4628 897 4687 exhibendi
914 4628 1055 4699 quod
1071 4627 1189 4684 aliis
1201 4637 1508 4698 suggestum
1535 4625 1698 4694 imus,
1717 4640 1814 4680 ex-

198 4724 420 4782 hibendi
453 4723 545 4778 ﬁat
564 4707 927 4794 magisterium
946 4722 960 4775 ι
979 4719 1092 4777 Nisi
1113 4717 1254 4790 quod
1279 4719 1538 4774 bonorum
1558 4733 1813 4787 quorum-

197 4818 324 4873 dam
344 4859 361 4885 ,
392 4815 554 4871 sicuti
582 4825 636 4870 et
661 4814 951 4880 malorum,
982 4811 1339 4868 intolerabilis
1366 4809 1678 4881 magnitudo
1702 4820 1808 4877 est,

197 4919 294 4977 ut,
327 4909 393 4964 ad
416 4907 676 4978 capienda
707 4915 762 4963 et
786 4905 1089 4978 prwstanda
1126 4919 1190 4961 ea
1212 4947 1227 4972 ,
1263 4903 1379 4961 sola
1412 4903 1586 4974 gratia
1614 4901 1810 4958 divinae

197 5000 572 5073 inspirationis
594 5009 864 5072 operetur.
904 4998 1035 5057 Nam
1065 4996 1208 5072 quod
1229 4995 1463 5053 maxime
1501 4995 1721 5062 bonum,
1754 4992 1808 5049 id

1839 3703 1894 3764 Α
1919 3679 2162 3761 maxime
2181 3718 2346 3776 penes
2385 3704 2573 3773 Deum,
2609 3721 2706 3763 nec
2731 3707 2867 3765 alius
2900 3707 2952 3764 id
2977 3723 3137 3781 quam
3164 3709 3254 3782 qui
3276 3711 3516 3782 possidet

1912 3797 2216 3867 dispensat,
2245 3810 2304 3854 ut
2330 3799 2524 3868 cuique
2547 3799 2818 3870 dignatur.
2846 3799 3031 3872 Itaque
3053 3802 3138 3858 vel
3175 3812 3232 3858 ut
3265 3803 3517 3860 solatium

1911 3889 2015 3946 erit
2037 3889 2316 3961 disputare
2341 3905 2505 3962 super
2530 3907 2596 3948 co
2622 3891 2763 3962 quod
2790 3890 2895 3949 frui
2925 3908 3032 3948 non
3055 3893 3235 3961 datur,
3265 3895 3381 3951 vice
3405 3896 3519 3952 lau-

1911 3981 2220 4052 guentium,
2251 3981 2343 4053 qui
2380 3997 2502 4037 cum
2531 3991 2721 4039 vacent
2759 3998 2787 4037 a
2819 3984 3082 4048 sanitate,
3111 3983 3182 4040 de
3219 3984 3377 4042 bonis
3395 3987 3515 4056 ejus
3617 4019 3620 4022 -

1911 4082 2093 4130 tacere
2123 4090 2229 4131 non
2256 4085 2474 4130 norunt.
2502 4075 2577 4131 Ita
2604 4076 2941 4132 miserrimus
2966 4092 3088 4145 ego,
3119 4091 3336 4146 semper
3371 4093 3516 4147 aeger

1911 4165 2183 4222 caloribus
2221 4167 2595 4236 impatientius,
2625 4181 2785 4237 quam
2822 4182 2928 4220 non
2969 4166 3190 4221 obtineo
3242 4168 3514 4238 patientia:
3597 4219 3610 4230 ,

1911 4259 2218 4324 sanitatem,
2250 4268 2306 4312 et
2332 4259 2619 4327 suspirem,
2662 4267 2717 4312 ct
2747 4259 3010 4323 invocem,
3041 4266 3096 4313 et
3135 4273 3383 4330 perorem
3411 4276 3510 4317 ne-

1911 4362 2064 4402 cesse
2091 4358 2192 4413 est,
2212 4361 2332 4401 cum
2357 4347 2635 4414 recordor,
2659 4357 2714 4402 et
2740 4347 2792 4401 in
2825 4363 2958 4403 mete
2979 4347 3363 4407 imbecillitatis
3387 4367 3517 4408 con-

1913 4438 2263 4507 templatione
2288 4438 2503 4508 digero,
2535 4439 2729 4495 bonam
2757 4439 2882 4496 ﬁdei
2912 4440 3272 4499 valetudinem
3293 4486 3308 4512 ,
3335 4454 3391 4501 et
3417 4445 3516 4501 do-

1913 4529 2125 4585 minicae
2167 4528 2465 4601 disciplima
2507 4531 2821 4598 sanitatem,
2879 4550 2984 4590 non
3027 4534 3182 4592 facile
3227 4535 3511 4607 cuiquam,

1917 4621 2022 4678 nisi
2064 4622 2316 4692 patientia
2371 4623 2633 4691 assideat,
2666 4624 2975 4694 provenire.
3009 4625 3082 4681 Ita
3116 4629 3518 4698 proposita'Dei

1915 4709 2078 4770 rebus
2099 4722 2216 4782 est,
2254 4723 2314 4770 ut
2343 4715 2547 4770 nullum
2581 4724 2904 4787 praeceptum
2927 4717 3079 4773 obire
3109 4718 3228 4789 quis
3251 4761 3268 4786 ,
3309 4719 3516 4776 nullum

1916 4819 2053 4876 opus
2077 4803 2304 4862 Domino
2342 4806 2722 4874 complacitum
2761 4816 3074 4878 perpetrare
3109 4820 3396 4865 extraneos
3424 4825 3518 4881 pa-

1917 4900 2100 4954 tientia
2133 4899 2320 4970 possit.
2353 4899 2560 4955 Bonum
2585 4899 2724 4970 ejus,
2753 4901 2918 4957 etiam
2945 4901 3034 4972 qui
3057 4903 3186 4958 caeci
3221 4901 3302 4975 (ὅ)
3331 4904 3520 4960 vivunt

1917 4994 1992 5066 (b)
2019 5009 2245 5050 somnne
2272 4993 2484 5051 virtutis
2514 4993 2874 5066 appellatione
2911 4993 3176 5054 honorant
3204 4995 3310 5071 (4).
3342 4996 3523 5054 Pbilo-
3621 5016 3629 5023 ·

1451 5139 1834 5200 LECTIONES
1871 5138 2289 5196 VARIAN'I‘ES.

263 5264 286 5321 (
297 5261 340 5325 I)
372 5260 492 5325 Sum
510 5255 680 5312 Paris.

263 5320 340 5388 (2)
373 5323 758 5376 Commettdandi
780 5320 938 5374 Latin.

1840 5260 1889 5321 Β
1981 5252 2052 5321 (ᾖ)
2089 5251 2225 5321 geca
2243 5249 2407 5321 Rhea;
2421 5252 2574 5321 Fran_.

1982 5310 2052 5379 (4⁷]
2091 5313 2346 5365 Honorem
2365 5315 2517 5366 Fran.
2536 5310 2704 5368 Paris.

1556 5443 2123 5502 COMMENTARIUS.

273 5575 427 5632 CAP.
444 5575 484 5630 I.
513 5605 586 5616 -——
605 5573 679 5644 (τι)
714 5572 898 5644 Homo
906 5565 1101 5644 nullius
1125 5564 1262 5644 boni.
1288 5562 1635 5644 Ubiqueniere
1654 5561 1803 5632 abje-

1909 5559 2068 5635 item.
2098 5577 2112 5614 z
2145 5559 2296 5626 Quod
2350 5560 2519 5635 ipsum
2568 5560 2694 5635 mihi
2726 5600 2743 5628 ,
2793 5561 2970 5635 utique
3007 5561 3446 5635 reprehendenda
3464 5564 3520 5620 in

199 5630 440 5704 etissime
459 5648 526 5703 de
543 5630 870 5714 se‘lo'quitur.
884 5641 997 5715 Sic,
1027 5640 1120 5715 lib.
1140 5638 1207 5692 de
1223 5630 1445 5715 Pmnitlz
1469 5632 1671 5715 Eamtu
1692 5630 1802 5714 pec-
1909 5630 2143 5714 omnibus
2165 5673 2180 5695 ,
2212 5632 2580 5715 reprehendere
2607 5630 2753 5715 Deus
2799 5630 3078 5704 permittat.
3112 5643 3166 5691 et
3194 5634 3318 5692 eod.
3351 5653 3365 5691 :
3403 5633 3522 5693 Uti-

197 5728 340 5773 cntor
353 5719 450 5774 ntei
467 5719 670 5783 similis,
687 5703 788 5771 imo
809 5731 888 5770 me
903 5703 1196 5788 miuor(ego
1216 5703 1798 5788 enini-prmitantitgnjn
1907 5718 2025 5788 ﬂat}!
2046 5703 2632 5788 grtfgcrrinmsﬁgm.elc.
2661 5703 2783 5788 “If;-

197 5773 600 5848 delictisimeam
635 5773 899 5863 agnosco),
928 5785 1002 5842 ita
1025 5773 1226 5841 inuade.
1257 5777 1328 5842 Ει
1353 5773 1451 5840 lib.
1549 5775 1618 5835 de
1641 5773 1800 5837 Cultu

1984 5771 2063 5847 (b)
2091 5771 2264 5832 Etiam
2291 5774 2378 5846 qui
2407 5771 2527 5834 ὀίεσὶ
2562 5779 2756 5834 vivunt.
2784 5775 2914 5841 Ilaec
2941 5775 3207 5851 scriptura
3254 5787 3339 5844 est
3366 5777 3520 5843 codi-
