4184 6258
295 275 440 334 1257

1568 266 1771 326 LIBER
1809 263 1898 326 DE
1937 261 2325 327 PATIENTIA.

3459 273 3600 331 1258

298 400 384 450 rat
420 395 646 457 autem,
702 385 826 458 quia
867 383 1130 442 doluerat.
1188 383 1440 440 Doluerat
1463 424 1478 447 ,
1516 384 1642 454 quia
1690 383 1898 453 patien-
1922 385 1978 444 Α
2003 393 2103 438 ret.
2130 383 2264 438 Nam
2291 381 2471 438 statim
2501 379 2592 438 illa
2615 380 2822 438 semine
2847 381 3042 438 diaboli
3072 393 3353 456 concepta,
3379 388 3601 445 malitiae

299 495 379 542 ter
409 484 590 555 utique
619 497 723 538 non
757 483 968 539 tulerat.
999 482 1138 550 Quid
1181 482 1412 553 primum
1447 479 1608 537 fuerit
1655 481 1747 536 ille
1799 496 1897 535 an-

298 579 450 651 gelus
476 576 813 648 perditionis,
841 576 1017 632 malus
1042 592 1111 631 an
1135 577 1224 647 (1)
1251 575 1565 646 impatiens,
1608 584 1895 649 contemno

303 687 578 744 quaerere;
608 671 784 743 palam
809 687 934 727 cum
963 672 1054 739 sit,
1088 673 1473 742 impatientiam
1503 686 1625 726 cum
1670 672 1891 735 malitia,

301 773 395 821 aut
421 765 676 821 malitiam
714 763 783 821 ab
809 765 1137 836 impatientia
1165 765 1516 836 auspicatam,
1539 763 1734 820 deinde
1756 764 1895 818 inter

297 873 358 914 se
386 857 743 927 conSpirasse,
771 867 828 913 et
857 856 1161 913 individuus
1188 858 1239 912 in
1267 871 1376 912 uno
1407 857 1577 928 patris
1619 857 1738 911 sinu
1766 855 1897 910 ado-

299 950 508 1006 levisse.
535 948 749 1005 Atenim
797 965 956 1021 quam
985 949 1188 1020 primus
1213 960 1475 1018 senserat,
1505 965 1599 1021 per
1625 964 1783 1020 quam
1803 947 1898 1003 de-

299 1041 858 1112 linquereintraverat
901 1040 1003 1114 (2),
1033 1041 1102 1097 de
1148 1056 1247 1097 suo
1271 1042 1638 1112 experimento
1665 1041 1790 1111 quid
1829 1039 1896 1096 ad

300 1133 629 1204 peccandum
649 1133 929 1203 adiuvaret
949 1133 1031 1204 (3)
1062 1143 1297 1190 structus
1325 1134 1404 1205 (4)
1434 1135 1678 1190 eamdem
1703 1133 1898 1202 impin-

298 1224 474 1296 gendo
501 1225 556 1281 in
583 1226 787 1280 crimen
814 1225 1016 1281 homini
1042 1224 1324 1282 advocavit
1362 1244 1376 1281 :
1409 1236 1672 1282 conventa
1716 1225 1895 1280 statim

300 1318 377 1373 illi
394 1317 606 1382 mulier,
631 1331 736 1374 non
760 1328 963 1375 temere
986 1318 1214 1374 dixerim
1243 1334 1341 1389 per
1366 1319 1698 1390 colloquium
1723 1320 1897 1390 ipsum

300 1411 418 1479 ejus
462 1409 652 1465 amata»
685 1421 769 1467 est
809 1413 1000 1480 spiritu
1049 1413 1382 1484 impatientia
1435 1414 1672 1480 infecto,
1728 1428 1901 1483 usque

301 1503 438 1558 adeo
463 1501 547 1574 (5)
575 1518 847 1574 nunquam
874 1503 1097 1560 omnino
1128 1513 1422 1575 peccasset,
1451 1505 1498 1561 si
1525 1507 1579 1560 in
1609 1503 1692 1578 (6)
1723 1504 1902 1561 divino

302 1595 589 1654 interdicto
610 1598 918 1668 patientiam
937 1609 1305 1670 perservasset
1334 1600 1437 1670 (7).
1463 1599 1603 1668 Quid
1630 1598 1773 1670 quod
1797 1613 1903 1653 non

304 1688 560 1746 sustinuit
581 1690 698 1746 sola
727 1698 1028 1757 conventa;
1051 1691 1148 1748 sed
1171 1691 1311 1762 apud
1336 1691 1505 1748 Adam
1535 1691 1773 1748 nondum
1792 1707 1906 1746 ma-

309 1781 493 1848 ritum,
546 1781 788 1838 nondum
833 1797 994 1839 aures
1034 1783 1138 1839 sibi
1185 1783 1469 1840 debentem
1496 1783 1574 1855 (a)
1625 1784 1909 1855 impatiens

308 1872 469 1928 etiam
519 1873 729 1929 tacendi
775 1883 878 1940 est,
928 1888 992 1930 ac
1021 1874 1106 1944 (8)
1161 1874 1433 1932 traducem
1464 1876 1539 1947 (ὁ)
1573 1875 1721 1931 illum
1770 1876 1908 1947 ejus,

1997 475 2365 543 foecunditate,
2414 477 2546 531 iram
2579 475 2693 548 (M)
2725 475 2888 531 ﬁlium
2922 479 3245 544 procreavit,
3266 479 3464 536 editum
3488 483 3600 539 suis

1997 571 2204 626 artibus
2246 569 2442 626 erudiit
2475 569 2610 641 (15).
2640 569 2792 637 Quod
2829 570 2970 624 enim
3004 570 3120 641 (16)
3153 572 3325 642 ipsum
3355 573 3522 629 Adam
3547 585 3605 632 et

1998 663 2162 718 Evam
2205 663 2362 717 morti
2394 663 2749 725 immerserat,
2787 659 2967 717 docuit
2994 672 3048 717 et
3080 663 3243 718 lilium
3275 665 3342 720 ab
3375 668 3602 723 homici-

1997 753 2086 810 dio
2113 755 2348 823 incipere
2369 753 2388 827 (
2407 753 2560 821 Gen.,
2585 751 2710 825 IV).
2735 753 2951 809 Frustra
2979 754 3120 810 istud
3146 755 3490 826 impatientia:
3507 761 3604 815 ad-

1997 845 2329 914 scripserim,
2374 845 2420 900 si
2447 843 2579 900 Cain
2612 843 2702 899 ille
2735 845 2938 915 primus
2969 845 3259 907 homicida.
3301 856 3356 903 et
3397 851 3603 918 primus

1999 935 2290 1002 fratricida,
2346 936 2643 993 oblationes
2693 950 2818 991 suas
2858 952 2889 992 a
2930 937 3158 992 Domino
3185 936 3299 1010 (17)
3331 953 3606 998 recusatas

1999 1029 2370 1100 mquanimitcr
2414 1044 2514 1086 nec
2562 1030 2902 1100 impatienter
2943 1031 3084 1098 tulit,
3149 1032 3194 1086 si
3236 1034 3407 1089 iratus
3448 1035 3603 1093 fratri

1999 1137 2098 1178 suo
2123 1136 2230 1177 non
2257 1130 2359 1186 est,
2394 1123 2438 1176 si
2467 1122 2735 1177 neminem
2767 1122 2997 1193 denique
3024 1122 3314 1180 interemit.
3343 1125 3478 1182 Cum
3511 1143 3604 1184 er-

2000 1229 2089 1285 go,
2119 1229 2217 1269 nec
2236 1213 2485 1269 occidere
2503 1215 2755 1283 potuerit,
2788 1215 2890 1269 nisi
2918 1215 3122 1283 iratus;
3155 1233 3253 1273 nec
3303 1219 3484 1286 irasci,
3504 1221 3610 1278 nisi

2005 1308 2324 1378 impatiens:
2353 1308 2687 1364 demonstrat
2715 1309 2858 1379 quod
2908 1325 3002 1380 per
3051 1311 3184 1364 iram
3212 1301 3375 1381 gessit
3399 1313 3465 1368 ad
3487 1328 3608 1370 eam
3644 1365 3646 1368 ,

2003 1400 2403 1466 referendum,a
2425 1415 2528 1471 qua
2551 1401 2625 1455 ira
2641 1411 2886 1472 suggesta
2905 1411 3007 1458 est.
3033 1402 3100 1458 Et
3121 1403 3236 1458 ha:c
3256 1406 3468 1474 quidem
3490 1407 3610 1480 (18)

2005 1493 2356 1564 impatientia:
2407 1505 2530 1549 tunc
2574 1493 2792 1550 infantis
2835 1495 3231 1565 quodammodo
3267 1499 3612 1556 incunabula.

2017 1585 2282 1642 Caeterum
2340 1595 2537 1656 quanta
2606 1601 2730 1640 mox
2801 1587 3151 1654 incrementa,
3224 1605 3324 1645 nec
3394 1591 3616 1648 mirum.

2012 1677 2168 1745 Nam,
2193 1678 2238 1732 si
2270 1677 2437 1747 prima
2454 1677 2697 1747 deliquit,
2717 1691 3052 1749 consequens
3069 1688 3172 1748 est,
3197 1691 3256 1736 ut
3275 1683 3398 1752 quia
3419 1684 3615 1754 prima,

2016 1773 2215 1828 idcirco
2244 1781 2299 1826 et
2341 1771 2452 1827 sola
2495 1771 2566 1826 sit
2608 1770 2802 1825 matrix
2833 1771 2887 1826 in
2913 1787 3073 1828 omne
3102 1772 3356 1830 delictum
3377 1817 3392 1843 ,
3423 1775 3619 1832 defun-

2013 1867 2147 1922 dens
2176 1865 2245 1921 de
2264 1881 2361 1921 suo
2386 1863 2535 1920 fonte
2557 1865 2732 1920 varias
2757 1864 3045 1921 criminum
3075 1882 3258 1923 venas.
3286 1867 3363 1925 De
3388 1869 3620 1943 hotnici-

309 1963 453 2032 quod
483 1978 512 2017 a
545 1963 690 2019 malo
719 1965 990 2032 hauserat,
1027 1965 1152 2021 facit
1177 1964 1281 2038 (9).
1309 1968 1453 2023 Perit
1486 1968 1645 2040 igitur
1673 1976 1729 2025 et
1775 1968 1914 2024 alius
2015 1959 2104 2014 dio
2132 1958 2347 2029 (luidem
2390 1957 2592 2013 diuum
2623 1967 2724 2012 θεῖε
2757 1957 2862 2012 Sed
2893 1958 2967 2012 ira
2995 1959 3195 2014 edim“
3223 1976 3255 2015 ³
3284 1962 3580 2031 Ρνίωοτάῖο
3600 2008 3621 2036 9

313 2055 494 2124 Ιιοωο,
528 2071 628 2128 per
656 2057 1043 2130 impatientiam
1071 2059 1329 2126 alterius;
1371 2061 1511 2132 perit
1545 2076 1669 2117 mox
1714 2072 1767 2117 et
1797 2061 1915 2133 ipse
2018 2053 2178 2108 etiam
2203 2063 2569 2121 quascumque
2591 2049 3262 2123 postmodum(19)causas
3277 2053 3376 2109 sibi
3395 2055 3620 2126 invenit,

312 2161 409 2218 per
453 2149 842 2219 impatientiam
889 2165 1041 2206 suam
1087 2151 1374 2223 utrobique
1425 2155 1805 2212 commissam;
1861 2164 1916 2210 ει
2019 2142 2087 2199 ad
2133 2142 2518 2213 impatientiam
2568 2154 2627 2197 ut
2670 2141 2736 2197 ad
2787 2142 3051 2214 originem
3096 2144 3178 2200 sui
3222 2147 3450 2203 confert.
3498 2150 3626 2208 Sive

313 2241 457 2297 circa
489 2242 585 2299 Dei
632 2244 1120 2314 praemonitionem,
1153 2255 1209 2302 et
1255 2247 1397 2303 circa
1447 2247 1644 2304 diaboli
1687 2250 1921 2306 circum-
2023 2235 2168 2292 enim
2211 2234 2330 2305 quis
2379 2233 2696 2300 iiiimiCiiiiS:
2741 2234 2855 2290 Sive
2904 2235 3099 2304 Ρηεάῖθ
3135 2238 3304 2308 gratia
3345 2238 3398 2294 id
3448 2243 3628 2299 808108

318 2334 664 2404 scriptionem
710 2335 809 2406 (c),
869 2336 1014 2392 illam
1053 2352 1291 2404 servare,
1348 2339 1484 2395 hanc
1529 2339 1763 2397 refutare
1814 2357 1924 2397 non
2025 2334 2261 2398 conficit.
2296 2335 2440 2405 prius
2482 2343 2566 2390 est
2591 2345 2648 2390 ut
2686 2345 2779 2389 aut
2813 2336 2921 2390 odii
2957 2345 3048 2392 aut
3074 2338 3313 2393 avaritia:
3341 2339 3434 2394 ﬁat
3459 2339 3630 2410 impa-

318 2425 614 2482 sustinens.
643 2425 780 2482 Hinc
808 2427 981 2497 prima
1005 2427 1366 2498 judicii,unde
1394 2431 1572 2486 delicti
1593 2433 1743 2503 origo
1767 2452 1780 2488 :
1801 2433 1926 2492 hinc
2029 2429 2191 2483 lienS-
2230 2427 2493 2498 QuiCQUid
2539 2427 2831 2498 compellit:
2882 2429 2998 2484 Sine
3045 2428 3376 2500 impaiiemia
3406 2430 3488 2485 ευί
3520 2446 3630 2486 ηοη

320 2517 1929 2586 Deusirasciexorsus,undeolfenderehomoinductus.lnde
2031 2529 2116 2574 (εει
2159 2527 2220 2573 ιιι
2259 2518 2442 2589 PeriiCi
2485 2519 2672 2588 Ροεείιο
2711 2518 2843 2586 QUiS
2887 2518 3208 2576 adUiiel‘ium
3239 2522 3354 2576 Sine
3396 2521 3632 2578 libidinis

320 2609 374 2664 in
403 2609 512 2664 Deo
530 2608 700 2679 prima
717 2610 992 2680 patientia,
1014 2611 1158 2667 unde
1177 2613 1468 2684 indignatio
1483 2617 1672 2686 prima.
1687 2617 1788 2686 Qui
1807 2627 1934 2675 tunc

322 2699 696 2756 maledictione
707 2699 820 2756 sola
840 2711 1146 2771 contentus,
1162 2703 1230 2759 ab
1243 2706 1721 2764 animadversionis
1734 2711 1934 2780 impetu

323 2795 379 2848 in
403 2791 620 2848 diabolo
643 2795 1094 2863 temperavit.Aut
1117 2795 1260 2865 quod
1281 2797 1488 2853 crimen
1516 2808 1640 2854 ante
1656 2799 1801 2855 istud
1819 2801 1932 2871 (10)

325 2886 671 2957 impatientia:
714 2885 1008 2942 admissum
1061 2887 1266 2943 homini
1301 2890 1639 2960 imputatur?
1669 2891 1933 2952 lnnocens

325 2987 462 3046 erat,
483 2976 664 3033 etDeo
676 2976 743 3033 de
754 2979 1000 3048 proximo
1019 2979 1243 3048 amicus,
1269 2991 1322 3037 et
1340 2981 1580 3039 Paradisi
1602 2985 1843 3041 colonus.
1864 2988 1933 3042 At

328 3067 416 3125 ubi
435 3068 600 3124 semel
620 3069 1309 3142 succidit(11)impatientiaa
1329 3073 1638 3147 desivit(12)
1659 3077 1767 3132 Deo
1787 3092 1936 3150 sape-

337 3177 420 3227 re,
450 3161 649 3254 desivit
675 3164 912 3220 cmlestia
939 3166 1406 3254 sustinerqposse.
1439 3167 1645 3224 Exinde
1669 3169 1747 3242 (ά)
1777 3169 1938 3227 homo

335 3264 494 3309 terra:
509 3253 685 3324 datus,
702 3263 758 3311 et
775 3255 844 3311 ab
858 3256 1027 3312 oculis
1043 3257 1135 3313 Dei
1153 3253 1378 3330 eiectus,
1403 3259 1555 3316 facile
1571 3263 1936 3335 usurpari(13)

329 3345 399 3402 ab
424 3346 755 3418 impatientia
775 3347 937 3420 cwpit
959 3346 1031 3422 (ε)
1060 3349 1114 3406 in
1135 3364 1296 3408 omne
1319 3351 1464 3423 quod
1489 3351 1660 3408 Deum
1692 3354 1933 3410 offende-

2036 2612 2364 2683 impatientia
2391 2611 2596 2668 subiit?
2617 2611 2771 2679 Quod
2797 2621 2850 2666 et
2875 2612 2918 2666 si
2946 2615 3116 2681 pretio
3147 2614 3196 2667 in
3229 2613 3463 2669 fmminls
3487 2615 3633 2686 cogi-

2041 2717 2127 2762 tur
2155 2706 2392 2762 venditio
2420 2706 2508 2761 illa
2554 2703 2858 2775 pudicitia),
2906 2706 3088 2775 utique
3131 2705 3460 2776 impatientia
3503 2721 3638 2763 con-

2040 2797 2313 2854 temnendi
2344 2796 2478 2851 lucri
2509 2795 2812 2851 ordinatur.
2845 2795 2991 2862 llaec,
3019 2806 3076 2851 ut
3103 2797 3398 2868 principilia
3426 2797 3497 2870 (f)
3543 2814 3639 2870 pe-

2036 2906 2135 2946 nes
2162 2890 2446 2945 Dominum
2483 2888 2694 2945 delicta.
2724 2887 2864 2945 Nam
2888 2898 2944 2944 ut
2970 2891 3288 2961 compendio
3315 2891 3518 2948 dictum
3536 2895 3637 2962 sit,

2035 2999 2196 3040 omne
2244 2991 2522 3054 peccatum
2568 2983 2914 3055 impatientia:
2959 2983 3392 3042 adscribendum.
3440 2987 3638 3044 Malum

1963 3103 2008 3168 ρ
2041 3076 2372 3146 impatientia
2403 3085 2485 3131 est
2513 3075 2659 3131 boni.
2694 3075 2862 3134 Nemo
2891 3077 3192 3147 impudicus
3220 3095 3325 3135 non
3355 3081 3640 3151 impatiens

2041 3169 2336 3240 pudicitiae,
2368 3176 2424 3225 et
2468 3167 2751 3240 improbus
2791 3168 3096 3240 probitatis,
3129 3181 3182 3225 et
3211 3171 3408 3242 impius
3434 3173 3647 3243 pietatis

2036 3270 2092 3317 et
2116 3260 2382 3330 inquietus
2403 3259 2620 3331 quietis.
2646 3257 2715 3315 Ut
2741 3261 2912 3314 malus
2933 3260 3302 3332 unusquisque
3327 3262 3440 3330 fiat,
3465 3262 3639 3318 bonus

2041 3365 2388 3424 perseverare
2429 3365 2536 3406 non
2564 3350 2780 3422 poterit.
2814 3350 2961 3407 Talis
2979 3351 3142 3424 igitur
3168 3362 3383 3411 excetra
3414 3354 3638 3429 (20)(9)

1562 3444 1857 3502 LECTION
1865 3447 1945 3505 ES
1983 3442 2393 3505 VARIANTES.

420 3533 469 3599 1)
492 3534 568 3599 An
590 3534 723 3586 abest
745 3532 924 3599 Rigalt.

418 3597 468 3662 2)
491 3597 596 3668 Per
613 3609 758 3668 quam
776 3597 1248 3668 primusdeliquerat
1263 3597 1414 3650 Rhea.
1435 3601 1622 3663 primus
1635 3599 1932 3667 delinquere

336 3657 606 3710 intraverat
628 3657 750 3710 Cod.
774 3657 966 3710 Pithwi.

418 3720 472 3784 5)
496 3721 753 3784 Αὰιιιιπεῐ
776 3729 924 3772 Fran.
949 3720 1111 3772 Paris.
1144 3723 1329 3774 Wouw.
1355 3725 1466 3776 MS.

420 3784 472 3836 4)
497 3784 772 3836 Instructus
799 3793 981 3835 Wouw.
1010 3786 1122 3835 MS.

419 3848 471 3909 5)
493 3848 634 3909 Adeo
651 3852 705 3896 ut
726 3859 975 3909 nunquam
1001 3857 1182 3909 Wouw.
1210 3850 1261 3909 .1!
1266 3849 1302 3899 S
1310 3885 1321 3898 .

419 3907 473 3975 β)
498 3909 551 3975 I_n
575 3908 706 3961 abest
729 3907 1277 3975 Fraai._Pnris.71_tigalt.

419 3910 448 3960 6
498 3909 551 3960 In
575 3908 706 3961 abest
729 3907 884 3959 Fraai.
913 3908 1068 3960 Puris.
1096 3908 1216 3975 Riga

419 3973 446 4022 7
497 3971 858 4023 Praeservasset
882 3972 1034 4022 Fran.
1063 3972 1216 4024 Rhea.

422 4033 453 4082 8
496 4035 570 4084 Ad
592 4033 741 4085 Seml.

421 4096 454 4146 9
509 4095 679 4148 Facit?
703 4098 806 4148 Lat.
831 4097 954 4146 Jun.
980 4102 1026 4147 et
1044 4095 1178 4146 deest
1207 4107 1216 4145 ι

425 4159 446 4212 1
485 4158 614 4225 )Aut
635 4160 764 4225 quod
786 4162 972 4211 crimen
989 4166 1104 4210 ante
1130 4160 1216 4210 ista

421 4095 476 4149 9i
509 4095 679 4148 Facit?
703 4098 806 4148 Lat.
831 4097 954 4146 Jun.
980 4102 1026 4147 et
1044 4095 1178 4146 deest
1207 4105 1388 4149 trouw.
1414 4100 1515 4149 MS.

425 4158 506 4225 10)
516 4158 614 4212 Aut
635 4160 764 4225 quod
786 4162 972 4211 crimen
989 4166 1104 4210 ante
1130 4159 1260 4210 istud
1270 4161 1305 4210 J
1311 4173 1390 4210 an.
1422 4161 1560 4221 Quod
1575 4162 1762 4214 crimen
1780 4162 1939 4213 Ciacc.

2040 3535 2180 3591 Ciac.

2126 3600 2206 3663 11)
2231 3596 2400 3663 §em_el_
2422 3597 2677 3663 succubuit
2691 3596 2795 3663 alii,
2819 3599 2941 3650 Jun.
2961 3610 3054 3652 non
3075 3598 3262 3663 probat.

2131 3659 2209 3711 12)
2233 3659 2682 3710 Desinit—desinit
2703 3660 2856 3710 then.

2128 3721 2208 3786 13)
2233 3721 2291 3786 in,
2310 3735 2453 3772 usum
2483 3724 2711 3786 occupari
2733 3723 2855 3772 Jun.

2130 3783 2209 3836 Hi
2234 3783 2352 3834 Mira
2369 3786 2489 3834 Jun.

2129 3844 2210 3898 liii
2232 3845 2456 3897 Erudivit
2478 3844 2632 3898 Liuia.

2129 3908 2210 3968 16)
2235 3910 2360 3968 Quid
2383 3911 2512 3960 enim
2547 3908 2699 3960 Latin.

2128 3971 2207 4023 17l
2230 3971 2304 4021 Ad
2327 3972 2576 4021 dominum
2595 3972 2747 4022 Rhen.

2131 4032 2208 4096 18)
2234 4033 2294 4084 Et
2310 4035 2413 4084 haec
2432 4034 2630 4096 quidem
2654 4033 2786 4096 abest
2804 4032 2955 4096 Rhen.
2983 4043 3134 4084 λεν-απ.

2133 4093 2211 4164 19)
2235 4097 2414 4164 l_’_ostea
2433 4093 2584 4164 ié‘rgn.
2611 4093 3002 4164 Paris._Rigalt._.

2131 4156 2214 4211 20)
2239 4158 2464 4210 Exoedra
2487 4159 2608 4208 Jun.
2631 4156 3017 4208 exhedra'Paris
3041 4156 3226 4209 exedra
3250 4157 3404 4211 Rhea.

1688 4242 2252 4301 COMMENTARIUS.

411 4357 493 4430 (a)
507 4356 756 4430 Nondum
777 4371 924 4430 aures
945 4354 1040 4408 sibi
1053 4353 1337 4430 debentem.
1359 4355 1562 4430 Alludit
1577 4357 1947 4430 adconjugum

342 4424 483 4484 inter
505 4430 650 4499 ipsos
670 4427 872 4499 debita,
905 4439 1026 4494 qum
1053 4425 1191 4499 bona
1223 4424 1325 4499 fide
1356 4427 1560 4499 exsolvi
1590 4424 1775 4499 etiam'
1795 4424 1942 4496 Apo-

2051 4357 2196 4426 urgis
2233 4354 2542 4430 metaphora
2567 4395 2582 4419 ,
2612 4352 2699 4423 qui
2726 4369 2848 4430 qum
2873 4355 3144 4430 prmcisuri
3167 4367 3291 4414 sunt
3315 4402 3329 4427 ,
3360 4360 3506 4430 prius
3534 4365 3644 4418 cir-

2054 4425 2440 4482 cumscribunt.
2472 4425 2533 4480 Et
2558 4439 2743 4479 revera
2773 4427 2927 4493 primi
2980 4437 3226 4496 parentes
3275 4425 3442 4487 nostri
3469 4449 3498 4486 a
3526 4435 3643 4489 dia-

342 4496 741 4575 stolus'voluit;
791 4497 861 4575 ita
894 4505 950 4550 ut
978 4507 1139 4575 aures
1162 4496 1356 4551 debeat
1383 4497 1579 4567 coujux
1603 4497 1816 4568 conjugi
1847 4513 1940 4568 ap-
1963 4515 2019 4575 Ι)
2048 4497 2174 4575 bolo
2195 4506 2325 4575 sunt
2354 4496 2767 4575 circumscripti,
2807 4497 2960 4575 cujus
2987 4501 3200 4575 astu‘de
3230 4502 3477 4571 paradiso
3513 4515 3643 4561 sunt

344 4571 562 4644 pellanti
594 4570 964 4644 poscentique.
991 4565 1107 4621 Rm.

420 4639 501 4713 (li)
529 4638 873 4713 Ac‘traducem
903 4638 1049 4713 illum
1074 4638 1184 4713 eius
1214 4639 1360 4713 quod
1391 4654 1422 4691 a
1467 4640 1601 4713 malo
1655 4639 1894 4713 hauserat
1918 4683 1933 4713 ,_

344 4708 490 4785 facit.
507 4714 572 4785 In?
588 4712 824 4785 antiquis
839 4708 1234 4785 exemplaribus
1263 4711 1475 4781 legitur,
1499 4710 1567 4763 ad
1591 4712 1847 4785 traducem
1869 4711 1937 4785 ad

346 4780 514 4842 illum.
546 4783 700 4853 Quod
721 4780 827 4838 etsi
855 4780 984 4835 vitio
1012 4795 1118 4834 nun
1135 4791 1282 4853 caret
1311 4780 1330 4844 ,⁷
1351 4791 1529 4834 tamen
1549 4781 1785 4837 ostendit
1813 4783 1937 4851 quid

345 4851 612 4913 sincerqu
633 4854 813 4909 haberi
832 4851 1402 4908 debeatzadtraducem
1425 4853 1566 4905 illum
1605 4853 1716 4922 ejus
1741 4853 1874 4922 quod
1908 4870 1941 4906 a

347 4927 484 4983 malo
535 4928 793 4992 hauserat,
819 4925 958 4996 facit.
993 4923 1177 4988 Evam,
1205 4922 1392 4996 inquit,
1426 4924 1592 4996 solani
1618 4933 1944 4996 convenerat

348 5002 605 5056 Satanas:
634 4997 802 5050 solam
821 4995 1104 5050 ’afilaverat
1149 4995 1334 5065 spiritu
1360 4995 1684 5060 impatientia
1712 4995 1930 5051 infecto.

348 5073 417 5126 At
439 5071 544 5132 illa,
573 5069 864 5139 impatiens
885 5068 1044 5139 etiam
1073 5065 1300 5127 tacendi,
1327 5082 1539 5139 praVain
1565 5065 1776 5139 Satanae
1803 5081 1932 5136 sug-

349 5136 976 5212 gestiuncm'transfodit
1007 5138 1057 5191 in
1089 5151 1242 5212 suum
1265 5136 1668 5212 _Adani._ltaqu_e
1695 5137 1805 5212 ipsa
1827 5140 1934 5212 luit

353 5207 552 5280 peccati
578 5209 765 5264 tradux
793 5211 855 5280 in
881 5208 1047 5280 Adam
1076 5247 1090 5270 ,
1121 5207 1421 5280 exindeque
1448 5208 1597 5280 Illum
1622 5207 1748 5263 fecit
1793 5208 1935 5278 ejus-

351 5277 473 5354 dein
507 5281 710 5354 peccati
737 5277 1108 5354 adtraducem,
1153 5277 1258 5332 hoc
1306 5289 1416 5342 est,
1461 5279 1830 5354 administrum
1882 5287 1936 5334 et

353 5349 611 5422 collegam
634 5349 960 5406 traducendo
977 5349 1030 5403 in
1051 5363 1390 5405 communem
1419 5351 1720 5421 prosapiam
1748 5365 1935 5420 pecca-

354 5435 428 5479 to.
473 5424 590 5479 Βις.

425 5493 503 5565 (c)
535 5492 602 5547 Et
649 5493 785 5565 circa
831 5491 1035 5565 diaboli
1073 5490 1605 5565 circumscriptionem.
1668 5493 1948 5563 Deceptin-

359 5561 493 5621 nein'
539 5564 820 5633 intelligit,
853 5577 956 5629 qua
987 5561 1232 5616 diabolus
1280 5561 1459 5617 Evatn'
1478 5561 1896 5618 circumvenerat
1930 5584 1942 5620 :

358 5637 494 5691 hanc
514 5634 747 5691 refutare
765 5633 992 5687 debebat
1020 5633 1676 5688 Adam.Circumscriberc
1697 5637 1946 5704 deripi-re

355 5707 636 5777 signiﬁcat.
695 5704 758 5759 Et
815 5705 1055 5758 Ciceroni
1100 5707 1513 5777 circumscribere
1547 5720 1820 5777 senatum,
1865 5718 1948 5760 est

357 5775 672 5836 auctoritate
691 5789 933 5831 senatum
972 5778 1201 5844 privare,
1238 5787 1402 5834 tracta
1429 5792 1458 5831 ει
1491 5775 1655 5833 fabris
1680 5786 1772 5834 aut
1800 5779 1946 5834 chir-

642 5869 1103 5934 TERTULUANI.
1150 5867 1199 5930 l.

2046 4568 2394 4644 e_j_e_cti_atque
2418 4568 2578 4644 erilio
2603 4567 2882 4636 damnati,
2927 4570 3072 4624 omni
3111 4567 3244 4642 jure'
3283 4576 3641 4644 possessionis

2038 4640 2137 4694 sibi
2166 4639 2432 4708 adempto.
2466 4639 2638 4693 linem.

2115 4709 2196 4785 (ily)
2221 4707 2424 4785 Exinde
2447 4710 2598 4764 homo
2621 4719 2775 4785 terra:
2809 4711 2976 4785 datus.
3010 4711 3130 4782 Ipse
3155 4755 3170 4779 ,
3204 4713 3295 4770 lib.
3328 4716 3394 4771 de
3416 4716 3628 4785 Pallio;

2043 4779 2259 4836 Pellitus
2281 4782 2389 4835 orbi
2411 4797 2497 4835 ceu
2521 4783 2723 4838 metallo
2744 4784 2914 4837 datur.
2945 4779 3063 4838 th'.

2113 4855 2190 4921 (e)
2212 4850 2410 4929 _Facile
2450 4856 2689 4929 usurpari
2727 4855 2791 4908 ab
2826 4856 3146 4929 impatientia
3172 4858 3339 4927 carpit.
3375 4859 3646 4929 Usnrpant

2045 4925 2278 5000 proprie,
2310 4923 2374 5000 ad
2402 4939 2535 5000 quos
2573 4927 2663 4995 jus
2703 4928 3060 5000 possessionis
3101 4923 3326 5000 spectat.
3353 4929 3440 5000 Sic
3469 4923 3644 5000 impa-

2047 4996 2227 5050 tientia
2263 4994 2423 5048 veluti
2447 4997 2556 5065 jam
2579 4994 2871 5064 possidens
2911 4994 3202 5060 hominem,
3245 4998 3396 5056 facile
3425 4994 3556 5057 eum
3575 5002 3645 5058 ad

2037 5066 2250 5137 quidvis
2275 5067 2432 5120 traxit
2452 5067 2592 5136 quod
2628 5069 2791 5123 Deum
2814 5068 3131 5123 offenderet.
3155 5069 3328 5124 Rura.

2114 5136 2346 5214 (f)___fltec
2395 5149 2448 5214 ut
2480 5139 2810 5214 principalia.
2833 5140 2982 5214 Haud
3003 5140 3322 5214 absiniilitcr
3343 5141 3398 5196 S.
3422 5140 3647 5214 Cypria-

2035 5208 2164 5283 nus,
2186 5210 2276 5262 lib.
2305 5209 2371 5262 de
2399 5208 2548 5283 Bono
2575 5208 2660 5283 pa.
2692 5226 2742 5265 c.
2783 5211 2816 5265 5
2848 5228 2862 5267 :
2891 5211 3229 5283 Adulterium,
3271 5217 3433 5283 fraus,
3466 5208 3640 5267 'Iiomi-

2039 5280 2248 5352 cidium,
2298 5280 2512 5333 mortale
2557 5282 2745 5334 crimen
2781 5291 2879 5336 est.
2925 5282 3037 5336 Hoc
3087 5280 3295 5337 interitu
3327 5285 3644 5352 notandum,

2039 5351 2180 5420 quod
2208 5367 2369 5419 qutun
2410 5352 2468 5404 S.
2513 5352 2838 5422 Augustinus
2878 5364 2931 5407 ct
2968 5353 3057 5407 alii
3087 5356 3412 5409 recentiores
3447 5351 3646 5411 delicta

2051 5422 2316 5497 accipiant
2357 5437 2451 5497 pro
2478 5425 2712 5492 peceatis
2732 5424 3050 5497 minoribus,
3081 5423 3442 5480 Tertullianus
3479 5427 3528 5481 in
3552 5442 3647 5497 ge-

2053 5508 2181 5547 nere
2208 5494 2432 5562 aecipiat
2474 5508 2573 5562 pro
2599 5495 2742 5548 omni
2773 5510 2970 5564 genere
2999 5507 3374 5564 peccatOi-uni;
3407 5499 3493 5552 ubi
3548 5494 3647 5551 zin-

2052 5565 2260 5686 lCtll‘d?
2283 5565 2611 5688 gravioribus
2641 5565 2768 5636 agit,
2797 5565 2944 5620 addit
2973 5583 2987 5620 :
3021 5566 3352 5636 principalia,
3381 5569 3647 5638 capitalia,

2052 5651 2222 5688 11101⁸11
2252 5653 2316 5688 tzl.
2386 5650 2478 5688 Mf.

2052 5646 2316 5689 lnortnlta.
2345 5646 2478 5689 νηί.

2125 5704 2200 5780 (g)
2248 5704 2384 5780 Talis
2420 5707 2840 5780 igiturrexcetra.
2877 5708 2950 5763 De
2990 5707 3222 5763 exhedra
3274 5709 3651 5780 interpretatus

2052 5789 2135 5835 εει
2169 5777 2342 5833 locum
2372 5778 2512 5834 hunc
2543 5779 2855 5851 Bhenanus,
2880 5795 2977 5836 nos
3007 5788 3181 5834 [ntuetr
3213 5777 3494 5838 inatninius
3517 5783 3656 5838 alios

2975 5871 3370 5953 (Querulum)
