  <div class='ocr_page' id='page_1' title='image "/cluster/home/n/w/nwhite01/storage/ocr_20150623/1/hvd.32044054128335/652.png"; bbox 0 0 4230 6256; ppageno 0'>
   <div class='ocr_carea' id='block_1_1' title="bbox 389 285 533 364">
    <p class='ocr_par' dir='ltr' id='par_1_1' title="bbox 389 285 533 364">
     <span class='ocr_line' id='line_1_1' title="bbox 389 285 533 364; baseline -0.014 0"><span class='ocrx_word' id='word_1_1' title='bbox 389 285 533 364; x_wconf 63' lang='lat' dir='ltr'><strong>ml</strong></span> 
     </span>
    </p>
   </div>
   <div class='ocr_carea' id='block_1_2' title="bbox 1669 293 2445 373">
    <p class='ocr_par' dir='ltr' id='par_1_2' title="bbox 1669 293 2445 373">
     <span class='ocr_line' id='line_1_2' title="bbox 1669 293 2445 373; baseline 0.006 -21"><span class='ocrx_word' id='word_1_2' title='bbox 1669 293 1873 360; x_wconf 77' lang='lat' dir='ltr'><strong>LIBER</strong></span> <span class='ocrx_word' id='word_1_3' title='bbox 1915 295 2000 370; x_wconf 68' lang='grc' dir='ltr'>οε</span> <span class='ocrx_word' id='word_1_4' title='bbox 2060 298 2445 373; x_wconf 65' lang='grc' dir='ltr'><strong>ΡΑΤΙΕΝΤῙΑ.</strong></span> 
     </span>
    </p>
   </div>
   <div class='ocr_carea' id='block_1_3' title="bbox 3550 315 3691 376">
    <p class='ocr_par' dir='ltr' id='par_1_3' title="bbox 3550 315 3691 376">
     <span class='ocr_line' id='line_1_3' title="bbox 3550 315 3691 376; baseline -0.007 -2"><span class='ocrx_word' id='word_1_5' title='bbox 3550 315 3691 376; x_wconf 56' lang='lat' dir='ltr'><strong>{ibi</strong></span> 
     </span>
    </p>
   </div>
   <div class='ocr_carea' id='block_1_4' title="bbox 389 409 3682 496">
    <p class='ocr_par' dir='ltr' id='par_1_4' title="bbox 389 409 3682 496">
     <span class='ocr_line' id='line_1_4' title="bbox 389 409 3682 496; baseline 0.008 -31"><span class='ocrx_word' id='word_1_6' title='bbox 389 424 579 484; x_wconf 82' lang='lat' dir='ltr'><strong>eorum</strong></span> <span class='ocrx_word' id='word_1_7' title='bbox 611 409 689 483; x_wconf 77' lang='grc' dir='ltr'><strong>(ιι)</strong></span> <span class='ocrx_word' id='word_1_8' title='bbox 733 409 1124 483; x_wconf 74' lang='lat' dir='ltr'><strong>computandas</strong></span> <span class='ocrx_word' id='word_1_9' title='bbox 1163 425 1271 472; x_wconf 86' lang='lat' dir='ltr'><strong>non</strong></span> <span class='ocrx_word' id='word_1_10' title='bbox 1300 424 1445 470; x_wconf 85' lang='lat' dir='ltr'><strong>esse.</strong></span> <span class='ocrx_word' id='word_1_11' title='bbox 1479 411 1633 481; x_wconf 84' lang='lat' dir='ltr'><strong>Quod</strong></span> <span class='ocrx_word' id='word_1_12' title='bbox 1672 428 1802 488; x_wconf 89' lang='lat' dir='ltr'><strong>ergo</strong></span> <span class='ocrx_word' id='word_1_13' title='bbox 1830 414 1984 474; x_wconf 86' lang='lat' dir='ltr'><strong>nobis</strong></span> <span class='ocrx_word' id='word_1_14' title='bbox 2009 418 2063 495; x_wconf 67' lang='grc' dir='ltr'><strong>Α</strong></span> <span class='ocrx_word' id='word_1_15' title='bbox 2088 419 2472 490; x_wconf 69' lang='lat' dir='ltr'><strong>cupiditatibus</strong></span> <span class='ocrx_word' id='word_1_16' title='bbox 2501 425 2803 492; x_wconf 82' lang='lat' dir='ltr'><strong>quaestuosa</strong></span> <span class='ocrx_word' id='word_1_17' title='bbox 2833 420 3072 496; x_wconf 86' lang='lat' dir='ltr'><strong>pericula</strong></span> <span class='ocrx_word' id='word_1_18' title='bbox 3113 427 3586 494; x_wconf 88' lang='lat' dir='ltr'><strong>mercimoniorum</strong></span> <span class='ocrx_word' id='word_1_19' title='bbox 3627 434 3682 492; x_wconf 93' lang='lat' dir='ltr'><strong>in</strong></span> 
     </span>
    </p>
   </div>
   <div class='ocr_carea' id='block_1_5' title="bbox 395 501 1981 578">
    <p class='ocr_par' dir='ltr' id='par_1_5' title="bbox 395 501 1981 578">
     <span class='ocr_line' id='line_1_5' title="bbox 395 501 1981 578; baseline 0.004 -22"><span class='ocrx_word' id='word_1_20' title='bbox 395 510 650 572; x_wconf 87' lang='lat' dir='ltr'><strong>appetere</strong></span> <span class='ocrx_word' id='word_1_21' title='bbox 679 501 898 567; x_wconf 84' lang='lat' dir='ltr'><strong>minime</strong></span> <span class='ocrx_word' id='word_1_22' title='bbox 943 516 1077 573; x_wconf 82' lang='lat' dir='ltr'><strong>Opus</strong></span> <span class='ocrx_word' id='word_1_23' title='bbox 1103 501 1332 574; x_wconf 76' lang='lat' dir='ltr'><strong>estquia</strong></span> <span class='ocrx_word' id='word_1_24' title='bbox 1355 518 1456 560; x_wconf 91' lang='lat' dir='ltr'><strong>nec</strong></span> <span class='ocrx_word' id='word_1_25' title='bbox 1511 504 1768 564; x_wconf 90' lang='lat' dir='ltr'><strong>Dominus</strong></span> <span class='ocrx_word' id='word_1_26' title='bbox 1814 521 1981 578; x_wconf 85' lang='lat' dir='ltr'><strong>appe-</strong></span> 
     </span>
    </p>
   </div>
   <div class='ocr_carea' id='block_1_6' title="bbox 391 596 1986 674">
    <p class='ocr_par' dir='ltr' id='par_1_6' title="bbox 391 596 1986 674">
     <span class='ocr_line' id='line_1_6' title="bbox 391 596 1986 674; baseline 0.006 -23"><span class='ocrx_word' id='word_1_27' title='bbox 391 596 548 666; x_wconf 76' lang='lat' dir='ltr'><strong>tivit,</strong></span> <span class='ocrx_word' id='word_1_28' title='bbox 589 597 964 656; x_wconf 87' lang='lat' dir='ltr'><strong>detruncalum</strong></span> <span class='ocrx_word' id='word_1_29' title='bbox 1013 597 1097 656; x_wconf 92' lang='lat' dir='ltr'><strong>vel</strong></span> <span class='ocrx_word' id='word_1_30' title='bbox 1138 597 1296 658; x_wconf 81' lang='lat' dir='ltr'><strong>etiam</strong></span> <span class='ocrx_word' id='word_1_31' title='bbox 1336 597 1646 672; x_wconf 87' lang='lat' dir='ltr'><strong>ademptum</strong></span> <span class='ocrx_word' id='word_1_32' title='bbox 1687 615 1793 658; x_wconf 91' lang='lat' dir='ltr'><strong>non</strong></span> <span class='ocrx_word' id='word_1_33' title='bbox 1840 617 1986 674; x_wconf 78' lang='lat' dir='ltr'><strong>agre</strong></span> 
     </span>
    </p>
   </div>
   <div class='ocr_carea' id='block_1_7' title="bbox 390 681 1986 769">
    <p class='ocr_par' dir='ltr' id='par_1_7' title="bbox 390 681 1986 769">
     <span class='ocr_line' id='line_1_7' title="bbox 390 681 1986 769; baseline 0.005 -25"><span class='ocrx_word' id='word_1_34' title='bbox 390 689 656 769; x_wconf 72' lang='lat' dir='ltr'><strong>sustinere</strong></span> <span class='ocrx_word' id='word_1_35' title='bbox 681 681 960 745; x_wconf 85' lang='lat' dir='ltr'><strong>debemus.</strong></span> <span class='ocrx_word' id='word_1_36' title='bbox 993 691 1342 762; x_wconf 84' lang='lat' dir='ltr'><strong>Cupiditatetn</strong></span> <span class='ocrx_word' id='word_1_37' title='bbox 1368 694 1595 748; x_wconf 87' lang='lat' dir='ltr'><strong>omnium</strong></span> <span class='ocrx_word' id='word_1_38' title='bbox 1621 694 1872 750; x_wconf 85' lang='lat' dir='ltr'><strong>malorum</strong></span> <span class='ocrx_word' id='word_1_39' title='bbox 1891 705 1986 752; x_wconf 70' lang='lat' dir='ltr'><strong>ra-</strong></span> 
     </span>
    </p>
   </div>
   <div class='ocr_carea' id='block_1_8' title="bbox 389 779 1986 856">
    <p class='ocr_par' dir='ltr' id='par_1_8' title="bbox 389 779 1986 856">
     <span class='ocr_line' id='line_1_8' title="bbox 389 779 1986 856; baseline 0.006 -22"><span class='ocrx_word' id='word_1_40' title='bbox 389 781 552 840; x_wconf 73' lang='lat' dir='ltr'><strong>dicent</strong></span> <span class='ocrx_word' id='word_1_41' title='bbox 593 779 833 852; x_wconf 89' lang='lat' dir='ltr'><strong>Spiritus</strong></span> <span class='ocrx_word' id='word_1_42' title='bbox 877 783 1092 838; x_wconf 90' lang='lat' dir='ltr'><strong>Domini</strong></span> <span class='ocrx_word' id='word_1_43' title='bbox 1123 797 1220 854; x_wconf 89' lang='lat' dir='ltr'><strong>per</strong></span> <span class='ocrx_word' id='word_1_44' title='bbox 1251 784 1571 855; x_wconf 80' lang='lat' dir='ltr'><strong>Aposmlum</strong></span> <span class='ocrx_word' id='word_1_45' title='bbox 1619 787 1986 856; x_wconf 89' lang='lat' dir='ltr'><strong>pronuntiavit</strong></span> 
     </span>
    </p>
   </div>
   <div class='ocr_carea' id='block_1_9' title="bbox 390 870 1982 952">
    <p class='ocr_par' dir='ltr' id='par_1_9' title="bbox 390 870 1982 952">
     <span class='ocr_line' id='line_1_9' title="bbox 390 870 1982 952; baseline 0.008 -26"><span class='ocrx_word' id='word_1_46' title='bbox 390 870 453 945; x_wconf 85' lang='grc'><strong>(1</strong></span> <span class='ocrx_word' id='word_1_47' title='bbox 483 871 612 928; x_wconf 82' lang='lat' dir='ltr'><strong>Tim.</strong></span> <span class='ocrx_word' id='word_1_48' title='bbox 651 872 739 940; x_wconf 80' lang='lat' dir='ltr'><strong>VI,</strong></span> <span class='ocrx_word' id='word_1_49' title='bbox 771 872 820 929; x_wconf 85' lang='lat' dir='ltr'><strong>X</strong></span> <span class='ocrx_word' id='word_1_50' title='bbox 853 874 895 944; x_wconf 93' lang='lat'><strong>).</strong></span> <span class='ocrx_word' id='word_1_51' title='bbox 933 873 1067 932; x_wconf 88' lang='lat' dir='ltr'><strong>Eam</strong></span> <span class='ocrx_word' id='word_1_52' title='bbox 1096 891 1204 932; x_wconf 91' lang='lat' dir='ltr'><strong>non</strong></span> <span class='ocrx_word' id='word_1_53' title='bbox 1251 877 1302 934; x_wconf 90' lang='lat' dir='ltr'><strong>in</strong></span> <span class='ocrx_word' id='word_1_54' title='bbox 1342 879 1777 952; x_wconf 75' lang='lat' dir='ltr'><strong>concupiscentia</strong></span> <span class='ocrx_word' id='word_1_55' title='bbox 1819 881 1982 938; x_wconf 89' lang='lat' dir='ltr'><strong>alieni</strong></span> 
     </span>
    </p>
   </div>
   <div class='ocr_carea' id='block_1_10' title="bbox 389 965 1985 1042">
    <p class='ocr_par' dir='ltr' id='par_1_10' title="bbox 389 965 1985 1042">
     <span class='ocr_line' id='line_1_10' title="bbox 389 965 1985 1042; baseline 0.009 -26"><span class='ocrx_word' id='word_1_56' title='bbox 389 971 596 1030; x_wconf 73' lang='lat' dir='ltr'><strong>tantum</strong></span> <span class='ocrx_word' id='word_1_57' title='bbox 620 965 965 1021; x_wconf 74' lang='lat' dir='ltr'><strong>constitutam</strong></span> <span class='ocrx_word' id='word_1_58' title='bbox 987 966 1438 1038; x_wconf 82' lang='lat' dir='ltr'><strong>interpretemur;</strong></span> <span class='ocrx_word' id='word_1_59' title='bbox 1469 985 1591 1030; x_wconf 84' lang='lat' dir='ltr'><strong>nam</strong></span> <span class='ocrx_word' id='word_1_60' title='bbox 1619 981 1673 1027; x_wconf 86' lang='lat' dir='ltr'><strong>et</strong></span> <span class='ocrx_word' id='word_1_61' title='bbox 1695 971 1838 1042; x_wconf 91' lang='lat' dir='ltr'><strong>quod</strong></span> <span class='ocrx_word' id='word_1_62' title='bbox 1861 987 1985 1030; x_wconf 83' lang='lat' dir='ltr'><strong>nos-</strong></span> 
     </span>
    </p>
   </div>
   <div class='ocr_carea' id='block_1_11' title="bbox 389 1057 1982 1138">
    <p class='ocr_par' dir='ltr' id='par_1_11' title="bbox 389 1057 1982 1138">
     <span class='ocr_line' id='line_1_11' title="bbox 389 1057 1982 1138; baseline 0.006 -28"><span class='ocrx_word' id='word_1_63' title='bbox 389 1062 527 1112; x_wconf 85' lang='lat' dir='ltr'><strong>trum</strong></span> <span class='ocrx_word' id='word_1_64' title='bbox 552 1057 783 1123; x_wconf 88' lang='lat' dir='ltr'><strong>videtur,</strong></span> <span class='ocrx_word' id='word_1_65' title='bbox 811 1057 1043 1116; x_wconf 89' lang='lat' dir='ltr'><strong>alienum</strong></span> <span class='ocrx_word' id='word_1_66' title='bbox 1066 1067 1150 1114; x_wconf 89' lang='lat' dir='ltr'><strong>est</strong></span> <span class='ocrx_word' id='word_1_67' title='bbox 1181 1077 1195 1114; x_wconf 87' lang='lat'><strong>:</strong></span> <span class='ocrx_word' id='word_1_68' title='bbox 1226 1059 1359 1122; x_wconf 83' lang='lat' dir='ltr'><strong>nihil</strong></span> <span class='ocrx_word' id='word_1_69' title='bbox 1388 1062 1531 1118; x_wconf 89' lang='lat' dir='ltr'><strong>enim</strong></span> <span class='ocrx_word' id='word_1_70' title='bbox 1555 1073 1822 1138; x_wconf 83' lang='lat' dir='ltr'><strong>nostrum,</strong></span> <span class='ocrx_word' id='word_1_71' title='bbox 1851 1080 1982 1136; x_wconf 52' lang='lat' dir='ltr'><strong>quo.</strong></span> 
     </span>
    </p>
   </div>
   <div class='ocr_carea' id='block_1_12' title="bbox 385 1147 1984 1228">
    <p class='ocr_par' dir='ltr' id='par_1_12' title="bbox 385 1147 1984 1228">
     <span class='ocr_line' id='line_1_12' title="bbox 385 1147 1984 1228; baseline 0.006 -26"><span class='ocrx_word' id='word_1_72' title='bbox 385 1147 533 1212; x_wconf 75' lang='lat' dir='ltr'><strong>niam</strong></span> <span class='ocrx_word' id='word_1_73' title='bbox 588 1148 681 1208; x_wconf 86' lang='lat' dir='ltr'><strong>Dei</strong></span> <span class='ocrx_word' id='word_1_74' title='bbox 708 1149 909 1216; x_wconf 85' lang='lat' dir='ltr'><strong>omnia,</strong></span> <span class='ocrx_word' id='word_1_75' title='bbox 954 1149 1108 1220; x_wconf 86' lang='lat' dir='ltr'><strong>cujus</strong></span> <span class='ocrx_word' id='word_1_76' title='bbox 1156 1151 1255 1223; x_wconf 91' lang='lat' dir='ltr'><strong>ipsi</strong></span> <span class='ocrx_word' id='word_1_77' title='bbox 1299 1168 1512 1224; x_wconf 90' lang='lat' dir='ltr'><strong>quoque</strong></span> <span class='ocrx_word' id='word_1_78' title='bbox 1558 1169 1675 1216; x_wconf 81' lang='lat' dir='ltr'><strong>nos.</strong></span> <span class='ocrx_word' id='word_1_79' title='bbox 1713 1154 1895 1228; x_wconf 82' lang='lat' dir='ltr'><strong>Itaque</strong></span> <span class='ocrx_word' id='word_1_80' title='bbox 1938 1157 1984 1212; x_wconf 88' lang='lat' dir='ltr'><strong>si</strong></span> 
     </span>
    </p>
   </div>
   <div class='ocr_carea' id='block_1_13' title="bbox 387 1239 1986 1321">
    <p class='ocr_par' dir='ltr' id='par_1_13' title="bbox 387 1239 1986 1321">
     <span class='ocr_line' id='line_1_13' title="bbox 387 1239 1986 1321; baseline 0.004 -23"><span class='ocrx_word' id='word_1_81' title='bbox 387 1239 585 1304; x_wconf 84' lang='lat' dir='ltr'><strong>damno</strong></span> <span class='ocrx_word' id='word_1_82' title='bbox 602 1239 1140 1313; x_wconf 79' lang='lat' dir='ltr'><strong>affectiimpatienter</strong></span> <span class='ocrx_word' id='word_1_83' title='bbox 1177 1244 1507 1302; x_wconf 85' lang='lat' dir='ltr'><strong>senserimus</strong></span> <span class='ocrx_word' id='word_1_84' title='bbox 1547 1245 1779 1318; x_wconf 89' lang='lat' dir='ltr'><strong>(I),non</strong></span> <span class='ocrx_word' id='word_1_85' title='bbox 1824 1249 1888 1303; x_wconf 91' lang='lat' dir='ltr'><strong>de</strong></span> <span class='ocrx_word' id='word_1_86' title='bbox 1907 1248 1986 1321; x_wconf 65' lang='grc' dir='ltr'><strong>(ἓ)</strong></span> 
     </span>
    </p>
   </div>
   <div class='ocr_carea' id='block_1_14' title="bbox 385 1326 1983 1413">
    <p class='ocr_par' dir='ltr' id='par_1_14' title="bbox 385 1326 1983 1413">
     <span class='ocr_line' id='line_1_14' title="bbox 385 1326 1983 1413; baseline 0.006 -23"><span class='ocrx_word' id='word_1_87' title='bbox 385 1344 574 1398; x_wconf 79' lang='lat' dir='ltr'><strong>nostro</strong></span> <span class='ocrx_word' id='word_1_88' title='bbox 613 1326 872 1390; x_wconf 79' lang='lat' dir='ltr'><strong>a&#39;missum</strong></span> <span class='ocrx_word' id='word_1_89' title='bbox 907 1334 1148 1394; x_wconf 89' lang='lat' dir='ltr'><strong>dolentes</strong></span> <span class='ocrx_word' id='word_1_90' title='bbox 1170 1379 1184 1404; x_wconf 93' lang='lat'><strong>,</strong></span> <span class='ocrx_word' id='word_1_91' title='bbox 1221 1336 1410 1394; x_wconf 76' lang='lat' dir='ltr'><strong>affines</strong></span> <span class='ocrx_word' id='word_1_92' title='bbox 1449 1339 1756 1413; x_wconf 86' lang='lat' dir='ltr'><strong>cupiditatis</strong></span> <span class='ocrx_word' id='word_1_93' title='bbox 1785 1341 1983 1412; x_wconf 87' lang='lat' dir='ltr'><strong>depre—</strong></span> 
     </span>
    </p>
   </div>
   <div class='ocr_carea' id='block_1_15' title="bbox 387 1425 1977 1502">
    <p class='ocr_par' dir='ltr' id='par_1_15' title="bbox 387 1425 1977 1502">
     <span class='ocr_line' id='line_1_15' title="bbox 387 1425 1977 1502; baseline 0.001 -14"><span class='ocrx_word' id='word_1_94' title='bbox 387 1425 707 1489; x_wconf 77' lang='lat' dir='ltr'><strong>hendantur.</strong></span> <span class='ocrx_word' id='word_1_95' title='bbox 739 1427 986 1484; x_wconf 85' lang='lat' dir='ltr'><strong>Alienum</strong></span> <span class='ocrx_word' id='word_1_96' title='bbox 1017 1430 1331 1502; x_wconf 83' lang='lat' dir='ltr'><strong>quaerimus,</strong></span> <span class='ocrx_word' id='word_1_97' title='bbox 1374 1445 1495 1494; x_wconf 87' lang='lat' dir='ltr'><strong>cum</strong></span> <span class='ocrx_word' id='word_1_98' title='bbox 1549 1433 1784 1490; x_wconf 89' lang='lat' dir='ltr'><strong>alienum</strong></span> <span class='ocrx_word' id='word_1_99' title='bbox 1813 1435 1977 1490; x_wconf 84' lang='lat' dir='ltr'><strong>amis-</strong></span> 
     </span>
    </p>
   </div>
   <div class='ocr_carea' id='block_1_16' title="bbox 388 1517 1980 1596">
    <p class='ocr_par' dir='ltr' id='par_1_16' title="bbox 388 1517 1980 1596">
     <span class='ocr_line' id='line_1_16' title="bbox 388 1517 1980 1596; baseline 0.004 -21"><span class='ocrx_word' id='word_1_100' title='bbox 388 1535 504 1575; x_wconf 88' lang='lat' dir='ltr'><strong>sum</strong></span> <span class='ocrx_word' id='word_1_101' title='bbox 565 1517 645 1589; x_wconf 75' lang='grc' dir='ltr'><strong>(ὅ)</strong></span> <span class='ocrx_word' id='word_1_102' title='bbox 685 1535 826 1592; x_wconf 75' lang='lat' dir='ltr'><strong>a‘gre</strong></span> <span class='ocrx_word' id='word_1_103' title='bbox 871 1520 1220 1576; x_wconf 86' lang='lat' dir='ltr'><strong>sustinemus.</strong></span> <span class='ocrx_word' id='word_1_104' title='bbox 1265 1523 1364 1589; x_wconf 85' lang='lat' dir='ltr'><strong>Qui</strong></span> <span class='ocrx_word' id='word_1_105' title='bbox 1421 1523 1605 1579; x_wconf 86' lang='lat' dir='ltr'><strong>damni</strong></span> <span class='ocrx_word' id='word_1_106' title='bbox 1648 1526 1980 1596; x_wconf 80' lang='lat' dir='ltr'><strong>impatientia</strong></span> 
     </span>
    </p>
   </div>
   <div class='ocr_carea' id='block_1_17' title="bbox 389 1613 1981 1690">
    <p class='ocr_par' dir='ltr' id='par_1_17' title="bbox 389 1613 1981 1690">
     <span class='ocr_line' id='line_1_17' title="bbox 389 1613 1981 1690; baseline 0.004 -21"><span class='ocrx_word' id='word_1_107' title='bbox 389 1613 711 1678; x_wconf 89' lang='lat' dir='ltr'><strong>concitatur,</strong></span> <span class='ocrx_word' id='word_1_108' title='bbox 746 1623 959 1670; x_wconf 89' lang='lat' dir='ltr'><strong>terrena</strong></span> <span class='ocrx_word' id='word_1_109' title='bbox 988 1615 1301 1672; x_wconf 80' lang='lat' dir='ltr'><strong>etelestibus</strong></span> <span class='ocrx_word' id='word_1_110' title='bbox 1329 1619 1724 1688; x_wconf 87' lang='lat' dir='ltr'><strong>anteponendo,</strong></span> <span class='ocrx_word' id='word_1_111' title='bbox 1757 1619 1824 1674; x_wconf 90' lang='lat' dir='ltr'><strong>de</strong></span> <span class='ocrx_word' id='word_1_112' title='bbox 1854 1635 1981 1690; x_wconf 87' lang='lat' dir='ltr'><strong>pro-</strong></span> 
     </span>
    </p>
   </div>
   <div class='ocr_carea' id='block_1_18' title="bbox 387 1709 1982 1784">
    <p class='ocr_par' dir='ltr' id='par_1_18' title="bbox 387 1709 1982 1784">
     <span class='ocr_line' id='line_1_18' title="bbox 387 1709 1982 1784; baseline 0.002 -18"><span class='ocrx_word' id='word_1_113' title='bbox 387 1709 537 1766; x_wconf 77' lang='lat' dir='ltr'><strong>ximo</strong></span> <span class='ocrx_word' id='word_1_114' title='bbox 567 1709 619 1764; x_wconf 88' lang='lat' dir='ltr'><strong>in</strong></span> <span class='ocrx_word' id='word_1_115' title='bbox 645 1709 809 1766; x_wconf 91' lang='lat' dir='ltr'><strong>Deum</strong></span> <span class='ocrx_word' id='word_1_116' title='bbox 831 1720 1036 1781; x_wconf 84' lang='lat' dir='ltr'><strong>peccat.</strong></span> <span class='ocrx_word' id='word_1_117' title='bbox 1069 1710 1326 1782; x_wconf 74' lang='lat' dir='ltr'><strong>Spiritum</strong></span> <span class='ocrx_word' id='word_1_118' title='bbox 1353 1712 1495 1770; x_wconf 88' lang='lat' dir='ltr'><strong>enim</strong></span> <span class='ocrx_word' id='word_1_119' title='bbox 1517 1728 1676 1784; x_wconf 83' lang='lat' dir='ltr'><strong>quem</strong></span> <span class='ocrx_word' id='word_1_120' title='bbox 1701 1729 1732 1769; x_wconf 90' lang='lat' dir='ltr'><strong>a</strong></span> <span class='ocrx_word' id='word_1_121' title='bbox 1758 1713 1982 1770; x_wconf 89' lang='lat' dir='ltr'><strong>Domino</strong></span> 
     </span>
    </p>
   </div>
   <div class='ocr_carea' id='block_1_19' title="bbox 385 1803 1982 1878">
    <p class='ocr_par' dir='ltr' id='par_1_19' title="bbox 385 1803 1982 1878">
     <span class='ocr_line' id='line_1_19' title="bbox 385 1803 1982 1878; baseline 0.003 -20"><span class='ocrx_word' id='word_1_122' title='bbox 385 1803 637 1875; x_wconf 80' lang='lat' dir='ltr'><strong>sumpsit,</strong></span> <span class='ocrx_word' id='word_1_123' title='bbox 675 1803 952 1858; x_wconf 82' lang='lat' dir='ltr'><strong>saecularis</strong></span> <span class='ocrx_word' id='word_1_124' title='bbox 981 1803 1057 1859; x_wconf 90' lang='lat' dir='ltr'><strong>rei</strong></span> <span class='ocrx_word' id='word_1_125' title='bbox 1088 1804 1260 1875; x_wconf 82' lang='lat' dir='ltr'><strong>gratia</strong></span> <span class='ocrx_word' id='word_1_126' title='bbox 1311 1805 1576 1861; x_wconf 90' lang='lat' dir='ltr'><strong>concutit.</strong></span> <span class='ocrx_word' id='word_1_127' title='bbox 1609 1804 1868 1862; x_wconf 83' lang='lat' dir='ltr'><strong>Libenter</strong></span> <span class='ocrx_word' id='word_1_128' title='bbox 1901 1805 1982 1878; x_wconf 76' lang='grc'><strong>(4)</strong></span> 
     </span>
    </p>
   </div>
   <div class='ocr_carea' id='block_1_20' title="bbox 381 1894 1981 1968">
    <p class='ocr_par' dir='ltr' id='par_1_20' title="bbox 381 1894 1981 1968">
     <span class='ocr_line' id='line_1_20' title="bbox 381 1894 1981 1968; baseline 0 -14"><span class='ocrx_word' id='word_1_129' title='bbox 381 1894 553 1965; x_wconf 72' lang='lat' dir='ltr'><strong>igitur</strong></span> <span class='ocrx_word' id='word_1_130' title='bbox 584 1903 792 1950; x_wconf 88' lang='lat' dir='ltr'><strong>terrena</strong></span> <span class='ocrx_word' id='word_1_131' title='bbox 833 1894 1162 1968; x_wconf 86' lang='lat' dir='ltr'><strong>amittamus,</strong></span> <span class='ocrx_word' id='word_1_132' title='bbox 1195 1895 1440 1952; x_wconf 65' lang='lat' dir='ltr'><strong>caelestia</strong></span> <span class='ocrx_word' id='word_1_133' title='bbox 1484 1906 1749 1954; x_wconf 81' lang='lat' dir='ltr'><strong>tueamur.</strong></span> <span class='ocrx_word' id='word_1_134' title='bbox 1785 1897 1981 1954; x_wconf 88' lang='lat' dir='ltr'><strong>Totum</strong></span> 
     </span>
    </p>
   </div>
   <div class='ocr_carea' id='block_1_21' title="bbox 380 1987 1980 2063">
    <p class='ocr_par' dir='ltr' id='par_1_21' title="bbox 380 1987 1980 2063">
     <span class='ocr_line' id='line_1_21' title="bbox 380 1987 1980 2063; baseline 0.002 -21"><span class='ocrx_word' id='word_1_135' title='bbox 380 1987 515 2044; x_wconf 86' lang='lat' dir='ltr'><strong>licet</strong></span> <span class='ocrx_word' id='word_1_136' title='bbox 546 1988 802 2044; x_wconf 71' lang='lat' dir='ltr'><strong>sazculum</strong></span> <span class='ocrx_word' id='word_1_137' title='bbox 840 1998 1058 2060; x_wconf 75' lang='lat' dir='ltr'><strong>pereat,</strong></span> <span class='ocrx_word' id='word_1_138' title='bbox 1105 1989 1230 2045; x_wconf 92' lang='lat' dir='ltr'><strong>dum</strong></span> <span class='ocrx_word' id='word_1_139' title='bbox 1276 1990 1588 2063; x_wconf 87' lang='lat' dir='ltr'><strong>patientiam</strong></span> <span class='ocrx_word' id='word_1_140' title='bbox 1632 1991 1980 2050; x_wconf 89' lang='lat' dir='ltr'><strong>lucrifaciam.</strong></span> 
     </span>
    </p>
   </div>
   <div class='ocr_carea' id='block_1_22' title="bbox 383 2079 1985 2155">
    <p class='ocr_par' dir='ltr' id='par_1_22' title="bbox 383 2079 1985 2155">
     <span class='ocr_line' id='line_1_22' title="bbox 383 2079 1985 2155; baseline 0.001 -17"><span class='ocrx_word' id='word_1_141' title='bbox 383 2079 501 2138; x_wconf 77' lang='lat' dir='ltr'><strong>Jam</strong></span> <span class='ocrx_word' id='word_1_142' title='bbox 531 2082 620 2151; x_wconf 93' lang='lat' dir='ltr'><strong>qui</strong></span> <span class='ocrx_word' id='word_1_143' title='bbox 648 2082 910 2137; x_wconf 90' lang='lat' dir='ltr'><strong>minutum</strong></span> <span class='ocrx_word' id='word_1_144' title='bbox 937 2081 1039 2138; x_wconf 86' lang='lat' dir='ltr'><strong>sibi</strong></span> <span class='ocrx_word' id='word_1_145' title='bbox 1089 2083 1288 2154; x_wconf 87' lang='lat' dir='ltr'><strong>aliquid</strong></span> <span class='ocrx_word' id='word_1_146' title='bbox 1327 2091 1420 2138; x_wconf 92' lang='lat' dir='ltr'><strong>aut</strong></span> <span class='ocrx_word' id='word_1_147' title='bbox 1454 2081 1616 2149; x_wconf 83' lang='lat' dir='ltr'><strong>furto,</strong></span> <span class='ocrx_word' id='word_1_148' title='bbox 1645 2093 1740 2139; x_wconf 89' lang='lat' dir='ltr'><strong>aut</strong></span> <span class='ocrx_word' id='word_1_149' title='bbox 1776 2085 1850 2155; x_wconf 92' lang='lat' dir='ltr'><strong>vi,</strong></span> <span class='ocrx_word' id='word_1_150' title='bbox 1892 2093 1985 2140; x_wconf 88' lang='lat' dir='ltr'><strong>aut</strong></span> 
     </span>
    </p>
   </div>
   <div class='ocr_carea' id='block_1_23' title="bbox 384 2173 1981 2249">
    <p class='ocr_par' dir='ltr' id='par_1_23' title="bbox 384 2173 1981 2249">
     <span class='ocr_line' id='line_1_23' title="bbox 384 2173 1981 2249; baseline 0.004 -19"><span class='ocrx_word' id='word_1_151' title='bbox 384 2173 550 2230; x_wconf 82' lang='lat' dir='ltr'><strong>etiam</strong></span> <span class='ocrx_word' id='word_1_152' title='bbox 581 2175 813 2246; x_wconf 78' lang='lat' dir='ltr'><strong>ignavia,</strong></span> <span class='ocrx_word' id='word_1_153' title='bbox 850 2190 956 2231; x_wconf 91' lang='lat' dir='ltr'><strong>non</strong></span> <span class='ocrx_word' id='word_1_154' title='bbox 1005 2185 1315 2233; x_wconf 87' lang='lat' dir='ltr'><strong>constanter</strong></span> <span class='ocrx_word' id='word_1_155' title='bbox 1359 2178 1627 2235; x_wconf 87' lang='lat' dir='ltr'><strong>sustinere</strong></span> <span class='ocrx_word' id='word_1_156' title='bbox 1669 2179 1981 2249; x_wconf 90' lang='lat' dir='ltr'><strong>constituit,</strong></span> 
     </span>
    </p>
   </div>
   <div class='ocr_carea' id='block_1_24' title="bbox 383 2269 1981 2344">
    <p class='ocr_par' dir='ltr' id='par_1_24' title="bbox 383 2269 1981 2344">
     <span class='ocr_line' id='line_1_24' title="bbox 383 2269 1981 2344; baseline 0.003 -19"><span class='ocrx_word' id='word_1_157' title='bbox 383 2270 572 2325; x_wconf 83' lang='lat' dir='ltr'><strong>nescio</strong></span> <span class='ocrx_word' id='word_1_158' title='bbox 599 2285 668 2324; x_wconf 90' lang='lat' dir='ltr'><strong>an</strong></span> <span class='ocrx_word' id='word_1_159' title='bbox 695 2269 875 2339; x_wconf 83' lang='lat' dir='ltr'><strong>facile,</strong></span> <span class='ocrx_word' id='word_1_160' title='bbox 916 2272 1002 2326; x_wconf 87' lang='lat' dir='ltr'><strong>vel</strong></span> <span class='ocrx_word' id='word_1_161' title='bbox 1033 2287 1095 2330; x_wconf 76' lang='lat' dir='ltr'><strong>ex</strong></span> <span class='ocrx_word' id='word_1_162' title='bbox 1135 2273 1338 2340; x_wconf 90' lang='lat' dir='ltr'><strong>animo,</strong></span> <span class='ocrx_word' id='word_1_163' title='bbox 1370 2273 1488 2344; x_wconf 91' lang='lat' dir='ltr'><strong>ipse</strong></span> <span class='ocrx_word' id='word_1_164' title='bbox 1519 2274 1595 2330; x_wconf 90' lang='lat' dir='ltr'><strong>rei</strong></span> <span class='ocrx_word' id='word_1_165' title='bbox 1625 2289 1736 2329; x_wconf 75' lang='lat' dir='ltr'><strong>sua:</strong></span> <span class='ocrx_word' id='word_1_166' title='bbox 1767 2289 1981 2330; x_wconf 91' lang='lat' dir='ltr'><strong>manum</strong></span> 
     </span>
    </p>
   </div>
   <div class='ocr_carea' id='block_1_25' title="bbox 385 2364 1982 2438">
    <p class='ocr_par' dir='ltr' id='par_1_25' title="bbox 385 2364 1982 2438">
     <span class='ocr_line' id='line_1_25' title="bbox 385 2364 1982 2438; baseline 0.003 -18"><span class='ocrx_word' id='word_1_167' title='bbox 385 2365 588 2420; x_wconf 84' lang='lat' dir='ltr'><strong>inferre</strong></span> <span class='ocrx_word' id='word_1_168' title='bbox 615 2376 798 2435; x_wconf 87' lang='lat' dir='ltr'><strong>posset</strong></span> <span class='ocrx_word' id='word_1_169' title='bbox 847 2364 899 2418; x_wconf 93' lang='lat' dir='ltr'><strong>in</strong></span> <span class='ocrx_word' id='word_1_170' title='bbox 940 2380 1130 2422; x_wconf 89' lang='lat' dir='ltr'><strong>caussa</strong></span> <span class='ocrx_word' id='word_1_171' title='bbox 1155 2366 1535 2438; x_wconf 80' lang='lat' dir='ltr'><strong>eleemosynae.</strong></span> <span class='ocrx_word' id='word_1_172' title='bbox 1567 2366 1698 2436; x_wconf 86' lang='lat' dir='ltr'><strong>Quis</strong></span> <span class='ocrx_word' id='word_1_173' title='bbox 1739 2367 1884 2424; x_wconf 88' lang='lat' dir='ltr'><strong>enim</strong></span> <span class='ocrx_word' id='word_1_174' title='bbox 1914 2367 1982 2424; x_wconf 91' lang='lat' dir='ltr'><strong>ab</strong></span> 
     </span>
    </p>
   </div>
   <div class='ocr_carea' id='block_1_26' title="bbox 383 2457 1980 2530">
    <p class='ocr_par' dir='ltr' id='par_1_26' title="bbox 383 2457 1980 2530">
     <span class='ocr_line' id='line_1_26' title="bbox 383 2457 1980 2530; baseline -0.002 -12"><span class='ocrx_word' id='word_1_175' title='bbox 383 2459 494 2518; x_wconf 75' lang='lat' dir='ltr'><strong>alio</strong></span> <span class='ocrx_word' id='word_1_176' title='bbox 521 2460 692 2522; x_wconf 76' lang='lat' dir='ltr'><strong>secari</strong></span> <span class='ocrx_word' id='word_1_177' title='bbox 720 2459 941 2514; x_wconf 90' lang='lat' dir='ltr'><strong>omnino</strong></span> <span class='ocrx_word' id='word_1_178' title='bbox 973 2474 1078 2514; x_wconf 91' lang='lat' dir='ltr'><strong>non</strong></span> <span class='ocrx_word' id='word_1_179' title='bbox 1101 2459 1398 2524; x_wconf 81' lang='lat' dir='ltr'><strong>sustinens,</strong></span> <span class='ocrx_word' id='word_1_180' title='bbox 1418 2461 1530 2530; x_wconf 88' lang='lat' dir='ltr'><strong>ipse</strong></span> <span class='ocrx_word' id='word_1_181' title='bbox 1547 2457 1752 2515; x_wconf 90' lang='lat' dir='ltr'><strong>ferrum</strong></span> <span class='ocrx_word' id='word_1_182' title='bbox 1781 2460 1833 2515; x_wconf 90' lang='lat' dir='ltr'><strong>in</strong></span> <span class='ocrx_word' id='word_1_183' title='bbox 1860 2474 1980 2517; x_wconf 84' lang='lat' dir='ltr'><strong>cor-</strong></span> 
     </span>
    </p>
   </div>
   <div class='ocr_carea' id='block_1_27' title="bbox 378 2547 1982 2621">
    <p class='ocr_par' dir='ltr' id='par_1_27' title="bbox 378 2547 1982 2621">
     <span class='ocr_line' id='line_1_27' title="bbox 378 2547 1982 2621; baseline 0.002 -16"><span class='ocrx_word' id='word_1_184' title='bbox 378 2564 518 2621; x_wconf 86' lang='lat' dir='ltr'><strong>pore</strong></span> <span class='ocrx_word' id='word_1_185' title='bbox 545 2564 645 2608; x_wconf 89' lang='lat' dir='ltr'><strong>suo</strong></span> <span class='ocrx_word' id='word_1_186' title='bbox 695 2547 776 2620; x_wconf 87' lang='grc'><strong>(5)</strong></span> <span class='ocrx_word' id='word_1_187' title='bbox 831 2547 1012 2605; x_wconf 90' lang='lat' dir='ltr'><strong>ducit?</strong></span> <span class='ocrx_word' id='word_1_188' title='bbox 1043 2549 1305 2608; x_wconf 85' lang='lat' dir='ltr'><strong>Patientia</strong></span> <span class='ocrx_word' id='word_1_189' title='bbox 1333 2550 1390 2606; x_wconf 84' lang='lat' dir='ltr'><strong>in</strong></span> <span class='ocrx_word' id='word_1_190' title='bbox 1418 2549 1780 2617; x_wconf 84' lang='lat' dir='ltr'><strong>detrimentis,</strong></span> <span class='ocrx_word' id='word_1_191' title='bbox 1825 2567 1982 2608; x_wconf 61' lang='lat' dir='ltr'><strong>exero</strong></span> 
     </span>
    </p>
   </div>
   <div class='ocr_carea' id='block_1_28' title="bbox 377 2639 1978 2715">
    <p class='ocr_par' dir='ltr' id='par_1_28' title="bbox 377 2639 1978 2715">
     <span class='ocr_line' id='line_1_28' title="bbox 377 2639 1978 2715; baseline 0.004 -22"><span class='ocrx_word' id='word_1_192' title='bbox 377 2640 572 2696; x_wconf 84' lang='lat' dir='ltr'><strong>.eitatio</strong></span> <span class='ocrx_word' id='word_1_193' title='bbox 599 2649 681 2695; x_wconf 91' lang='lat' dir='ltr'><strong>est</strong></span> <span class='ocrx_word' id='word_1_194' title='bbox 707 2639 967 2712; x_wconf 75' lang='lat' dir='ltr'><strong>largiendi</strong></span> <span class='ocrx_word' id='word_1_195' title='bbox 1005 2649 1059 2696; x_wconf 90' lang='lat' dir='ltr'><strong>et</strong></span> <span class='ocrx_word' id='word_1_196' title='bbox 1083 2641 1537 2698; x_wconf 90' lang='lat' dir='ltr'><strong>communicandi.</strong></span> <span class='ocrx_word' id='word_1_197' title='bbox 1562 2641 1680 2699; x_wconf 80' lang='lat' dir='ltr'><strong>Non</strong></span> <span class='ocrx_word' id='word_1_198' title='bbox 1710 2643 1857 2715; x_wconf 88' lang='lat' dir='ltr'><strong>piget</strong></span> <span class='ocrx_word' id='word_1_199' title='bbox 1882 2644 1978 2700; x_wconf 79' lang='lat' dir='ltr'><strong>do-</strong></span> 
     </span>
    </p>
   </div>
   <div class='ocr_carea' id='block_1_29' title="bbox 385 2731 1979 2806">
    <p class='ocr_par' dir='ltr' id='par_1_29' title="bbox 385 2731 1979 2806">
     <span class='ocr_line' id='line_1_29' title="bbox 385 2731 1979 2806; baseline 0.003 -18"><span class='ocrx_word' id='word_1_200' title='bbox 385 2747 518 2788; x_wconf 85' lang='lat' dir='ltr'><strong>nare</strong></span> <span class='ocrx_word' id='word_1_201' title='bbox 537 2747 682 2800; x_wconf 90' lang='lat' dir='ltr'><strong>eum,</strong></span> <span class='ocrx_word' id='word_1_202' title='bbox 712 2731 801 2802; x_wconf 90' lang='lat' dir='ltr'><strong>qui</strong></span> <span class='ocrx_word' id='word_1_203' title='bbox 829 2747 935 2788; x_wconf 90' lang='lat' dir='ltr'><strong>non</strong></span> <span class='ocrx_word' id='word_1_204' title='bbox 965 2733 1115 2788; x_wconf 90' lang='lat' dir='ltr'><strong>timet</strong></span> <span class='ocrx_word' id='word_1_205' title='bbox 1144 2733 1392 2804; x_wconf 84' lang='lat' dir='ltr'><strong>perdere.</strong></span> <span class='ocrx_word' id='word_1_206' title='bbox 1421 2734 1673 2805; x_wconf 81' lang='lat' dir='ltr'><strong>Alioquin</strong></span> <span class='ocrx_word' id='word_1_207' title='bbox 1706 2735 1979 2806; x_wconf 87' lang='lat' dir='ltr'><strong>quomodo</strong></span> 
     </span>
    </p>
   </div>
   <div class='ocr_carea' id='block_1_30' title="bbox 386 2823 1978 2895">
    <p class='ocr_par' dir='ltr' id='par_1_30' title="bbox 386 2823 1978 2895">
     <span class='ocr_line' id='line_1_30' title="bbox 386 2823 1978 2895; baseline 0.003 -13"><span class='ocrx_word' id='word_1_208' title='bbox 386 2823 522 2882; x_wconf 86' lang='lat' dir='ltr'><strong>duas</strong></span> <span class='ocrx_word' id='word_1_209' title='bbox 549 2824 751 2880; x_wconf 79' lang='lat' dir='ltr'><strong>habens</strong></span> <span class='ocrx_word' id='word_1_210' title='bbox 774 2823 1002 2891; x_wconf 89' lang='lat' dir='ltr'><strong>tunicas,</strong></span> <span class='ocrx_word' id='word_1_211' title='bbox 1027 2825 1251 2881; x_wconf 88' lang='lat' dir='ltr'><strong>alteram</strong></span> <span class='ocrx_word' id='word_1_212' title='bbox 1281 2840 1466 2882; x_wconf 88' lang='lat' dir='ltr'><strong>earum</strong></span> <span class='ocrx_word' id='word_1_213' title='bbox 1501 2827 1644 2882; x_wconf 92' lang='lat' dir='ltr'><strong>nudo</strong></span> <span class='ocrx_word' id='word_1_214' title='bbox 1670 2826 1842 2895; x_wconf 88' lang='lat' dir='ltr'><strong>dabit,</strong></span> <span class='ocrx_word' id='word_1_215' title='bbox 1876 2830 1978 2888; x_wconf 84' lang='lat' dir='ltr'><strong>nisi</strong></span> 
     </span>
    </p>
   </div>
   <div class='ocr_carea' id='block_1_31' title="bbox 383 2916 1982 2992">
    <p class='ocr_par' dir='ltr' id='par_1_31' title="bbox 383 2916 1982 2992">
     <span class='ocr_line' id='line_1_31' title="bbox 383 2916 1982 2992; baseline 0.003 -18"><span class='ocrx_word' id='word_1_216' title='bbox 383 2916 523 2974; x_wconf 80' lang='lat' dir='ltr'><strong>idem</strong></span> <span class='ocrx_word' id='word_1_217' title='bbox 547 2917 635 2983; x_wconf 88' lang='lat' dir='ltr'><strong>sit,</strong></span> <span class='ocrx_word' id='word_1_218' title='bbox 657 2916 750 2988; x_wconf 90' lang='lat' dir='ltr'><strong>qui</strong></span> <span class='ocrx_word' id='word_1_219' title='bbox 777 2917 1038 2974; x_wconf 86' lang='lat' dir='ltr'><strong>auferenti</strong></span> <span class='ocrx_word' id='word_1_220' title='bbox 1069 2918 1324 2984; x_wconf 85' lang='lat' dir='ltr'><strong>tunicam,</strong></span> <span class='ocrx_word' id='word_1_221' title='bbox 1354 2919 1516 2975; x_wconf 90' lang='lat' dir='ltr'><strong>etiam</strong></span> <span class='ocrx_word' id='word_1_222' title='bbox 1541 2921 1759 2992; x_wconf 87' lang='lat' dir='ltr'><strong>pallium</strong></span> <span class='ocrx_word' id='word_1_223' title='bbox 1785 2921 1982 2984; x_wconf 75' lang='lat' dir='ltr'><strong>oli&#39;erre</strong></span> 
     </span>
    </p>
   </div>
   <div class='ocr_carea' id='block_1_32' title="bbox 2089 511 3688 588">
    <p class='ocr_par' dir='ltr' id='par_1_32' title="bbox 2089 511 3688 588">
     <span class='ocr_line' id='line_1_32' title="bbox 2089 511 3688 588; baseline 0.01 -20"><span class='ocrx_word' id='word_1_224' title='bbox 2089 511 2224 568; x_wconf 88' lang='lat' dir='ltr'><strong>mari</strong></span> <span class='ocrx_word' id='word_1_225' title='bbox 2271 521 2557 580; x_wconf 80' lang='lat' dir='ltr'><strong>exercent;</strong></span> <span class='ocrx_word' id='word_1_226' title='bbox 2603 529 2724 572; x_wconf 88' lang='lat' dir='ltr'><strong>cum</strong></span> <span class='ocrx_word' id='word_1_227' title='bbox 2769 519 3015 588; x_wconf 78' lang='lat' dir='ltr'><strong>pecunia:</strong></span> <span class='ocrx_word' id='word_1_228' title='bbox 3051 533 3245 578; x_wconf 86' lang='lat' dir='ltr'><strong>caussa</strong></span> <span class='ocrx_word' id='word_1_229' title='bbox 3277 523 3437 580; x_wconf 89' lang='lat' dir='ltr'><strong>etiam</strong></span> <span class='ocrx_word' id='word_1_230' title='bbox 3472 525 3524 582; x_wconf 90' lang='lat' dir='ltr'><strong>in</strong></span> <span class='ocrx_word' id='word_1_231' title='bbox 3566 523 3688 584; x_wconf 83' lang='lat' dir='ltr'><strong>foro</strong></span> 
     </span>
    </p>
   </div>
   <div class='ocr_carea' id='block_1_33' title="bbox 2067 603 3685 684">
    <p class='ocr_par' dir='ltr' id='par_1_33' title="bbox 2067 603 3685 684">
     <span class='ocr_line' id='line_1_33' title="bbox 2067 603 3685 684; baseline 0.013 -27"><span class='ocrx_word' id='word_1_232' title='bbox 2067 603 2221 666; x_wconf 76' lang='lat' dir='ltr'><strong>nihil</strong></span> <span class='ocrx_word' id='word_1_233' title='bbox 2263 604 2595 664; x_wconf 84' lang='lat' dir='ltr'><strong>damnationi</strong></span> <span class='ocrx_word' id='word_1_234' title='bbox 2627 608 2922 676; x_wconf 85' lang='lat' dir='ltr'><strong>timendum</strong></span> <span class='ocrx_word' id='word_1_235' title='bbox 2972 613 3192 684; x_wconf 75' lang='lat' dir='ltr'><strong>aggredi</strong></span> <span class='ocrx_word' id='word_1_236' title='bbox 3235 613 3509 684; x_wconf 89' lang='lat' dir='ltr'><strong>dubitant;</strong></span> <span class='ocrx_word' id='word_1_237' title='bbox 3560 633 3685 680; x_wconf 87' lang='lat' dir='ltr'><strong>cum</strong></span> 
     </span>
    </p>
   </div>
   <div class='ocr_carea' id='block_1_34' title="bbox 2088 695 3688 782">
    <p class='ocr_par' dir='ltr' id='par_1_34' title="bbox 2088 695 3688 782">
     <span class='ocr_line' id='line_1_34' title="bbox 2088 695 3688 782; baseline 0.011 -30"><span class='ocrx_word' id='word_1_238' title='bbox 2088 695 2325 770; x_wconf 88' lang='lat' dir='ltr'><strong>denique</strong></span> <span class='ocrx_word' id='word_1_239' title='bbox 2351 697 2477 756; x_wconf 92' lang='lat' dir='ltr'><strong>ludo</strong></span> <span class='ocrx_word' id='word_1_240' title='bbox 2503 709 2555 755; x_wconf 92' lang='lat' dir='ltr'><strong>et</strong></span> <span class='ocrx_word' id='word_1_241' title='bbox 2584 702 2777 758; x_wconf 82' lang='lat' dir='ltr'><strong>castris</strong></span> <span class='ocrx_word' id='word_1_242' title='bbox 2807 703 2881 776; x_wconf 89' lang='lat' dir='ltr'><strong>(c)</strong></span> <span class='ocrx_word' id='word_1_243' title='bbox 2923 719 3042 762; x_wconf 90' lang='lat' dir='ltr'><strong>sese</strong></span> <span class='ocrx_word' id='word_1_244' title='bbox 3073 705 3252 764; x_wconf 89' lang='lat' dir='ltr'><strong>locant</strong></span> <span class='ocrx_word' id='word_1_245' title='bbox 3292 707 3371 778; x_wconf 80' lang='grc' dir='ltr'><strong>(ά)</strong></span> <span class='ocrx_word' id='word_1_246' title='bbox 3394 751 3408 776; x_wconf 85' lang='grc'><em>,</em></span> <span class='ocrx_word' id='word_1_247' title='bbox 3440 725 3560 766; x_wconf 89' lang='lat' dir='ltr'><strong>cum</strong></span> <span class='ocrx_word' id='word_1_248' title='bbox 3590 727 3688 782; x_wconf 91' lang='lat' dir='ltr'><strong>per</strong></span> 
     </span>
    </p>
   </div>
   <div class='ocr_carea' id='block_1_35' title="bbox 2088 791 3688 870">
    <p class='ocr_par' dir='ltr' id='par_1_35' title="bbox 2088 791 3688 870">
     <span class='ocr_line' id='line_1_35' title="bbox 2088 791 3688 870; baseline 0.011 -26"><span class='ocrx_word' id='word_1_249' title='bbox 2088 791 2229 846; x_wconf 87' lang='lat' dir='ltr'><strong>viam</strong></span> <span class='ocrx_word' id='word_1_250' title='bbox 2263 793 2313 846; x_wconf 88' lang='lat' dir='ltr'><strong>in</strong></span> <span class='ocrx_word' id='word_1_251' title='bbox 2344 807 2524 849; x_wconf 89' lang='lat' dir='ltr'><strong>mores</strong></span> <span class='ocrx_word' id='word_1_252' title='bbox 2555 793 2848 852; x_wconf 88' lang='lat' dir='ltr'><strong>bestiarum</strong></span> <span class='ocrx_word' id='word_1_253' title='bbox 2877 796 2952 870; x_wconf 85' lang='lat' dir='ltr'><strong>(e)</strong></span> <span class='ocrx_word' id='word_1_254' title='bbox 2985 798 3395 856; x_wconf 87' lang='lat' dir='ltr'><strong>latrocinantur.</strong></span> <span class='ocrx_word' id='word_1_255' title='bbox 3425 801 3533 858; x_wconf 83' lang='lat' dir='ltr'><strong>Nos</strong></span> <span class='ocrx_word' id='word_1_256' title='bbox 3558 818 3688 862; x_wconf 91' lang='lat' dir='ltr'><strong>vero</strong></span> 
     </span>
    </p>
   </div>
   <div class='ocr_carea' id='block_1_36' title="bbox 2089 884 3687 961">
    <p class='ocr_par' dir='ltr' id='par_1_36' title="bbox 2089 884 3687 961">
     <span class='ocr_line' id='line_1_36' title="bbox 2089 884 3687 961; baseline 0.008 -22"><span class='ocrx_word' id='word_1_257' title='bbox 2089 884 2384 940; x_wconf 90' lang='lat' dir='ltr'><strong>secundum</strong></span> <span class='ocrx_word' id='word_1_258' title='bbox 2430 884 2820 956; x_wconf 86' lang='lat' dir='ltr'><strong>diversitatem,</strong></span> <span class='ocrx_word' id='word_1_259' title='bbox 2869 905 2972 961; x_wconf 90' lang='lat' dir='ltr'><strong>qua</strong></span> <span class='ocrx_word' id='word_1_260' title='bbox 3000 905 3120 946; x_wconf 92' lang='lat' dir='ltr'><strong>cum</strong></span> <span class='ocrx_word' id='word_1_261' title='bbox 3168 892 3274 948; x_wconf 91' lang='lat' dir='ltr'><strong>illis</strong></span> <span class='ocrx_word' id='word_1_262' title='bbox 3319 906 3530 961; x_wconf 88' lang='lat' dir='ltr'><strong>sumus,</strong></span> <span class='ocrx_word' id='word_1_263' title='bbox 3579 911 3687 952; x_wconf 91' lang='lat' dir='ltr'><strong>non</strong></span> 
     </span>
    </p>
   </div>
   <div class='ocr_carea' id='block_1_37' title="bbox 2087 976 3680 1060">
    <p class='ocr_par' dir='ltr' id='par_1_37' title="bbox 2087 976 3680 1060">
     <span class='ocr_line' id='line_1_37' title="bbox 2087 976 3680 1060; baseline 0.006 -27"><span class='ocrx_word' id='word_1_264' title='bbox 2087 976 2320 1034; x_wconf 85' lang='lat' dir='ltr'><strong>animam</strong></span> <span class='ocrx_word' id='word_1_265' title='bbox 2345 992 2442 1049; x_wconf 90' lang='lat' dir='ltr'><strong>pro</strong></span> <span class='ocrx_word' id='word_1_266' title='bbox 2478 979 2724 1050; x_wconf 87' lang='lat' dir='ltr'><strong>pecunia,</strong></span> <span class='ocrx_word' id='word_1_267' title='bbox 2751 979 2848 1036; x_wconf 86' lang='lat' dir='ltr'><strong>sed</strong></span> <span class='ocrx_word' id='word_1_268' title='bbox 2876 983 3156 1053; x_wconf 87' lang='lat' dir='ltr'><strong>pecuniam</strong></span> <span class='ocrx_word' id='word_1_269' title='bbox 3186 999 3282 1056; x_wconf 91' lang='lat' dir='ltr'><strong>pro</strong></span> <span class='ocrx_word' id='word_1_270' title='bbox 3311 985 3487 1040; x_wconf 79' lang='lat' dir='ltr'><strong>anima</strong></span> <span class='ocrx_word' id='word_1_271' title='bbox 3517 985 3680 1060; x_wconf 75' lang='lat' dir='ltr'><strong>depo~</strong></span> 
     </span>
    </p>
   </div>
   <div class='ocr_carea' id='block_1_38' title="bbox 2090 1072 3684 1149">
    <p class='ocr_par' dir='ltr' id='par_1_38' title="bbox 2090 1072 3684 1149">
     <span class='ocr_line' id='line_1_38' title="bbox 2090 1072 3684 1149; baseline 0.007 -20"><span class='ocrx_word' id='word_1_272' title='bbox 2090 1085 2219 1129; x_wconf 87' lang='lat' dir='ltr'><strong>nere</strong></span> <span class='ocrx_word' id='word_1_273' title='bbox 2244 1072 2516 1140; x_wconf 81' lang='lat' dir='ltr'><strong>convenit,</strong></span> <span class='ocrx_word' id='word_1_274' title='bbox 2550 1087 2644 1130; x_wconf 87' lang='lat' dir='ltr'><strong>seu</strong></span> <span class='ocrx_word' id='word_1_275' title='bbox 2667 1083 2860 1144; x_wconf 89' lang='lat' dir='ltr'><strong>sponte</strong></span> <span class='ocrx_word' id='word_1_276' title='bbox 2892 1075 2942 1130; x_wconf 91' lang='lat' dir='ltr'><strong>in</strong></span> <span class='ocrx_word' id='word_1_277' title='bbox 2969 1075 3268 1148; x_wconf 72' lang='lat' dir='ltr'><strong>largiendo,</strong></span> <span class='ocrx_word' id='word_1_278' title='bbox 3295 1092 3390 1136; x_wconf 89' lang='lat' dir='ltr'><strong>seu</strong></span> <span class='ocrx_word' id='word_1_279' title='bbox 3419 1080 3684 1149; x_wconf 70' lang='lat' dir='ltr'><strong>patientes</strong></span> 
     </span>
    </p>
   </div>
   <div class='ocr_carea' id='block_1_39' title="bbox 2089 1166 2489 1226">
    <p class='ocr_par' dir='ltr' id='par_1_39' title="bbox 2089 1166 2489 1226">
     <span class='ocr_line' id='line_1_39' title="bbox 2089 1166 2489 1226; baseline 0 -4"><span class='ocrx_word' id='word_1_280' title='bbox 2089 1166 2143 1226; x_wconf 89' lang='lat' dir='ltr'><strong>in</strong></span> <span class='ocrx_word' id='word_1_281' title='bbox 2170 1167 2489 1224; x_wconf 85' lang='lat' dir='ltr'><strong>amittendo.</strong></span> 
     </span>
    </p>
   </div>
   <div class='ocr_carea' id='block_1_40' title="bbox 2688 1261 3095 1321">
    <p class='ocr_par' dir='ltr' id='par_1_40' title="bbox 2688 1261 3095 1321">
     <span class='ocr_line' id='line_1_40' title="bbox 2688 1261 3095 1321; baseline 0.002 -2"><span class='ocrx_word' id='word_1_282' title='bbox 2688 1262 2920 1321; x_wconf 84' lang='lat' dir='ltr'><strong>CAPUT</strong></span> <span class='ocrx_word' id='word_1_283' title='bbox 2958 1261 3095 1320; x_wconf 76' lang='lat' dir='ltr'><strong>VIII.</strong></span> 
     </span>
    </p>
   </div>
   <div class='ocr_carea' id='block_1_41' title="bbox 2164 1354 3688 1428">
    <p class='ocr_par' dir='ltr' id='par_1_41' title="bbox 2164 1354 3688 1428">
     <span class='ocr_line' id='line_1_41' title="bbox 2164 1354 3688 1428; baseline 0 -12"><span class='ocrx_word' id='word_1_284' title='bbox 2164 1357 2338 1428; x_wconf 85' lang='lat' dir='ltr'><strong>Ipsam</strong></span> <span class='ocrx_word' id='word_1_285' title='bbox 2365 1357 2598 1416; x_wconf 83' lang='lat' dir='ltr'><strong>animam</strong></span> <span class='ocrx_word' id='word_1_286' title='bbox 2627 1354 2910 1428; x_wconf 89' lang='lat' dir='ltr'><strong>ipsumque</strong></span> <span class='ocrx_word' id='word_1_287' title='bbox 2929 1372 3127 1428; x_wconf 89' lang='lat' dir='ltr'><strong>corpus</strong></span> <span class='ocrx_word' id='word_1_288' title='bbox 3150 1356 3204 1416; x_wconf 88' lang='lat' dir='ltr'><strong>in</strong></span> <span class='ocrx_word' id='word_1_289' title='bbox 3227 1357 3434 1415; x_wconf 76' lang='lat' dir='ltr'><strong>szeculo</strong></span> <span class='ocrx_word' id='word_1_290' title='bbox 3459 1359 3566 1418; x_wconf 89' lang='lat' dir='ltr'><strong>isto</strong></span> <span class='ocrx_word' id='word_1_291' title='bbox 3593 1375 3688 1416; x_wconf 60' lang='lat' dir='ltr'><strong>ex.</strong></span> 
     </span>
    </p>
   </div>
   <div class='ocr_carea' id='block_1_42' title="bbox 2089 1449 3683 1524">
    <p class='ocr_par' dir='ltr' id='par_1_42' title="bbox 2089 1449 3683 1524">
     <span class='ocr_line' id='line_1_42' title="bbox 2089 1449 3683 1524; baseline 0 -16"><span class='ocrx_word' id='word_1_292' title='bbox 2089 1451 2325 1522; x_wconf 87' lang='lat' dir='ltr'><strong>positum</strong></span> <span class='ocrx_word' id='word_1_293' title='bbox 2355 1449 2606 1510; x_wconf 85' lang='lat' dir='ltr'><strong>omnibus</strong></span> <span class='ocrx_word' id='word_1_294' title='bbox 2634 1449 2703 1506; x_wconf 86' lang='lat' dir='ltr'><strong>ad</strong></span> <span class='ocrx_word' id='word_1_295' title='bbox 2747 1449 2998 1520; x_wconf 87' lang='lat' dir='ltr'><strong>injuriam</strong></span> <span class='ocrx_word' id='word_1_296' title='bbox 3031 1451 3290 1524; x_wconf 81' lang='lat' dir='ltr'><strong>gerimus,</strong></span> <span class='ocrx_word' id='word_1_297' title='bbox 3338 1451 3563 1524; x_wconf 88' lang='lat' dir='ltr'><strong>ejusque</strong></span> <span class='ocrx_word' id='word_1_298' title='bbox 3601 1453 3683 1509; x_wconf 82' lang='lat' dir='ltr'><strong>in-</strong></span> 
     </span>
    </p>
   </div>
   <div class='ocr_carea' id='block_1_43' title="bbox 2083 1534 3674 1616">
    <p class='ocr_par' dir='ltr' id='par_1_43' title="bbox 2083 1534 3674 1616">
     <span class='ocr_line' id='line_1_43' title="bbox 2083 1534 3674 1616; baseline 0.004 -16"><span class='ocrx_word' id='word_1_299' title='bbox 2083 1541 2240 1612; x_wconf 73' lang='lat' dir='ltr'><strong>juria:</strong></span> <span class='ocrx_word' id='word_1_300' title='bbox 2269 1543 2593 1616; x_wconf 81' lang='lat' dir='ltr'><strong>patientiam</strong></span> <span class='ocrx_word' id='word_1_301' title='bbox 2632 1543 2914 1610; x_wconf 80' lang='lat' dir='ltr'><strong>subimus;</strong></span> <span class='ocrx_word' id='word_1_302' title='bbox 2961 1544 3231 1604; x_wconf 87' lang='lat' dir='ltr'><strong>minorum</strong></span> <span class='ocrx_word' id='word_1_303' title='bbox 3285 1534 3674 1606; x_wconf 77' lang='lat' dir='ltr'><strong>deliberatione</strong></span> 
     </span>
    </p>
   </div>
   <div class='ocr_carea' id='block_1_44' title="bbox 2085 1633 3690 1710">
    <p class='ocr_par' dir='ltr' id='par_1_44' title="bbox 2085 1633 3690 1710">
     <span class='ocr_line' id='line_1_44' title="bbox 2085 1633 3690 1710; baseline 0.001 -18"><span class='ocrx_word' id='word_1_304' title='bbox 2085 1633 2169 1706; x_wconf 87' lang='lat'>(8)</span> <span class='ocrx_word' id='word_1_305' title='bbox 2213 1634 2282 1705; x_wconf 77' lang='lat' dir='ltr'><strong>(f)</strong></span> <span class='ocrx_word' id='word_1_306' title='bbox 2310 1635 2612 1692; x_wconf 71' lang='lat' dir='ltr'><strong>lazdemur?</strong></span> <span class='ocrx_word' id='word_1_307' title='bbox 2643 1636 2798 1694; x_wconf 86' lang='lat' dir='ltr'><strong>Absit</strong></span> <span class='ocrx_word' id='word_1_308' title='bbox 2820 1653 2853 1692; x_wconf 93' lang='lat' dir='ltr'><strong>a</strong></span> <span class='ocrx_word' id='word_1_309' title='bbox 2883 1652 3043 1694; x_wconf 87' lang='lat' dir='ltr'><strong>servo</strong></span> <span class='ocrx_word' id='word_1_310' title='bbox 3073 1637 3272 1696; x_wconf 83' lang='lat' dir='ltr'><strong>Christi</strong></span> <span class='ocrx_word' id='word_1_311' title='bbox 3300 1640 3406 1695; x_wconf 87' lang='lat' dir='ltr'><strong>tale</strong></span> <span class='ocrx_word' id='word_1_312' title='bbox 3441 1639 3690 1710; x_wconf 81' lang='lat' dir='ltr'><strong>inquina-</strong></span> 
     </span>
    </p>
   </div>
   <div class='ocr_carea' id='block_1_45' title="bbox 2010 1728 3686 1809">
    <p class='ocr_par' dir='ltr' id='par_1_45' title="bbox 2010 1728 3686 1809">
     <span class='ocr_line' id='line_1_45' title="bbox 2010 1728 3686 1809; baseline 0.004 -27"><span class='ocrx_word' id='word_1_313' title='bbox 2010 1741 2058 1802; x_wconf 77' lang='grc' dir='ltr'><strong>Β</strong></span> <span class='ocrx_word' id='word_1_314' title='bbox 2087 1735 2350 1796; x_wconf 90' lang='lat' dir='ltr'><strong>mentum,</strong></span> <span class='ocrx_word' id='word_1_315' title='bbox 2385 1735 2441 1784; x_wconf 92' lang='lat' dir='ltr'><strong>ut</strong></span> <span class='ocrx_word' id='word_1_316' title='bbox 2469 1728 2747 1798; x_wconf 88' lang='lat' dir='ltr'><strong>patientia,</strong></span> <span class='ocrx_word' id='word_1_317' title='bbox 2769 1729 3090 1800; x_wconf 83' lang='lat' dir='ltr'><strong>majoribus</strong></span> <span class='ocrx_word' id='word_1_318' title='bbox 3123 1731 3510 1809; x_wconf 78' lang='lat' dir='ltr'><strong>tentatiouibus</strong></span> <span class='ocrx_word' id='word_1_319' title='bbox 3547 1747 3686 1803; x_wconf 66' lang='lat' dir='ltr'><strong>prmo</strong></span> 
     </span>
    </p>
   </div>
   <div class='ocr_carea' id='block_1_46' title="bbox 2087 1819 3687 1895">
    <p class='ocr_par' dir='ltr' id='par_1_46' title="bbox 2087 1819 3687 1895">
     <span class='ocr_line' id='line_1_46' title="bbox 2087 1819 3687 1895; baseline 0.003 -19"><span class='ocrx_word' id='word_1_320' title='bbox 2087 1828 2274 1891; x_wconf 79' lang='lat' dir='ltr'><strong>parata</strong></span> <span class='ocrx_word' id='word_1_321' title='bbox 2309 1861 2326 1887; x_wconf 92' lang='lat'><strong>,</strong></span> <span class='ocrx_word' id='word_1_322' title='bbox 2393 1820 2445 1876; x_wconf 90' lang='lat' dir='ltr'><strong>in</strong></span> <span class='ocrx_word' id='word_1_323' title='bbox 2511 1819 2718 1878; x_wconf 85' lang='lat' dir='ltr'><strong>frivolis</strong></span> <span class='ocrx_word' id='word_1_324' title='bbox 2786 1821 3018 1882; x_wconf 78' lang='lat' dir='ltr'><strong>excidat.</strong></span> <span class='ocrx_word' id='word_1_325' title='bbox 3074 1823 3130 1880; x_wconf 89' lang='lat' dir='ltr'><strong>Si</strong></span> <span class='ocrx_word' id='word_1_326' title='bbox 3173 1839 3336 1880; x_wconf 89' lang='lat' dir='ltr'><strong>manu</strong></span> <span class='ocrx_word' id='word_1_327' title='bbox 3391 1825 3511 1895; x_wconf 86' lang='lat' dir='ltr'><strong>quis</strong></span> <span class='ocrx_word' id='word_1_328' title='bbox 3579 1833 3687 1880; x_wconf 86' lang='lat' dir='ltr'><strong>ten-</strong></span> 
     </span>
    </p>
   </div>
   <div class='ocr_carea' id='block_1_47' title="bbox 2088 1913 3688 1986">
    <p class='ocr_par' dir='ltr' id='par_1_47' title="bbox 2088 1913 3688 1986">
     <span class='ocr_line' id='line_1_47' title="bbox 2088 1913 3688 1986; baseline 0.003 -19"><span class='ocrx_word' id='word_1_329' title='bbox 2088 1913 2282 1968; x_wconf 83' lang='lat' dir='ltr'><strong>taverit</strong></span> <span class='ocrx_word' id='word_1_330' title='bbox 2325 1928 2621 1984; x_wconf 88' lang='lat' dir='ltr'><strong>provocare</strong></span> <span class='ocrx_word' id='word_1_331' title='bbox 2645 1913 2748 1985; x_wconf 90' lang='lat'><strong>(9),</strong></span> <span class='ocrx_word' id='word_1_332' title='bbox 2804 1925 3002 1986; x_wconf 63' lang='lat' dir='ltr'><strong>praesto</strong></span> <span class='ocrx_word' id='word_1_333' title='bbox 3050 1925 3132 1974; x_wconf 88' lang='lat' dir='ltr'><strong>est</strong></span> <span class='ocrx_word' id='word_1_334' title='bbox 3177 1915 3442 1974; x_wconf 81' lang='lat' dir='ltr'><strong>detniniea</strong></span> <span class='ocrx_word' id='word_1_335' title='bbox 3473 1926 3688 1976; x_wconf 83' lang='lat' dir='ltr'><strong>moneta</strong></span> 
     </span>
    </p>
   </div>
   <div class='ocr_carea' id='block_1_48' title="bbox 2088 2004 3686 2084">
    <p class='ocr_par' dir='ltr' id='par_1_48' title="bbox 2088 2004 3686 2084">
     <span class='ocr_line' id='line_1_48' title="bbox 2088 2004 3686 2084; baseline 0.008 -26"><span class='ocrx_word' id='word_1_336' title='bbox 2088 2004 2168 2078; x_wconf 86' lang='lat' dir='ltr'><strong>(g)</strong></span> <span class='ocrx_word' id='word_1_337' title='bbox 2195 2023 2208 2059; x_wconf 91' lang='lat'><strong>:</strong></span> <span class='ocrx_word' id='word_1_338' title='bbox 2238 2004 2525 2061; x_wconf 84' lang='lat' dir='ltr'><strong>Verberanti</strong></span> <span class='ocrx_word' id='word_1_339' title='bbox 2558 2016 2606 2061; x_wconf 87' lang='lat' dir='ltr'><strong>te</strong></span> <span class='ocrx_word' id='word_1_340' title='bbox 2659 2007 2857 2079; x_wconf 91' lang='lat' dir='ltr'><strong>(inquit</strong></span> <span class='ocrx_word' id='word_1_341' title='bbox 2913 2006 3214 2076; x_wconf 80' lang='lat' dir='ltr'><strong>Mattlt.,V,</strong></span> <span class='ocrx_word' id='word_1_342' title='bbox 3245 2007 3340 2080; x_wconf 79' lang='lat'><strong>39)</strong></span> <span class='ocrx_word' id='word_1_343' title='bbox 3373 2009 3428 2064; x_wconf 82' lang='lat' dir='ltr'><strong>in</strong></span> <span class='ocrx_word' id='word_1_344' title='bbox 3457 2012 3642 2082; x_wconf 75' lang='lat' dir='ltr'><strong>facient</strong></span> <span class='ocrx_word' id='word_1_345' title='bbox 3667 2055 3686 2084; x_wconf 90' lang='lat'><strong>,</strong></span> 
     </span>
    </p>
   </div>
   <div class='ocr_carea' id='block_1_49' title="bbox 2089 2099 3686 2178">
    <p class='ocr_par' dir='ltr' id='par_1_49' title="bbox 2089 2099 3686 2178">
     <span class='ocr_line' id='line_1_49' title="bbox 2089 2099 3686 2178; baseline 0.007 -26"><span class='ocrx_word' id='word_1_346' title='bbox 2089 2100 2240 2153; x_wconf 89' lang='lat' dir='ltr'><strong>etiam</strong></span> <span class='ocrx_word' id='word_1_347' title='bbox 2267 2099 2482 2154; x_wconf 87' lang='lat' dir='ltr'><strong>alteram</strong></span> <span class='ocrx_word' id='word_1_348' title='bbox 2503 2116 2689 2172; x_wconf 86' lang='lat' dir='ltr'><strong>genam</strong></span> <span class='ocrx_word' id='word_1_349' title='bbox 2712 2100 2928 2156; x_wconf 86' lang='lat' dir='ltr'><strong>obverte.</strong></span> <span class='ocrx_word' id='word_1_350' title='bbox 2949 2100 3224 2173; x_wconf 79' lang='lat' dir='ltr'><strong>Fatigetur</strong></span> <span class='ocrx_word' id='word_1_351' title='bbox 3252 2102 3566 2174; x_wconf 84' lang='lat' dir='ltr'><strong>improbitas</strong></span> <span class='ocrx_word' id='word_1_352' title='bbox 3588 2123 3686 2178; x_wconf 84' lang='lat' dir='ltr'><strong>pa-</strong></span> 
     </span>
    </p>
   </div>
   <div class='ocr_carea' id='block_1_50' title="bbox 2090 2191 3688 2264">
    <p class='ocr_par' dir='ltr' id='par_1_50' title="bbox 2090 2191 3688 2264">
     <span class='ocr_line' id='line_1_50' title="bbox 2090 2191 3688 2264; baseline 0.007 -18"><span class='ocrx_word' id='word_1_353' title='bbox 2090 2192 2274 2247; x_wconf 89' lang='lat' dir='ltr'><strong>tientia</strong></span> <span class='ocrx_word' id='word_1_354' title='bbox 2301 2200 2413 2248; x_wconf 89' lang='lat' dir='ltr'><strong>tua.</strong></span> <span class='ocrx_word' id='word_1_355' title='bbox 2443 2191 2609 2263; x_wconf 88' lang='lat' dir='ltr'><strong>Cujus</strong></span> <span class='ocrx_word' id='word_1_356' title='bbox 2641 2191 2760 2264; x_wconf 91' lang='lat' dir='ltr'><strong>(l0)</strong></span> <span class='ocrx_word' id='word_1_357' title='bbox 2791 2192 2924 2249; x_wconf 87' lang='lat' dir='ltr'><strong>ictus</strong></span> <span class='ocrx_word' id='word_1_358' title='bbox 2963 2193 3056 2250; x_wconf 90' lang='lat' dir='ltr'><strong>ille</strong></span> <span class='ocrx_word' id='word_1_359' title='bbox 3083 2195 3172 2261; x_wconf 85' lang='lat' dir='ltr'><strong>sit,</strong></span> <span class='ocrx_word' id='word_1_360' title='bbox 3203 2193 3388 2253; x_wconf 87' lang='lat' dir='ltr'><strong>dolore</strong></span> <span class='ocrx_word' id='word_1_361' title='bbox 3414 2208 3466 2254; x_wconf 93' lang='lat' dir='ltr'><strong>ct</strong></span> <span class='ocrx_word' id='word_1_362' title='bbox 3493 2209 3688 2256; x_wconf 85' lang='lat' dir='ltr'><strong>contu-</strong></span> 
     </span>
    </p>
   </div>
   <div class='ocr_carea' id='block_1_51' title="bbox 2089 2284 3688 2364">
    <p class='ocr_par' dir='ltr' id='par_1_51' title="bbox 2089 2284 3688 2364">
     <span class='ocr_line' id='line_1_51' title="bbox 2089 2284 3688 2364; baseline 0.008 -27"><span class='ocrx_word' id='word_1_363' title='bbox 2089 2284 2250 2350; x_wconf 85' lang='lat' dir='ltr'><strong>melia</strong></span> <span class='ocrx_word' id='word_1_364' title='bbox 2270 2284 2618 2353; x_wconf 86' lang='lat' dir='ltr'><strong>constrictus,</strong></span> <span class='ocrx_word' id='word_1_365' title='bbox 2644 2286 2862 2356; x_wconf 86' lang='lat' dir='ltr'><strong>gravius</strong></span> <span class='ocrx_word' id='word_1_366' title='bbox 2890 2300 2922 2342; x_wconf 87' lang='lat' dir='ltr'><strong>a</strong></span> <span class='ocrx_word' id='word_1_367' title='bbox 2950 2286 3178 2346; x_wconf 89' lang='lat' dir='ltr'><strong>Domino</strong></span> <span class='ocrx_word' id='word_1_368' title='bbox 3197 2291 3415 2360; x_wconf 84' lang='lat' dir='ltr'><strong>vapulat</strong></span> <span class='ocrx_word' id='word_1_369' title='bbox 3435 2289 3543 2364; x_wconf 80' lang='lat' dir='ltr'><strong>(It).</strong></span> <span class='ocrx_word' id='word_1_370' title='bbox 3559 2292 3688 2350; x_wconf 87' lang='lat' dir='ltr'><strong>Plus</strong></span> 
     </span>
    </p>
   </div>
   <div class='ocr_carea' id='block_1_52' title="bbox 2087 2375 3687 2457">
    <p class='ocr_par' dir='ltr' id='par_1_52' title="bbox 2087 2375 3687 2457">
     <span class='ocr_line' id='line_1_52' title="bbox 2087 2375 3687 2457; baseline 0.008 -26"><span class='ocrx_word' id='word_1_371' title='bbox 2087 2375 2392 2447; x_wconf 89' lang='lat' dir='ltr'><strong>improbum</strong></span> <span class='ocrx_word' id='word_1_372' title='bbox 2414 2375 2562 2434; x_wconf 90' lang='lat' dir='ltr'><strong>illum</strong></span> <span class='ocrx_word' id='word_1_373' title='bbox 2585 2377 2750 2434; x_wconf 85' lang='lat' dir='ltr'><strong>caedis</strong></span> <span class='ocrx_word' id='word_1_374' title='bbox 2779 2378 3134 2448; x_wconf 55' lang='lat' dir='ltr'><strong>sustinendo;</strong></span> <span class='ocrx_word' id='word_1_375' title='bbox 3159 2380 3228 2436; x_wconf 88' lang='lat' dir='ltr'><strong>ab</strong></span> <span class='ocrx_word' id='word_1_376' title='bbox 3249 2396 3316 2438; x_wconf 90' lang='lat' dir='ltr'><strong>eo</strong></span> <span class='ocrx_word' id='word_1_377' title='bbox 3341 2384 3484 2439; x_wconf 89' lang='lat' dir='ltr'><strong>enim</strong></span> <span class='ocrx_word' id='word_1_378' title='bbox 3514 2399 3687 2457; x_wconf 78' lang='lat' dir='ltr'><strong>vapu-</strong></span> 
     </span>
    </p>
   </div>
   <div class='ocr_carea' id='block_1_53' title="bbox 2087 2467 3686 2545">
    <p class='ocr_par' dir='ltr' id='par_1_53' title="bbox 2087 2467 3686 2545">
     <span class='ocr_line' id='line_1_53' title="bbox 2087 2467 3686 2545; baseline 0.007 -21"><span class='ocrx_word' id='word_1_379' title='bbox 2087 2467 2240 2536; x_wconf 88' lang='lat' dir='ltr'><strong>labit,</strong></span> <span class='ocrx_word' id='word_1_380' title='bbox 2271 2468 2422 2540; x_wconf 88' lang='lat' dir='ltr'><strong>cujus</strong></span> <span class='ocrx_word' id='word_1_381' title='bbox 2447 2470 2620 2542; x_wconf 81' lang='lat' dir='ltr'><strong>gratia</strong></span> <span class='ocrx_word' id='word_1_382' title='bbox 2639 2470 2898 2527; x_wconf 86' lang='lat' dir='ltr'><strong>sustines.</strong></span> <span class='ocrx_word' id='word_1_383' title='bbox 2919 2469 2979 2528; x_wconf 90' lang='lat' dir='ltr'><strong>Si</strong></span> <span class='ocrx_word' id='word_1_384' title='bbox 2997 2471 3192 2545; x_wconf 68' lang='lat' dir='ltr'><strong>linguae</strong></span> <span class='ocrx_word' id='word_1_385' title='bbox 3217 2475 3521 2534; x_wconf 81' lang='lat' dir='ltr'><strong>amaritudo</strong></span> <span class='ocrx_word' id='word_1_386' title='bbox 3565 2492 3686 2534; x_wconf 81' lang='lat' dir='ltr'><strong>ma-</strong></span> 
     </span>
    </p>
   </div>
   <div class='ocr_carea' id='block_1_54' title="bbox 2084 2560 3684 2637">
    <p class='ocr_par' dir='ltr' id='par_1_54' title="bbox 2084 2560 3684 2637">
     <span class='ocr_line' id='line_1_54' title="bbox 2084 2560 3684 2637; baseline 0.004 -19"><span class='ocrx_word' id='word_1_387' title='bbox 2084 2560 2282 2622; x_wconf 89' lang='lat' dir='ltr'><strong>ledicto</strong></span> <span class='ocrx_word' id='word_1_388' title='bbox 2361 2561 2474 2618; x_wconf 83' lang='lat' dir='ltr'><strong>sive</strong></span> <span class='ocrx_word' id='word_1_389' title='bbox 2549 2561 2797 2620; x_wconf 88' lang='lat' dir='ltr'><strong>convicio</strong></span> <span class='ocrx_word' id='word_1_390' title='bbox 2868 2563 3146 2633; x_wconf 87' lang='lat' dir='ltr'><strong>eruperit,</strong></span> <span class='ocrx_word' id='word_1_391' title='bbox 3203 2567 3414 2637; x_wconf 83' lang='lat' dir='ltr'><strong>respice</strong></span> <span class='ocrx_word' id='word_1_392' title='bbox 3481 2567 3684 2625; x_wconf 85' lang='lat' dir='ltr'><strong>dictum</strong></span> 
     </span>
    </p>
   </div>
   <div class='ocr_carea' id='block_1_55' title="bbox 2081 2651 3688 2729">
    <p class='ocr_par' dir='ltr' id='par_1_55' title="bbox 2081 2651 3688 2729">
     <span class='ocr_line' id='line_1_55' title="bbox 2081 2651 3688 2729; baseline 0.005 -21"><span class='ocrx_word' id='word_1_393' title='bbox 2081 2651 2498 2726; x_wconf 70' lang='lat' dir='ltr'><strong>(Mattk.,V,I2)</strong></span> <span class='ocrx_word' id='word_1_394' title='bbox 2529 2672 2544 2710; x_wconf 84' lang='lat'><strong>:</strong></span> <span class='ocrx_word' id='word_1_395' title='bbox 2571 2653 2697 2711; x_wconf 84' lang='lat' dir='ltr'><strong>Cum</strong></span> <span class='ocrx_word' id='word_1_396' title='bbox 2723 2671 2810 2710; x_wconf 74' lang='lat' dir='ltr'><strong>eos</strong></span> <span class='ocrx_word' id='word_1_397' title='bbox 2828 2655 3214 2724; x_wconf 76' lang='lat' dir='ltr'><strong>maledixerint,</strong></span> <span class='ocrx_word' id='word_1_398' title='bbox 3239 2660 3473 2729; x_wconf 74' lang='lat' dir='ltr'><strong>gaudete.</strong></span> <span class='ocrx_word' id='word_1_399' title='bbox 3501 2658 3688 2716; x_wconf 72' lang='lat' dir='ltr'><strong>Domi—</strong></span> 
     </span>
    </p>
   </div>
   <div class='ocr_carea' id='block_1_56' title="bbox 2084 2747 3680 2824">
    <p class='ocr_par' dir='ltr' id='par_1_56' title="bbox 2084 2747 3680 2824">
     <span class='ocr_line' id='line_1_56' title="bbox 2084 2747 3680 2824; baseline 0.004 -20"><span class='ocrx_word' id='word_1_400' title='bbox 2084 2765 2187 2810; x_wconf 85' lang='lat' dir='ltr'><strong>nus</strong></span> <span class='ocrx_word' id='word_1_401' title='bbox 2229 2750 2343 2819; x_wconf 85' lang='lat' dir='ltr'><strong>ipse</strong></span> <span class='ocrx_word' id='word_1_402' title='bbox 2370 2747 2692 2808; x_wconf 87' lang='lat' dir='ltr'><strong>maledictus</strong></span> <span class='ocrx_word' id='word_1_403' title='bbox 2735 2749 2787 2804; x_wconf 91' lang='lat' dir='ltr'><strong>in</strong></span> <span class='ocrx_word' id='word_1_404' title='bbox 2818 2747 2936 2818; x_wconf 85' lang='lat' dir='ltr'><strong>lege</strong></span> <span class='ocrx_word' id='word_1_405' title='bbox 2963 2758 3046 2804; x_wconf 89' lang='lat' dir='ltr'><strong>est</strong></span> <span class='ocrx_word' id='word_1_406' title='bbox 3075 2749 3282 2822; x_wconf 60' lang='lat' dir='ltr'><strong>(Dem,</strong></span> <span class='ocrx_word' id='word_1_407' title='bbox 3314 2751 3458 2818; x_wconf 79' lang='lat' dir='ltr'><strong>XXI,</strong></span> <span class='ocrx_word' id='word_1_408' title='bbox 3488 2751 3602 2824; x_wconf 69' lang='lat'><strong>23),</strong></span> <span class='ocrx_word' id='word_1_409' title='bbox 3625 2763 3680 2812; x_wconf 86' lang='lat' dir='ltr'><strong>et</strong></span> 
     </span>
    </p>
   </div>
   <div class='ocr_carea' id='block_1_57' title="bbox 2083 2839 3690 2918">
    <p class='ocr_par' dir='ltr' id='par_1_57' title="bbox 2083 2839 3690 2918">
     <span class='ocr_line' id='line_1_57' title="bbox 2083 2839 3690 2918; baseline 0.002 -18"><span class='ocrx_word' id='word_1_410' title='bbox 2083 2849 2266 2900; x_wconf 82' lang='lat' dir='ltr'><strong>tamen</strong></span> <span class='ocrx_word' id='word_1_411' title='bbox 2295 2841 2444 2896; x_wconf 88' lang='lat' dir='ltr'><strong>solus</strong></span> <span class='ocrx_word' id='word_1_412' title='bbox 2469 2849 2553 2896; x_wconf 89' lang='lat' dir='ltr'><strong>est</strong></span> <span class='ocrx_word' id='word_1_413' title='bbox 2579 2839 2896 2896; x_wconf 84' lang='lat' dir='ltr'><strong>benedictus</strong></span> <span class='ocrx_word' id='word_1_414' title='bbox 2925 2840 3098 2913; x_wconf 67' lang='grc' dir='ltr'><strong>(σαι,</strong></span> <span class='ocrx_word' id='word_1_415' title='bbox 3126 2841 3216 2909; x_wconf 81' lang='grc' dir='ltr'><strong>ιιι,</strong></span> <span class='ocrx_word' id='word_1_416' title='bbox 3250 2844 3552 2918; x_wconf 70' lang='grc' dir='ltr'><strong>15).Ιείιυι-</strong></span> <span class='ocrx_word' id='word_1_417' title='bbox 3575 2847 3690 2904; x_wconf 47' lang='lat' dir='ltr'><strong>Dos</strong></span> 
     </span>
    </p>
   </div>
   <div class='ocr_carea' id='block_1_58' title="bbox 2084 2932 3679 3009">
    <p class='ocr_par' dir='ltr' id='par_1_58' title="bbox 2084 2932 3679 3009">
     <span class='ocr_line' id='line_1_58' title="bbox 2084 2932 3679 3009; baseline 0.004 -19"><span class='ocrx_word' id='word_1_418' title='bbox 2084 2932 2290 2990; x_wconf 80' lang='lat' dir='ltr'><strong>mitium</strong></span> <span class='ocrx_word' id='word_1_419' title='bbox 2319 2933 2459 2988; x_wconf 84' lang='lat' dir='ltr'><strong>servi</strong></span> <span class='ocrx_word' id='word_1_420' title='bbox 2476 2947 2887 3003; x_wconf 85' lang='lat' dir='ltr'><strong>consequamur,</strong></span> <span class='ocrx_word' id='word_1_421' title='bbox 2905 2941 2961 2990; x_wconf 89' lang='lat' dir='ltr'><strong>et</strong></span> <span class='ocrx_word' id='word_1_422' title='bbox 2976 2933 3364 2992; x_wconf 88' lang='lat' dir='ltr'><strong>maledicamur</strong></span> <span class='ocrx_word' id='word_1_423' title='bbox 3388 2939 3679 3009; x_wconf 81' lang='lat' dir='ltr'><strong>patienter,</strong></span> 
     </span>
    </p>
   </div>
   <div class='ocr_carea' id='block_1_59' title="bbox 384 3009 3687 3118">
    <p class='ocr_par' dir='ltr' id='par_1_59' title="bbox 384 3009 3687 3118">
     <span class='ocr_line' id='line_1_59' title="bbox 384 3009 3687 3118; baseline 0.008 -55"><span class='ocrx_word' id='word_1_424' title='bbox 384 3012 555 3118; x_wconf 63' lang='lat' dir='ltr'><strong>pessit</strong></span> <span class='ocrx_word' id='word_1_425' title='bbox 584 3009 824 3118; x_wconf 52' lang='grc' dir='ltr'><strong>ςριαιιιιη</strong></span> <span class='ocrx_word' id='word_1_426' title='bbox 868 3011 1529 3118; x_wconf 45' lang='grc' dir='ltr'><strong>γξῖρυοςηοέῗηεδηιίςξοε</strong></span> <span class='ocrx_word' id='word_1_427' title='bbox 1563 3015 1630 3071; x_wconf 83' lang='lat' dir='ltr'><strong>de</strong></span> <span class='ocrx_word' id='word_1_428' title='bbox 1670 3030 1978 3072; x_wconf 82' lang='lat' dir='ltr'><strong>mammona</strong></span> <span class='ocrx_word' id='word_1_429' title='bbox 2008 3053 2054 3118; x_wconf 66' lang='grc' dir='ltr'><strong>ρ</strong></span> <span class='ocrx_word' id='word_1_430' title='bbox 2086 3032 2145 3080; x_wconf 93' lang='lat' dir='ltr'><strong>ut</strong></span> <span class='ocrx_word' id='word_1_431' title='bbox 2170 3022 2443 3083; x_wconf 83' lang='lat' dir='ltr'><strong>benedicti</strong></span> <span class='ocrx_word' id='word_1_432' title='bbox 2487 3039 2609 3084; x_wconf 84' lang='lat' dir='ltr'><strong>esse</strong></span> <span class='ocrx_word' id='word_1_433' title='bbox 2651 3025 2940 3095; x_wconf 84' lang='lat' dir='ltr'><strong>possimus.</strong></span> <span class='ocrx_word' id='word_1_434' title='bbox 2973 3025 3028 3083; x_wconf 88' lang='lat' dir='ltr'><strong>Si</strong></span> <span class='ocrx_word' id='word_1_435' title='bbox 3075 3042 3267 3100; x_wconf 82' lang='lat' dir='ltr'><strong>parum</strong></span> <span class='ocrx_word' id='word_1_436' title='bbox 3305 3031 3687 3102; x_wconf 75' lang='lat' dir='ltr'><strong>aequanimiter</strong></span> 
     </span>
    </p>
   </div>
   <div class='ocr_carea' id='block_1_60' title="bbox 379 3102 1981 3179">
    <p class='ocr_par' dir='ltr' id='par_1_60' title="bbox 379 3102 1981 3179">
     <span class='ocr_line' id='line_1_60' title="bbox 379 3102 1981 3179; baseline 0.002 -19"><span class='ocrx_word' id='word_1_437' title='bbox 379 3102 762 3160; x_wconf 86' lang='lat' dir='ltr'><strong>fabricabimns</strong></span> <span class='ocrx_word' id='word_1_438' title='bbox 805 3104 961 3179; x_wconf 86' lang='lat' dir='ltr'><strong>nobis</strong></span> <span class='ocrx_word' id='word_1_439' title='bbox 992 3103 1173 3177; x_wconf 61' lang='lat' dir='ltr'><strong>(Luci,</strong></span> <span class='ocrx_word' id='word_1_440' title='bbox 1208 3104 1374 3179; x_wconf 78' lang='lat' dir='ltr'><strong>XVI),</strong></span> <span class='ocrx_word' id='word_1_441' title='bbox 1421 3107 1468 3162; x_wconf 88' lang='lat' dir='ltr'><strong>si</strong></span> <span class='ocrx_word' id='word_1_442' title='bbox 1509 3122 1631 3163; x_wconf 91' lang='lat' dir='ltr'><strong>eum</strong></span> <span class='ocrx_word' id='word_1_443' title='bbox 1680 3109 1735 3164; x_wconf 92' lang='lat' dir='ltr'><strong>in</strong></span> <span class='ocrx_word' id='word_1_444' title='bbox 1777 3116 1981 3164; x_wconf 91' lang='lat' dir='ltr'><strong>tantum</strong></span> 
     </span>
    </p>
   </div>
   <div class='ocr_carea' id='block_1_61' title="bbox 379 3183 1985 3264">
    <p class='ocr_par' dir='ltr' id='par_1_61' title="bbox 379 3183 1985 3264">
     <span class='ocr_line' id='line_1_61' title="bbox 379 3183 1985 3264; baseline 0.004 -11"><span class='ocrx_word' id='word_1_445' title='bbox 379 3198 761 3264; x_wconf 85' lang='lat' dir='ltr'><strong>amaverimus,</strong></span> <span class='ocrx_word' id='word_1_446' title='bbox 791 3208 847 3252; x_wconf 93' lang='lat' dir='ltr'><strong>ut</strong></span> <span class='ocrx_word' id='word_1_447' title='bbox 873 3198 1133 3253; x_wconf 91' lang='lat' dir='ltr'><strong>amissum</strong></span> <span class='ocrx_word' id='word_1_448' title='bbox 1164 3214 1270 3256; x_wconf 88' lang='lat' dir='ltr'><strong>non</strong></span> <span class='ocrx_word' id='word_1_449' title='bbox 1292 3197 1652 3256; x_wconf 74' lang='lat' dir='ltr'><strong>suﬂ‘eramus?</strong></span> <span class='ocrx_word' id='word_1_450' title='bbox 1682 3183 1985 3259; x_wconf 81' lang='lat' dir='ltr'><strong>Peribimus</strong></span> 
     </span>
    </p>
   </div>
   <div class='ocr_carea' id='block_1_62' title="bbox 377 3292 1986 3366">
    <p class='ocr_par' dir='ltr' id='par_1_62' title="bbox 377 3292 1986 3366">
     <span class='ocr_line' id='line_1_62' title="bbox 377 3292 1986 3366; baseline 0.004 -18"><span class='ocrx_word' id='word_1_451' title='bbox 377 3308 498 3348; x_wconf 91' lang='lat' dir='ltr'><strong>cum</strong></span> <span class='ocrx_word' id='word_1_452' title='bbox 533 3293 762 3362; x_wconf 81' lang='lat' dir='ltr'><strong>perdito.</strong></span> <span class='ocrx_word' id='word_1_453' title='bbox 795 3292 932 3360; x_wconf 86' lang='lat' dir='ltr'><strong>Quid</strong></span> <span class='ocrx_word' id='word_1_454' title='bbox 954 3293 1042 3348; x_wconf 89' lang='lat' dir='ltr'><strong>hic</strong></span> <span class='ocrx_word' id='word_1_455' title='bbox 1067 3293 1389 3360; x_wconf 88' lang='lat' dir='ltr'><strong>invenimus,</strong></span> <span class='ocrx_word' id='word_1_456' title='bbox 1417 3294 1800 3366; x_wconf 63' lang='lat' dir='ltr'><strong>ubiltabemus</strong></span> <span class='ocrx_word' id='word_1_457' title='bbox 1827 3298 1986 3354; x_wconf 87' lang='lat' dir='ltr'><strong>amit-</strong></span> 
     </span>
    </p>
   </div>
   <div class='ocr_carea' id='block_1_63' title="bbox 379 3385 1984 3463">
    <p class='ocr_par' dir='ltr' id='par_1_63' title="bbox 379 3385 1984 3463">
     <span class='ocr_line' id='line_1_63' title="bbox 379 3385 1984 3463; baseline 0.004 -23"><span class='ocrx_word' id='word_1_458' title='bbox 379 3396 494 3441; x_wconf 89' lang='lat' dir='ltr'><strong>tere</strong></span> <span class='ocrx_word' id='word_1_459' title='bbox 531 3385 646 3458; x_wconf 58' lang='grc' dir='ltr'><strong>(ων</strong></span> <span class='ocrx_word' id='word_1_460' title='bbox 687 3385 976 3442; x_wconf 89' lang='lat' dir='ltr'><strong>Gentilium</strong></span> <span class='ocrx_word' id='word_1_461' title='bbox 1007 3397 1112 3456; x_wconf 89' lang='lat' dir='ltr'><strong>est,</strong></span> <span class='ocrx_word' id='word_1_462' title='bbox 1159 3389 1411 3444; x_wconf 90' lang='lat' dir='ltr'><strong>omnibus</strong></span> <span class='ocrx_word' id='word_1_463' title='bbox 1451 3387 1790 3446; x_wconf 91' lang='lat' dir='ltr'><strong>detrimentis</strong></span> <span class='ocrx_word' id='word_1_464' title='bbox 1819 3391 1984 3463; x_wconf 89' lang='lat' dir='ltr'><strong>impa-</strong></span> 
     </span>
    </p>
   </div>
   <div class='ocr_carea' id='block_1_64' title="bbox 375 3479 1980 3558">
    <p class='ocr_par' dir='ltr' id='par_1_64' title="bbox 375 3479 1980 3558">
     <span class='ocr_line' id='line_1_64' title="bbox 375 3479 1980 3558; baseline 0.003 -22"><span class='ocrx_word' id='word_1_465' title='bbox 375 3479 622 3558; x_wconf 70' lang='lat' dir='ltr'><strong>tientiam</strong></span> <span class='ocrx_word' id='word_1_466' title='bbox 649 3479 930 3549; x_wconf 88' lang='lat' dir='ltr'><strong>adbibere,</strong></span> <span class='ocrx_word' id='word_1_467' title='bbox 959 3479 1050 3554; x_wconf 91' lang='lat' dir='ltr'><strong>qui</strong></span> <span class='ocrx_word' id='word_1_468' title='bbox 1080 3497 1194 3542; x_wconf 88' lang='lat' dir='ltr'><strong>rem</strong></span> <span class='ocrx_word' id='word_1_469' title='bbox 1235 3481 1598 3552; x_wconf 89' lang='lat' dir='ltr'><strong>pecuniariam</strong></span> <span class='ocrx_word' id='word_1_470' title='bbox 1643 3482 1722 3555; x_wconf 89' lang='lat'><strong>(6)</strong></span> <span class='ocrx_word' id='word_1_471' title='bbox 1750 3482 1980 3542; x_wconf 90' lang='lat' dir='ltr'><strong>fortasse</strong></span> 
     </span>
    </p>
   </div>
   <div class='ocr_carea' id='block_1_65' title="bbox 378 3574 1981 3649">
    <p class='ocr_par' dir='ltr' id='par_1_65' title="bbox 378 3574 1981 3649">
     <span class='ocr_line' id='line_1_65' title="bbox 378 3574 1981 3649; baseline 0.002 -19"><span class='ocrx_word' id='word_1_472' title='bbox 378 3575 571 3631; x_wconf 78' lang='lat' dir='ltr'><strong>anima:</strong></span> <span class='ocrx_word' id='word_1_473' title='bbox 611 3583 960 3645; x_wconf 85' lang='lat' dir='ltr'><strong>anteponant.</strong></span> <span class='ocrx_word' id='word_1_474' title='bbox 1015 3574 1148 3631; x_wconf 88' lang='lat' dir='ltr'><strong>Nam</strong></span> <span class='ocrx_word' id='word_1_475' title='bbox 1192 3575 1273 3649; x_wconf 85' lang='lat'><strong>(7)</strong></span> <span class='ocrx_word' id='word_1_476' title='bbox 1309 3586 1364 3633; x_wconf 89' lang='lat' dir='ltr'><strong>et</strong></span> <span class='ocrx_word' id='word_1_477' title='bbox 1425 3576 1649 3646; x_wconf 88' lang='lat' dir='ltr'><strong>faciunt,</strong></span> <span class='ocrx_word' id='word_1_478' title='bbox 1678 3592 1800 3633; x_wconf 85' lang='lat' dir='ltr'><strong>cum</strong></span> <span class='ocrx_word' id='word_1_479' title='bbox 1847 3577 1981 3634; x_wconf 84' lang='lat' dir='ltr'><strong>lucri</strong></span> 
     </span>
    </p>
   </div>
   <div class='ocr_carea' id='block_1_66' title="bbox 2089 3115 3684 3195">
    <p class='ocr_par' dir='ltr' id='par_1_66' title="bbox 2089 3115 3684 3195">
     <span class='ocr_line' id='line_1_66' title="bbox 2089 3115 3684 3195; baseline 0.006 -24"><span class='ocrx_word' id='word_1_480' title='bbox 2089 3115 2303 3172; x_wconf 86' lang='lat' dir='ltr'><strong>audiam</strong></span> <span class='ocrx_word' id='word_1_481' title='bbox 2327 3115 2528 3175; x_wconf 79' lang='lat' dir='ltr'><strong>dictum</strong></span> <span class='ocrx_word' id='word_1_482' title='bbox 2554 3117 2769 3187; x_wconf 89' lang='lat' dir='ltr'><strong>aliquod</strong></span> <span class='ocrx_word' id='word_1_483' title='bbox 2788 3116 2840 3172; x_wconf 89' lang='lat' dir='ltr'><strong>in</strong></span> <span class='ocrx_word' id='word_1_484' title='bbox 2873 3134 2959 3175; x_wconf 92' lang='lat' dir='ltr'><strong>me</strong></span> <span class='ocrx_word' id='word_1_485' title='bbox 2983 3129 3290 3190; x_wconf 86' lang='lat' dir='ltr'><strong>protervum</strong></span> <span class='ocrx_word' id='word_1_486' title='bbox 3317 3131 3410 3179; x_wconf 86' lang='lat' dir='ltr'><strong>aut</strong></span> <span class='ocrx_word' id='word_1_487' title='bbox 3429 3139 3684 3195; x_wconf 86' lang='lat' dir='ltr'><strong>nequam,</strong></span> 
     </span>
    </p>
   </div>
   <div class='ocr_carea' id='block_1_67' title="bbox 2088 3208 3689 3281">
    <p class='ocr_par' dir='ltr' id='par_1_67' title="bbox 2088 3208 3689 3281">
     <span class='ocr_line' id='line_1_67' title="bbox 2088 3208 3689 3281; baseline 0.006 -16"><span class='ocrx_word' id='word_1_488' title='bbox 2088 3208 2312 3268; x_wconf 81' lang='lat' dir='ltr'><strong>reddam</strong></span> <span class='ocrx_word' id='word_1_489' title='bbox 2351 3219 2405 3266; x_wconf 87' lang='lat' dir='ltr'><strong>et</strong></span> <span class='ocrx_word' id='word_1_490' title='bbox 2435 3208 2552 3280; x_wconf 89' lang='lat' dir='ltr'><strong>ipse</strong></span> <span class='ocrx_word' id='word_1_491' title='bbox 2581 3209 2956 3268; x_wconf 88' lang='lat' dir='ltr'><strong>amaritudinis</strong></span> <span class='ocrx_word' id='word_1_492' title='bbox 2993 3212 3166 3268; x_wconf 87' lang='lat' dir='ltr'><strong>vicem</strong></span> <span class='ocrx_word' id='word_1_493' title='bbox 3192 3228 3416 3270; x_wconf 86' lang='lat' dir='ltr'><strong>necesse</strong></span> <span class='ocrx_word' id='word_1_494' title='bbox 3462 3225 3567 3281; x_wconf 85' lang='lat' dir='ltr'><strong>est,</strong></span> <span class='ocrx_word' id='word_1_495' title='bbox 3595 3225 3689 3274; x_wconf 88' lang='lat' dir='ltr'><strong>aut</strong></span> 
     </span>
    </p>
   </div>
   <div class='ocr_carea' id='block_1_68' title="bbox 2089 3300 3688 3374">
    <p class='ocr_par' dir='ltr' id='par_1_68' title="bbox 2089 3300 3688 3374">
     <span class='ocr_line' id='line_1_68' title="bbox 2089 3300 3688 3374; baseline 0.004 -17"><span class='ocrx_word' id='word_1_496' title='bbox 2089 3300 2370 3358; x_wconf 85' lang='lat' dir='ltr'><strong>cruciabor</strong></span> <span class='ocrx_word' id='word_1_497' title='bbox 2397 3301 2727 3372; x_wconf 88' lang='lat' dir='ltr'><strong>impatientia</strong></span> <span class='ocrx_word' id='word_1_498' title='bbox 2744 3312 2910 3357; x_wconf 89' lang='lat' dir='ltr'><strong>muta.</strong></span> <span class='ocrx_word' id='word_1_499' title='bbox 2930 3300 3064 3357; x_wconf 88' lang='lat' dir='ltr'><strong>Cttm</strong></span> <span class='ocrx_word' id='word_1_500' title='bbox 3085 3319 3213 3374; x_wconf 89' lang='lat' dir='ltr'><strong>ergo</strong></span> <span class='ocrx_word' id='word_1_501' title='bbox 3229 3319 3548 3374; x_wconf 89' lang='lat' dir='ltr'><strong>percussero</strong></span> <span class='ocrx_word' id='word_1_502' title='bbox 3571 3323 3688 3363; x_wconf 83' lang='lat' dir='ltr'><strong>ma-</strong></span> 
     </span>
    </p>
   </div>
   <div class='ocr_carea' id='block_1_69' title="bbox 2089 3391 3755 3466">
    <p class='ocr_par' dir='ltr' id='par_1_69' title="bbox 2089 3391 3755 3466">
     <span class='ocr_line' id='line_1_69' title="bbox 2089 3391 3755 3466; baseline 0.004 -18"><span class='ocrx_word' id='word_1_503' title='bbox 2089 3393 2317 3450; x_wconf 88' lang='lat' dir='ltr'><strong>ledictus</strong></span> <span class='ocrx_word' id='word_1_504' title='bbox 2353 3391 2496 3466; x_wconf 76' lang='lat' dir='ltr'><strong>(li),</strong></span> <span class='ocrx_word' id='word_1_505' title='bbox 2529 3393 2799 3465; x_wconf 90' lang='lat' dir='ltr'><strong>quomodo</strong></span> <span class='ocrx_word' id='word_1_506' title='bbox 2841 3403 3056 3450; x_wconf 90' lang='lat' dir='ltr'><strong>secutus</strong></span> <span class='ocrx_word' id='word_1_507' title='bbox 3102 3395 3346 3453; x_wconf 86' lang='lat' dir='ltr'><strong>inveniar</strong></span> <span class='ocrx_word' id='word_1_508' title='bbox 3386 3396 3688 3454; x_wconf 89' lang='lat' dir='ltr'><strong>doctrinam</strong></span> <span class='ocrx_word' id='word_1_509' title='bbox 3751 3427 3755 3431; x_wconf 93' lang='lat'><strong><em>-</em></strong></span> 
     </span>
    </p>
   </div>
   <div class='ocr_carea' id='block_1_70' title="bbox 2090 3485 3685 3563">
    <p class='ocr_par' dir='ltr' id='par_1_70' title="bbox 2090 3485 3685 3563">
     <span class='ocr_line' id='line_1_70' title="bbox 2090 3485 3685 3563; baseline 0.004 -22"><span class='ocrx_word' id='word_1_510' title='bbox 2090 3487 2346 3552; x_wconf 88' lang='lat' dir='ltr'><strong>Domini,</strong></span> <span class='ocrx_word' id='word_1_511' title='bbox 2394 3501 2498 3557; x_wconf 88' lang='lat' dir='ltr'><strong>qua</strong></span> <span class='ocrx_word' id='word_1_512' title='bbox 2559 3485 2820 3541; x_wconf 81' lang='lat' dir='ltr'><strong>traditum</strong></span> <span class='ocrx_word' id='word_1_513' title='bbox 2870 3497 2951 3542; x_wconf 91' lang='lat' dir='ltr'><strong>est</strong></span> <span class='ocrx_word' id='word_1_514' title='bbox 3003 3485 3224 3560; x_wconf 71' lang='lat' dir='ltr'><strong>(Mam,</strong></span> <span class='ocrx_word' id='word_1_515' title='bbox 3266 3487 3380 3559; x_wconf 85' lang='lat' dir='ltr'><strong>VII,</strong></span> <span class='ocrx_word' id='word_1_516' title='bbox 3430 3489 3518 3554; x_wconf 78' lang='grc'><strong>15.</strong></span> <span class='ocrx_word' id='word_1_517' title='bbox 3569 3489 3685 3563; x_wconf 74' lang='grc'><strong>18).</strong></span> 
     </span>
    </p>
   </div>
   <div class='ocr_carea' id='block_1_71' title="bbox 2091 3578 3685 3652">
    <p class='ocr_par' dir='ltr' id='par_1_71' title="bbox 2091 3578 3685 3652">
     <span class='ocr_line' id='line_1_71' title="bbox 2091 3578 3685 3652; baseline 0.002 -17"><span class='ocrx_word' id='word_1_518' title='bbox 2091 3594 2198 3635; x_wconf 92' lang='lat' dir='ltr'><strong>non</strong></span> <span class='ocrx_word' id='word_1_519' title='bbox 2238 3579 2578 3635; x_wconf 89' lang='lat' dir='ltr'><strong>vasculorum</strong></span> <span class='ocrx_word' id='word_1_520' title='bbox 2626 3578 3044 3650; x_wconf 89' lang='lat' dir='ltr'><strong>inquinamentis</strong></span> <span class='ocrx_word' id='word_1_521' title='bbox 3073 3578 3162 3652; x_wconf 83' lang='lat' dir='ltr'><strong>(i),</strong></span> <span class='ocrx_word' id='word_1_522' title='bbox 3195 3579 3290 3635; x_wconf 83' lang='lat' dir='ltr'><strong>sed</strong></span> <span class='ocrx_word' id='word_1_523' title='bbox 3333 3595 3519 3638; x_wconf 88' lang='lat' dir='ltr'><strong>eorum</strong></span> <span class='ocrx_word' id='word_1_524' title='bbox 3563 3596 3685 3652; x_wconf 66' lang='lat' dir='ltr'><strong>quae</strong></span> 
     </span>
    </p>
   </div>
   <div class='ocr_carea' id='block_1_72' title="bbox 1613 3693 2450 3754">
    <p class='ocr_par' dir='ltr' id='par_1_72' title="bbox 1613 3693 2450 3754">
     <span class='ocr_line' id='line_1_72' title="bbox 1613 3693 2450 3754; baseline -0.002 -3"><span class='ocrx_word' id='word_1_525' title='bbox 1613 3693 2000 3754; x_wconf 77' lang='lat' dir='ltr'><strong>LECTIDNES</strong></span> <span class='ocrx_word' id='word_1_526' title='bbox 2038 3694 2450 3754; x_wconf 79' lang='lat' dir='ltr'><strong>VARIANTES.</strong></span> 
     </span>
    </p>
   </div>
   <div class='ocr_carea' id='block_1_73' title="bbox 469 3808 1974 3938">
    <p class='ocr_par' dir='ltr' id='par_1_73' title="bbox 469 3808 1974 3938">
     <span class='ocr_line' id='line_1_73' title="bbox 469 3808 1974 3938; baseline 0 -76"><span class='ocrx_word' id='word_1_527' title='bbox 469 3811 514 3938; x_wconf 46' lang='grc' dir='ltr'><strong>ιζ</strong></span> <span class='ocrx_word' id='word_1_528' title='bbox 542 3818 611 3864; x_wconf 86' lang='lat' dir='ltr'><strong>Ita</strong></span> <span class='ocrx_word' id='word_1_529' title='bbox 631 3811 809 3876; x_wconf 81' lang='lat' dir='ltr'><strong>Rigalt.</strong></span> <span class='ocrx_word' id='word_1_530' title='bbox 844 3808 1042 3882; x_wconf 75' lang='lat' dir='ltr'><strong>semier.</strong></span> <span class='ocrx_word' id='word_1_531' title='bbox 1068 3811 1394 3878; x_wconf 80' lang='lat' dir='ltr'><strong>Impatientes</strong></span> <span class='ocrx_word' id='word_1_532' title='bbox 1436 3812 1622 3868; x_wconf 81' lang='lat' dir='ltr'><strong>erimus</strong></span> <span class='ocrx_word' id='word_1_533' title='bbox 1644 3809 1804 3864; x_wconf 76' lang='lat' dir='ltr'><strong>Paris.</strong></span> <span class='ocrx_word' id='word_1_534' title='bbox 1832 3812 1974 3877; x_wconf 78' lang='grc' dir='ltr'><strong>ιεορ.</strong></span> 
     </span>
     <span class='ocr_line' id='line_1_74' title="bbox 469 3876 1776 3938; baseline -0.001 -13"><span class='ocrx_word' id='word_1_535' title='bbox 469 3876 492 3924; x_wconf 78' lang='lat'><strong>2</strong></span> <span class='ocrx_word' id='word_1_536' title='bbox 537 3876 735 3938; x_wconf 12' lang='lat' dir='ltr'><strong>Deinon</strong></span> <span class='ocrx_word' id='word_1_537' title='bbox 761 3882 928 3924; x_wconf 89' lang='lat' dir='ltr'><strong>nostro</strong></span> <span class='ocrx_word' id='word_1_538' title='bbox 953 3879 1060 3936; x_wconf 72' lang='lat' dir='ltr'><strong>mg.</strong></span> <span class='ocrx_word' id='word_1_539' title='bbox 1733 3883 1776 3938; x_wconf 59' lang='grc' dir='ltr'>ι</span> 
     </span>
    </p>
   </div>
   <div class='ocr_carea' id='block_1_74' title="bbox 464 3876 1776 3952">
    <p class='ocr_par' dir='ltr' id='par_1_74' title="bbox 464 3876 1776 3952">
     <span class='ocr_line' id='line_1_75' title="bbox 464 3876 1776 3952; baseline 0 0"><span class='ocrx_word' id='word_1_540' title='bbox 464 3876 513 3952; x_wconf 67' lang='grc' dir='ltr'><strong>ἓ)</strong></span> <span class='ocrx_word' id='word_1_541' title='bbox 537 3876 735 3952; x_wconf 61' lang='lat'><strong>9.9.&quot;0&#39;!</strong></span> <span class='ocrx_word' id='word_1_542' title='bbox 761 3882 928 3952; x_wconf 60' lang='lat' dir='ltr'><strong>903E&quot;?</strong></span> <span class='ocrx_word' id='word_1_543' title='bbox 953 3876 1078 3952; x_wconf 55' lang='grc' dir='ltr'><strong>ἔλατ</strong></span> <span class='ocrx_word' id='word_1_544' title='bbox 1146 3876 1159 3878; x_wconf 64' lang='grc'><strong><em>“</em></strong></span> <span class='ocrx_word' id='word_1_545' title='bbox 1733 3883 1776 3952; x_wconf 80' lang='lat'><strong><em>\</em></strong></span> 
     </span>
    </p>
   </div>
   <div class='ocr_carea' id='block_1_75' title="bbox 463 3937 1103 4051">
    <p class='ocr_par' dir='ltr' id='par_1_75' title="bbox 463 3937 1103 4051">
     <span class='ocr_line' id='line_1_76' title="bbox 463 3937 1103 4009; baseline 0.005 -23"><span class='ocrx_word' id='word_1_546' title='bbox 463 3937 513 3997; x_wconf 75' lang='grc' dir='ltr'><strong>ὅ)</strong></span> <span class='ocrx_word' id='word_1_547' title='bbox 549 3937 790 4008; x_wconf 77' lang='lat' dir='ltr'><strong>Dolentes</strong></span> <span class='ocrx_word' id='word_1_548' title='bbox 804 3937 926 3988; x_wconf 83' lang='lat' dir='ltr'><strong>add.</strong></span> <span class='ocrx_word' id='word_1_549' title='bbox 954 3947 1103 4009; x_wconf 62' lang='lat' dir='ltr'><strong>Frtm.</strong></span> 
     </span>
     <span class='ocr_line' id='line_1_77' title="bbox 464 3999 1082 4051; baseline 0.006 -4"><span class='ocrx_word' id='word_1_550' title='bbox 464 3999 515 4051; x_wconf 68' lang='lat' dir='ltr'><strong>4i</strong></span> <span class='ocrx_word' id='word_1_551' title='bbox 539 3999 776 4051; x_wconf 78' lang='lat' dir='ltr'><strong>Libentes</strong></span> <span class='ocrx_word' id='word_1_552' title='bbox 800 4009 950 4050; x_wconf 81' lang='lat' dir='ltr'><strong>Fran.</strong></span> <span class='ocrx_word' id='word_1_553' title='bbox 971 4002 1082 4051; x_wconf 84' lang='lat' dir='ltr'><strong>Rta.</strong></span> 
     </span>
    </p>
   </div>
   <div class='ocr_carea' id='block_1_76' title="bbox 464 4005 1064 4190">
    <p class='ocr_par' dir='ltr' id='par_1_76' title="bbox 464 4005 1064 4190">
     <span class='ocr_line' id='line_1_78' title="bbox 464 4005 1064 4069; baseline 0.005 -22"><span class='ocrx_word' id='word_1_554' title='bbox 464 4005 495 4047; x_wconf 66' lang='lat' dir='ltr'><strong>.t</strong></span> <span class='ocrx_word' id='word_1_555' title='bbox 540 4005 776 4051; x_wconf 82' lang='lat' dir='ltr'><strong>Libentes</strong></span> <span class='ocrx_word' id='word_1_556' title='bbox 800 4009 950 4069; x_wconf 72' lang='lat' dir='ltr'><strong>Fran.</strong></span> <span class='ocrx_word' id='word_1_557' title='bbox 971 4005 1064 4066; x_wconf 80' lang='lat' dir='ltr'><strong>Rig</strong></span> 
     </span>
     <span class='ocr_line' id='line_1_79' title="bbox 464 4063 983 4128; baseline 0.002 -19"><span class='ocrx_word' id='word_1_558' title='bbox 464 4063 494 4109; x_wconf 76' lang='grc' dir='ltr'><strong>ὅ</strong></span> <span class='ocrx_word' id='word_1_559' title='bbox 540 4063 737 4125; x_wconf 88' lang='lat' dir='ltr'><strong>Corpori</strong></span> <span class='ocrx_word' id='word_1_560' title='bbox 761 4077 849 4118; x_wconf 91' lang='lat' dir='ltr'><strong>suo</strong></span> <span class='ocrx_word' id='word_1_561' title='bbox 873 4067 983 4128; x_wconf 77' lang='lat' dir='ltr'><strong>mg.</strong></span> 
     </span>
     <span class='ocr_line' id='line_1_80' title="bbox 464 4005 1038 4190; baseline 0.002 -17"><span class='ocrx_word' id='word_1_562' title='bbox 464 4005 518 4190; x_wconf 58' lang='grc' dir='ltr'><strong>ϐξ</strong></span> <span class='ocrx_word' id='word_1_563' title='bbox 539 4125 866 4179; x_wconf 79' lang='lat' dir='ltr'><strong>Peeuniarum</strong></span> <span class='ocrx_word' id='word_1_564' title='bbox 888 4135 1038 4176; x_wconf 62' lang='grc' dir='ltr'><strong>παι.</strong></span> 
     </span>
    </p>
   </div>
   <div class='ocr_carea' id='block_1_77' title="bbox 375 4125 1038 4186">
    <p class='ocr_par' dir='ltr' id='par_1_77' title="bbox 375 4125 1038 4186">
     <span class='ocr_line' id='line_1_81' title="bbox 375 4125 1038 4186; baseline 0.002 -13"><span class='ocrx_word' id='word_1_565' title='bbox 375 4135 384 4142; x_wconf 84' lang='grc'><em>’</em></span> <span class='ocrx_word' id='word_1_566' title='bbox 442 4125 518 4186; x_wconf 76' lang='grc'><strong>(6)</strong></span> <span class='ocrx_word' id='word_1_567' title='bbox 539 4125 866 4179; x_wconf 79' lang='lat' dir='ltr'><strong>Peeuniarum</strong></span> <span class='ocrx_word' id='word_1_568' title='bbox 888 4125 1038 4176; x_wconf 65' lang='lat' dir='ltr'><strong>Fiat.</strong></span> 
     </span>
    </p>
   </div>
   <div class='ocr_carea' id='block_1_78' title="bbox 439 3812 461 4128">
    <p class='ocr_par' dir='ltr' id='par_1_78' title="bbox 439 3812 461 4128">
     <span class='ocr_line' id='line_1_82' title="bbox 439 3812 461 4128; baseline 0 0"><span class='ocrx_word' id='word_1_569' title='bbox 439 3812 461 4128; x_wconf 69' lang='grc' dir='ltr'>ἰ</span> 
     </span>
    </p>
   </div>
   <div class='ocr_carea' id='block_1_79' title="bbox 2147 3812 3686 3947">
    <p class='ocr_par' dir='ltr' id='par_1_79' title="bbox 2147 3812 3686 3947">
     <span class='ocr_line' id='line_1_83' title="bbox 2147 3812 3686 3947; baseline 0.001 -23"><span class='ocrx_word' id='word_1_570' title='bbox 2249 3812 2572 3947; x_wconf 34' lang='grc' dir='ltr'><strong>ἓξὲξ.ῧέιῖξᾷ</strong></span> <span class='ocrx_word' id='word_1_571' title='bbox 2614 3869 2932 3947; x_wconf 42' lang='grc' dir='ltr'><strong>ιαιὶειηῂυι.</strong></span> <span class='ocrx_word' id='word_1_572' title='bbox 2979 3868 3230 3947; x_wconf 86' lang='lat' dir='ltr'><strong>et</strong></span> <span class='ocrx_word' id='word_1_573' title='bbox 3277 3876 3503 3947; x_wconf 63' lang='lat' dir='ltr'><strong>statuunt</strong></span> <span class='ocrx_word' id='word_1_574' title='bbox 3536 3871 3686 3928; x_wconf 74' lang='lat' dir='ltr'><strong>scribi</strong></span> 
     </span>
    </p>
   </div>
   <div class='ocr_carea' id='block_1_80' title="bbox 2080 3935 3621 4003">
    <p class='ocr_par' dir='ltr' id='par_1_80' title="bbox 2080 3935 3621 4003">
     <span class='ocr_line' id='line_1_84' title="bbox 2080 3935 3621 4003; baseline -0.002 -13"><span class='ocrx_word' id='word_1_575' title='bbox 2080 3935 2219 4003; x_wconf 64' lang='lat' dir='ltr'><strong>posse</strong></span> <span class='ocrx_word' id='word_1_576' title='bbox 2243 3949 2274 4003; x_wconf 93' lang='lat'><strong>:_</strong></span> <span class='ocrx_word' id='word_1_577' title='bbox 2284 3937 2349 3985; x_wconf 92' lang='lat' dir='ltr'><strong>de</strong></span> <span class='ocrx_word' id='word_1_578' title='bbox 2373 3936 2685 4003; x_wconf 62' lang='lat' dir='ltr'><strong>liberatione.</strong></span> <span class='ocrx_word' id='word_1_579' title='bbox 2708 3935 3204 3987; x_wconf 72' lang='lat' dir='ltr'><strong>Latiniusemendavit</strong></span> <span class='ocrx_word' id='word_1_580' title='bbox 3235 3949 3252 3983; x_wconf 93' lang='lat'><strong><em>:</em></strong></span> <span class='ocrx_word' id='word_1_581' title='bbox 3277 3935 3341 3985; x_wconf 89' lang='lat' dir='ltr'><strong>de</strong></span> <span class='ocrx_word' id='word_1_582' title='bbox 3367 3935 3621 3987; x_wconf 88' lang='lat' dir='ltr'><strong>libatione.</strong></span> 
     </span>
    </p>
   </div>
   <div class='ocr_carea' id='block_1_81' title="bbox 2167 3997 2902 4114">
    <p class='ocr_par' dir='ltr' id='par_1_81' title="bbox 2167 3997 2902 4114">
     <span class='ocr_line' id='line_1_85' title="bbox 2167 3997 2902 4114; baseline -0.007 -65"><span class='ocrx_word' id='word_1_583' title='bbox 2167 3999 2230 4114; x_wconf 55' lang='lat'><strong>9),</strong></span> <span class='ocrx_word' id='word_1_584' title='bbox 2245 3999 2505 4073; x_wconf 77' lang='lat' dir='ltr'><strong>Provocari</strong></span> <span class='ocrx_word' id='word_1_585' title='bbox 2529 3997 2681 4049; x_wconf 84' lang='lat' dir='ltr'><strong>Rhen.</strong></span> <span class='ocrx_word' id='word_1_586' title='bbox 2762 4057 2773 4068; x_wconf 28' lang='grc' dir='ltr'><strong>ν</strong></span> <span class='ocrx_word' id='word_1_587' title='bbox 2893 4059 2902 4068; x_wconf 86' lang='lat'>_</span> 
     </span>
     <span class='ocr_line' id='line_1_86' title="bbox 2173 4061 2902 4114; baseline -0.004 -1"><span class='ocrx_word' id='word_1_588' title='bbox 2173 4065 2191 4113; x_wconf 90' lang='lat' dir='ltr'><strong>l</strong></span> <span class='ocrx_word' id='word_1_589' title='bbox 2235 4064 2245 4114; x_wconf 88' lang='lat' dir='ltr'><strong>l</strong></span> <span class='ocrx_word' id='word_1_590' title='bbox 2278 4063 2448 4114; x_wconf 81' lang='lat' dir='ltr'><strong>Oums</strong></span> <span class='ocrx_word' id='word_1_591' title='bbox 2473 4070 2621 4112; x_wconf 77' lang='lat' dir='ltr'><strong>Fran.</strong></span> <span class='ocrx_word' id='word_1_592' title='bbox 2650 4061 2816 4110; x_wconf 71' lang='lat' dir='ltr'><strong>Paris.</strong></span> <span class='ocrx_word' id='word_1_593' title='bbox 2845 4063 2902 4110; x_wconf 82' lang='lat' dir='ltr'><strong>Rt</strong></span> 
     </span>
    </p>
   </div>
   <div class='ocr_carea' id='block_1_82' title="bbox 2173 4057 3020 4124">
    <p class='ocr_par' dir='ltr' id='par_1_82' title="bbox 2173 4057 3020 4124">
     <span class='ocr_line' id='line_1_87' title="bbox 2173 4057 3020 4124; baseline -0.005 -10"><span class='ocrx_word' id='word_1_594' title='bbox 2173 4057 2245 4124; x_wconf 85' lang='lat' dir='ltr'><strong>I0)</strong></span> <span class='ocrx_word' id='word_1_595' title='bbox 2278 4063 2448 4120; x_wconf 79' lang='lat' dir='ltr'><strong>Quiris</strong></span> <span class='ocrx_word' id='word_1_596' title='bbox 2473 4070 2621 4112; x_wconf 77' lang='lat' dir='ltr'><strong>Fran.</strong></span> <span class='ocrx_word' id='word_1_597' title='bbox 2650 4057 2816 4110; x_wconf 84' lang='lat' dir='ltr'><strong>Paris.</strong></span> <span class='ocrx_word' id='word_1_598' title='bbox 2839 4057 3020 4124; x_wconf 9' lang='lat' dir='ltr'><strong>(Rigalt.</strong></span> 
     </span>
    </p>
   </div>
   <div class='ocr_carea' id='block_1_83' title="bbox 2179 4120 3538 4190">
    <p class='ocr_par' dir='ltr' id='par_1_83' title="bbox 2179 4120 3538 4190">
     <span class='ocr_line' id='line_1_88' title="bbox 2179 4120 3538 4190; baseline -0.003 -15"><span class='ocrx_word' id='word_1_599' title='bbox 2179 4120 2254 4190; x_wconf 89' lang='lat' dir='ltr'><strong>ll)</strong></span> <span class='ocrx_word' id='word_1_600' title='bbox 2283 4124 2539 4175; x_wconf 75' lang='lat' dir='ltr'><strong>Maledicta</strong></span> <span class='ocrx_word' id='word_1_601' title='bbox 2557 4133 2705 4175; x_wconf 68' lang='grc' dir='ltr'><strong>λιν-πη.</strong></span> <span class='ocrx_word' id='word_1_602' title='bbox 2732 4122 2888 4173; x_wconf 84' lang='lat' dir='ltr'><strong>Paris.</strong></span> <span class='ocrx_word' id='word_1_603' title='bbox 2905 4120 3207 4172; x_wconf 77' lang='lat' dir='ltr'><strong>inaledictus</strong></span> <span class='ocrx_word' id='word_1_604' title='bbox 3235 4129 3417 4172; x_wconf 75' lang='lat' dir='ltr'><strong>Wettw.</strong></span> <span class='ocrx_word' id='word_1_605' title='bbox 3443 4129 3538 4174; x_wconf 67' lang='lat' dir='ltr'><strong>Hs.</strong></span> 
     </span>
    </p>
   </div>
   <div class='ocr_carea' id='block_1_84' title="bbox 1759 4231 2316 4294">
    <p class='ocr_par' dir='ltr' id='par_1_84' title="bbox 1759 4231 2316 4294">
     <span class='ocr_line' id='line_1_89' title="bbox 1759 4231 2316 4294; baseline -0.004 -2"><span class='ocrx_word' id='word_1_606' title='bbox 1759 4231 2316 4294; x_wconf 76' lang='lat' dir='ltr'><strong>COMMENTARIUS.</strong></span> 
     </span>
    </p>
   </div>
   <div class='ocr_carea' id='block_1_85' title="bbox 449 4345 1974 4420">
    <p class='ocr_par' dir='ltr' id='par_1_85' title="bbox 449 4345 1974 4420">
     <span class='ocr_line' id='line_1_90' title="bbox 449 4345 1974 4420; baseline 0.001 -17"><span class='ocrx_word' id='word_1_607' title='bbox 449 4347 525 4420; x_wconf 83' lang='lat' dir='ltr'><strong>(a)</strong></span> <span class='ocrx_word' id='word_1_608' title='bbox 564 4345 1025 4420; x_wconf 72' lang='lat' dir='ltr'><strong>Laattrasquoque</strong></span> <span class='ocrx_word' id='word_1_609' title='bbox 1048 4362 1244 4413; x_wconf 81' lang='lat' dir='ltr'><strong>earum,</strong></span> <span class='ocrx_word' id='word_1_610' title='bbox 1277 4356 1381 4420; x_wconf 77' lang='lat' dir='ltr'><strong>etc.</strong></span> <span class='ocrx_word' id='word_1_611' title='bbox 1411 4345 1658 4420; x_wconf 77' lang='lat' dir='ltr'><strong>Laesttras</strong></span> <span class='ocrx_word' id='word_1_612' title='bbox 1685 4358 1843 4420; x_wconf 86' lang='lat' dir='ltr'><strong>vocat</strong></span> <span class='ocrx_word' id='word_1_613' title='bbox 1879 4350 1974 4405; x_wconf 63' lang='lat' dir='ltr'><strong>deo</strong></span> 
     </span>
    </p>
   </div>
   <div class='ocr_carea' id='block_1_86' title="bbox 380 4417 1971 4488">
    <p class='ocr_par' dir='ltr' id='par_1_86' title="bbox 380 4417 1971 4488">
     <span class='ocr_line' id='line_1_91' title="bbox 380 4417 1971 4488; baseline 0.001 -15"><span class='ocrx_word' id='word_1_614' title='bbox 380 4417 625 4476; x_wconf 69' lang='lat' dir='ltr'><strong>tritatenta</strong></span> <span class='ocrx_word' id='word_1_615' title='bbox 655 4423 769 4474; x_wconf 85' lang='lat' dir='ltr'><strong>sive</strong></span> <span class='ocrx_word' id='word_1_616' title='bbox 789 4417 1090 4488; x_wconf 74' lang='lat' dir='ltr'><strong>dispendia,</strong></span> <span class='ocrx_word' id='word_1_617' title='bbox 1120 4433 1281 4487; x_wconf 86' lang='lat' dir='ltr'><strong>quum</strong></span> <span class='ocrx_word' id='word_1_618' title='bbox 1309 4418 1507 4486; x_wconf 85' lang='lat' dir='ltr'><strong>aliquid</strong></span> <span class='ocrx_word' id='word_1_619' title='bbox 1532 4419 1600 4473; x_wconf 89' lang='lat' dir='ltr'><strong>de</strong></span> <span class='ocrx_word' id='word_1_620' title='bbox 1629 4434 1688 4472; x_wconf 89' lang='lat' dir='ltr'><strong>re</strong></span> <span class='ocrx_word' id='word_1_621' title='bbox 1722 4419 1971 4478; x_wconf 83' lang='lat' dir='ltr'><strong>familiari</strong></span> 
     </span>
    </p>
   </div>
   <div class='ocr_carea' id='block_1_87' title="bbox 2077 4345 3678 4418">
    <p class='ocr_par' dir='ltr' id='par_1_87' title="bbox 2077 4345 3678 4418">
     <span class='ocr_line' id='line_1_92' title="bbox 2077 4345 3678 4418; baseline 0.003 -17"><span class='ocrx_word' id='word_1_622' title='bbox 2077 4350 2158 4402; x_wconf 82' lang='lat' dir='ltr'><strong>uia</strong></span> <span class='ocrx_word' id='word_1_623' title='bbox 2185 4350 2237 4401; x_wconf 86' lang='lat' dir='ltr'><strong>in</strong></span> <span class='ocrx_word' id='word_1_624' title='bbox 2263 4363 2438 4402; x_wconf 74' lang='lat' dir='ltr'><strong>mores</strong></span> <span class='ocrx_word' id='word_1_625' title='bbox 2467 4346 2739 4418; x_wconf 75' lang='lat' dir='ltr'><strong>bestiarum</strong></span> <span class='ocrx_word' id='word_1_626' title='bbox 2775 4347 3160 4400; x_wconf 81' lang='lat' dir='ltr'><strong>latrocinantur.</strong></span> <span class='ocrx_word' id='word_1_627' title='bbox 3193 4345 3284 4402; x_wconf 90' lang='lat' dir='ltr'><strong>Sic</strong></span> <span class='ocrx_word' id='word_1_628' title='bbox 3323 4348 3437 4418; x_wconf 87' lang='lat' dir='ltr'><strong>ipse</strong></span> <span class='ocrx_word' id='word_1_629' title='bbox 3469 4349 3560 4404; x_wconf 91' lang='lat' dir='ltr'><strong>lib.</strong></span> <span class='ocrx_word' id='word_1_630' title='bbox 3609 4349 3678 4408; x_wconf 86' lang='lat' dir='ltr'><strong>do</strong></span> 
     </span>
    </p>
   </div>
   <div class='ocr_carea' id='block_1_88' title="bbox 2077 4416 3678 4492">
    <p class='ocr_par' dir='ltr' id='par_1_88' title="bbox 2077 4416 3678 4492">
     <span class='ocr_line' id='line_1_93' title="bbox 2077 4416 3678 4492; baseline 0.002 -19"><span class='ocrx_word' id='word_1_631' title='bbox 2077 4421 2270 4492; x_wconf 83' lang='lat' dir='ltr'><strong>Anima</strong></span> <span class='ocrx_word' id='word_1_632' title='bbox 2295 4436 2308 4472; x_wconf 88' lang='lat'><strong>:</strong></span> <span class='ocrx_word' id='word_1_633' title='bbox 2344 4419 2480 4492; x_wconf 84' lang='lat' dir='ltr'><strong>Quia</strong></span> <span class='ocrx_word' id='word_1_634' title='bbox 2507 4428 2551 4471; x_wconf 87' lang='lat' dir='ltr'><strong>et</strong></span> <span class='ocrx_word' id='word_1_635' title='bbox 2574 4416 2884 4492; x_wconf 79' lang='lat' dir='ltr'><strong>ipsa_bestiis</strong></span> <span class='ocrx_word' id='word_1_636' title='bbox 2902 4419 3136 4492; x_wconf 72' lang='lat' dir='ltr'><strong>objecerit</strong></span> <span class='ocrx_word' id='word_1_637' title='bbox 3167 4435 3272 4484; x_wconf 84' lang='lat' dir='ltr'><strong>eos,</strong></span> <span class='ocrx_word' id='word_1_638' title='bbox 3300 4416 3426 4492; x_wconf 69' lang='lat' dir='ltr'><strong>quos</strong></span> <span class='ocrx_word' id='word_1_639' title='bbox 3445 4421 3496 4474; x_wconf 87' lang='lat' dir='ltr'><strong>in</strong></span> <span class='ocrx_word' id='word_1_640' title='bbox 3522 4421 3678 4492; x_wconf 71' lang='lat' dir='ltr'><strong>sylvis</strong></span> 
     </span>
    </p>
   </div>
   <div class='ocr_carea' id='block_1_89' title="bbox 376 4487 3676 4562">
    <p class='ocr_par' dir='ltr' id='par_1_89' title="bbox 376 4487 3676 4562">
     <span class='ocr_line' id='line_1_94' title="bbox 376 4487 3676 4562; baseline 0.001 -17"><span class='ocrx_word' id='word_1_641' title='bbox 376 4499 558 4547; x_wconf 81' lang='lat' dir='ltr'><strong>nostra</strong></span> <span class='ocrx_word' id='word_1_642' title='bbox 579 4493 856 4548; x_wconf 86' lang='lat' dir='ltr'><strong>amittitur.</strong></span> <span class='ocrx_word' id='word_1_643' title='bbox 881 4487 1152 4562; x_wconf 82' lang='lat' dir='ltr'><strong>Potuisset</strong></span> <span class='ocrx_word' id='word_1_644' title='bbox 1173 4490 1352 4544; x_wconf 83' lang='lat' dir='ltr'><strong>dicere</strong></span> <span class='ocrx_word' id='word_1_645' title='bbox 1371 4488 1633 4559; x_wconf 83' lang='lat' dir='ltr'><strong>jacturas,</strong></span> <span class='ocrx_word' id='word_1_646' title='bbox 1657 4489 1752 4545; x_wconf 85' lang='lat' dir='ltr'><strong>sed</strong></span> <span class='ocrx_word' id='word_1_647' title='bbox 1776 4491 1973 4560; x_wconf 85' lang='lat' dir='ltr'><strong>placuit</strong></span> <span class='ocrx_word' id='word_1_648' title='bbox 1997 4501 2051 4562; x_wconf 74' lang='grc' dir='ltr'><strong>ι)</strong></span> <span class='ocrx_word' id='word_1_649' title='bbox 2077 4500 2124 4545; x_wconf 74' lang='lat' dir='ltr'><strong>et</strong></span> <span class='ocrx_word' id='word_1_650' title='bbox 2152 4491 2278 4543; x_wconf 80' lang='lat' dir='ltr'><strong>aviis</strong></span> <span class='ocrx_word' id='word_1_651' title='bbox 2311 4489 2654 4544; x_wconf 76' lang='lat' dir='ltr'><strong>trucidaverit.</strong></span> <span class='ocrx_word' id='word_1_652' title='bbox 2691 4487 2746 4543; x_wconf 93' lang='lat' dir='ltr'><strong>In</strong></span> <span class='ocrx_word' id='word_1_653' title='bbox 2774 4487 3267 4562; x_wconf 21' lang='lat' dir='ltr'><strong>moresibestiarpm</strong></span> <span class='ocrx_word' id='word_1_654' title='bbox 3285 4529 3298 4552; x_wconf 86' lang='lat'><strong>.</strong></span> <span class='ocrx_word' id='word_1_655' title='bbox 3325 4489 3428 4544; x_wconf 89' lang='lat' dir='ltr'><strong>hoc</strong></span> <span class='ocrx_word' id='word_1_656' title='bbox 3473 4487 3574 4558; x_wconf 63' lang='lat' dir='ltr'><strong>est,</strong></span> <span class='ocrx_word' id='word_1_657' title='bbox 3618 4493 3676 4548; x_wconf 89' lang='lat' dir='ltr'><strong>in</strong></span> 
     </span>
    </p>
   </div>
   <div class='ocr_carea' id='block_1_90' title="bbox 381 4561 1154 4617">
    <p class='ocr_par' dir='ltr' id='par_1_90' title="bbox 381 4561 1154 4617">
     <span class='ocr_line' id='line_1_95' title="bbox 381 4561 1154 4617; baseline 0 -1"><span class='ocrx_word' id='word_1_658' title='bbox 381 4578 585 4617; x_wconf 90' lang='lat' dir='ltr'><strong>novum</strong></span> <span class='ocrx_word' id='word_1_659' title='bbox 615 4562 952 4616; x_wconf 80' lang='lat' dir='ltr'><strong>vocabulum.</strong></span> <span class='ocrx_word' id='word_1_660' title='bbox 982 4561 1154 4616; x_wconf 73' lang='lat' dir='ltr'><strong>Ruun.</strong></span> 
     </span>
    </p>
   </div>
   <div class='ocr_carea' id='block_1_91' title="bbox 385 4631 1974 4706">
    <p class='ocr_par' dir='ltr' id='par_1_91' title="bbox 385 4631 1974 4706">
     <span class='ocr_line' id='line_1_96' title="bbox 385 4631 1974 4706; baseline -0.002 -16"><span class='ocrx_word' id='word_1_661' title='bbox 385 4680 406 4706; x_wconf 32' lang='grc' dir='ltr'><strong>,Α</strong></span> <span class='ocrx_word' id='word_1_662' title='bbox 451 4634 537 4706; x_wconf 88' lang='lat' dir='ltr'><strong>(b)</strong></span> <span class='ocrx_word' id='word_1_663' title='bbox 577 4634 716 4701; x_wconf 81' lang='lat' dir='ltr'><strong>Quid</strong></span> <span class='ocrx_word' id='word_1_664' title='bbox 744 4635 826 4706; x_wconf 74' lang='lat' dir='ltr'><strong>hic</strong></span> <span class='ocrx_word' id='word_1_665' title='bbox 851 4634 1148 4706; x_wconf 68' lang='lat' dir='ltr'><strong>inuenimus,</strong></span> <span class='ocrx_word' id='word_1_666' title='bbox 1162 4632 1248 4706; x_wconf 70' lang='lat' dir='ltr'><strong>ubi</strong></span> <span class='ocrx_word' id='word_1_667' title='bbox 1270 4631 1800 4706; x_wconf 52' lang='lat' dir='ltr'><strong>habemusmitterc?</strong></span> <span class='ocrx_word' id='word_1_668' title='bbox 1825 4633 1974 4706; x_wconf 77' lang='lat' dir='ltr'><strong>Allu-</strong></span> 
     </span>
    </p>
   </div>
   <div class='ocr_carea' id='block_1_92' title="bbox 375 4703 1975 4774">
    <p class='ocr_par' dir='ltr' id='par_1_92' title="bbox 375 4703 1975 4774">
     <span class='ocr_line' id='line_1_97' title="bbox 375 4703 1975 4774; baseline -0.002 -13"><span class='ocrx_word' id='word_1_669' title='bbox 375 4703 550 4761; x_wconf 55' lang='lat' dir='ltr'><strong>dit&#39;ad</strong></span> <span class='ocrx_word' id='word_1_670' title='bbox 577 4706 736 4760; x_wconf 86' lang='lat' dir='ltr'><strong>verba</strong></span> <span class='ocrx_word' id='word_1_671' title='bbox 764 4705 965 4762; x_wconf 89' lang='lat' dir='ltr'><strong>Christi</strong></span> <span class='ocrx_word' id='word_1_672' title='bbox 990 4705 1128 4774; x_wconf 86' lang='lat' dir='ltr'><strong>apud</strong></span> <span class='ocrx_word' id='word_1_673' title='bbox 1157 4703 1344 4758; x_wconf 82' lang='lat' dir='ltr'><strong>Matth.</strong></span> <span class='ocrx_word' id='word_1_674' title='bbox 1378 4703 1444 4768; x_wconf 77' lang='grc' dir='ltr'><strong>Χ,</strong></span> <span class='ocrx_word' id='word_1_675' title='bbox 1468 4703 1556 4759; x_wconf 72' lang='lat'><strong>39.</strong></span> <span class='ocrx_word' id='word_1_676' title='bbox 1607 4703 1707 4768; x_wconf 79' lang='lat' dir='ltr'><strong>Qui</strong></span> <span class='ocrx_word' id='word_1_677' title='bbox 1733 4705 1975 4758; x_wconf 78' lang='lat' dir='ltr'><strong>invenerit</strong></span> 
     </span>
    </p>
   </div>
   <div class='ocr_carea' id='block_1_93' title="bbox 374 4775 1974 4847">
    <p class='ocr_par' dir='ltr' id='par_1_93' title="bbox 374 4775 1974 4847">
     <span class='ocr_line' id='line_1_98' title="bbox 374 4775 1974 4847; baseline -0.001 -16"><span class='ocrx_word' id='word_1_678' title='bbox 374 4777 600 4831; x_wconf 72' lang='lat' dir='ltr'><strong>quintam</strong></span> <span class='ocrx_word' id='word_1_679' title='bbox 623 4793 792 4844; x_wconf 74' lang='lat' dir='ltr'><strong>suam,</strong></span> <span class='ocrx_word' id='word_1_680' title='bbox 821 4777 993 4847; x_wconf 84' lang='lat' dir='ltr'><strong>perdet</strong></span> <span class='ocrx_word' id='word_1_681' title='bbox 1031 4793 1143 4829; x_wconf 88' lang='lat' dir='ltr'><strong>eam</strong></span> <span class='ocrx_word' id='word_1_682' title='bbox 1185 4791 1203 4828; x_wconf 89' lang='lat'><strong><em>:</em></strong></span> <span class='ocrx_word' id='word_1_683' title='bbox 1243 4785 1288 4829; x_wconf 80' lang='lat' dir='ltr'><strong>et</strong></span> <span class='ocrx_word' id='word_1_684' title='bbox 1316 4775 1403 4847; x_wconf 81' lang='lat' dir='ltr'><strong>qui</strong></span> <span class='ocrx_word' id='word_1_685' title='bbox 1439 4775 1713 4845; x_wconf 75' lang='lat' dir='ltr'><strong>perdiderit</strong></span> <span class='ocrx_word' id='word_1_686' title='bbox 1749 4777 1974 4830; x_wconf 81' lang='lat' dir='ltr'><strong>animum</strong></span> 
     </span>
    </p>
   </div>
   <div class='ocr_carea' id='block_1_94' title="bbox 375 4846 1434 4920">
    <p class='ocr_par' dir='ltr' id='par_1_94' title="bbox 375 4846 1434 4920">
     <span class='ocr_line' id='line_1_99' title="bbox 375 4846 1434 4920; baseline -0.002 -18"><span class='ocrx_word' id='word_1_687' title='bbox 375 4864 519 4902; x_wconf 62' lang='lat' dir='ltr'><strong>suat):</strong></span> <span class='ocrx_word' id='word_1_688' title='bbox 546 4858 754 4920; x_wconf 81' lang='lat' dir='ltr'><strong>propter</strong></span> <span class='ocrx_word' id='word_1_689' title='bbox 779 4846 878 4914; x_wconf 82' lang='lat' dir='ltr'><strong>me,</strong></span> <span class='ocrx_word' id='word_1_690' title='bbox 908 4849 1125 4920; x_wconf 71' lang='lat' dir='ltr'><strong>inveniet</strong></span> <span class='ocrx_word' id='word_1_691' title='bbox 1147 4846 1434 4920; x_wconf 71' lang='lat' dir='ltr'><strong>eam-.Bto.</strong></span> 
     </span>
    </p>
   </div>
   <div class='ocr_carea' id='block_1_95' title="bbox 451 4917 1970 4990">
    <p class='ocr_par' dir='ltr' id='par_1_95' title="bbox 451 4917 1970 4990">
     <span class='ocr_line' id='line_1_100' title="bbox 451 4917 1970 4990; baseline 0.002 -18"><span class='ocrx_word' id='word_1_692' title='bbox 451 4920 524 4988; x_wconf 87' lang='lat' dir='ltr'><strong>(e)</strong></span> <span class='ocrx_word' id='word_1_693' title='bbox 546 4917 687 4974; x_wconf 63' lang='lat' dir='ltr'><strong>Cum</strong></span> <span class='ocrx_word' id='word_1_694' title='bbox 710 4920 924 4990; x_wconf 77' lang='lat' dir='ltr'><strong>denique</strong></span> <span class='ocrx_word' id='word_1_695' title='bbox 939 4918 1061 4973; x_wconf 82' lang='lat' dir='ltr'><strong>ludo</strong></span> <span class='ocrx_word' id='word_1_696' title='bbox 1080 4929 1126 4973; x_wconf 80' lang='lat' dir='ltr'><strong>et</strong></span> <span class='ocrx_word' id='word_1_697' title='bbox 1146 4919 1357 4990; x_wconf 69' lang='lat' dir='ltr'><strong>castris.</strong></span> <span class='ocrx_word' id='word_1_698' title='bbox 1371 4917 1575 4990; x_wconf 80' lang='lat' dir='ltr'><strong>Ludunt</strong></span> <span class='ocrx_word' id='word_1_699' title='bbox 1596 4917 1970 4990; x_wconf 84' lang='lat' dir='ltr'><strong>gladiatorium</strong></span> 
     </span>
    </p>
   </div>
   <div class='ocr_carea' id='block_1_96' title="bbox 377 4989 1978 5062">
    <p class='ocr_par' dir='ltr' id='par_1_96' title="bbox 377 4989 1978 5062">
     <span class='ocr_line' id='line_1_101' title="bbox 377 4989 1978 5062; baseline 0.002 -18"><span class='ocrx_word' id='word_1_700' title='bbox 377 4990 656 5061; x_wconf 80' lang='lat' dir='ltr'><strong>intelligit,</strong></span> <span class='ocrx_word' id='word_1_701' title='bbox 716 4989 868 5062; x_wconf 84' lang='lat' dir='ltr'><strong>cujus</strong></span> <span class='ocrx_word' id='word_1_702' title='bbox 928 4991 1211 5057; x_wconf 62' lang='lat' dir='ltr'><strong>praefectus</strong></span> <span class='ocrx_word' id='word_1_703' title='bbox 1254 4989 1449 5044; x_wconf 87' lang='lat' dir='ltr'><strong>lanista</strong></span> <span class='ocrx_word' id='word_1_704' title='bbox 1501 4989 1827 5056; x_wconf 83' lang='lat' dir='ltr'><strong>dicebatur;</strong></span> <span class='ocrx_word' id='word_1_705' title='bbox 1881 5005 1978 5060; x_wconf 86' lang='lat' dir='ltr'><strong>per</strong></span> 
     </span>
    </p>
   </div>
   <div class='ocr_carea' id='block_1_97' title="bbox 377 5062 1054 5128">
    <p class='ocr_par' dir='ltr' id='par_1_97' title="bbox 377 5062 1054 5128">
     <span class='ocr_line' id='line_1_102' title="bbox 377 5062 1054 5128; baseline -0.001 -13"><span class='ocrx_word' id='word_1_706' title='bbox 377 5071 573 5128; x_wconf 79' lang='lat' dir='ltr'><strong>castra,</strong></span> <span class='ocrx_word' id='word_1_707' title='bbox 590 5063 859 5117; x_wconf 84' lang='lat' dir='ltr'><strong>militiam.</strong></span> <span class='ocrx_word' id='word_1_708' title='bbox 878 5062 1054 5116; x_wconf 67' lang='lat' dir='ltr'><strong>ﬂuctv.</strong></span> 
     </span>
    </p>
   </div>
   <div class='ocr_carea' id='block_1_98' title="bbox 454 5131 1973 5205">
    <p class='ocr_par' dir='ltr' id='par_1_98' title="bbox 454 5131 1973 5205">
     <span class='ocr_line' id='line_1_103' title="bbox 454 5131 1973 5205; baseline 0.003 -19"><span class='ocrx_word' id='word_1_709' title='bbox 454 5133 536 5205; x_wconf 94' lang='lat' dir='ltr'><strong>(d)</strong></span> <span class='ocrx_word' id='word_1_710' title='bbox 577 5132 700 5189; x_wconf 74' lang='lat' dir='ltr'><strong>Sese</strong></span> <span class='ocrx_word' id='word_1_711' title='bbox 736 5134 925 5188; x_wconf 81' lang='lat' dir='ltr'><strong>locant.</strong></span> <span class='ocrx_word' id='word_1_712' title='bbox 960 5133 1084 5188; x_wconf 81' lang='lat' dir='ltr'><strong>Fuit</strong></span> <span class='ocrx_word' id='word_1_713' title='bbox 1130 5133 1232 5189; x_wconf 87' lang='lat' dir='ltr'><strong>iste</strong></span> <span class='ocrx_word' id='word_1_714' title='bbox 1280 5131 1620 5202; x_wconf 87' lang='lat' dir='ltr'><strong>turpissimus</strong></span> <span class='ocrx_word' id='word_1_715' title='bbox 1661 5133 1973 5205; x_wconf 85' lang='lat' dir='ltr'><strong>acquirendi</strong></span> 
     </span>
    </p>
   </div>
   <div class='ocr_carea' id='block_1_99' title="bbox 377 5205 1969 5274">
    <p class='ocr_par' dir='ltr' id='par_1_99' title="bbox 377 5205 1969 5274">
     <span class='ocr_line' id='line_1_104' title="bbox 377 5205 1969 5274; baseline 0.003 -18"><span class='ocrx_word' id='word_1_716' title='bbox 377 5216 620 5274; x_wconf 62' lang='lat' dir='ltr'><strong>quastus</strong></span> <span class='ocrx_word' id='word_1_717' title='bbox 647 5221 764 5260; x_wconf 89' lang='lat' dir='ltr'><strong>mos</strong></span> <span class='ocrx_word' id='word_1_718' title='bbox 798 5223 811 5261; x_wconf 90' lang='lat'><strong>:</strong></span> <span class='ocrx_word' id='word_1_719' title='bbox 842 5222 963 5260; x_wconf 91' lang='lat' dir='ltr'><strong>nam</strong></span> <span class='ocrx_word' id='word_1_720' title='bbox 993 5205 1221 5260; x_wconf 87' lang='lat' dir='ltr'><strong>honesto</strong></span> <span class='ocrx_word' id='word_1_721' title='bbox 1245 5205 1406 5260; x_wconf 87' lang='lat' dir='ltr'><strong>etiam</strong></span> <span class='ocrx_word' id='word_1_722' title='bbox 1434 5205 1554 5260; x_wconf 90' lang='lat' dir='ltr'><strong>loco</strong></span> <span class='ocrx_word' id='word_1_723' title='bbox 1592 5205 1722 5266; x_wconf 87' lang='lat' dir='ltr'><strong>nati.</strong></span> <span class='ocrx_word' id='word_1_724' title='bbox 1751 5221 1873 5260; x_wconf 87' lang='lat' dir='ltr'><strong>cum</strong></span> <span class='ocrx_word' id='word_1_725' title='bbox 1903 5206 1969 5261; x_wconf 88' lang='lat' dir='ltr'><strong>ad</strong></span> 
     </span>
    </p>
   </div>
   <div class='ocr_carea' id='block_1_100' title="bbox 378 5275 1972 5410">
    <p class='ocr_par' dir='ltr' id='par_1_100' title="bbox 378 5275 1972 5410">
     <span class='ocr_line' id='line_1_105' title="bbox 378 5275 1972 5348; baseline 0.003 -19"><span class='ocrx_word' id='word_1_726' title='bbox 378 5286 670 5345; x_wconf 78' lang='lat' dir='ltr'><strong>egestatem</strong></span> <span class='ocrx_word' id='word_1_727' title='bbox 703 5285 1086 5348; x_wconf 74' lang='lat' dir='ltr'><strong>pervenerant,</strong></span> <span class='ocrx_word' id='word_1_728' title='bbox 1121 5277 1388 5340; x_wconf 82' lang='lat' dir='ltr'><strong>locabant,</strong></span> <span class='ocrx_word' id='word_1_729' title='bbox 1416 5275 1872 5348; x_wconf 86' lang='lat' dir='ltr'><strong>auctorabantque</strong></span> <span class='ocrx_word' id='word_1_730' title='bbox 1910 5292 1972 5333; x_wconf 87' lang='lat' dir='ltr'><strong>se</strong></span> 
     </span>
     <span class='ocr_line' id='line_1_106' title="bbox 378 5347 1966 5410; baseline 0.001 -9"><span class='ocrx_word' id='word_1_731' title='bbox 378 5347 450 5401; x_wconf 77' lang='lat' dir='ltr'><strong>ad</strong></span> <span class='ocrx_word' id='word_1_732' title='bbox 476 5347 658 5403; x_wconf 80' lang='lat' dir='ltr'><strong>ludum</strong></span> <span class='ocrx_word' id='word_1_733' title='bbox 687 5349 1080 5410; x_wconf 75' lang='lat' dir='ltr'><strong>gladiatorium.</strong></span> <span class='ocrx_word' id='word_1_734' title='bbox 1111 5347 1352 5410; x_wconf 54' lang='lat' dir='ltr'><strong>“ﬁniuit</strong></span> <span class='ocrx_word' id='word_1_735' title='bbox 1381 5347 1538 5410; x_wconf 81' lang='lat' dir='ltr'><strong>hujus</strong></span> <span class='ocrx_word' id='word_1_736' title='bbox 1565 5349 1730 5403; x_wconf 88' lang='lat' dir='ltr'><strong>moris</strong></span> <span class='ocrx_word' id='word_1_737' title='bbox 1761 5348 1966 5406; x_wconf 86' lang='lat' dir='ltr'><strong>Seneca</strong></span> 
     </span>
    </p>
   </div>
   <div class='ocr_carea' id='block_1_101' title="bbox 377 5360 1970 5548">
    <p class='ocr_par' dir='ltr' id='par_1_101' title="bbox 377 5360 1970 5548">
     <span class='ocr_line' id='line_1_107' title="bbox 378 5360 1966 5416; baseline 0.001 -15"><span class='ocrx_word' id='word_1_738' title='bbox 378 5360 450 5401; x_wconf 75' lang='lat' dir='ltr'><strong>an</strong></span> <span class='ocrx_word' id='word_1_739' title='bbox 476 5360 658 5403; x_wconf 72' lang='lat' dir='ltr'><strong>tantum</strong></span> <span class='ocrx_word' id='word_1_740' title='bbox 725 5360 1080 5404; x_wconf 75' lang='lat' dir='ltr'><strong>tadtatortum.</strong></span> <span class='ocrx_word' id='word_1_741' title='bbox 1111 5360 1352 5410; x_wconf 59' lang='lat' dir='ltr'><strong>autumn</strong></span> <span class='ocrx_word' id='word_1_742' title='bbox 1381 5360 1538 5416; x_wconf 79' lang='lat' dir='ltr'><strong>hujus</strong></span> <span class='ocrx_word' id='word_1_743' title='bbox 1565 5362 1730 5403; x_wconf 76' lang='lat' dir='ltr'><strong>moris</strong></span> <span class='ocrx_word' id='word_1_744' title='bbox 1761 5360 1966 5406; x_wconf 76' lang='lat' dir='ltr'><strong>Seneca</strong></span> 
     </span>
     <span class='ocr_line' id='line_1_108' title="bbox 377 5365 1970 5488; baseline 0.001 -16"><span class='ocrx_word' id='word_1_745' title='bbox 377 5421 535 5488; x_wconf 87' lang='lat' dir='ltr'><strong>epist.</strong></span> <span class='ocrx_word' id='word_1_746' title='bbox 567 5421 657 5476; x_wconf 84' lang='lat'><strong>87.</strong></span> <span class='ocrx_word' id='word_1_747' title='bbox 687 5365 872 5476; x_wconf 48' lang='grc' dir='ltr'><strong>ΙΙῖΙινιιηι</strong></span> <span class='ocrx_word' id='word_1_748' title='bbox 906 5436 959 5475; x_wconf 84' lang='lat' dir='ltr'><strong>se</strong></span> <span class='ocrx_word' id='word_1_749' title='bbox 977 5421 1044 5473; x_wconf 88' lang='lat' dir='ltr'><strong>ad</strong></span> <span class='ocrx_word' id='word_1_750' title='bbox 1105 5419 1301 5473; x_wconf 76' lang='lat' dir='ltr'><strong>[adium</strong></span> <span class='ocrx_word' id='word_1_751' title='bbox 1345 5419 1492 5484; x_wconf 85' lang='lat' dir='ltr'><strong>locet,</strong></span> <span class='ocrx_word' id='word_1_752' title='bbox 1542 5435 1609 5472; x_wconf 88' lang='lat' dir='ltr'><strong>an</strong></span> <span class='ocrx_word' id='word_1_753' title='bbox 1639 5419 1706 5472; x_wconf 86' lang='lat' dir='ltr'><strong>ad</strong></span> <span class='ocrx_word' id='word_1_754' title='bbox 1729 5421 1970 5474; x_wconf 75' lang='lat' dir='ltr'><strong>cultrum.</strong></span> 
     </span>
     <span class='ocr_line' id='line_1_109' title="bbox 379 5437 1970 5548; baseline -0.003 0"><span class='ocrx_word' id='word_1_755' title='bbox 379 5489 522 5548; x_wconf 75' lang='lat' dir='ltr'><strong>Nihil</strong></span> <span class='ocrx_word' id='word_1_756' title='bbox 547 5494 741 5548; x_wconf 85' lang='lat' dir='ltr'><strong>mirum</strong></span> <span class='ocrx_word' id='word_1_757' title='bbox 773 5512 787 5546; x_wconf 87' lang='lat'><strong>:</strong></span> <span class='ocrx_word' id='word_1_758' title='bbox 821 5507 944 5547; x_wconf 91' lang='lat' dir='ltr'><strong>nam</strong></span> <span class='ocrx_word' id='word_1_759' title='bbox 967 5437 1100 5548; x_wconf 61' lang='lat' dir='ltr'><strong>(lllig</strong></span> <span class='ocrx_word' id='word_1_760' title='bbox 1118 5499 1401 5548; x_wconf 79' lang='lat' dir='ltr'><strong>paupertas</strong></span> <span class='ocrx_word' id='word_1_761' title='bbox 1428 5505 1536 5548; x_wconf 88' lang='lat' dir='ltr'><strong>non</strong></span> <span class='ocrx_word' id='word_1_762' title='bbox 1555 5489 1757 5548; x_wconf 75' lang='lat' dir='ltr'><strong>eifieiti</strong></span> <span class='ocrx_word' id='word_1_763' title='bbox 1779 5491 1850 5548; x_wconf 89' lang='lat' dir='ltr'><strong>de</strong></span> <span class='ocrx_word' id='word_1_764' title='bbox 1870 5507 1970 5548; x_wconf 85' lang='lat' dir='ltr'><strong>oua</strong></span> 
     </span>
    </p>
   </div>
   <div class='ocr_carea' id='block_1_102' title="bbox 378 5489 1972 5643">
    <p class='ocr_par' dir='ltr' id='par_1_102' title="bbox 378 5489 1972 5643">
     <span class='ocr_line' id='line_1_110' title="bbox 379 5489 1972 5563; baseline -0.003 -15"><span class='ocrx_word' id='word_1_765' title='bbox 379 5489 522 5554; x_wconf 76' lang='lat' dir='ltr'><strong>Nihil</strong></span> <span class='ocrx_word' id='word_1_766' title='bbox 547 5494 741 5548; x_wconf 85' lang='lat' dir='ltr'><strong>mirum</strong></span> <span class='ocrx_word' id='word_1_767' title='bbox 773 5512 787 5546; x_wconf 87' lang='lat'><strong>:</strong></span> <span class='ocrx_word' id='word_1_768' title='bbox 821 5507 944 5547; x_wconf 88' lang='lat' dir='ltr'><strong>nam</strong></span> <span class='ocrx_word' id='word_1_769' title='bbox 967 5489 1096 5563; x_wconf 82' lang='lat' dir='ltr'><strong>quid</strong></span> <span class='ocrx_word' id='word_1_770' title='bbox 1118 5499 1401 5560; x_wconf 82' lang='lat' dir='ltr'><strong>paupertas</strong></span> <span class='ocrx_word' id='word_1_771' title='bbox 1428 5505 1536 5548; x_wconf 88' lang='lat' dir='ltr'><strong>non</strong></span> <span class='ocrx_word' id='word_1_772' title='bbox 1555 5489 1757 5550; x_wconf 70' lang='lat' dir='ltr'><strong>efﬁcit?</strong></span> <span class='ocrx_word' id='word_1_773' title='bbox 1779 5491 1850 5548; x_wconf 89' lang='lat' dir='ltr'><strong>de</strong></span> <span class='ocrx_word' id='word_1_774' title='bbox 1870 5507 1972 5563; x_wconf 87' lang='lat' dir='ltr'><strong>qua</strong></span> 
     </span>
     <span class='ocr_line' id='line_1_111' title="bbox 378 5559 1910 5643; baseline -0.001 -27"><span class='ocrx_word' id='word_1_775' title='bbox 378 5559 564 5643; x_wconf 57' lang='grc' dir='ltr'><strong>(ἐπίῃ.</strong></span> <span class='ocrx_word' id='word_1_776' title='bbox 588 5565 750 5643; x_wconf 44' lang='lat' dir='ltr'><strong>‘Alex.</strong></span> <span class='ocrx_word' id='word_1_777' title='bbox 782 5565 928 5643; x_wconf 85' lang='lat' dir='ltr'><strong>hom.</strong></span> <span class='ocrx_word' id='word_1_778' title='bbox 948 5563 1002 5620; x_wconf 81' lang='lat'><strong>5.</strong></span> <span class='ocrx_word' id='word_1_779' title='bbox 1022 5560 1090 5618; x_wconf 91' lang='lat' dir='ltr'><strong>de</strong></span> <span class='ocrx_word' id='word_1_780' title='bbox 1120 5563 1268 5643; x_wconf 78' lang='lat' dir='ltr'><strong>festis</strong></span> <span class='ocrx_word' id='word_1_781' title='bbox 1294 5561 1590 5643; x_wconf 77' lang='lat' dir='ltr'><strong>Paschalib.</strong></span> <span class='ocrx_word' id='word_1_782' title='bbox 1614 5560 1756 5643; x_wconf 12' lang='grc' dir='ltr'><strong>μέλαν.</strong></span> <span class='ocrx_word' id='word_1_783' title='bbox 1877 5634 1910 5643; x_wconf 53' lang='grc' dir='ltr'>η</span> 
     </span>
    </p>
   </div>
   <div class='ocr_carea' id='block_1_103' title="bbox 381 5632 1976 5708">
    <p class='ocr_par' dir='ltr' id='par_1_103' title="bbox 381 5632 1976 5708">
     <span class='ocr_line' id='line_1_112' title="bbox 381 5632 1976 5708; baseline -0.003 -16"><span class='ocrx_word' id='word_1_784' title='bbox 381 5632 534 5708; x_wconf 40' lang='grc'><strong>[(9)</strong></span> <span class='ocrx_word' id='word_1_785' title='bbox 577 5635 677 5693; x_wconf 80' lang='lat' dir='ltr'><strong>Per</strong></span> <span class='ocrx_word' id='word_1_786' title='bbox 706 5639 837 5690; x_wconf 84' lang='lat' dir='ltr'><strong>uiam</strong></span> <span class='ocrx_word' id='word_1_787' title='bbox 865 5638 919 5690; x_wconf 87' lang='lat' dir='ltr'><strong>in</strong></span> <span class='ocrx_word' id='word_1_788' title='bbox 947 5651 1112 5708; x_wconf 80' lang='lat' dir='ltr'><strong>mores</strong></span> <span class='ocrx_word' id='word_1_789' title='bbox 1139 5633 1410 5688; x_wconf 80' lang='lat' dir='ltr'><strong>bestiarum</strong></span> <span class='ocrx_word' id='word_1_790' title='bbox 1427 5632 1831 5708; x_wconf 72' lang='lat' dir='ltr'><strong>_iatrocinantur.</strong></span> <span class='ocrx_word' id='word_1_791' title='bbox 1871 5634 1976 5688; x_wconf 82' lang='lat' dir='ltr'><strong>Co-</strong></span> 
     </span>
    </p>
   </div>
   <div class='ocr_carea' id='block_1_104' title="bbox 419 5703 1980 5778">
    <p class='ocr_par' dir='ltr' id='par_1_104' title="bbox 419 5703 1980 5778">
     <span class='ocr_line' id='line_1_113' title="bbox 419 5703 1980 5778; baseline 0.001 -16"><span class='ocrx_word' id='word_1_792' title='bbox 419 5703 482 5762; x_wconf 71' lang='lat' dir='ltr'><strong>ei</strong></span> <span class='ocrx_word' id='word_1_793' title='bbox 515 5703 746 5774; x_wconf 52' lang='lat' dir='ltr'><strong>&#39;I’itbcei,</strong></span> <span class='ocrx_word' id='word_1_794' title='bbox 798 5723 887 5778; x_wconf 82' lang='lat' dir='ltr'><strong>per</strong></span> <span class='ocrx_word' id='word_1_795' title='bbox 910 5710 992 5762; x_wconf 82' lang='lat' dir='ltr'><strong>via</strong></span> <span class='ocrx_word' id='word_1_796' title='bbox 1042 5707 1096 5760; x_wconf 87' lang='lat' dir='ltr'><strong>in</strong></span> <span class='ocrx_word' id='word_1_797' title='bbox 1121 5703 1823 5778; x_wconf 19' lang='lat' dir='ltr'><strong>utentorcsavestigiasunt</strong></span> <span class='ocrx_word' id='word_1_798' title='bbox 1837 5719 1980 5778; x_wconf 64' lang='lat' dir='ltr'><strong>vera</strong></span> 
     </span>
    </p>
   </div>
   <div class='ocr_carea' id='block_1_105' title="bbox 406 5773 1985 5852">
    <p class='ocr_par' dir='ltr' id='par_1_105' title="bbox 406 5773 1985 5852">
     <span class='ocr_line' id='line_1_114' title="bbox 406 5773 1985 5852; baseline -0.003 -18"><span class='ocrx_word' id='word_1_799' title='bbox 406 5779 626 5836; x_wconf 81' lang='lat' dir='ltr'><strong>eetionis</strong></span> <span class='ocrx_word' id='word_1_800' title='bbox 648 5773 808 5850; x_wconf 73' lang='lat' dir='ltr'><strong>quam</strong></span> <span class='ocrx_word' id='word_1_801' title='bbox 849 5778 1014 5835; x_wconf 83' lang='lat' dir='ltr'><strong>fuisse</strong></span> <span class='ocrx_word' id='word_1_802' title='bbox 1056 5776 1376 5834; x_wconf 81' lang='lat' dir='ltr'><strong>arbitramur</strong></span> <span class='ocrx_word' id='word_1_803' title='bbox 1402 5773 1706 5846; x_wconf 90' lang='lat' dir='ltr'><strong>hujusmodi</strong></span> <span class='ocrx_word' id='word_1_804' title='bbox 1739 5792 1754 5830; x_wconf 87' lang='lat'><strong>:</strong></span> <span class='ocrx_word' id='word_1_805' title='bbox 1782 5773 1882 5831; x_wconf 86' lang='lat' dir='ltr'><strong>Per</strong></span> <span class='ocrx_word' id='word_1_806' title='bbox 1901 5776 1985 5852; x_wconf 50' lang='lat' dir='ltr'><strong>ins</strong></span> 
     </span>
    </p>
   </div>
   <div class='ocr_carea' id='block_1_106' title="bbox 2080 4559 3305 4625">
    <p class='ocr_par' dir='ltr' id='par_1_106' title="bbox 2080 4559 3305 4625">
     <span class='ocr_line' id='line_1_115' title="bbox 2080 4559 3305 4625; baseline -0.002 -9"><span class='ocrx_word' id='word_1_807' title='bbox 2080 4577 2286 4616; x_wconf 86' lang='lat' dir='ltr'><strong>morem</strong></span> <span class='ocrx_word' id='word_1_808' title='bbox 2311 4562 2627 4625; x_wconf 84' lang='lat' dir='ltr'><strong>bestiarum,</strong></span> <span class='ocrx_word' id='word_1_809' title='bbox 2662 4576 2811 4616; x_wconf 91' lang='lat' dir='ltr'><strong>more</strong></span> <span class='ocrx_word' id='word_1_810' title='bbox 2839 4560 3149 4616; x_wconf 88' lang='lat' dir='ltr'><strong>bestiarum.</strong></span> <span class='ocrx_word' id='word_1_811' title='bbox 3183 4559 3305 4617; x_wconf 68' lang='grc' dir='ltr'><strong>Βία.</strong></span> 
     </span>
    </p>
   </div>
   <div class='ocr_carea' id='block_1_107' title="bbox 2149 4631 3674 4705">
    <p class='ocr_par' dir='ltr' id='par_1_107' title="bbox 2149 4631 3674 4705">
     <span class='ocr_line' id='line_1_116' title="bbox 2149 4631 3674 4705; baseline 0.001 -18"><span class='ocrx_word' id='word_1_812' title='bbox 2149 4631 2299 4687; x_wconf 77' lang='lat' dir='ltr'><strong>CAP.</strong></span> <span class='ocrx_word' id='word_1_813' title='bbox 2315 4633 2349 4685; x_wconf 76' lang='grc' dir='ltr'><strong>ν</strong></span> <span class='ocrx_word' id='word_1_814' title='bbox 2361 4631 2592 4705; x_wconf 83' lang='lat' dir='ltr'><strong>llI.——(l&#39;)</strong></span> <span class='ocrx_word' id='word_1_815' title='bbox 2604 4631 2856 4705; x_wconf 76' lang='lat' dir='ltr'><strong>Minornm</strong></span> <span class='ocrx_word' id='word_1_816' title='bbox 2871 4631 3228 4705; x_wconf 79' lang='lat' dir='ltr'><strong>deliberatione</strong></span> <span class='ocrx_word' id='word_1_817' title='bbox 3242 4631 3504 4687; x_wconf 71' lang='lat' dir='ltr'><strong>tradentur.</strong></span> <span class='ocrx_word' id='word_1_818' title='bbox 3523 4631 3674 4688; x_wconf 81' lang='lat' dir='ltr'><strong>Hanc</strong></span> 
     </span>
    </p>
   </div>
   <div class='ocr_carea' id='block_1_108' title="bbox 2078 4703 3780 4774">
    <p class='ocr_par' dir='ltr' id='par_1_108' title="bbox 2078 4703 3780 4774">
     <span class='ocr_line' id='line_1_117' title="bbox 2078 4703 3780 4774; baseline 0.001 -16"><span class='ocrx_word' id='word_1_819' title='bbox 2078 4705 2398 4774; x_wconf 89' lang='lat' dir='ltr'><strong>scripturam</strong></span> <span class='ocrx_word' id='word_1_820' title='bbox 2428 4703 2862 4774; x_wconf 70' lang='lat' dir='ltr'><strong>COItSialllissime</strong></span> <span class='ocrx_word' id='word_1_821' title='bbox 2881 4704 3230 4774; x_wconf 89' lang='lat' dir='ltr'><strong>servantlibri</strong></span> <span class='ocrx_word' id='word_1_822' title='bbox 3264 4711 3474 4759; x_wconf 81' lang='lat' dir='ltr'><strong>veteres</strong></span> <span class='ocrx_word' id='word_1_823' title='bbox 3510 4705 3677 4758; x_wconf 51' lang='lat' dir='ltr'><strong>mino.</strong></span> <span class='ocrx_word' id='word_1_824' title='bbox 3777 4755 3780 4760; x_wconf 91' lang='lat'><strong>.</strong></span> 
     </span>
    </p>
   </div>
   <div class='ocr_carea' id='block_1_109' title="bbox 2077 4773 3678 4844">
    <p class='ocr_par' dir='ltr' id='par_1_109' title="bbox 2077 4773 3678 4844">
     <span class='ocr_line' id='line_1_118' title="bbox 2077 4773 3678 4844; baseline 0.002 -16"><span class='ocrx_word' id='word_1_825' title='bbox 2077 4773 2212 4839; x_wconf 75' lang='lat' dir='ltr'><strong>runt,</strong></span> <span class='ocrx_word' id='word_1_826' title='bbox 2232 4776 2334 4831; x_wconf 88' lang='lat' dir='ltr'><strong>hoc</strong></span> <span class='ocrx_word' id='word_1_827' title='bbox 2352 4785 2454 4841; x_wconf 88' lang='lat' dir='ltr'><strong>est,</strong></span> <span class='ocrx_word' id='word_1_828' title='bbox 2481 4776 2738 4844; x_wconf 64' lang='lat' dir='ltr'><strong>pecuniae.</strong></span> <span class='ocrx_word' id='word_1_829' title='bbox 2776 4773 3150 4828; x_wconf 79' lang='lat' dir='ltr'><strong>Dehbcratione</strong></span> <span class='ocrx_word' id='word_1_830' title='bbox 3165 4785 3342 4830; x_wconf 88' lang='lat' dir='ltr'><strong>autem</strong></span> <span class='ocrx_word' id='word_1_831' title='bbox 3368 4775 3597 4844; x_wconf 87' lang='lat' dir='ltr'><strong>positum</strong></span> <span class='ocrx_word' id='word_1_832' title='bbox 3625 4775 3678 4831; x_wconf 83' lang='lat' dir='ltr'><strong>vi</strong></span> 
     </span>
    </p>
   </div>
   <div class='ocr_carea' id='block_1_110' title="bbox 2075 4846 3672 4917">
    <p class='ocr_par' dir='ltr' id='par_1_110' title="bbox 2075 4846 3672 4917">
     <span class='ocr_line' id='line_1_119' title="bbox 2075 4846 3672 4917; baseline -0.001 -15"><span class='ocrx_word' id='word_1_833' title='bbox 2075 4847 2234 4902; x_wconf 86' lang='lat' dir='ltr'><strong>detur</strong></span> <span class='ocrx_word' id='word_1_834' title='bbox 2249 4848 2681 4917; x_wconf 82' lang='lat' dir='ltr'><strong>pro,liberationc.</strong></span> <span class='ocrx_word' id='word_1_835' title='bbox 2703 4847 2766 4900; x_wconf 82' lang='lat' dir='ltr'><strong>Et</strong></span> <span class='ocrx_word' id='word_1_836' title='bbox 2781 4846 3096 4901; x_wconf 74' lang='lat' dir='ltr'><strong>Christiana:</strong></span> <span class='ocrx_word' id='word_1_837' title='bbox 3112 4847 3458 4915; x_wconf 68' lang='lat' dir='ltr'><strong>philosophiae</strong></span> <span class='ocrx_word' id='word_1_838' title='bbox 3478 4847 3672 4901; x_wconf 84' lang='lat' dir='ltr'><strong>scitum</strong></span> 
     </span>
    </p>
   </div>
   <div class='ocr_carea' id='block_1_111' title="bbox 2075 4917 3674 4988">
    <p class='ocr_par' dir='ltr' id='par_1_111' title="bbox 2075 4917 3674 4988">
     <span class='ocr_line' id='line_1_120' title="bbox 2075 4917 3674 4988; baseline 0.001 -16"><span class='ocrx_word' id='word_1_839' title='bbox 2075 4928 2178 4983; x_wconf 86' lang='lat' dir='ltr'><strong>est,</strong></span> <span class='ocrx_word' id='word_1_840' title='bbox 2225 4918 2438 4973; x_wconf 78' lang='lat' dir='ltr'><strong>divitias</strong></span> <span class='ocrx_word' id='word_1_841' title='bbox 2490 4919 2626 4972; x_wconf 87' lang='lat' dir='ltr'><strong>inter</strong></span> <span class='ocrx_word' id='word_1_842' title='bbox 2672 4917 3053 4988; x_wconf 79' lang='lat' dir='ltr'><strong>impedimenta</strong></span> <span class='ocrx_word' id='word_1_843' title='bbox 3083 4919 3312 4972; x_wconf 90' lang='lat' dir='ltr'><strong>censeri.</strong></span> <span class='ocrx_word' id='word_1_844' title='bbox 3361 4918 3674 4988; x_wconf 82' lang='lat' dir='ltr'><strong>Eodemque</strong></span> 
     </span>
    </p>
   </div>
   <div class='ocr_carea' id='block_1_112' title="bbox 2081 4987 3677 5058">
    <p class='ocr_par' dir='ltr' id='par_1_112' title="bbox 2081 4987 3677 5058">
     <span class='ocr_line' id='line_1_121' title="bbox 2081 4987 3677 5058; baseline 0 -14"><span class='ocrx_word' id='word_1_845' title='bbox 2081 5003 2242 5044; x_wconf 85' lang='lat' dir='ltr'><strong>sensu</strong></span> <span class='ocrx_word' id='word_1_846' title='bbox 2288 4997 2468 5056; x_wconf 82' lang='lat' dir='ltr'><strong>posset</strong></span> <span class='ocrx_word' id='word_1_847' title='bbox 2493 4990 2652 5043; x_wconf 89' lang='lat' dir='ltr'><strong>etiam</strong></span> <span class='ocrx_word' id='word_1_848' title='bbox 2697 4989 2820 5058; x_wconf 79' lang='lat' dir='ltr'><strong>legi,</strong></span> <span class='ocrx_word' id='word_1_849' title='bbox 2859 4987 3119 5043; x_wconf 83' lang='lat' dir='ltr'><strong>Minorum</strong></span> <span class='ocrx_word' id='word_1_850' title='bbox 3153 4991 3216 5042; x_wconf 83' lang='lat' dir='ltr'><strong>de</strong></span> <span class='ocrx_word' id='word_1_851' title='bbox 3258 4988 3552 5044; x_wconf 83' lang='lat' dir='ltr'><strong>liberatione</strong></span> <span class='ocrx_word' id='word_1_852' title='bbox 3585 4987 3677 5044; x_wconf 78' lang='lat' dir='ltr'><strong>la:-</strong></span> 
     </span>
    </p>
   </div>
   <div class='ocr_carea' id='block_1_113' title="bbox 2079 5060 3162 5130">
    <p class='ocr_par' dir='ltr' id='par_1_113' title="bbox 2079 5060 3162 5130">
     <span class='ocr_line' id='line_1_122' title="bbox 2079 5060 3162 5130; baseline 0 -16"><span class='ocrx_word' id='word_1_853' title='bbox 2079 5061 2296 5130; x_wconf 85' lang='lat' dir='ltr'><strong>demur?</strong></span> <span class='ocrx_word' id='word_1_854' title='bbox 2322 5061 2461 5130; x_wconf 86' lang='lat' dir='ltr'><strong>quod</strong></span> <span class='ocrx_word' id='word_1_855' title='bbox 2489 5070 2543 5115; x_wconf 92' lang='lat' dir='ltr'><strong>et</strong></span> <span class='ocrx_word' id='word_1_856' title='bbox 2564 5061 2774 5117; x_wconf 66' lang='lat' dir='ltr'><strong>Pithmo</strong></span> <span class='ocrx_word' id='word_1_857' title='bbox 2804 5060 2994 5114; x_wconf 85' lang='lat' dir='ltr'><strong>visum.</strong></span> <span class='ocrx_word' id='word_1_858' title='bbox 3044 5060 3162 5114; x_wconf 72' lang='lat' dir='ltr'><strong>lite.</strong></span> 
     </span>
    </p>
   </div>
   <div class='ocr_carea' id='block_1_114' title="bbox 2149 5129 3677 5206">
    <p class='ocr_par' dir='ltr' id='par_1_114' title="bbox 2149 5129 3677 5206">
     <span class='ocr_line' id='line_1_123' title="bbox 2149 5129 3677 5206; baseline -0.012 -3"><span class='ocrx_word' id='word_1_859' title='bbox 2149 5129 2233 5206; x_wconf 24' lang='grc' dir='ltr'><strong>(ἓν)</strong></span> <span class='ocrx_word' id='word_1_860' title='bbox 2273 5129 2538 5186; x_wconf 71' lang='grc' dir='ltr'><strong>θόιηὺιὶοίι</strong></span> <span class='ocrx_word' id='word_1_861' title='bbox 2555 5134 2773 5206; x_wconf 76' lang='lat' dir='ltr'><strong>moneta.</strong></span> <span class='ocrx_word' id='word_1_862' title='bbox 2802 5132 2892 5206; x_wconf 77' lang='lat' dir='ltr'><strong>Sic</strong></span> <span class='ocrx_word' id='word_1_863' title='bbox 2944 5131 3212 5186; x_wconf 83' lang='lat' dir='ltr'><strong>monelam</strong></span> <span class='ocrx_word' id='word_1_864' title='bbox 3253 5139 3472 5206; x_wconf 81' lang='lat' dir='ltr'><strong>usurpat</strong></span> <span class='ocrx_word' id='word_1_865' title='bbox 3501 5147 3677 5206; x_wconf 83' lang='lat' dir='ltr'><strong>a_mo-</strong></span> 
     </span>
    </p>
   </div>
   <div class='ocr_carea' id='block_1_115' title="bbox 2075 5203 3675 5328">
    <p class='ocr_par' dir='ltr' id='par_1_115' title="bbox 2075 5203 3675 5328">
     <span class='ocr_line' id='line_1_124' title="bbox 2075 5203 3675 5328; baseline 0 -70"><span class='ocrx_word' id='word_1_866' title='bbox 2075 5203 2243 5260; x_wconf 70' lang='lat' dir='ltr'><strong>ucndo</strong></span> <span class='ocrx_word' id='word_1_867' title='bbox 2285 5219 2384 5274; x_wconf 90' lang='lat' dir='ltr'><strong>pro</strong></span> <span class='ocrx_word' id='word_1_868' title='bbox 2441 5203 2770 5268; x_wconf 88' lang='lat' dir='ltr'><strong>monitione,</strong></span> <span class='ocrx_word' id='word_1_869' title='bbox 2823 5204 2960 5258; x_wconf 91' lang='lat' dir='ltr'><strong>sicut</strong></span> <span class='ocrx_word' id='word_1_870' title='bbox 3012 5218 3040 5256; x_wconf 87' lang='lat' dir='ltr'><strong>a</strong></span> <span class='ocrx_word' id='word_1_871' title='bbox 3078 5203 3333 5328; x_wconf 50' lang='lat' dir='ltr'><strong>sequendi:</strong></span> <span class='ocrx_word' id='word_1_872' title='bbox 3372 5203 3675 5274; x_wconf 88' lang='lat' dir='ltr'><strong>sequelam.</strong></span> 
     </span>
     <span class='ocr_line' id='line_1_125' title="bbox 3333 5289 3459 5328; baseline -0.016 -1"><span class='ocrx_word' id='word_1_873' title='bbox 3333 5289 3459 5328; x_wconf 73' lang='lat' dir='ltr'><strong>nan.</strong></span> 
     </span>
    </p>
   </div>
   <div class='ocr_carea' id='block_1_116' title="bbox 3333 5289 3459 5328">
    <p class='ocr_par' dir='ltr' id='par_1_116' title="bbox 3333 5289 3459 5328">
     <span class='ocr_line' id='line_1_126' title="bbox 3333 5289 3459 5328; baseline -0.016 -1"><span class='ocrx_word' id='word_1_874' title='bbox 3333 5289 3459 5328; x_wconf 68' lang='lat' dir='ltr'><strong>&quot;EN.</strong></span> 
     </span>
    </p>
   </div>
   <div class='ocr_carea' id='block_1_117' title="bbox 2144 5344 3677 5418">
    <p class='ocr_par' dir='ltr' id='par_1_117' title="bbox 2144 5344 3677 5418">
     <span class='ocr_line' id='line_1_127' title="bbox 2144 5344 3677 5418; baseline 0.001 -17"><span class='ocrx_word' id='word_1_875' title='bbox 2144 5345 2230 5418; x_wconf 91' lang='lat' dir='ltr'><strong>(h)</strong></span> <span class='ocrx_word' id='word_1_876' title='bbox 2271 5344 2485 5418; x_wconf 76' lang='lat' dir='ltr'><strong>Grauius</strong></span> <span class='ocrx_word' id='word_1_877' title='bbox 2523 5363 2556 5400; x_wconf 81' lang='grc' dir='ltr'><em>α</em></span> <span class='ocrx_word' id='word_1_878' title='bbox 2591 5345 2813 5402; x_wconf 79' lang='lat' dir='ltr'><strong>Domino</strong></span> <span class='ocrx_word' id='word_1_879' title='bbox 2853 5344 3078 5418; x_wconf 78' lang='lat' dir='ltr'><strong>vapulat.</strong></span> <span class='ocrx_word' id='word_1_880' title='bbox 3111 5344 3224 5402; x_wconf 87' lang='lat' dir='ltr'><strong>Ictu</strong></span> <span class='ocrx_word' id='word_1_881' title='bbox 3247 5345 3540 5411; x_wconf 82' lang='lat' dir='ltr'><strong>contrario,</strong></span> <span class='ocrx_word' id='word_1_882' title='bbox 3577 5361 3677 5403; x_wconf 86' lang='lat' dir='ltr'><strong>seu</strong></span> 
     </span>
    </p>
   </div>
   <div class='ocr_carea' id='block_1_118' title="bbox 2059 5416 3032 5488">
    <p class='ocr_par' dir='ltr' id='par_1_118' title="bbox 2059 5416 3032 5488">
     <span class='ocr_line' id='line_1_128' title="bbox 2059 5416 3032 5488; baseline -0.004 -12"><span class='ocrx_word' id='word_1_883' title='bbox 2059 5416 2395 5488; x_wconf 78' lang='lat' dir='ltr'><strong>-repercussu</strong></span> <span class='ocrx_word' id='word_1_884' title='bbox 2424 5416 2623 5474; x_wconf 70' lang='lat' dir='ltr'><strong>divina:</strong></span> <span class='ocrx_word' id='word_1_885' title='bbox 2645 5417 2880 5474; x_wconf 90' lang='lat' dir='ltr'><strong>ultionis.</strong></span> <span class='ocrx_word' id='word_1_886' title='bbox 2913 5417 3032 5474; x_wconf 71' lang='lat' dir='ltr'><strong>lito.</strong></span> 
     </span>
    </p>
   </div>
   <div class='ocr_carea' id='block_1_119' title="bbox 2157 5485 3678 5559">
    <p class='ocr_par' dir='ltr' id='par_1_119' title="bbox 2157 5485 3678 5559">
     <span class='ocr_line' id='line_1_129' title="bbox 2157 5485 3678 5559; baseline 0 -15"><span class='ocrx_word' id='word_1_887' title='bbox 2157 5493 2220 5558; x_wconf 90' lang='lat' dir='ltr'><strong>(i)</strong></span> <span class='ocrx_word' id='word_1_888' title='bbox 2283 5487 2406 5544; x_wconf 87' lang='lat' dir='ltr'><strong>Non</strong></span> <span class='ocrx_word' id='word_1_889' title='bbox 2460 5490 2783 5544; x_wconf 71' lang='lat' dir='ltr'><strong>uasculorum</strong></span> <span class='ocrx_word' id='word_1_890' title='bbox 2846 5491 3261 5559; x_wconf 79' lang='lat' dir='ltr'><strong>inquinamentis.</strong></span> <span class='ocrx_word' id='word_1_891' title='bbox 3316 5487 3468 5554; x_wconf 83' lang='lat' dir='ltr'><strong>Quod</strong></span> <span class='ocrx_word' id='word_1_892' title='bbox 3530 5485 3678 5558; x_wconf 78' lang='lat' dir='ltr'><strong>apud</strong></span> 
     </span>
    </p>
   </div>
   <div class='ocr_carea' id='block_1_120' title="bbox 2079 5560 3676 5632">
    <p class='ocr_par' dir='ltr' id='par_1_120' title="bbox 2079 5560 3676 5632">
     <span class='ocr_line' id='line_1_130' title="bbox 2079 5560 3676 5632; baseline -0.004 -15"><span class='ocrx_word' id='word_1_893' title='bbox 2079 5561 2291 5619; x_wconf 79' lang='lat' dir='ltr'><strong>Matth..</strong></span> <span class='ocrx_word' id='word_1_894' title='bbox 2315 5575 2437 5627; x_wconf 86' lang='lat' dir='ltr'><strong>cap.</strong></span> <span class='ocrx_word' id='word_1_895' title='bbox 2459 5561 2547 5626; x_wconf 78' lang='grc'><strong>15,</strong></span> <span class='ocrx_word' id='word_1_896' title='bbox 2581 5561 2774 5632; x_wconf 81' lang='lat' dir='ltr'><strong>legitur</strong></span> <span class='ocrx_word' id='word_1_897' title='bbox 2800 5577 2904 5615; x_wconf 90' lang='lat' dir='ltr'><strong>non</strong></span> <span class='ocrx_word' id='word_1_898' title='bbox 2923 5560 3114 5624; x_wconf 83' lang='lat' dir='ltr'><strong>semel,</strong></span> <span class='ocrx_word' id='word_1_899' title='bbox 3137 5575 3281 5616; x_wconf 71' lang='lat' dir='ltr'><strong>mm</strong></span> <span class='ocrx_word' id='word_1_900' title='bbox 3307 5569 3387 5617; x_wconf 80' lang='grc' dir='ltr'><strong>τὸν</strong></span> <span class='ocrx_word' id='word_1_901' title='bbox 3407 5565 3676 5632; x_wconf 60' lang='lat' dir='ltr'><strong>anagniae»,</strong></span> 
     </span>
    </p>
   </div>
   <div class='ocr_carea' id='block_1_121' title="bbox 2080 5631 3674 5701">
    <p class='ocr_par' dir='ltr' id='par_1_121' title="bbox 2080 5631 3674 5701">
     <span class='ocr_line' id='line_1_131' title="bbox 2080 5631 3674 5701; baseline -0.003 -13"><span class='ocrx_word' id='word_1_902' title='bbox 2080 5632 2440 5688; x_wconf 80' lang='lat' dir='ltr'><strong>Tertullianus</strong></span> <span class='ocrx_word' id='word_1_903' title='bbox 2469 5634 2625 5687; x_wconf 90' lang='lat' dir='ltr'><strong>vertit</strong></span> <span class='ocrx_word' id='word_1_904' title='bbox 2640 5631 3014 5698; x_wconf 72' lang='lat' dir='ltr'><strong>communicat,</strong></span> <span class='ocrx_word' id='word_1_905' title='bbox 3029 5632 3481 5701; x_wconf 88' lang='lat' dir='ltr'><strong>quemadmodum</strong></span> <span class='ocrx_word' id='word_1_906' title='bbox 3506 5631 3674 5690; x_wconf 85' lang='lat' dir='ltr'><strong>etiam</strong></span> 
     </span>
    </p>
   </div>
   <div class='ocr_carea' id='block_1_122' title="bbox 2083 5702 3673 5774">
    <p class='ocr_par' dir='ltr' id='par_1_122' title="bbox 2083 5702 3673 5774">
     <span class='ocr_line' id='line_1_132' title="bbox 2083 5702 3673 5774; baseline -0.001 -16"><span class='ocrx_word' id='word_1_907' title='bbox 2083 5704 2333 5758; x_wconf 89' lang='lat' dir='ltr'><strong>Aurelius</strong></span> <span class='ocrx_word' id='word_1_908' title='bbox 2360 5704 2686 5772; x_wconf 83' lang='lat' dir='ltr'><strong>Augustinus</strong></span> <span class='ocrx_word' id='word_1_909' title='bbox 2715 5703 2861 5774; x_wconf 85' lang='lat' dir='ltr'><strong>legit.</strong></span> <span class='ocrx_word' id='word_1_910' title='bbox 2897 5702 3196 5774; x_wconf 10' lang='lat' dir='ltr'><strong>Estiautem</strong></span> <span class='ocrx_word' id='word_1_911' title='bbox 3227 5707 3398 5757; x_wconf 77' lang='grc' dir='ltr'><strong>κοινοῖν</strong></span> <span class='ocrx_word' id='word_1_912' title='bbox 3427 5717 3673 5774; x_wconf 68' lang='lat' dir='ltr'><strong>comtan</strong></span> 
     </span>
    </p>
   </div>
   <div class='ocr_carea' id='block_1_123' title="bbox 2085 5773 3675 5845">
    <p class='ocr_par' dir='ltr' id='par_1_123' title="bbox 2085 5773 3675 5845">
     <span class='ocr_line' id='line_1_133' title="bbox 2085 5773 3675 5845; baseline -0.002 -15"><span class='ocrx_word' id='word_1_913' title='bbox 2085 5774 2372 5832; x_wconf 86' lang='lat' dir='ltr'><strong>nefacere.</strong></span> <span class='ocrx_word' id='word_1_914' title='bbox 2409 5775 2471 5828; x_wconf 80' lang='lat' dir='ltr'><strong>Et</strong></span> <span class='ocrx_word' id='word_1_915' title='bbox 2496 5777 2620 5844; x_wconf 86' lang='lat' dir='ltr'><strong>quia</strong></span> <span class='ocrx_word' id='word_1_916' title='bbox 2649 5773 2841 5844; x_wconf 66' lang='lat' dir='ltr'><strong>Judaei,</strong></span> <span class='ocrx_word' id='word_1_917' title='bbox 2874 5773 3017 5844; x_wconf 88' lang='lat' dir='ltr'><strong>quod</strong></span> <span class='ocrx_word' id='word_1_918' title='bbox 3053 5773 3319 5844; x_wconf 84' lang='lat' dir='ltr'><strong>impurum</strong></span> <span class='ocrx_word' id='word_1_919' title='bbox 3346 5782 3450 5842; x_wconf 90' lang='lat' dir='ltr'><strong>est,</strong></span> <span class='ocrx_word' id='word_1_920' title='bbox 3492 5773 3546 5829; x_wconf 92' lang='lat' dir='ltr'><strong>id</strong></span> <span class='ocrx_word' id='word_1_921' title='bbox 3571 5773 3675 5845; x_wconf 79' lang='lat' dir='ltr'><strong>ipsi</strong></span> 
     </span>
    </p>
   </div>
  </div>
