4230 6256
520 320 664 382 i263

1941 289 2403 356 TEBTULLIANI

3680 267 3830 332 ωσι

530 453 596 492 ex
620 450 714 491 ore
747 436 1083 505 promuntur,
1107 425 1378 482 hominem
1406 413 1792 478 communicari
1835 412 1954 489 (i)?
1988 413 2120 469 Item
2147 409 2463 476 Ainterint,
2514 419 2675 476 quem
2729 401 2910 460 credis
2958 398 3344 459 reversurum?
3396 394 3666 453 Profectio
3718 403 3830 460 est,

531 527 775 603 (Matth,
798 521 932 592 XII)
965 540 978 576 :
1011 532 1231 574 manere
1256 529 1356 572 nos
1381 513 1555 570 omnis
1581 509 1702 565 vani
1729 518 1784 565 et
1810 506 2126 580 supervacui

531 599 658 677 dicti
698 615 948 674 reatum?
987 613 1240 684 Sequitur
1267 622 1396 679 ergo
1422 615 1480 662 ut
1518 620 1547 660 a
1591 617 1697 675 quo
1727 617 1826 657 nos
1868 599 2127 656 Dominus

535 721 704 778 amet,
735 711 874 766 idem
913 707 980 764 ab
1015 706 1122 762 alio
1144 701 1516 776 aequanimiter
1557 697 1662 770 pati
1701 695 2006 751 admoneat.
2030 690 2130 746 llic

527 809 640 878 jam
667 805 749 878 (Ξ)
793 803 860 860 de
918 799 1189 873 patientiae
1209 798 1507 868 voluptate.
1538 792 1673 848 Nam
1704 789 1878 846 omnis
1910 786 2127 859 injuria,

531 918 630 957 seu
658 900 958 971 lingua,seu
985 909 1146 951 manu
1171 893 1402 960 incussa,
1417 903 1538 944 cum
1561 884 1870 958 patientiam
1887 878 2128 936 oﬁ‘ende-

530 994 624 1060 rit,
651 967 843 1048 eodem
883 990 1029 1045 exitu
1059 987 1412 1058 dispungetur
1445 980 1546 1055 (a),
1577 995 1682 1050 quo
1723 967 1886 1032 telum
1913 970 2130 1043 aliquod

530 1087 586 1142 in
619 1093 767 1156 petra
796 1080 878 1154 (ὃ)
927 1077 1379 1136 constantissimze
1433 1073 1644 1129 duritia:
1669 1069 1920 1125 libratum
1949 1063 2049 1138 (b),
2082 1071 2138 1120 ct

533 1179 805 1236 obtusum.
825 1172 1106 1229 Coincidet
1131 1171 1277 1227 enim
1302 1167 1498 1224 ibidem
1526 1165 1673 1220 irrita
1698 1175 1860 1233 opera
1885 1167 1938 1215 et
1963 1159 2135 1212 infru-

534 1283 744 1337 ctuosa,
765 1276 820 1324 et
859 1278 1242 1335 nonnunquam
1263 1272 1640 1331 repercussum
1663 1255 1715 1310 in
1734 1268 1877 1319 eum,
1893 1251 1982 1322 qui
2004 1249 2136 1306 emi-

535 1362 630 1429 sit,
662 1360 940 1430 reciproco
996 1357 1198 1427 impetu
1234 1353 1436 1409 saeviet.
1464 1349 1669 1419 Nempe
1707 1345 1907 1402 idcirco
1932 1343 2052 1414 quis
2089 1351 2140 1397 te

537 1453 706 1519 laedit,
752 1461 810 1507 ut
845 1449 1037 1527 .dolcas
1088 1465 1102 1504 :
1147 1447 1272 1518 quia
1317 1443 1520 1500 fructus
1571 1439 1819 1498 laedentis
1863 1438 1917 1492 in
1956 1435 2142 1491 dolore

539 1545 658 1600 laesi
685 1552 788 1600 est.
815 1525 955 1612 Ergo
986 1555 1106 1595 cum
1152 1539 1388 1593 fructum
1417 1535 1536 1605 ejus
1567 1531 1850 1597 everteris,
1882 1541 1993 1583 non
2033 1525 2136 1581 do-

541 1635 723 1702 Iendo,
757 1636 871 1705 ipse
895 1634 1075 1690 doleat
1097 1646 1320 1688 necesse
1346 1638 1428 1684 est
1456 1623 1746 1682 amissione
1777 1624 1984 1678 fructus
2014 1620 2096 1676 sui
2123 1635 2140 1674 :

536 1741 665 1786 tunc
682 1739 736 1784 tu
758 1742 864 1784 non
886 1725 1046 1782 modo
1073 1725 1274 1782 illzesus
1325 1722 1440 1777 abis
1482 1717 1586 1792 (li),
1619 1717 1764 1790 quod
1785 1717 1944 1772 etiam
1966 1714 2140 1769 solum

2231 516 2392 574 quam
2421 509 2573 572 putas
2602 506 2856 554 mortem.
2882 493 2996 550 Non
3022 503 3104 550 est
3125 491 3390 563 lugendus
3416 489 3508 560 qui
3530 485 3825 551 antecedit,

2233 592 2327 650 sed
2349 591 2504 663 plane
2521 584 2993 646 desiderandust
3011 579 3560 656 quoquedesiderium
3577 579 3836 650 patientia

2235 683 2666 756 temperandum.
2710 681 2820 738 Cur
2860 678 3004 735 enim
3044 674 3400 733 immoderate
3428 672 3568 729 feras
3607 671 3832 739 abiisse,

2233 793 2394 850 quem
2425 791 2548 831 mox
2575 771 2960 844 subsequeris?
2988 768 3260 826 Caeterum
3288 765 3614 837 impatientia
3645 764 3701 820 in
3727 764 3840 820 hu-

2233 869 2501 941 iusmodi,
2553 875 2608 923 et
2650 866 2768 937 spei
2810 871 3014 920 nostrae
3051 860 3195 917 male
3238 859 3519 925 ominatur,
3562 867 3617 914 et
3660 855 3837 913 ﬁdem

2236 965 2645 1036 praevaricatur.
2677 960 2744 1016 Et
2779 958 3053 1016 Christum
3097 954 3376 1021 lmdimus,
3407 967 3524 1008 cum
3560 959 3838 1008 evocatos

2235 1069 2478 1127 quosque
2503 1054 2571 1110 ab
2609 1052 2702 1108 illo
2740 1050 2893 1123 quasi
2923 1045 3262 1105 miserandos
3300 1058 3408 1099 non
3453 1040 3831 1114 aequanimiter

2237 1148 2553 1219 accipimus.
2585 1144 2770 1218 Cupio,
2800 1142 2973 1215 inquit
3001 1139 3290 1214 Apostolus
3331 1137 3525 1213 (Phil.,
3554 1135 3620 1208 I),
3661 1135 3838 1204 recipi

2239 1239 2315 1313 (c)
2336 1245 2448 1313 jam
2475 1251 2522 1295 et
2547 1255 2655 1294 esse
2676 1253 2791 1293 cum
2820 1235 3065 1291 Domino.
3091 1233 3304 1302 Quanto
3332 1230 3526 1288 melius
3553 1227 3837 1303 (d)osten-

2247 1335 2328 1390 dit
2359 1344 2539 1390 votum
2569 1329 3040 1388 Christianorum?
3067 1327 3209 1398 Ergo
3250 1333 3434 1380 votum
3474 1320 3593 1396 (10)
3627 1321 3670 1378 si
3698 1320 3842 1378 alios

2243 1437 2565 1485 consecutos
2594 1425 2940 1496 impatienter
2955 1420 3230 1486 dolemus,
3262 1418 3365 1490 ipsi
3396 1415 3658 1488 consequi
3682 1414 3844 1473 uolu-

2245 1536 2386 1578 mus.

2878 1605 3105 1664 CAPUT
3143 1604 3214 1662 Χ.

2321 1705 2417 1761 Est
2443 1712 2497 1760 et
2526 1703 2663 1758 alius
2688 1715 2932 1758 summus
2951 1697 3296 1771 impatientiae
3323 1695 3598 1764 stimulus,
3628 1694 3854 1753 ultionis

538 1822 637 1878 tibi
666 1819 887 1886 sufﬁcit,
917 1819 1012 1875 sed
1041 1821 1268 1889 insuper
1293 1785 1586 1872 adversarii
1611 1785 1685 1868 tui
1715 1820 1770 1868 et
1794 1810 2143 1866 frustratione

2251 1797 2436 1865 libido,
2467 1797 2746 1867 negotium
2773 1806 2968 1849 curans
2993 1799 3085 1847 aut
3107 1790 3316 1862 gloriae,
3351 1798 3440 1844 aut
3464 1787 3706 1843 malitiae.
3735 1785 3852 1843 Sed

539 1915 862 1978 oblectatus,
890 1921 946 1968 et
964 1912 1152 1967 dolore
1175 1908 1449 1966 defensus.
1475 1906 1603 1962 Haec
1630 1913 1714 1962 est
1740 1904 2013 1976 patientiae
2041 1904 2148 1958 uti-

536 2007 660 2064 Iitas
682 2015 735 2061 et
760 2004 1003 2074 voluptas
1030 2002 1137 2073 (5).

1155 2141 1382 2199 CAPUT
1413 2141 1506 2197 IX.

551 2291 561 2309 °
630 2281 708 2338 Ne
737 2282 828 2337 illa
857 2278 1072 2352 quidem
1113 2277 1458 2349 impatientia:
1499 2277 1708 2347 species
1748 2285 2034 2333 excusatur
2088 2275 2141 2330 in

562 2377 851 2433 amissione
876 2383 1202 2440 nostrorum,
1233 2373 1320 2429 ubi
1347 2373 1521 2441 aliqua
1552 2371 1753 2426 doloris
1778 2371 2144 2443 patrocinatur

554 2469 773 2525 aﬁ‘ectio
805 2467 908 2543 (6).
953 2465 1339 2537 Proponendus
1395 2475 1477 2520 est
1515 2463 1600 2538 ('2)
1653 2465 1798 2520 enim
1865 2472 2144 2534 respectus

551 2557 984 2614 denunciationis
1005 2557 1246 2629 Apostoli
1273 2556 1362 2627 qui
1383 2557 1456 2610 ait
1479 2555 1524 2626 (ι
1541 2554 1748 2622 Tltess.,
1770 2551 1862 2624 IV)
1884 2570 1896 2606 :
1924 2551 2007 2608 Ne
2023 2568 2146 2607 con-

545 2650 814 2705 tristemini
863 2649 1166 2704 dormitione
1208 2649 1531 2718 cujusquam,
1586 2646 1717 2701 sicut
1765 2646 1996 2701 nationes
2034 2659 2148 2716 qua:

547 2760 637 2814 spe
670 2752 865 2798 carent.
891 2741 960 2797 Et
989 2741 1203 2797 merito.
1219 2741 1510 2796 Credentes
1525 2739 1668 2796 enim
1693 2738 2145 2794 resurrectionem

544 2833 769 2899 Christi,
817 2835 872 2888 iti
899 2832 982 2904 (8)
1023 2842 1261 2888 nostram
1309 2846 1524 2902 quoque
1574 2828 1874 2895 credimus,
1927 2837 2149 2900 propter

545 2939 686 2996 quos
725 2926 816 2980 ille
863 2935 917 2980 et
960 2924 1092 2980 obiit
1147 2935 1199 2979 et
1249 2924 1567 2979 resurrexit.
1600 2923 1740 2993 Ergo
1775 2936 1896 2977 cum
1939 2927 2150 2976 constet

546 3017 615 3074 de
630 3016 1024 3072 resurrectione
1044 3024 1400 3082 mortuorum,
1427 3023 1578 3070 vacat
1605 3014 1760 3069 dolor
1783 3013 2150 3079 mortis,vacat

549 3121 604 3164 et
653 3108 985 3179 impatientia
1023 3107 1247 3164 doloris.
1294 3108 1402 3163 Cur
1450 3122 1578 3177 ergo
1605 3105 1688 3178 (9)
1719 3105 1922 3172 doleas,
1967 3106 2014 3160 si
2059 3119 2151 3175 pe-

2251 1901 2306 1949 et
2331 1881 2498 1962 gloria
2536 1890 2721 1960 utique
2749 1903 2924 1954 vana,
2955 1896 3010 1942 et
3044 1884 3244 1942 malitia
3284 1897 3561 1954 nunquam
3590 1895 3695 1937 non
3740 1880 3854 1937 Do-

2253 1988 2400 2044 mino
2432 1984 2640 2052 odiosa,
2671 1983 2773 2038 hoc
2793 1980 3006 2053 quidem
3035 1979 3156 2036 loco
3181 1976 3307 2051 (Il)
3335 1977 3589 2044 maxime,
3617 1989 3741 2033 cum
3769 1974 3855 2031 al-

2253 2080 2422 2136 terius
2468 2074 2586 2150 (12)
2633 2074 2834 2132 malitia
2878 2080 3165 2146 provocata
3204 2070 3536 2141 superiorem
3581 2069 3654 2140 (ε)
3693 2079 3757 2122 se
3793 2066 3854 2122 in

2251 2168 2594 2244 exsequenda
2627 2168 2831 2224 ultione
2850 2165 3150 2231 constituit,
3174 2172 3227 2220 et
3247 2172 3853 2230 remunerans-nequam

2251 2265 2492 2338 duplicat
2518 2261 2659 2336 quod
2706 2261 2873 2318 semel
2919 2260 3116 2317 factum
3155 2267 3258 2315 est.
3303 2256 3453 2312 Ultio
3500 2270 3662 2326 penes
3697 2267 3856 2310 erro-

2248 2374 2361 2415 rem
2419 2357 2490 2430 (ί)
2529 2357 2778 2412 solatium
2821 2353 3035 2409 videtur
3075 2351 3299 2418 doloris,
3354 2365 3518 2421 penes
3565 2349 3852 2406 veritatem

2250 2459 2398 2508 certe
2415 2447 2530 2520 (I3)
2547 2444 2884 2519 redarguitur
2907 2440 3500 2516 malignitatis(g).Quid
3515 2440 3660 2496 enim
3684 2437 3856 2494 refert

2252 2542 2394 2598 inter
2423 2547 2803 2612 provocantem
2832 2547 2884 2593 et
2905 2545 3279 2609 provocatum,
3304 2533 3399 2589 nisi
3421 2531 3560 2604 quod
3588 2531 3679 2587 ille
3696 2532 3858 2601 prior

2252 2636 2333 2711 (It)
2359 2638 2410 2691 in
2439 2633 2708 2690 maleﬁcio
2748 2629 3190 2702 deprehenditur,
3223 2638 3278 2683 at
3301 2627 3383 2683 ille
3422 2623 3707 2697 posterior?
3734 2621 3851 2680 Ta-

2254 2745 2376 2786 men
2405 2738 2631 2799 uterque
2660 2727 2772 2782 laesi
2806 2723 3040 2780 hominis
3073 2721 3304 2777 Domino
3329 2733 3449 2775 reus
3474 2726 3580 2784 est,
3608 2717 3698 2787 qui
3725 2729 3857 2769 om-

2254 2839 2322 2882 ne
2350 2823 2466 2898 (M)
2497 2836 2724 2894 nequam
2747 2829 2800 2876 et
2828 2819 3076 2890 prohibet
3096 2827 3150 2874 et
3170 2815 3411 2872 damnat.
3439 2812 3590 2870 Nulla
3611 2812 3669 2867 in
3692 2809 3861 2866 male-

2256 2922 2380 2977 ﬁcio
2423 2919 2627 2976 ordinis
2672 2918 2809 2973 ratio
2869 2924 2986 2982 est;
3041 2929 3142 2970 nec
3190 2912 3338 2967 locus
3391 2909 3660 2981 secernit,
3707 2905 3858 2978 quod

2256 3010 2554 3071 similitudo
2581 3008 2878 3081 conjungit.
2912 3007 3175 3064 Absolute
3206 3004 3384 3075 itaque
3429 3001 3737 3076 praecipitur
3779 2998 3848 3072 (i)

2258 3106 2455 3162 malum
2487 3103 2629 3159 malo
2655 3117 2760 3159 non
2785 3099 3188 3173 rcpendendum
3221 3098 3400 3170 (Rom.
3442 3093 3587 3165 XII).
3616 3094 3716 3150 Par
3742 3091 3860 3148 fac-

553 3202 710 3258 riisse
746 3216 851 3258 non
897 3200 1112 3257 credis?
1145 3200 1253 3257 Cur
1278 3200 1622 3271 impatienter
1647 3200 1787 3256 feras
1826 3196 2148 3253 subductum
2177 3191 2222 3254 C
2258 3207 2390 3261 tum,
2416 3211 2512 3266 par
2554 3194 2714 3251 habet
2743 3191 2859 3265 (15)
2890 3194 3162 3249 meritum.
3195 3187 3478 3260 Quomodo
3515 3187 3568 3243 id
3597 3186 3863 3243 observa-

1790 3311 2173 3371 LECTIONES
2211 3306 2625 3367 VARIANTES.

641 3436 687 3507 ξ)
713 3434 1023 3507 Coinquinari
1039 3430 1152 3507 alii.

639 3496 687 3548 21
711 3496 985 3548 Admoneat
1003 3499 1152 3547 etiam
1175 3496 1294 3545 Jun.

614 3562 686 3631 (.321
716 3561 914 3631 139"!!!)
936 3562 1057 3609 Jun-

621 3621 695 3686 U)
721 3623 820 3686 [bis
842 3621 994 3671 then.

724 3681 1139 3754 Yoluntaslilten.

712 3744 937 3820 {assertio
953 3742 1265 3820 liberalior?
1286 3740 1478 3820 {dolori
1509 3754 1554 3802 p.
1582 3739 1791 3820 aﬁ‘ectio.

639 3800 684 3855 7'
711 3805 1050 3868 Pr0ponemus
1078 3800 1258 3853 Wouw.
1287 3811 1378 3854 tus.
1405 3800 1760 3866 praeponendos
1779 3807 1857 3851 est
1879 3800 2028 3853 Rhea.

639 3813 690 3934 ὃς
713 3866 771 3917 In
793 3866 926 3917 abest
949 3868 1068 3916 Jun.

616 3879 690 3933 κδ)
716 3879 771 3917 ιιι
793 3879 926 3917 abest
949 3879 1068 3916 Jun.

2337 3424 2390 3484 9)
2414 3421 2560 3473 Enim
2583 3431 2735 3484 Fran.

2314 3421 2390 3547 {9)
2414 3421 2560 3473 Enim
2583 3431 2735 3492 Fran.
2804 3479 2815 3490 ο

2301 3551 2311 3559 ⁵
2343 3487 2420 3543 10)
2443 3487 2564 3536 Jun.
2583 3488 2834 3559 distinguit
2850 3495 2867 3534 :
2879 3481 3072 3559 Quanto
3081 3478 3259 3533 melius
3271 3478 3487 3532 ostendit
3504 3482 3669 3530 votum
3681 3475 3708 3529 ἲ
3720 3475 3869 3528 Chri-

2253 3552 2522 3601 stianorum
2541 3560 2662 3610 ergo
2688 3553 2854 3610 votum
2877 3552 2977 3596 etc.

2347 3610 2424 3672 li)
2449 3611 2566 3662 Cum
2595 3607 2735 3661 addit
2753 3619 2902 3660 Fran.

2343 3674 2426 3722 ﬁt
2448 3675 2524 3722 Ab
2547 3672 2750 3722 alterius
2775 3680 2922 3722 Πωι.

2350 3729 2425 3786 l5)
2450 3735 2597 3786 Certe
2630 3735 2819 3786 Wouw.
2840 3741 2933 3784 us.
2959 3737 3149 3784 certam
3162 3729 3318 3784 Rben.

2346 3793 2428 3862 II)
2452 3797 2661 3862 anem
2679 3806 2828 3862 rran.
2856 3793 3015 3848 Paris.

2351 3859 2422 3924 15)
2452 3859 2617 3912 Habet
2631 3865 2684 3911 et
2705 3859 2939 3910 meritum
2968 3868 3149 3909 u’ouw.
3169 3865 3265 3908 Hs.

1933 3966 2498 4026 COMMENTARIUS.

557 4112 845 4157 commune
879 4102 1094 4156 vocant,
1124 4090 1324 4146 faetum
1350 4097 1432 4145 est
1461 4096 1518 4143 ut
1544 4091 1717 4143 ιιωνοῖν
1763 4085 1878 4143 sive
1907 4100 2151 4157 commu-

562 4156 766 4237 nicare,
814 4171 885 4222 sit
913 4167 1016 4220 illis
1045 4163 1411 4237 coinquinat-t3,
1439 4175 1537 4216 ceu
1570 4170 1725 4237 vetus
1737 4156 2152 4237 evangeliorum

559 4243 725 4300 editio
753 4229 914 4294 habet
954 4237 1010 4290 in
1062 4229 1404 4305 quibusdam
1435 4230 1833 4305 exemplaribus
1890 4229 2156 4305 praecipue

565 4312 789 4437 gastrisi
825 4300 1502 4377 Erasmuselegantissime
1531 4300 1712 4371 vertit,
1741 4304 2008 4373 impurum
2033 4300 2156 4356 red-

604 4400 714 4437 ere.
794 4395 923 4437 nas.

564 4385 714 4442 dere.
743 4385 923 4437 Rana.

642 4478 723 4547 (a)
766 4474 962 4547 Eodem
988 4471 1126 4526 exitu
1174 4469 1547 4547 dispungetur._
1591 4465 1922 4547 DISpuugere
1964 4463 2156 4547 delere

562 4536 726 4606 cst'e't
759 4546 1031 4605 inducere,
1073 4536 1284 4609 sumpta
1312 4538 1658 4592 translatione
1679 4552 1707 4590 a
1732 4536 2155 4609 ceratisptahulis

565 4619 782 4676 notuina
830 4606 1260 4675 continentibus,
1312 4609 1364 4662 in
1415 4610 1606 4678 quibus
1645 4622 1706 4660 ea
1738 4623 1856 4675 qua:
1885 4606 2156 4678 dissoluta

565 4698 693 4746 sunt
737 4687 961 4758 graphio
1005 4676 1846 4758 dispunguntur,delenturque.’
1883 4676 2031 4758 Nam_
2056 4678 2157 4732 hoc

565 4747 788 4816 verbuiit
818 4747 882 4812 εἶά
932 4747 1502 4822 τειὶορῖιιίιῖροιπιίιιεμέ
1532 4750 1689 4804 docet
1729 4747 1988 4816 Ulpianus
2012 4748 2160 4822 jure-

569 4831 880 4892 consultus,
926 4843 1088 4891 cum,
1143 4821 1352 4893 inquit,
1425 4821 1744 4889 dispungere
1779 4821 2161 4893 _e_st,conl'erre

566 4911 785 4973 accepta
833 4890 887 4954 et
935 4890 1080 4952 data
1114 4893 1172 4950 θ’.
1217 4890 1286 4949 ile
1324 4894 1610 4948 verborum
1656 4890 2156 5015 sigiiilicatilpnihus.

1976 4977 2100 5015 BEN.

1976 4977 2100 5016 BEN.

639 5044 722 5114 (h)
753 5041 867 5107 Quo
890 5040 1064 5093 telum.
1108 5035 1334 5092 Librare
1364 5034 1448 5088 hic
1470 5048 1566 5103 pro
1597 5048 1786 5158 magna
1818 5035 1866 5087 vi
1890 5033 2159 5102 conjicere

639 5114 758 5158 nihil
803 5113 1038 5158 imitatus
1083 5106 1213 5158 illud
1264 5105 1491 5158 Virgilii.
1537 5103 1626 5157 IX.
1746 5104 1886 5158 neid.
1922 5120 2159 5158 :suntma

562 5103 1057 5183 accipitwitnitatus
1083 5106 1213 5163 illud
1264 5105 1510 5183 Vir_gilii,_
1537 5103 1626 5183 IX_.
1669 5103 1886 5183 @neid.
1922 5120 2160 5183 :suntnta

570 5176 725 5242 telum
754 5182 968 5238 librabat
1007 5180 1069 5233 ab
1117 5194 1258 5231 aure.
1304 5177 1513 5246 Alioqui
1571 5176 1889 5245 signiﬁcatio
1944 5176 2160 5246 propria

563 5258 722 5327 longe
743 5256 844 5310 alia
875 5263 975 5316 est,
1010 5264 1106 5321 pro
1128 5248 1448 5320 ponderare.
1485 5247 1621 5301 Ρη.

632 5347 784 5403 CAP.
805 5341 1054 5416 lX.—(c)
1083 5338 1741 5416 Cupio,inquit_Apostolus,
1763 5337 1922 5408 recipi
1931 5337 2161 5416 .Optime

563 5421 808 5490 vulgatus
836 5411 1011 5490 colles
1033 5411 1193 5468 habet
1231 5411 1458 5490 dissolvi,
1492 5411 1688 5490 nainiin
1719 5425 1894 5490 graeco
1914 5418 1998 5464 est
2037 5411 2161 5490 sive:

561 5480 723 5545 ὶῦσέι.
769 5487 841 5542 La
877 5485 1047 5542 Cerda
1097 5495 1273 5539 tuetur
1306 5482 1798 5551 interpretationem
1828 5480 1965 5535 hanc
2005 5481 2162 5550 recipi

560 5561 838 5631 ingeniosa
891 5557 1268 5631 explicatione,
1298 5551 1390 5631 scil
1415 5567 1601 5631 parum
1636 5567 1779 5616 vera;
1804 5553 1920 5606 aliis
1947 5552 2165 5631 iirlocis

559 5621 862 5686 versionem
893 5621 1028 5680 hanc
1073 5627 1322 5695 sequitur
1339 5623 1664 5695 Septimius,
1710 5633 1772 5695 ut
1819 5638 1934 5692 cap.
1986 5621 2058 5678 28
2097 5623 2165 5677 de

553 5711 750 5769 speet,
795 5709 844 5752 et
873 5714 920 5751 c.
953 5699 984 5752 5
1031 5698 1121 5769 lih.
1152 5693 1176 5748 “Ι
1217 5695 1282 5748 ad
1312 5693 1563 5769 Uxorem.
1600 5693 1675 5748 Le
1706 5693 1800 5769 _Pn_.

626 5771 706 5837 (d)
736 5763 945 5836 Quanto
970 5767 1150 5820 melius
1179 5763 1391 5819 ostendit
1418 5776 1582 5817 rotant
1607 5765 2020 5822 cltristianorttm.
2062 5764 2166 5821 [ἰρ-
2261 5824 2267 5831 ,

2261 4084 2646 4214 ἓὲἐὲἱιιάυὰγῖῦάθ
2675 4085 3075 4157 superioribus,
3101 4100 3256 4156 quam
3284 4080 3566 4138 Nationum
3609 4097 3724 4153 ante
3769 4097 3872 4154 spe

2332 4253 2485 4309 CAP.
2507 4252 2577 4308 X.
2599 4251 2751 4336 —(c)
2780 4253 3106 4336 Superiorem
3124 4267 3178 4307 se
3205 4251 3258 4305 in
3283 4251 3622 4336 essequendm
3644 4249 3867 4336 consti-

2262 4334 2416 4382 tuere
2441 4340 2501 4380 se
2521 4321 2933 4396 superio'rem'in
2957 4324 3199 4396 ultione.__
3226 4323 3330 4396 erit
3365 4337 3558 4392 gerere
3592 4337 3652 4378 se
3692 4321 3864 4396 instar

2265 4397 2540 4468 principis,
2571 4390 2627 4452 et
2673 4396 2774 4450 sibi
2804 4409 3060 4468 tit-rogare
3088 4393 3286 4468 iudicis
3331 4390 3672 4468 potestatem.
3698 4390 3838 4468 Lac.

2336 4465 2400 4538 (Γ)
2433 4465 2600 4522 Penes
2629 4483 2868 4522 errorem.
2892 4462 3104 4538 Penes
3121 4462 3383 4538 ethnicos.
3417 4462 3508 4520 Sic
3531 4479 3698 4536 penes
3723 4462 3869 4519 veri.

2182 4512 2234 4571 Ι)
2262 4512 2457 4600 ιαιὲἶιιζ
2481 4512 2668 4605 ἷιίῖειῖ
2683 4512 3319 4604 agas;castissima;

2332 4608 2410 4680 (g)
2443 4607 2586 4663 Certe
2614 4603 2938 4680 redarguitur
2959 4606 3312 4680 ntalignitatis.
3344 4605 3636 4680 Rhenanus
3665 4603 3861 4680 edidit.

2263 4674 2429 4736 Penes
2450 4680 2708 4744 ueritatem
2730 4674 2919 4735 certam
2942 4674 3269 4748 redar'guitur
3295 4677 3645 4748 malignitatis.
3677 4674 3864 4748 Placet

2264 4751 2609 4820 emendatio,
2650 4760 2900 4805 certamen
2944 4747 3272 4820 redarguitur
3317 4747 3867 4820 malignitatisrillanc

2265 4819 2696 4878 emendationem
2725 4817 3375 4891 conﬁrmatAu'gustinus,
3395 4817 3710 4891 et'Septiniii
3735 4833 3867 4891 vcr-

2266 4893 2330 4949 ba
2381 4893 2632 4946 habuisse
2670 4893 2882 4948 videtur
2914 4907 3023 4961 pra:
3066 4889 3257 4951 oculis.
3288 4905 3410 4961 cum
3461 4892 3531 4944 ita
3561 4889 3780 4958 scripsit
3807 4890 3862 4945 iu

2267 4964 2403 5035 psal.
2434 4963 2503 5018 56
2538 4981 2550 5018 :
2579 4961 2836 5018 Contende
2857 4960 2972 5035 cum
2993 4962 3147 5035 malo,
3173 4963 3263 5016 sed
3288 4960 3351 5016 de
3367 4962 3624 5035 bonitate;
3645 4961 3760 5030 ipsa
3789 4969 3870 5035 est

2267 5030 2400 5088 enim
2418 5049 2536 5088 uera
2565 5035 2838 5100 contentio,
2862 5033 2941 5088 vel
2961 5033 3128 5104 potius
3149 5043 3404 5104 certamen
3431 5031 3656 5104 salubre,
3702 5040 3760 5085 tu
3799 5030 3868 5086 sit

2265 5105 2426 5160 bonus
2455 5114 2634 5160 contra
2673 5105 2886 5170 malum,
2913 5103 3014 5159 non
3040 5113 3097 5158 ut
3125 5105 3226 5157 sint
3249 5103 3350 5158 duo
3371 5103 3514 5159 mali.
3546 5103 3665 5160 th.

2338 5176 2424 5246 (h)
2453 5174 2480 5228 1
2487 5177 2552 5230 lle
2573 5177 2714 5246 prior
2727 5177 2780 5230 in
2800 5176 3048 5241 male/icio
3061 5173 3474 5246 deprehenditur.
3498 5173 3708 5246 Etenim
3729 5173 3871 5246 gred-

2267 5243 2414 5303 dere'
2451 5243 2648 5302 malum
2694 5261 2790 5315 pro
2837 5246 2998 5311 malo,
3049 5243 3164 5300 sive
3189 5250 3560 5315 ἀντωδοῦκσ,
3615 5243 3744 5315 quid
3784 5254 3875 5302 est

2266 5318 2408 5444 amid
2439 5334 2597 5390 quain
2647 5313 2952 5382 ἀῦτιδυιῆσιιι
2978 5322 3215 5389 Bibi-sper.
3261 5314 3435 5373 Clem.
3473 5313 3870 5374 Αιειξδιωω.

2339 5482 2403 5553 (i)
2437 5481 2680 5554 Absoluta
2702 5483 2869 5554 itaque
2892 5481 3210 5554 praecipitur.
3233 5480 3376 5554 Quin
3399 5480 3535 5536 hanc
3563 5493 3686 5547 esse
3713 5492 3874 5554 sugi-

2268 5547 2411 5623 ngam
2452 5552 2760 5610 christiana:
2785 5547 3094 5623 disciplina:
3137 5554 3211 5607 ait
3257 5547 3536 5616 Ambros”
3567 5565 3739 5607 serm.
3766 5547 3826 5606 Χ
3855 5566 3874 5606 :

2238 5643 2243 5650 ’
2270 5621 2399 5678 Ηωε
2429 5625 2563 5678 enim
2609 5633 2797 5678 nostra:
2835 5621 3228 5680 christianitatis
3253 5639 3452 5677 summa
3476 5631 3568 5688 est,
3601 5632 3879 5678 unumun-

2272 5694 2401 5750 tibus
2432 5695 2849 5764 vicissitudinem,
2875 5693 3178 5751 (cedentibus
3202 5695 3502 5768 patientiam
3527 5692 3881 5823 "tandem

3639 5778 3726 5820 sc.

3639 5778 3726 5820 AC.
