4184 6258
361 332 505 393 1265

1609 323 1817 381 LIBER
1861 322 1946 381 DE
1987 321 2378 388 PATIENTIA.

3516 325 3657 382 1266

357 450 557 526 bimus,
581 448 627 507 si
651 447 865 506 fastiditi
893 444 974 520 (τι)
1003 451 1128 502 ante
1152 446 1203 500 in
1231 441 1442 500 fastidio
1476 440 1560 516 (l)
1598 441 1816 498 ultionis
1846 456 1950 496 non
1980 442 2032 502 A
2057 438 2193 496 mihi
2232 453 2352 493 eum
2394 435 2619 504 ultione,
2643 436 2792 507 cujus
2817 433 3031 490 modum
3055 449 3245 507 regere
3271 450 3377 494 non
3420 453 3640 510 possum

357 545 561 603 erimus
577 545 601 599 ?
616 545 784 614 Quem
805 551 982 598 autem
1015 540 1274 596 honorem
1303 538 1571 594 litabimus
1605 537 1832 592 Domino
1847 537 1956 595 Deo

358 637 406 694 si
435 636 590 693 nobis
633 634 912 692 arbitrium
957 632 1287 690 defensionis
1334 631 1809 702 arrogaverimus?
1845 629 1956 688 Nos

360 739 508 787 utres
563 728 664 803 (2).
715 743 841 784 vasa
885 726 1088 793 fictilia,
1148 725 1375 783 servulis
1419 726 1640 792 nostris,
1673 740 1952 782 assumen-

359 825 502 881 tibus
520 823 620 879 sibi
645 821 714 879 de
741 822 1019 879 conservis
1049 820 1329 887 ultionem,
1351 820 1585 888 graviter
1608 819 1952 890 offendimur;

360 934 559 992 eosque
588 919 678 990 qui
710 917 863 974 nobis
883 916 1194 988 patientiam
1226 915 1519 972 obtulerint
1546 930 1722 982 suam,
1753 923 1813 970 ut
1836 930 1954 972 me-

360 1025 542 1067 mores
581 1009 916 1072 humilitatis,
961 1007 1259 1074 servitutis,
1301 1006 1392 1078 jus
1430 1005 1688 1062 dominici
1733 1007 1956 1062 honoris

359 1102 664 1176 diligentes,
685 1117 790 1157 non
815 1099 1102 1172 probamus
1119 1099 1300 1166 modo,
1320 1099 1413 1155 sed
1433 1099 1768 1170 ampliorem,
1794 1115 1954 1170 quam

361 1196 462 1267 ipsi
508 1196 606 1251 sibi
635 1197 1126 1266 prtcsumpsissent,
1153 1192 1576 1249 satisfactionem
1619 1191 1863 1248 facimus.
1900 1192 1954 1247 Id

359 1291 518 1348 nobis
545 1288 597 1345 in
632 1289 862 1345 Domino
895 1300 1000 1343 tam
1027 1288 1174 1358 justo
1203 1287 1269 1341 ad
1290 1286 1690 1353 aestimandum,
1719 1297 1826 1341 tam
1855 1302 1951 1358 po-

362 1381 495 1438 tenti
540 1379 608 1435 ad
636 1379 1022 1452 perliciendum
1050 1378 1426 1450 periclitatur?
1451 1377 1587 1445 Quid
1615 1392 1744 1449 ergo
1783 1377 1956 1434 credi-

360 1489 482 1530 mus
507 1473 741 1544 judicetn
773 1475 943 1541 illum,
975 1473 1020 1528 si
1050 1490 1155 1529 non
1182 1483 1235 1528 et
1263 1473 1526 1529 ulzorem?
1553 1471 1668 1528 Hoc
1709 1487 1769 1528 se
1804 1473 1957 1527 nobis

360 1566 706 1638 repromittit,
739 1567 926 1624 dicens
967 1567 1168 1637 (l)eut.,
1199 1565 1420 1640 XXXII)
1455 1584 1468 1620 :
1509 1563 1804 1619 Vindictam
1831 1565 1957 1618 mihi

365 1659 445 1730 (b)
477 1672 524 1716 et
554 1678 644 1734 ego
671 1660 974 1725 vindicabo;
1005 1660 1055 1714 id
1084 1668 1199 1725 est,
1232 1658 1548 1714 Patientiam
1578 1657 1730 1721 mihi,
1764 1667 1817 1713 et
1857 1671 1957 1727 ego

358 1755 674 1827 patientiam
707 1753 1082 1811 remunerabo.
1102 1753 1238 1808 Cmn
1263 1753 1406 1808 enim
1433 1751 1564 1806 dicit
1593 1749 1955 1823 (Matth.,\'l|)

362 1822 541 1903 Nolite
559 1848 820 1919 judicare,
840 1864 903 1902 ne
927 1847 1246 1913 iudicemini,
1271 1860 1449 1900 nonne
1479 1822 1785 1916 patientiam
1808 1842 1955 1915 ﬂagi-
1985 1822 2032 1882 Β

359 1941 458 1996 tat?
471 1941 600 2010 Quis
626 1941 772 1997 enim
799 1957 903 1996 non
924 1939 1182 2010 judicabit
1204 1939 1367 1993 alium
1391 1938 1492 1994 nisi
1515 1939 1602 2009 qui
1625 1939 1832 2009 patiens
1851 1937 1957 1993 erit

359 2049 467 2089 non
517 2031 839 2089 defendendi
863 2033 965 2103 (3)?
981 2032 1112 2100 Quis
1152 2031 1353 2087 idcirco
1387 2029 1709 2103 judiCatH),
1734 2039 1792 2084 ut
1809 2031 1958 2101 igno-

355 2124 496 2180 seat?
514 2125 591 2179 Ac
609 2123 655 2180 si
676 2123 1120 2196 ignoscet,tamen
1147 2123 1437 2192 judicantis
1477 2122 1859 2193 impatientiam
1875 2122 1958 2193 (5)

356 2215 598 2288 cavit(c),
619 2224 674 2272 et
692 2216 950 2272 honorem
979 2215 1119 2271 unici
1144 2215 1365 2286 judicis,
1383 2214 1436 2270 id
1462 2224 1545 2271 est
1572 2214 1689 2280 Dei,
1713 2215 1954 2270 abstulit.

357 2307 601 2378 Quantos
628 2321 756 2364 vero
776 2323 941 2386 casus
971 2307 1279 2378 hujusmodi
1309 2306 1639 2378 impatientia
1681 2307 1959 2363 incursare

355 2399 439 2472 (6)
485 2401 764 2458 consuevit
790 2401 906 2473 (7)!
935 2400 1196 2469 Quotiens
1241 2400 1489 2472 pceuituit
1544 2398 1953 2455 defensionem!

354 2493 615 2561 Quotiens
637 2493 887 2549 instantia
904 2493 1021 2562 ejus
1037 2493 1273 2549 deterior
1297 2492 1376 2565 (ά)
1402 2493 1538 2547 facta
1585 2493 1668 2564 (8)
1698 2502 1782 2548 est
1804 2507 1958 2550 caus-

355 2587 432 2642 sis
460 2586 606 2641 suis!
635 2585 902 2654 Quoniam
933 2583 1062 2639 nihil
1112 2583 1443 2654 impatientia
1472 2592 1809 2656 susceptum,
1841 2586 1960 2643 sine

355 2677 558 2748 impetu
612 2677 831 2748 transigi
857 2678 1027 2743 novit;
1061 2677 1192 2732 nihil
1221 2678 1425 2747 impetu
1452 2686 1657 2743 aetum,
1709 2688 1802 2734 aut
1853 2695 1958 2737 non

354 2769 595 2836 ofI'mdit,
627 2778 720 2826 aut
743 2770 968 2836 corruit,
1000 2779 1092 2825 aut
1120 2785 1364 2840 praeceps
1387 2770 1538 2826 abiit.
1571 2770 1688 2826 Jam
1709 2771 1753 2828 si
1787 2773 1960 2830 levius

356 2862 688 2930 defendaris,
736 2862 1008 2918 insanies:
1053 2861 1100 2916 si
1141 2861 1379 2932 uberius,
1427 2862 1762 2920 oneraberis.
1811 2864 1952 2933 Quid

2061 546 2154 602 per
2175 531 2559 600 impatientiam
2587 530 2820 586 doloris?
2849 529 3004 596 Quod
3031 529 3077 583 si
3109 531 3374 600 patientia:
3427 521 3665 588 incubaJ

2061 623 2130 678 bo
2159 623 2256 695 (e),
2281 637 2389 679 non
2409 622 2604 680 dolebo
2629 638 2644 680 :
2670 623 2716 678 si
2759 637 2865 678 non
2892 620 3110 689 dolebo,
3141 621 3330 679 ulcisci
3371 638 3476 680 non
3503 623 3648 681 desi-

2061 713 2281 770 derabo.

2677 805 2904 865 CAPUT
2944 809 3035 865 XI.

2135 920 2263 975 Post
2285 919 2380 974 bas
2409 919 2730 990 principales
2759 921 3103 992 impatientia;
3139 921 3426 987 materias,
3457 929 3518 977 ut
3559 935 3657 992 po-

2061 1013 2279 1078 luimus,
2309 1021 2567 1082 regestas,
2599 1011 2724 1081 quid
2757 1013 2896 1068 inter
2925 1021 3148 1070 eteteras
3170 1013 3495 1084 evagemur?
3521 1012 3655 1082 Qum

2058 1103 2226 1174 domi,
2256 1119 2375 1173 qua:
2415 1102 2546 1158 foris
2593 1103 2707 1174 (f)?
2735 1103 2864 1158 Lata
2906 1113 3066 1175 atque
3094 1103 3286 1160 diffusa
3311 1114 3395 1160 est
3422 1104 3664 1175 operatio

2062 1195 2187 1250 mali
2223 1193 2337 1264 (9):
2372 1194 2685 1265 multiplicia
2717 1195 2936 1265 spiritus
2962 1195 3304 1252 incitamenta
3330 1195 3615 1266 jaculantis
3638 1238 3654 1260 ,

2059 1299 2115 1346 et
2142 1288 2302 1344 modo
2354 1289 2594 1360 parvula,
2628 1289 2788 1343 modo
2815 1288 3066 1344 maxima.
3085 1289 3191 1345 Sed
3223 1289 3437 1359 parvula
3465 1289 3534 1346 de
3558 1303 3655 1344 sua

2060 1381 2432 1438 mediocritate
2448 1381 3038 1443 contemnas.maximis
3055 1396 3154 1452 pro
3173 1395 3268 1437 sua
3281 1382 3659 1452 exsuperantia

2063 1475 2178 1548 (10)
2197 1475 2488 1533 cedas.Ubi
2507 1476 2681 1530 minor
2699 1474 2992 1546 injuria,ibi
3015 1475 3155 1531 nulla
3175 1477 3467 1531 necessitas
3489 1476 3628 1545 impa
3643 1505 3660 1518 ο

2061 1568 2409 1641 ιὶθηιίωῌυ.
2434 1570 2502 1623 At
2532 1569 2617 1623 ubi
2663 1567 2836 1638 major
2866 1567 3078 1638 injuria,
3112 1567 3183 1623 ibi
3210 1567 3545 1624 necessarior
3575 1569 3660 1639 (g)

2060 1661 2267 1731 injuriae
2296 1661 2528 1728 medela,
2562 1661 2812 1731 patientia
2844 1659 2984 1733 (1‘2).
3024 1659 3307 1716 Certemus
3337 1659 3496 1731 igitur
3543 1676 3664 1731 quae

2059 1768 2091 1808 a
2157 1755 2299 1810 malo
2347 1755 2662 1826 inﬂiguntur
2714 1754 3013 1821 sustinere,
3068 1762 3124 1808 ut
3210 1753 3380 1820 hostis
3425 1752 3659 1809 studium

2060 1847 2332 1903 aemulatio
2364 1857 2560 1904 nostra:
2589 1847 3008 1918 tequanimitatis
3045 1845 3246 1903 eludat.
3280 1847 3336 1902 Si
3367 1861 3493 1902 vero
3519 1863 3664 1918 quac-

2059 1935 2183 1992 dam
2225 1939 2397 2009 ipsiin
2430 1955 2559 2004 nos,
2584 1946 2676 1993 aut
2720 1937 3108 2006 imprudentia,
3138 1947 3226 1993 aut
3267 1946 3456 2009 sponte
3500 1939 3660 1992 etiam

2059 2031 2501 2105 superducimus,
2533 2047 2686 2100 teque
2717 2032 2981 2103 patienter
3009 2030 3266 2087 obeamus
3288 2072 3302 2094 ,
3335 2046 3455 2102 quat
3509 2030 3664 2086 nobis

2063 2131 2408 2200 imputamus.
2437 2127 2591 2196 Quod
2625 2127 2668 2182 si
2695 2143 2723 2182 a
2749 2127 2974 2182 Domino
2997 2125 3254 2181 nonnulla
3284 2123 3555 2180 credimus
3576 2124 3660 2177 in-

2061 2225 2198 2288 cuti,
2229 2223 2314 2278 cui
2367 2222 2537 2292 magis
2588 2221 2894 2291 patientiam
2949 2234 3106 2290 quam
3159 2217 3385 2273 Domino
3422 2215 3664 2287 praebea-

2062 2315 2219 2374 mus?
2249 2315 2387 2383 Quin
2429 2313 2547 2386 (l5)
2580 2313 2798 2381 insuper
2824 2309 3078 2382 gratulari
3097 2317 3151 2364 et
3177 2307 3410 2379 gaudere
3442 2322 3538 2362 nos
3566 2306 3668 2360 do.

2063 2417 2150 2465 cet
2177 2406 2316 2478 (14),
2339 2405 2650 2477 dignatione
2679 2403 2877 2459 divinat
2915 2400 3299 2473 castigationis.
3323 2399 3457 2472 Ego,
3477 2398 3671 2470 inquit,

2062 2518 2189 2571 quos
2219 2501 2405 2572 diligo,
2430 2499 2641 2570 castigo.
2674 2496 2718 2553 Ο
2769 2512 2981 2553 servum
3035 2497 3182 2551 illum
3233 2495 3479 2560 beatum,
3514 2494 3666 2564 cujus

2062 2591 2422 2650 emendationi
2444 2590 2693 2646 dominus
2716 2590 2911 2644 instat!
2941 2587 3025 2642 cui
3075 2587 3324 2658 dignatur
3360 2583 3441 2657 (It)
3472 2585 3662 2645 irasci.

2063 2701 2224 2758 quem
2250 2683 2573 2741 admonendi
2595 2680 3020 2737 dissimulatione
3046 2693 3150 2732 non
3169 2677 3395 2747 decipit!
3418 2675 3665 2746 Undique

2065 2779 2224 2850 igitur
2242 2777 2482 2834 adstricti
2506 2790 2690 2831 sumus
2710 2773 2890 2829 ofticio
2913 2772 3182 2842 patientiae
3204 2769 3662 2826 administrandae.

2062 2870 2282 2941 Quaqua
2309 2883 2379 2924 ex
2405 2876 2551 2938 parte
2571 2909 2586 2932 ,
2618 2875 2709 2920 aut
2732 2865 3007 2921 erroribus
3034 2863 3234 2918 nostris
3253 2905 3268 2931 ,
3298 2871 3389 2918 aut
3427 2861 3553 2919 mali
3581 2862 3665 2917 in-

1610 2973 1990 3038 LECTIONES
2030 2979 2440 3039 VARIANTES.

449 3093 490 3154 1.)
517 3091 870 3154 Fastidientes,
893 3092 943 3141 in
966 3089 1160 3141 fastidio
1183 3088 1337 3142 Rhett.

445 3153 496 3207 2)
521 3157 703 3206 Putres
719 3153 872 3206 Rhea.

419 3212 495 3275 (si
525 3217 734 3267 Defendi
754 3214 908 3267 Rhen.
933 3215 1056 3266 Jun.
1080 3213 1278 3268 mavult.
1306 3212 1540 3266 defendi?

448 3278 498 3330 4)
521 3278 717 3329 Judicet
741 3288 889 3329 Fran.

442 3337 495 3404 5)
520 3342 814 3404 I’atientiam
830 3337 1003 3404 Latin.

444 3401 496 3458 6)
523 3403 756 3454 Incusare
779 3401 932 3454 Rhea.

421 3467 497 3532 (7)
522 3465 861 3519 Cousueverat
881 3461 1036 3517 Rhea.

2223 3096 2429 3160 Inventa.
2448 3093 2599 3160 RM":

2145 3151 2201 3222 9)
2218 3157 2482 3222 Operatio.
2509 3155 2619 3206 Mali
2638 3153 2933 3222 distinguunt
2957 3151 3059 3205 alii.

2155 3219 2234 3271 lOl
2269 3219 2606 3270 Exuberantia
2630 3219 2794 3269 Paris.

2158 3279 2236 3332 ill
2274 3283 2530 3332 Patientiae
2557 3279 2712 3330 Latin.

2155 3341 2234 3394 12)
2258 3344 2517 3394 Patientia:
2540 3352 2688 3393 Fran.
2715 3341 2869 3394 Paris.

2155 3406 2232 3468 l5)
2261 3406 2355 3466 Qui
2380 3409 2582 3468 insuper
2611 3414 2724 3456 Jun.

2131 3467 2178 3530 (1
2193 3467 2232 3530 tl
2263 3468 2425 3519 Decet
2448 3467 2604 3519 Latin.

2214 3219 2236 3534 l

1733 3569 2296 3634 COMMENTARIUS.

432 3684 510 3754 (τι)
551 3683 612 3739 Si
638 3683 853 3755 fastiditi
875 3692 1014 3751 ante,
1033 3683 1097 3755 in
1121 3681 1330 3751 fastidio
1359 3682 1565 3755 ultionis
1593 3698 1695 3755 non
1721 3684 1948 3740 erimus?

360 3753 451 3813 Sic
480 3753 675 3826 legitur
703 3755 754 3810 in
785 3755 972 3811 codice
1003 3753 1204 3826 Ursini.
1226 3755 1346 3826 Alii,
1373 3753 1435 3826 Si
1455 3754 1839 3826 fastidientesin
1868 3758 1950 3826 fa-

357 3829 510 3883 stidio
541 3825 750 3881 ultionis
775 3843 874 3880 non
897 3828 1102 3890 erimus,
1137 3825 1481 3894 frigidissime
1535 3839 1717 3879 sensu.
1767 3825 1949 3895 Itaque

359 3899 606 3969 legimus.
651 3897 712 3953 Si
749 3898 1098 3969 fastidientem
1128 3895 1336 3969 fastidio
1359 3895 1573 3969 ultionis
1605 3898 1946 3969 nocuerimus.

363 3965 688 4025 Fastidimur
713 3965 780 4023 ab
805 3965 1137 4031 adversario,
1155 3966 1244 4036 qui
1274 3980 1371 4037 nos
1400 3966 1526 4020 odio
1560 3965 1720 4022 habet
1749 3986 1760 4020 :
1791 3984 1949 4037 quem

360 4043 405 4097 si
433 4041 666 4095 vicissim
693 4039 818 4094 odio
841 4039 1096 4095 habemus
1123 4035 1186 4094 et
1205 4035 1560 4106 fastidio,jam
1589 4035 1949 4094 fastidientem

360 4110 744 4175 refastidituus,
767 4120 823 4166 et
850 4112 1046 4165 malum
1081 4109 1222 4163 malo
1247 4107 1610 4180 rependimus,
1635 4119 1688 4164 et
1713 4125 1949 4180 przecep-

363 4193 474 4238 tum
505 4183 713 4237 Domini
761 4198 865 4236 non
911 4183 1280 4236 observamus.
1331 4179 1538 4235 Nocere
1588 4179 1950 4236 fastidiente’m

361 4255 498 4309 dixit
519 4254 620 4308 hoc
644 4255 762 4308 loco
781 4252 1092 4318 Septimius,
1119 4260 1176 4305 ut
1199 4265 1393 4305 nocere
1409 4262 1741 4318 nascentem,
1767 4252 1859 4306 lib.
1885 4254 1953 4307 de

363 4325 507 4381 Exh.
535 4324 826 4378 Castitatis.
862 4321 977 4376 RIG.

436 4393 520 4466 (b)
555 4391 1040 4466 rVittdiclattLAmﬂli.
1089 4389 1435 4466 Expendatur
1499 4391 1674 4466 locus
1713 4388 1958 4466 Gregorii

362 4459 523 4536 Ny‘ss'.
552 4465 602 4518 in
629 4477 714 4531 ep.
746 4461 812 4516 ad
842 4460 1175 4536 Flavianum,
1203 4460 1293 4515 ubi
1326 4462 1552 4536 loquens
1570 4459 1636 4514 de
1663 4460 1853 4536 injuria
1883 4461 1954 4516 si-

364 4527 608 4623 bi'Ifacta,
638 4527 761 4615 eum
790 4533 1110 4623 pra-miserit
1147 4547 1250 4614 non
1268 4527 1824 4623 ess’e’condonandatq
1848 4546 1949 4612 pe-
1978 4527 2032 4589 D
2060 4527 2342 4623 ι’ίζιςιῖξξζι

363 4605 642 4661 tulantiam
674 4604 890 4666 inimici,
924 4604 1030 4657 imo
1062 4601 1462 4672 deprimendam
1497 4602 1614 4672 ejus
1645 4603 1951 4672 superbiam

364 4675 827 4746 coercendumqne
859 4675 1071 4730 inanem
1102 4673 1243 4728 illius
1271 4671 1461 4746 fastum
1490 4687 1503 4726 :
1538 4671 1674 4728 Cum
1706 4671 1839 4746 inec,
1869 4674 1952 4746 in-

365 4761 524 4820 quam
557 4743 896 4820 prmmiserit,
930 4746 1000 4800 ita
1029 4744 1464 4820 ut_lcctor_possit
1490 4753 1677 4820 putare
1706 4743 1757 4820 in
1781 4743 1957 4798 vindi-

365 4814 508 4874 ctam
536 4814 614 4872 sui
661 4818 1022 4888 aspiraturum
1074 4815 1413 4884 Gregorium,
1461 4815 1674 4885 egregie
1717 4814 1955 4885 legentes

368 4889 502 4945 fallit
531 4889 816 4959 subjiciens
846 4903 859 4940 ε
892 4894 1016 4948 ὅπως
1047 4888 1086 4940 δ’
1106 4891 1367 4959 delinire
1396 4894 1494 4959 ea;
1517 4895 1953 4959 μιλησηγςγιιιέιηϐ-

369 4969 468 5015 tcnt
497 4960 549 5014 id
577 4956 682 5028 ﬁat,
731 4958 838 5014 Deo
865 4962 957 5013 erit
981 4974 1135 5014 curre.
1173 4956 1229 5013 Id
1257 4967 1358 5024 est,
1409 4957 1600 5028 injuria
1640 4958 1769 5012 mihi
1821 4957 1954 5011 facta

370 5032 538 5088 Deum
572 5031 732 5087 habet
771 5030 1031 5095 ultorem;
1087 5030 1160 5085 illi
1208 5032 1458 5100 permitto
1498 5029 1588 5099 qui
1635 5043 1782 5083 meas
1814 5028 1963 5084 audit

368 5103 638 5176 querelas.
671 5103 800 5158 Lac.

442 5174 534 5300 ἱςί
562 5172 756 5228 Tamen
798 5172 1078 5243 iudicantis
1117 5171 1487 5242 impatientiam
1516 5169 1666 5226 cavit.
1715 5169 1827 5224 Hoc
1856 5180 1959 5237 est,

483 5247 493 5299 i
537 5245 616 5298 uit
644 5244 1030 5300 inmatientiam
1050 5243 1354 5300 iudicantis.
1379 5241 1862 5300 seuloerseuuentis
1885 5242 1959 5296 in-

369 5241 616 5300 adhibuit
644 5241 1030 5313 impatientiam
1045 5243 1354 5314 judicantis,
1379 5241 1862 5314 setijpersequentis
1885 5242 1964 5296 in—

366 5315 564 5387 juriant
592 5315 814 5385 judicio.
846 5314 999 5387 cavit
1029 5313 1412 5387 impatientiam
1443 5313 1687 5387 injuri:n,_
1701 5313 1962 5387 actionem

371 5382 489 5458 ejus
519 5382 802 5457 aggressus
833 5385 1035 5455 judicio
1055 5427 1069 5449 ,
1107 5382 1210 5458 etsi
1248 5399 1363 5458 non
1380 5383 1603 5458 peregit.
1628 5382 1815 5458 Cavit,
1851 5395 1966 5438 tan-

371 5455 531 5528 q'uain
557 5455 945 5527 periclitaretur
967 5457 1204 5528 reposita
1228 5455 1370 5528 apud
1393 5455 1760 5528 Iteum_ultio;
1794 5470 1962 5528 eaque

373 5525 622 5584 cautione
646 5528 906 5583 honorem
937 5525 1076 5582 unici
1095 5526 1320 5597 judicis.
1358 5525 1407 5580 id
1454 5535 1536 5580 est
1566 5525 1678 5597 Dei,
1710 5525 1946 5580 abstulit.

372 5599 574 5655 Cavere
600 5598 987 5667 impatientiam
1010 5595 1144 5652 dixit
1174 5597 1536 5667 'gl‘ertulliajnus
1567 5595 1756 5650 eadem
1790 5597 1958 5667 forma

372 5685 477 5740 qua
509 5665 765 5740 Ulpianus
799 5679 853 5740 et
875 5669 1136 5740 Scazvola,
1162 5665 1830 5740 Cg'etechirograpltum,
1862 5665 1955 5740 lib.

373 5736 452 5808 νς
489 5741 550 5797 D.
577 5736 938 5803 Commodati,
967 5749 1021 5793 et
1049 5739 1141 5794 lib.
1177 5736 1465 5808 LXXXIX.
1515 5737 1588 5791 De
1615 5738 1773 5791 solut.
1806 5746 1860 5792 et
1892 5737 1956 5792 li-

372 5807 490 5870 ber.
513 5811 654 5885 quod
683 5822 787 5882 est,
817 5812 1017 5869 (lavere
1044 5825 1138 5879 per
1166 5807 1600 5881 chirographum.
1633 5808 1722 5864 Sic
1770 5822 1959 5868 cavere

2053 3689 2465 3760 impatientiam,
2515 3689 2789 3760 hocgest,
2834 3686 3038 3744 Cavere
3094 3701 3189 3757 per
3241 3685 3654 3760 impatientiam,

2055 3757 2361 3831 prespicere
2401 3761 2503 3816 sibi
2554 3758 2812 3816 ultionem
2859 3775 2955 3830 per
2997 3759 3385 3830 impatientiam
3416 3757 3652 3883 ἰᾶίιιτὶω.

3478 3844 3546 3883 te.

3478 3844 3546 3884 IG.

2129 3901 2211 3973 (d)
2254 3901 2280 3956 1
2286 3902 2509 3958 natantia
2533 3903 2642 3974 ejus
2664 3903 2884 3957 deterior
2921 3906 3057 3974 facta
3079 3911 3150 3957 est
3181 3902 3374 3956 caussis
3415 3901 3540 3954 suis.
3567 3897 3657 3952 In-

2057 3973 2195 4029 stitit
2223 3975 2399 4029 acrius
2424 3982 2479 4030 et
2505 3973 2750 4045 asperius
2773 3989 2955 4045 aequo.
2977 3973 3092 4027 Non
3125 3973 3520 4045 suberatcausa
3547 3979 3653 4045 tam

2057 4060 2215 4099 saeva:
2240 4055 2456 4116 tamque
2481 4040 2676 4100 atrocis
2710 4054 2799 4098 aut
2827 4040 3112 4116 pertinacis
3138 4042 3432 4116 instantia}.
3465 4040 3658 4109 Exegit

2054 4116 2176 4186 plus
2196 4112 2467 4187 quam'lex
2491 4117 2592 4172 ulla
2620 4116 2790 4171 dolori
2823 4113 3105 4168 concessit.
3137 4112 3256 4166 ltro.

2133 4206 2211 4278 (e)
2244 4206 2402 4278 Quod
2421 4207 2481 4278 si_
2496 4207 2754 4274 patientia:
2781 4203 3048 4278 incubabo.
3071 4200 3328 4278 [ncubare
3355 4217 3449 4270 pro
3467 4200 3650 4257 indor-

2060 4273 2218 4342 mare,
2241 4273 2592 4331 translatioite
2619 4283 2826 4342 sumpta
2855 4289 2882 4326 a
2908 4274 3067 4328 rebus
3093 4273 3253 4337 caris,
3282 4288 3414 4342 quas
3443 4288 3508 4327 ne
3532 4288 3654 4341 pcr-

2062 4345 2274 4411 damus,
2305 4347 2465 4401 etiam
2498 4360 2620 4399 eum
2647 4344 2948 4407 dorminus,
2979 4343 3132 4398 nobis
3162 4344 3514 4412 supponimus
3536 4360 3656 4397 cus-

2066 4415 2227 4470 todiae
2256 4430 2471 4487 caussa.
2495 4414 2815 4487 Cyprianus,
2846 4417 2913 4470 de
2939 4416 3209 4487 Eleetnos.
3245 4431 3256 4468 :
3304 4413 3657 4487 Quid_diviti_is

2068 4487 2168 4540 tuis
2188 4485 2310 4541 solis
2353 4483 2602 4542 incubui?
2648 4488 2726 4541 sic
2757 4487 2808 4540 in
2841 4487 2977 4542 libro
3005 4485 3072 4541 de
3103 4485 3404 4555 Prmscript.
3438 4483 3652 4540 Tertulc

2378 4556 2446 4613 de
2475 4557 2783 4613 Resurrect.
2810 4562 3008 4614 carnis.
3047 4556 3221 4612 linea.

2129 4647 2282 4703 CAP.
2325 4647 2414 4702 XI.
2449 4679 2518 4689 —
2543 4647 2611 4718 (f)
2631 4647 2757 4702 Lata
2779 4658 2929 4717 atque
2953 4645 3144 4713 di/Iusa
3168 4645 3487 4718 cs_t_0peratio
3510 4646 3653 4718 mali.

2129 4649 2282 4703 CAP.
2325 4649 2414 4702 XI.
2449 4679 2518 4689 —
2543 4649 2611 4774 Sf)
2631 4649 2757 4702 Lata
2779 4658 2929 4717 atque
2953 4649 3144 4713 diffusa
3168 4653 3240 4700 est
3260 4649 3487 4714 Operatio
3510 4649 3653 4697 mali.

2057 4717 2146 4775 Sic
2205 4720 2298 4774 lib.
2346 4720 2413 4774 de
2461 4720 2554 4775 ldo
2578 4721 2674 4781 ul..
2731 4735 2850 4789 cap.
2882 4719 2961 4781 2.,
2988 4718 3122 4789 dixit
3154 4735 3180 4789 :7
3205 4715 3325 4770 Non
3375 4717 3428 4769 in
3455 4715 3653 4789 modico

2057 4791 2327 4845 consistere
2371 4790 2560 4846 diaboli
2608 4786 2863 4862 ingenium
2890 4832 2904 4853 ,
2965 4797 3019 4845 et
3074 4788 3377 4843 christianos
3416 4786 3656 4840 adversus

2057 4862 2245 4916 diaboli
2273 4862 2564 4916 latitudines
2590 4861 2795 4916 muniri.
2825 4861 2944 4917 Βία.

2136 4953 2216 5025 (g)
2262 4952 2343 5008 lbi
2367 4955 2696 5008 nccessarior.
2727 4953 3167 5025 Comparativum
3193 4950 3521 5025 inusitatum.
3552 4949 3655 5025 ASic

2068 5021 2406 5082 necessarius
2457 5026 2591 5080 dixit
2626 5027 2676 5079 in
2734 5021 2942 5089 neutro,
3002 5024 3096 5078 lib.
3140 5024 3205 5077 de
3236 5023 3408 5076 Carne
3438 5021 3661 5076 Christi.

2070 5097 2254 5163 Quasi,
2287 5097 2476 5166 inquit,
2506 5096 2815 5150 necessarius
2836 5093 3030 5166 aliquid
3058 5092 3332 5166 afferrent.
3361 5093 3536 5166 Ιὶκιξκ.

2145 5166 2227 5238 (lt)
2267 5162 2628 5238 Cui'rdignatur
2648 5167 2816 5221 irasci.
2846 5162 3141 5238 Pt'ieclare;
3172 5179 3294 5218 nam
3323 5164 3424 5238 ine
3465 5163 3555 5238 Dei
3603 5162 3656 5217 itt

2070 5234 2172 5293 nos
2199 5234 2497 5308 procedunt
2535 5253 2600 5292 ex
2630 5253 2772 5292 mera
2806 5237 2921 5308 ejus
2947 5235 3253 5306 dignatione
3275 5246 3327 5288 et
3354 5234 3659 5308 misericor-

2070 5306 2643 5380 diafuteorrigamur.
2679 5306 2847 5380 Uxor
2877 5307 3077 5380 Iuliani
3128 5308 3420 5380 Apostatte,
3474 5306 3558 5374 pia
3606 5312 3662 5358 et

2072 5388 2255 5436 saneta
2299 5377 2538 5445 ftemiita,
2568 5395 2690 5433 cum
2721 5378 2926 5437 videret
2955 5378 3172 5446 impium
3226 5377 3476 5430 maritum
3535 5390 3665 5443 sup-

2106 5451 2228 5506 lieio
2249 5450 2497 5505 allectum
2523 5467 2550 5504 a
2583 5451 2710 5512 Deo.
2729 5449 2948 5504 dixitilli
2970 5459 3024 5502 ut
3047 5458 3130 5503 est
3157 5447 3294 5516 apud
3321 5446 3660 5508 Theodorit.,

2106 5467 2228 5506 IICIO
2249 5467 2497 5505 allecutflt
2523 5467 2550 5504 3
2584 5467 2710 5512 U00,
2729 5467 3024 5504 (11Χ1ι111111ι
3047 5467 3130 5503 εει
3157 5467 3294 5516 apuu
3331 5467 3352 5500 Ι
3369 5467 3660 5508 ΠρουοΓΙΙ,,

2066 5467 2160 5576 rib.
2191 5520 2279 5586 III,
2314 5537 2432 5591 cap.
2464 5520 2551 5576 12.
2602 5526 2705 5577 οὗδι
2729 5529 2824 5592 γὰρ
2851 5523 2910 5574 ἃν
2935 5528 3068 5586 ἔγνως
3095 5527 3167 5578 τίς
3193 5523 3219 5571 ὁ
3246 5525 3380 5588 περὶ.
3413 5541 3496 5572 σου
3523 5526 3665 5571 cols--

2063 5600 2308 5661 μοῦμινος,
2341 5598 2380 5646 εἱ
2409 5605 2468 5662 τῇ
2493 5602 2676 5652 συγηθει
2715 5598 3021 5662 μακροθυμίᾳ
3053 5596 3341 5660 χρησάμενος
3384 5593 3560 5648 ταύτας
3589 5609 3662 5645 σοι

2061 5648 2313 5726 mulino;
2339 5648 2522 5734 πληίὲς
2565 5648 2644 5719 oin
2681 5648 2942 5734 ἐᾶττξνσὶγενξ
2977 5648 3140 5716 Plane
3184 5648 3468 5734 ignorasses
3513 5675 3657 5734 quem

2063 5735 2390 5806 Oppugnasti,
2415 5730 2514 5806 nisi
2543 5744 2683 5806 sueta
2705 5730 2798 5788 sua
2829 5736 3033 5789 lenitate
3063 5749 3185 5787 usus
3204 5735 3294 5787 Ita:
3326 5733 3504 5802 plagas
3525 5730 3659 5784 divi-

2063 5805 2198 5860 nitus
2229 5805 2315 5860 tibi
2336 5805 2620 5874 inﬂixisset.
2667 5805 2796 5862 Lac.
