2092 3129
231 189 233 191 μ
260 168 332 197 19.67

968 166 1199 214 TER'I‘ULLIANI

1843 158 1917 197 1268

258 229 351 261 sitliis.
366 232 411 256 aut
424 226 649 256 admouitionibus
661 225 764 255 Domini
774 226 967 264 intervenit(u)
983 234 1059 259 usus,
1073 226 1099 257 A
1112 226 1180 261 apud
1193 225 1278 253 altare
1291 223 1428 260 perficiet,
1444 224 1494 252 nisi
1517 225 1588 260 prius
1609 224 1810 253 reconciliando
1839 226 1917 255 fratri

259 275 318 309 ejus
348 272 428 303 oilicii
454 280 548 309 magna
577 280 695 306 merces,
715 272 827 301 felicitas
850 272 961 301 scilicet.
987 273 1061 306 Quos

259 321 330 349 enim
346 318 438 348 felices
451 319 580 348 Dominus
591 340 598 353 ,
613 319 664 347 nisi
681 319 982 354 patientcsnuncupavlt
993 339 1001 352 ,
1016 318 1060 346 di-

257 368 343 397 cendo
359 376 366 394 z
383 367 454 395 Beati
464 375 588 403 pauperes
599 367 700 402 spiritu,
712 366 816 393 illorum
828 372 864 394 est
878 367 945 393 enim
955 373 1061 402 regnum

257 414 378 442 caelorum
395 413 514 450 (ΜαιιΙι.,
526 412 585 448 V.)?
603 412 698 441 Nullus
711 412 832 448 proiecto
839 412 933 447 spiritu
948 419 1058 447 pauper,

258 461 310 489 nisi
324 461 445 492 itdtnilis:
454 460 515 496 quis
526 458 599 488 enim
613 459 731 492 humilis,
747 459 797 487 nisi
809 459 929 494 patiens?
940 458 1002 495 quia
1012 465 1059 487 ne-

258 515 303 536 mo
326 507 462 543 subjicere
472 512 533 535 sese
553 511 655 542 potest,
676 506 735 534 sine
748 506 832 541 prim
852 505 979 541 patientia
995 504 1059 532 sub-

254 556 381 591 jectiOnis
400 555 495 590 ipsius.
511 554 603 587 Beati,
619 554 721 589 inquit,
736 555 826 589 ﬂentes
840 558 914 590 atque
933 554 1057 590 lugentes.

256 603 322 637 Quis
333 601 396 630 talia
407 601 465 629 sine
478 601 605 636 patientia
628 599 744 628 tolerat?
758 600 849 636 itaque
863 599 959 628 talibus
972 604 998 627 et
1011 599 1059 627 ad-

258 649 365 678 vocatio
385 645 423 685 (ὑ)
436 652 463 676 et
476 647 546 675 risus
556 646 728 682 promittitur.
744 646 815 674 Beati
827 646 909 674 mites.
925 645 981 674 Hoc
996 645 1058 681 qui-

256 695 318 724 dem
330 693 458 722 vocabulo
479 693 647 728 impatientes
673 700 725 720 non
740 692 800 720 licet
808 692 920 720 omnino
940 691 1055 719 censeri.

256 742 322 769 item
337 748 397 768 cum
412 738 537 775 pacificos
554 738 648 767 eodem
674 739 749 766 titulo
767 738 901 766 fclicitatis
922 741 1010 771 notat,
1031 741 1059 765 et

257 787 327 815 filios
349 786 394 814 Dei
411 789 564 820 nuncupat,
580 784 708 820 numquid
725 784 894 818 impatientes
911 784 983 818 pacis
998 783 1059 810 alii-

257 833 327 861 nes?
340 831 443 860 Stultus
470 830 521 858 hoc
535 831 574 866 (i)
588 830 712 858 senserit.
724 830 790 858 Cum
812 837 892 863 vero,
909 828 1017 865 gaudete
1036 832 1060 856 et

257 880 382 912 exultale,
403 879 478 912 dicit,
492 878 606 914 quotiens
629 885 672 904 vos
692 876 841 904 maledicent
863 879 886 903 et
909 883 1060 911 persequen-

1113 279 1239 300 reversus
1263 271 1297 299 ad
1323 271 1477 307 patientiam
1493 270 1583 298 fuerit.
1598 271 1645 299 Sol
1670 278 1752 306 super
1766 272 1831 299 iram
1851 280 1917 301 nos-

1112 323 1180 346 tram
1195 318 1217 346 si
1231 316 1368 351 occiderit,
1386 317 1578 353 periclitamur.
1595 317 1654 345 Non
1678 318 1742 346 licet
1763 318 1839 347 nobis
1862 325 1916 347 una

1112 365 1156 393 die
1170 365 1228 393 sine
1243 364 1370 399 patientia
1392 370 1510 391 manere.
1527 363 1633 391 Atenim
1647 371 1706 391 cum
1727 372 1835 392 onmem
1852 373 1915 400 spe-

1112 412 1180 440 ciem
1196 411 1324 448 salutaris
1337 411 1485 446 disciplima
1499 410 1630 446 gubernet
1654 410 1744 447 (Eph.,
1760 411 1832 448 iV.),
1848 410 1916 449 quid

1113 459 1210 486 mirum
1224 458 1296 494 quod
1308 458 1390 486 etiam
1413 457 1580 494 pauitantia:
1593 457 1740 492 ministrat,
1751 458 1840 487 solitae
1853 460 1915 495 iap~

1110 506 1148 534 sis
1161 505 1313 539 subvenire,
1325 512 1387 533 cum
1396 525 1403 538 ,
1416 505 1551 541 disjuncto
1572 504 1752 539 matrimonio,
1765 513 1796 534 ex
1819 514 1851 534 ea
1869 510 1914 534 ta-

1110 560 1172 581 men
1186 559 1266 580 causa
1277 573 1284 583 .
1297 559 1349 587 qua
1365 552 1427 580 licet
1440 551 1483 580 feu
1495 551 1566 585 viro,
1584 558 1633 580 seu
1647 551 1762 580 Rumina:
1774 551 1804 581 ad
1817 552 1911 581 vidui-

1111 600 1172 628 tatis
1192 599 1418 635 perseverantiam
1441 598 1587 633 sustineri,
1613 599 1671 627 haec
1696 604 1828 635 exspectat
1853 598 1908 636 (ά),

1111 646 1169 674 haec
1181 649 1305 681 exoptat,
1322 645 1379 673 haec
1400 649 1494 673 exorat
1517 644 1558 682 (6)
1581 646 1766 681 ptenitcntiam
1794 645 1915 681 quando-

1110 701 1162 729 qne
1191 692 1296 721 inituris
1333 692 1456 721 salutem.
1497 692 1630 725 Quantum
1649 691 1691 729 (7)
1715 692 1779 721 boni
1810 692 1918 729 utrique

1110 740 1212 768 confert
1224 740 1230 767 !
1244 739 1357 767 alterum
1372 747 1424 767 non
1434 739 1585 767 adulterum
1600 738 1642 775 (8)
1656 739 1718 767 facit
1739 739 1787 776 (e),
1802 739 1917 768 alterum

1111 787 1246 815 emendat.
1260 786 1305 814 Sic
1313 790 1339 814 ct
1346 785 1397 813 illis
1407 785 1600 814 dominicarum
1610 786 1817 814 similitudinum
1825 794 1918 816 exem-

1112 833 1163 868 plis
1177 832 1211 861 de
1229 832 1354 868 patientia
1369 831 1470 859 sanctis
1487 830 1571 859 adest.
1593 831 1744 861 Erroneam
1765 839 1844 861 orem
1871 840 1918 868 pa-

1115 880 1204 908 tientia
1218 879 1332 914 pastoris
1352 878 1388 915 (f)
1408 878 1520 914 requirit
1532 879 1679 907 etinvenit.
1693 879 1759 907 Nam
1772 878 1917 915 impatien-

256 931 297 955 tur
307 948 314 961 ,
329 934 423 954 merces
434 912 502 953 enim
515 930 596 953 vestra
607 925 718 960 plurima
732 924 758 951 in
770 923 849 956 caelo;
864 922 889 951 id
903 923 994 958 utique
1007 928 1061 950 non
1076 912 1100 943 Β
1116 926 1150 954 tia
1162 912 1240 953 unam
1256 924 1334 952 facile
1348 912 1541 953 contemneret.
1558 924 1610 952 Sed
1626 925 1744 954 laborem
1761 912 1917 962 inquisitio-

257 973 430 1002 exuitationis
449 971 622 1007 lmpatientiae
637 970 792 1006 pollicetur,
809 970 870 1005 quia
884 975 964 997 nemo
976 968 1002 995 in
1015 968 1063 995 ad-

257 1008 342 1047 versis
357 1017 485 1046 exultavit
501 1016 540 1053 (2)
552 1037 560 1049 ,
575 1016 625 1044 nisi
636 1021 698 1043 ante
712 1023 744 1043 ea
756 1014 966 1050 contempserit;
982 1019 1062 1042 nemo

256 1068 428 1098 contemnet,
452 1064 503 1092 nisi
521 1063 673 1098 patientiam
688 1062 811 1097 gesserit.

561 1109 676 1138 CAPUT
706 1108 764 1136 XII.

292 1157 370 1192 Quod
381 1156 414 1185 ad
429 1156 500 1192 pacis
513 1156 671 1192 gratissima:
683 1156 738 1183 Deo
752 1155 846 1183 attinet
870 1153 1039 1190 disciplinam
1048 1174 1056 1183 .

258 1204 319 1240 quis
340 1203 451 1231 omnino
470 1196 643 1238 impatientia:
661 1205 740 1229 natus
764 1201 804 1229 rei
828 1200 911 1228 semel
938 1201 1059 1236 ignoscat

258 1251 298 1287 (5)
319 1250 394 1279 fratri
407 1255 457 1278 suo
486 1250 550 1286 (non
563 1250 650 1277 dicam
668 1249 783 1283 septies,
798 1248 845 1276 sed
854 1253 881 1276 et
893 1247 935 1283 (4)
949 1252 1059 1284 septua-

259 1298 317 1333 gies
330 1296 430 1333 septies
445 1296 455 1332 (
468 1294 575 1328 Matth,
585 1293 703 1330 XVIII)?
715 1294 774 1330 quis
786 1293 917 1329 judicium
941 1291 983 1330 (5)
996 1300 1059 1321 eum

258 1343 413 1372 adversario
442 1347 492 1370 suo
524 1341 652 1377 dirigens,
679 1340 689 1377 (
712 1340 788 1373 Lua,
817 1340 863 1372 Vi;
880 1339 987 1373 Matth,
1006 1339 1055 1375 V),

264 1382 400 1425 negotium
423 1388 610 1417 convenientia
634 1386 672 1424 (c)
699 1387 796 1420 solvet,
810 1386 861 1414 nisi
883 1386 959 1422 prius
973 1386 1055 1414 animi

258 1436 389 1468 dolorem,
398 1435 535 1468 duritiam,
547 1433 764 1465 amaritudinem,
780 1437 883 1461 venena
895 1432 996 1461 scilicet
1007 1432 1058 1460 lm-

259 1483 394 1519 patientire
404 1481 566 1517 amputarit?
576 1481 717 1515 Quomodo
728 1481 859 1514 remittes,
871 1483 899 1509 et
906 1480 1057 1509 remittetur

258 1530 317 1562 tibi,
329 1529 352 1557 si
364 1534 442 1557 tenax
458 1529 560 1564 injuria:
584 1535 632 1563 per
647 1527 794 1555 absentiam
810 1526 944 1561 patientia:
954 1525 1057 1554 fueris?

1115 971 1157 999 nis
1185 970 1311 1006 patientia
1330 969 1460 1005 suscipit,
1487 974 1514 998 ct
1533 970 1652 998 humeris
1670 971 1780 1006 insuper
1805 970 1918 1000 advehit

1112 1016 1221 1052 baiulus
1248 1016 1352 1051 patiens
1371 1016 1548 1051 peccatricem
1569 1015 1737 1045 derelictam.
1751 1016 1827 1045 illum
1849 1026 1917 1054 quo-

1115 1070 1168 1098 que
1191 1060 1329 1098 prodigum
1353 1061 1436 1088 filium
1458 1061 1582 1096 patientia
1605 1061 1687 1096 patris
1708 1066 1738 1090 et
1755 1063 1866 1098 recipit,
1888 1067 1916 1092 et

1115 1110 1209 1143 vestit,
1223 1114 1250 1137 et
1272 1109 1374 1143 pascit,
1391 1108 1497 1143 ctapud
1521 1109 1712 1144 impatientiam
1739 1110 1799 1139 irati
1825 1111 1915 1139 fratris

1110 1160 1230 1184 excusat.
1246 1154 1341 1183 Salvus
1365 1158 1406 1182 est
1427 1154 1508 1189 igitur
1521 1155 1565 1190 qui
1593 1155 1725 1189 perierat,
1740 1156 1802 1191 quia
1827 1156 1913 1190 paeni-

1112 1203 1220 1231 tentiam
1246 1201 1314 1229 iniit.
1336 1200 1494 1230 Ptenitentia
1509 1207 1561 1228 non
1575 1202 1644 1236 perit
1658 1200 1710 1237 (9).
1725 1202 1787 1237 quia
1810 1204 1914 1238 patien-

1112 1249 1175 1276 tiam
1190 1247 1301 1275 invenit.
1325 1246 1363 1284 (g)
1384 1246 1451 1274 Nam
1462 1247 1569 1274 dilectio
1586 1254 1720 1275 summum
1736 1248 1796 1276 fidei
1815 1256 1907 1277 sacra-

1112 1299 1248 1327 mentum,
1261 1292 1408 1322 Christiani
1423 1293 1538 1321 nominis
1551 1293 1709 1327 thesaurus,
1725 1301 1801 1329 quam
1818 1295 1909 1330 Apos-

1113 1340 1183 1369 tolus
1198 1340 1260 1368 totis
1274 1339 1377 1368 viribus
1394 1338 1486 1367 Sancti
1506 1338 1622 1373 Spiritus
1632 1339 1814 1373 commendat,
1829 1340 1909 1375 cujus

1109 1386 1160 1414 nisi
1174 1386 1309 1422 patientia:
1326 1384 1475 1421 disciplinis
1492 1384 1633 1413 eruditur?
1655 1385 1760 1413 Dilectio
1771 1408 1778 1420 ,
1804 1386 1910 1421 inquit,

1108 1433 1277 1469 magnanimis
1301 1432 1340 1470 (ἡ)
1366 1437 1411 1460 est.
1438 1431 1475 1459 lla
1501 1432 1655 1468 patientiam
1677 1432 1769 1460 sumit.
1795 1432 1913 1467 Beuifira

1108 1483 1162 1513 est;
1185 1480 1285 1508 malum
1317 1479 1443 1514 patientia
1475 1486 1526 1506 non
1540 1478 1613 1506 facit.
1638 1478 1698 1506 Non
1712 1481 1867 1512 temulatur;
1884 1480 1909 1507 id

1108 1527 1213 1562 quidem
1229 1525 1363 1561 patientia:
1378 1525 1513 1561 proprith
1529 1531 1579 1553 est.
1593 1525 1649 1553 Nee
1660 1531 1808 1561 protervum
1825 1528 1909 1561 sapit;

258 1576 343 1605 Nemo
365 1575 509 1604 convulsus
527 1574 646 1602 animum
671 1574 698 1602 in
721 1572 830 1602 fratrem
855 1579 934 1600 suum
958 1577 1056 1600 munus
1069 1568 1091 1600 C
1110 1573 1266 1601 modestiam
1282 1572 1315 1600 de
1325 1572 1456 1607 patientia
1469 1572 1557 1602 traxit.
1580 1572 1640 1603 Non
1653 1572 1774 1608 inﬂatur,
1791 1581 1841 1601 non
1855 1581 1912 1609 pto-

885 1637 1074 1671 LECTIONES
1092 1640 1296 1669 VARIANTES.

290 1720 298 1747 t
304 1720 312 1744 ι
338 1717 397 1743 Haec
409 1722 484 1742 Fran.
496 1715 565 1742 Paris
577 1717 623 1741 hoc
634 1720 691 1741 Jun.
705 1713 806 1741 mavult.

290 1718 327 1781 (2;
340 1749 464 1781 Exultabit
473 1753 548 1781 Han.
562 1748 641 1774 Paris.

290 1749 327 1780 (2)
340 1749 464 1774 Exultabit
473 1753 548 1780 nan.
562 1749 641 1774 Paris.

340 1780 455 1815 Ιςηοξείι.
462 1779 538 1805 1W"-

289 1812 604 1875 tantum...

1155 1710 1181 1744 6)
1192 1711 1253 1744 Haec
1265 1710 1410 1744 exhortatur
1422 1710 1506 1738 Puris.

1155 1742 1181 1774 7)
1194 1742 1325 1774 Salutem?
1336 1746 1452 1774 quantum
1462 1746 1510 1768 etc.
1520 1743 1579 1769 Jun.

1154 1773 1180 1801 8)
1192 1773 1336 1799 Adulterum
1346 1773 1398 1798 non
1408 1779 1482 1799 Han.
1494 1774 1575 1801 Puris.
1588 1780 1644 1801 Jun.

1154 1776 1169 1798 tt
1192 1776 1336 1799 Adulterum
1349 1780 1398 1798 non
1408 1779 1482 1799 Han.
1494 1776 1566 1801 Puris

1143 1776 1180 1838 ἓξὲξ
1193 1806 1337 1831 Ptnuitentia
1346 1811 1394 1830 non
1414 1807 1496 1837 periit.
1508 1810 1566 1832 Jun.

952 1900 1232 1932 COMMENTARIUS.

296 1963 335 2000 (a)
345 1964 396 1991 Aut
410 1961 625 2000 admonitionibus
636 1960 739 2000 Domini
751 1958 894 2000 intervenit.
907 1960 1055 2000 interveni-

261 1994 470 2028 muslcrroribus
483 1997 582 2025 nostris
594 2001 639 2024 aut
655 1997 716 2024 mali
733 1994 846 2030 insidiis,
861 2004 921 2024 cum
936 2005 985 2024 nos
1001 1997 1055 2024 illis

260 2036 430 2071 opponimus,
439 2041 491 2062 non
500 2032 701 2071 consentiendo,
712 2032 759 2071 _seti
766 2031 896 2071 evitandq
904 2033 1000 2071 potius.
1010 2032 1055 2071 Sic

260 2065 324 2099 oiiht
351 2071 472 2099 tribunus
494 2068 735 2096 senatusconsultis
752 2065 943 2096 intercedebat.
962 2068 1056 2095 Atad-

260 2106 453 2134 moultiOnlhus
466 2105 572 2133 Domini
584 2104 786 2136 intervenimus,
796 2109 857 2131 cum
870 2103 922 2132 illis
935 2103 1056 2139 obsequi-

261 2150 331 2169 Inur.
349 2142 437 2169 RHEN.

295 2176 449 2214 (b)Talibus
459 2176 591 2214 aduocatio
607 2180 630 2202 et
644 2176 710 2214 risus
724 2175 888 2214 promittitur.
899 2174 1046 2214 Advocatio

259 2197 449 2249 πελᾍὶηῖὶἶῗ
459 2197 630 2249 ἲᾘπῖἔοίρῖθὸἷ
644 2197 709 2249 "si."
724 2197 1059 2249 νιὶἆὲἕᾶ”ἱέἆιξᾷἐᾶὶὶὸῆῖῖ,”ἶά

258 2246 309 2281 est,
324 2247 527 2283 consolationis.
548 2246 679 2283 Advocare
695 2247 860 2283 languentes,
869 2247 895 2274 id
908 2251 948 2274 est
962 2254 1058 2275 conso-

258 2284 306 2311 lari
322 2289 493 2319 :cgrotantes.
511 2282 655 2310 Advocator
669 2280 822 2318 pauperum,
837 2280 862 2310 id
875 2288 916 2310 εει
934 2284 1057 2311 Consola-

257 2325 308 2347 tor.
327 2320 386 2348 itte.

292 2354 369 2383 CAP.
386 2355 444 2383 XII.
457 2369 492 2375 --
504 2354 543 2391 (ε)
556 2353 695 2391 Negotium
710 2354 882 2391 convenientia
900 2354 988 2382 solvet.
999 2354 1055 2382 lloc

256 2396 309 2423 est.
333 2389 521 2423 conventione,
537 2394 614 2425 pacto
627 2389 770 2418 amioubili.
788 2389 847 2417 Rm.

292 2426 331 2462 (ti)
350 2426 412 2454 Ηωο
427 2430 540 2460 exoptat.
554 2426 608 2453 haec
622 2428 720 2453 exorat.
744 2425 877 2462 Patientia
893 2433 946 2453 non
966 2426 1054 2454 solum

254 2461 394 2497 exspectat.
403 2467 483 2497 atque
496 2466 616 2496 exoptat,
634 2468 728 2488 Verum
737 2461 816 2489 etiam
826 2465 973 2497 extorquet
994 2469 1038 2497 pa:
1047 2477 1053 2483 -

255 2496 406 2530 nitentiam,
431 2496 482 2524 hoc
500 2502 542 2525 est
552 2496 781 2532 cogitieos‘quos
810 2496 849 2524 sic
867 2497 1053 2531 arquanimiter

254 2533 360 2566 tolerat,
376 2533 411 2561 ad
426 2531 610 2567 ptenitentiain
624 2531 782 2568 faciendam.
800 2537 828 2568 ut
848 2532 992 2568 aliquando
1006 2541 1051 2561 sa-

253 2569 336 2597 lutem
349 2569 416 2597 inire
428 2566 543 2604 possint,
556 2568 590 2596 Et
602 2568 662 2604 quia
675 2566 759 2604 addit,
775 2566 952 2604 solitwrlupxis
963 2569 1050 2596 subve-

253 2605 317 2638 nire,
341 2605 414 2640 loqui
430 2602 828 2640 ‘vitieturdechristianistseu
845 2602 910 2640 viris
931 2611 980 2632 seu
1000 2604 1049 2640 ἴω-

254 2639 344 2680 minis,
358 2637 402 2680 qui
416 2647 446 2668 se
458 2638 573 2680 ethnicis
588 2639 615 2666 in
624 2637 801 2680 matrimonio
811 2638 986 2680 coniungunt.
1000 2638 1049 2680 iiic

251 2676 394 2710 aliquando
419 2675 600 2711 contingebat,
630 2679 660 2702 ut
683 2681 754 2702 uxor
778 2674 925 2711 christiana
950 2676 1049 2704 marito

251 2711 358 2739 etlmico
374 2711 480 2739 tandem
494 2710 685 2739 continentiam
699 2710 883 2745 persuaderet,
896 2719 974 2745 qualn
989 2719 1047 2739 am-

250 2746 344 2780 plexus
359 2747 402 2775 ille
412 2746 547 2778 servabat;
559 2748 653 2773 mulier
668 2754 732 2773 vero
745 2746 1043 2782 ptenitentiamagebat,

247 2787 328 2817 atque
341 2784 414 2818 prius
438 2782 535 2810 factum
561 2783 685 2816 expiabat
699 2780 769 2817 apud
785 2780 943 2818 Ecclesium,
957 2780 1045 2817 ’juxta

248 2819 328 2846 ritum
340 2817 398 2853 ejus
414 2818 555 2853 temporis;
580 2823 659 2852 atque
674 2817 723 2844 hoc
747 2822 789 2845 est
807 2817 881 2853 quod
909 2818 1041 2853 sequitur.

248 2852 379 2885 Quantum
393 2854 450 2880 barri
465 2854 563 2888 utrique
577 2854 690 2887 confert!
706 2853 814 2880 alterunt
828 2852 972 2880 adulterum
990 2862 1042 2881 non

246 2888 319 2924 (acii,
338 2889 445 2914 alterum
466 2890 590 2915 emendat.
617 2889 757 2915 Cunscntit
776 2888 848 2924 quod
873 2888 942 2916 infra
965 2890 1040 2923 dicit,

245 2922 434 2950 i’muitentiam
452 2927 570 2959 exoptat,
587 2922 793 2960 exomologesin
815 2922 1037 2959 assignauliusu.

1144 1961 1181 1999 (e)
1208 1961 1321 1990 Alterum
1350 1961 1494 1999 adulterum
1517 1971 1568 1990 non
1588 1964 1660 1999 facit.
1681 1962 1725 1992 Sic
1751 1964 1910 1999 Bhenanus.

1107 1997 1225 2025 editione
1240 2003 1390 2032 postrema;
1407 1998 1447 2025 sic
1460 1997 1608 2032 Patnelius;
1625 1999 1663 2027 sic
1680 1999 1735 2027 alii.
1750 2001 1782 2027 At
1798 2001 1824 2028 in
1840 1997 1912 2028 until

1106 2033 1242 2070 (piissimis
1268 2033 1467 2070 exemplaribus
1489 2034 1595 2070 legitur,
1620 2035 1728 2062 alterunt
1749 2036 1784 2063 ad
1797 2036 1913 2064 alterum

1106 2077 1158 2107 non
1171 2069 1247 2107 rapit;
1261 2068 1335 2107 quod
1347 2069 1381 2096 ab
1394 2069 1463 2107 ipso
1474 2068 1534 2097 esse
1558 2070 1713 2107 Tertulliani
1737 2071 1808 2107 stylo
1829 2071 1912 2100 facile

1108 2104 1265 2131 adducimur
1273 2104 1395 2141 credere.
1411 2105 1557 2141 Disjuncto,
1572 2105 1708 2141 inquitfex
1721 2104 1816 2134 caussa
1828 2108 1910 2135 adul-

1113 2140 1172 2178 terii
1188 2139 1368 2178 matrimonio,
1380 2139 1516 2178 patientia
1542 2139 1693 2178 intercedit,
1715 2150 1748 2170 ac
1761 2143 1910 2178 plurimum

1112 2175 1173 2204 boni
1193 2175 1299 2210 utrique
1324 2176 1429 2203 confert
1448 2176 1581 2205 :aiterum
1605 2185 1658 2204 non
1681 2175 1834 2211 faciu'hoe
1854 2185 1906 2211 est,

1110 2211 1262 2248 conjugem,
1278 2211 1543 2248 repudiataiconjuge
1558 2212 1687 2244 adultera,
1706 2221 1758 2241 non
1772 2213 1855 2242 mittit
1873 2215 1913 2242 adv

1109 2247 1222 2275 alterum
1236 2247 1399 2282 coniugium.
1416 2247 1461 2275 Sic
1475 2247 1520 2276 est
1540 2249 1667 2276 onmino:
1685 2249 1743 2277 Non
1757 2248 1829 2281 facit,
1852 2258 1909 2277 non

1111 2283 1203 2314 mittit,
1218 2281 1383 2310 vadcrcinun
1398 2281 1472 2309 sinit.
1489 2281 1522 2312 Ut
1537 2284 1605 2312 libro
1620 2284 1653 2312 de
1668 2283 1752 2312 Pallio
1765 2294 1771 2312 :
1788 2284 1852 2317 Qut:
1873 2285 1912 2313 ad

1108 2318 1182 2355 illum
1194 2326 1228 2355 es:
1240 2317 1322 2355 Lybin
1336 2319 1443 2355 Ammon
1457 2319 1528 2355 facit,
1544 2319 1595 2347 hoc
1606 2325 1658 2351 est.
1673 2320 1756 2348 venit.
1770 2320 1832 2349 Ηις.

1143 2353 1180 2393 (f)_
1189 2353 1318 2393 Patientia
1340 2353 1462 2393 pastoris.
1474 2353 1503 2382 Id
1515 2360 1557 2383 est
1571 2355 1679 2393 Christi.
1695 2357 1739 2393 qui
1755 2361 1847 2393 pastor
1859 2364 1909 2393 pa-

1107 2389 1291 2422 tientissimus,
1306 2388 1390 2427 Ignat.
1407 2388 1484 2417 Mart.
1499 2398 1542 2424 ep.
1558 2391 1590 2418 ad
1615 2388 1781 2427 Pitiiatielith.
1793 2388 1909 2427 ποιμένος

1107 2428 1255 2462 πρᾳοτέχου,
1267 2424 1689 2462 pastorismansuetissimi..Greg.
1705 2424 1769 2455 Naz.
1791 2424 1861 2455 orat.
1878 2428 1906 2456 Ι.

1107 2459 1176 2496 inter
1191 2459 1289 2488 Citriin
1313 2459 1676 2496 elogiatqtiamhnclmbct.‘
1692 2461 1736 2490 Sic
1749 2466 1802 2490 eia
1823 2463 1908 2492 Petro

1107 2469 1176 2488 Inter
1191 2469 1289 2488 ωηιξη
1313 2469 1355 2488 eto
1375 2469 1410 2492 ta.
1424 2469 1505 2495 quam
1519 2469 1668 2495 noctu-net.
1692 2469 1736 2490 Sic
1749 2469 1802 2490 eta
1823 2469 1907 2492 Petro

1104 2495 1234 2534 (_Ihrysol._
1248 2504 1336 2534 _serm.
1386 2493 1508 2534 Christus
1520 2496 1618 2534 dicitur
1640 2503 1727 2532 pauor
1748 2498 1907 2534 initer-icon.»

1105 2531 1299 2567 datqueeidem
1314 2531 1466 2565 pastoralem
1479 2531 1676 2567 disciplinantet
1690 2533 1827 2561 (unitatem.
1833 2531 1903 2563 Lac.

1139 2566 1180 2603 (li)
1197 2566 1304 2603 Dilectio
1318 2575 1444 2595 summum
1469 2568 1530 2603 ﬁdei
1545 2566 1750 2597 sacramentum.
1770 2569 1842 2603 Qui
1861 2569 1905 2598 vel

1102 2602 1159 2631 sola
1172 2602 1281 2631 exhibet
1293 2603 1319 2630 in
1331 2611 1361 2631 se
1366 2605 1494 2635 συλλήϐδην
1504 2612 1598 2636 omnes
1607 2605 1721 2633 virtutes
1729 2602 1910 2669 cbristilahnas.

1855 2648 1886 2669 α.

1855 2648 1886 2670 α.

1137 2673 1176 2710 (li)
1194 2673 1312 2708 Dilectio,
1329 2674 1419 2710 inquit,
1436 2676 1603 2709 magnanimis
1628 2681 1673 2704 est.
1689 2676 1828 2704 Paulinum
1840 2684 1904 2705 ver-

1095 2710 1174 2747 bum,
1189 2713 1346 2747 μικρρθνμιῖ,
1367 2710 1454 2747 rvertit
1466 2710 1656 2744 Tertullianus,
1673 2711 1842 2747 magnanimis
1851 2716 1904 2745 est;

1101 2731 1174 2781 3332i
1189 2731 1346 2773 tantum
1366 2731 1457 2774 ιξιῖέιῖἒέ
1471 2731 1909 2781 ῖιῖἑίῖἴὲἱὶζ’ἓὲἐῖ’;”ἓὲἕ”ἒὲἶο’“ιὶὶιι“ἑ

1097 2780 1169 2820 inqui
1187 2783 1266 2820 solet.
1275 2781 1429 2820 gyprianus
1441 2783 1581 2820 :cmulator
1593 2780 1762 2816 Tertulliani,
1777 2782 1909 2820 κάθῃ-Ε

1096 2818 1211 2852 purioris
1234 2826 1241 2845 :
1269 2817 1381 2851 Caritas,
1413 2818 1512 2853 inquit,
1543 2819 1708 2853 magnanima
1734 2824 1794 2847 .est.
1823 2817 1923 2850 idem.-

1093 2857 1260 2888 μικροθυμίαν
1283 2854 1518 2889 magnanimitatem
1532 2854 1650 2883 reddidit
1662 2855 1690 2883 in
1703 2855 1773 2883 libro
1784 2853 1820 2885 d0

1093 2887 1231 2954 71:05am.
1247 2889 1313 2918 Aliis
1325 2887 1416 2927 placet
1431 2891 1514 2926 magis
1530 2890 1683 2934 longanintis
1695 2895 1723 2919 et
1736 2887 1911 2929 longaniml-t

1107 2935 1121 2953 α
1140 2945 1145 2952 .
1198 2934 1261 2954 usu.

1096 2930 1145 2953 tas.
1170 2930 1191 2954 ιε
1198 2934 1261 2955 ΗΕΝ.
1567 2931 1569 2934 ’
