4184 6258
394 379 531 439 1269

1673 377 1877 436 LIBER
1908 373 1996 437 DE
2021 373 2411 441 PATIENTIA.

3563 377 3701 450 I270

393 495 505 549 terit
537 493 618 566 (l)
657 491 738 568 (α)
764 511 778 559 ;
830 499 937 550 non
977 493 1120 550 enim
1149 493 1214 550 ad
1246 493 1556 564 patientiam
1601 493 1851 564 pertinet.
1882 494 1994 550 Nec
2021 497 2070 558 Α
2101 511 2220 552 nem
2248 498 2313 553 ad
2342 511 2503 570 regna
2529 500 2650 556 coeli
2681 491 2836 555 levat.
2862 499 3011 567 Quod
3037 499 3104 556 de
3124 500 3321 558 virtute
3341 503 3504 559 animi
3527 504 3704 573 venit,

369 601 482 640 sua
507 587 745 658 requirit,
773 587 820 641 si
853 586 1012 643 oﬂ‘ert
1043 601 1138 641 sua
1183 584 1287 658 (2),
1321 585 1447 641 dum
1475 586 1626 642 alteri
1660 586 1828 657 prosit
1856 605 1868 640 :
1905 593 1994 642 nec

367 677 670 746 incitatur;
698 685 950 735 extorum
979 677 1062 751 (5)
1081 678 1207 749 quid
1255 677 1603 748 impatientia:
1646 678 1994 749 reliquisset?

390 771 550 840 Ideo,
583 773 784 843 inquit,
817 773 1022 827 dilectio
1069 772 1243 826 omnia
1281 771 1526 839 sustinet,
1557 773 1728 826 omnia
1779 773 1991 841 tolerat,

391 867 576 937 utique
615 867 737 936 quia
779 865 1006 935 patiens.
1031 864 1221 920 Merito
1247 877 1377 934 ergo
1424 878 1694 934 nunquam
1744 863 1992 930 excidet;

391 969 514 1014 nam
570 967 767 1015 caetera
811 958 1244 1024 evacuabuntur,
1303 955 1836 1011 consummabuntur.
1891 955 1998 1009 Ex-

390 1051 712 1108 Itauriuntur
760 1049 846 1123 (4)
902 1051 1132 1120 Ιίῒιειιω,
1163 1050 1438 1115 scientiae,
1495 1047 1830 1119 prophetia);
1880 1064 1997 1118 per-

390 1155 594 1202 manent
617 1146 764 1215 ﬁdes,
790 1161 925 1216 epes,
947 1145 1148 1200 dilectio
1167 1162 1187 1199 :
1204 1143 1361 1211 fides,
1384 1157 1544 1215 quam
1564 1140 1760 1198 Christi
1789 1143 1997 1213 patien-

391 1239 463 1294 tia
491 1237 702 1294 induxit
727 1255 741 1292 :
769 1249 918 1308 spes,
941 1252 1102 1308 quam
1143 1236 1376 1292 hominis
1398 1237 1652 1306 patientia
1682 1237 1992 1306 exspectat;

391 1330 633 1398 dilectio,
695 1343 879 1400 quam,
928 1329 1040 1386 Deo
1079 1329 1357 1401 magistro,
1394 1327 1647 1401 patientia
1687 1327 1994 1384 comitatur.

995 1513 1224 1572 CAPUT
1263 1513 1400 1573 XIII.

467 1608 653 1682 Usque
692 1608 808 1666 huc
859 1607 929 1665 de
975 1609 1234 1681 patientia
1305 1605 1521 1663 tandem
1577 1605 1658 1679 (5)
1691 1605 1920 1678 simplici
1944 1613 2000 1661 et

391 1703 676 1771 uniformi,
731 1714 787 1760 et
852 1711 1057 1758 tantum
1111 1704 1162 1756 in
1230 1702 1408 1756 animo
1461 1700 1796 1766 constituta;
1872 1715 1994 1755 eum

388 1795 576 1852 eadem
616 1795 702 1867 (6)
759 1795 919 1850 etiam
971 1795 1022 1849 in
1069 1808 1332 1863 corpore,
1385 1792 1713 1848 demerendo
1769 1793 1996 1848 Domino

2098 590 2151 644 in
2185 603 2348 645 carne
2371 592 2662 660 perficitur,
2686 593 2864 646 carnis
2885 593 3138 662 patientia
3162 593 3214 648 in
3244 596 3708 664 persecutionibus

2099 683 2332 754 denique
2361 684 2652 754 praeliatur.
2683 685 2739 740 Si
2792 685 2916 756 f'uga
2955 696 3172 757 urgeat,
3203 687 3461 744 adversus
3495 690 3740 745 incom-.

2099 774 2255 829 moda
2281 774 2416 848 fugae
2439 791 2566 832 caro
2593 776 2805 833 militat.
2839 775 2896 834 Si
2918 787 2970 834 et
2993 792 3178 834 carcer
3194 788 3396 849 premat
3421 779 3560 853 (ll),
3582 796 3713 838 caro

2101 865 2152 920 in
2180 866 2432 931 vinculis,
2460 882 2585 922 caro
2613 869 2666 922 in
2693 869 2837 940 ligno
2877 867 2979 941 (ἀ),
3007 885 3133 925 caro
3160 871 3210 924 in
3253 871 3370 925 solo
3403 869 3498 944 (e),
3528 881 3584 927 et
3648 875 3708 930 in

2097 957 2188 1012 illa
2213 967 2526 1029 paupertate
2549 960 2774 1028 lucis,et
2811 959 2886 1034 (f)
2911 963 2964 1017 in
2987 962 3075 1016 illa
3108 963 3326 1032 penuria
3347 961 3465 1036 (l2)
3491 965 3701 1022 mundi.

2099 1047 2230 1106 Cum
2275 1066 2405 1107 vero
2467 1053 2781 1124 producitur
2831 1054 2898 1110 ad
2959 1057 3384 1126 experimentum
3415 1058 3706 1130 felicitatis,

2066 1167 2073 1170 ν·
2099 1143 2168 1198 ad
2198 1146 2535 1201 occasionem
2585 1147 2836 1203 secundae
2891 1146 3222 1204 intinctionis
3266 1149 3368 1222 (g),
3415 1149 3482 1205 ad
3532 1152 3710 1222 ipsum

2099 1236 2294 1294 divina:
2320 1237 2464 1295 sedis
2490 1240 2808 1306 ascensum,
2838 1241 2980 1297 nulla
3022 1241 3144 1313 plus
3172 1242 3280 1298 illic
3314 1259 3470 1315 quam
3505 1247 3714 1315 patien-

2101 1330 2174 1384 tia
2201 1331 2442 1403 corporis
2469 1350 2480 1386 :
2516 1331 2571 1388 Si
2603 1334 2814 1403 spiritus
2854 1345 3149 1404 promptus,
3177 1335 3271 1389 sed
3297 1353 3416 1390 caro
3454 1337 3570 1393 sine
3615 1353 3709 1409 pa~

2102 1423 2284 1479 tientia
2310 1425 2519 1494 inﬁrma
2547 1424 2787 1496 (Matt/1.,
2822 1423 3057 1499 XXVI),
3099 1426 3186 1482 ubi
3219 1429 3364 1483 salus
3393 1431 3611 1500 Spiritus
3652 1441 3709 1487 et

2101 1516 2277 1571 carnis
2306 1517 2492 1586 ipsius.
2521 1519 2588 1572 At
2638 1523 2799 1590 quum
2827 1519 2928 1574 hoc
2960 1519 3219 1575 Dominus
3245 1520 3310 1575 de
3341 1536 3503 1578 carne
3533 1523 3702 1593 dicit,

2101 1605 2368 1662 infirmam
2411 1609 2798 1678 pronuntians,
2842 1609 2968 1677 quid
3017 1609 3064 1666 ei
3113 1611 3389 1668 firmanda:
3427 1629 3562 1683 opus
3606 1615 3700 1680 sit,

2101 1699 2367 1764 ostendit,
2399 1701 2650 1770 patientia
2679 1702 2884 1757 scilicet
2914 1701 3172 1758 adversus
3219 1715 3434 1759 omnem
3477 1706 3705 1761 subver-

2104 1792 2275 1847 tenda:
2303 1792 2427 1849 fidei
2449 1793 2532 1849 vel
2561 1795 2841 1865 punienda:
2869 1794 2953 1867 (ἡ)
2983 1806 3288 1865 paraturam
3315 1797 3456 1869 (15),
3491 1804 3548 1853 ιιι
3576 1813 3706 1855 ver-

295 1882 298 1886 ’
389 1889 753 1958 multipliciter
784 1887 1084 1952 allaboret,
1129 1895 1312 1956 utpote
1336 1899 1456 1958 quae
1508 1886 1576 1940 ab
1612 1885 1728 1956 ipso
1767 1885 1996 1942 Domino
2025 1893 2073 1953 B
2101 1884 2249 1949 hera,
2276 1895 2332 1939 ut
2381 1887 2581 1956 ignem,
2631 1897 2690 1942 ut
2737 1902 2986 1953 crucem,
3017 1889 3248 1955 bestias,
3282 1891 3517 1961 gladium
3571 1908 3708 1948 con-

386 1979 439 2036 in
467 1983 710 2052 corporis
751 1995 965 2052 quoque
987 1982 1182 2035 virtute
1206 1979 1349 2035 edita
1372 1989 1482 2044 est,
1508 1978 1772 2049 siquidem
1818 1989 1995 2036 rector

276 2101 282 2106 -
387 2075 600 2129 animus
656 2073 812 2130 facile
839 2072 1200 2129 communicat
1227 2072 1446 2143 spiritus
1490 2073 1697 2126 invecta
1747 2069 1830 2144 (7)
1873 2085 1994 2127 cum

386 2166 696 2222 habitaculo
746 2181 867 2221 suo.
917 2166 1053 2233 Quae
1095 2166 1258 2236 igitur
1308 2163 1600 2235 negotiatio
1620 2164 1894 2233 patientiae
1940 2163 1994 2218 in

383 2259 656 2332 corpore?
690 2258 744 2314 In
773 2258 965 2330 primis
998 2258 1274 2314 afflictatlo
1315 2258 1521 2323 carnis,
1556 2256 1727 2312 hostia
1770 2257 1995 2313 Domino

382 2351 677 2423 placatoria
708 2368 806 2424 per
832 2351 1227 2407 humiliationis
1255 2351 1582 2407 sacrificium
1600 2392 1614 2416 ,
1640 2366 1761 2406 cum
1806 2353 1996 2407 sordes

378 2459 501 2500 cum
532 2446 772 2517 angustia
801 2443 885 2519 (8)
925 2445 1098 2502 victus
1126 2445 1368 2502 Domino
1399 2445 1554 2512 libat,
1585 2453 1835 2500 contenta
1865 2445 1995 2500 sim-

379 2539 503 2609 plici
553 2539 746 2611 pabulo
773 2553 1016 2610 puroque
1045 2552 1202 2609 aqua:
1223 2546 1350 2609 potu
1371 2579 1386 2605 ,
1444 2543 1570 2594 cum
1615 2537 1817 2609 jejunia
1859 2551 1992 2593 con-

372 2631 563 2702 jungit,
592 2647 711 2686 cum
733 2631 901 2687 cineri
929 2641 982 2687 et
1008 2645 1169 2687 sacco
1199 2630 1450 2686 inolescit
1467 2630 1568 2704 (ὁ).
1588 2629 1714 2686 Ηωο
1735 2627 1991 2701 patientia

375 2723 620 2792 corporis
648 2725 989 2793 precationes
1015 2722 1376 2788 commendat,
1401 2721 1808 2792 deprecationes
1834 2721 1981 2778 affir-

377 2825 488 2869 mat
516 2834 527 2869 :
555 2816 672 2870 haec
705 2831 866 2872 aures
894 2816 1090 2870 Christi
1132 2815 1213 2888 (9)
1257 2816 1349 2870 Dei
1377 2815 1552 2885 aperit
1594 2813 1692 2887 (c),
1729 2817 1990 2870 severita-

378 2914 487 2961 tem
536 2907 823 2979 dispergit,
853 2907 1191 2962 cletnentiam
1223 2906 1368 2962 elicit
1408 2905 1602 2978 (Dom,
1631 2905 1742 2978 IV).
1783 2907 1872 2963 Sic
1905 2907 1994 2963 ille

376 3013 468 3052 rex
502 2997 861 3071 Babylonius,
906 2997 1117 3054 offenso
1171 2997 1432 3064 Domino,
1478 3012 1598 3052 cum
1653 2997 1900 3068 squalore
1939 3007 1994 3052 et

375 3090 594 3161 paedore
645 3091 893 3161 septenni
941 3091 1010 3145 ab
1060 3091 1295 3146 humana
1347 3091 1520 3146 forma
1570 3092 1857 3158 cxulasset,
1891 3093 1994 3148 im-

374 3185 577 3239 molata
617 3185 868 3255 patientia
900 3185 1144 3258 corporis
1173 3184 1276 3251 sui,
1308 3195 1360 3239 et
1388 3199 1608 3256 regnum
1637 3186 1990 3256 recuperavit,

2099 1976 2430 2032 stantissime
2496 1978 2721 2046 toleret,
2781 1993 2900 2049 qua:
2953 1979 3416 2052 Pr0phette,qu:e
3466 1984 3708 2052 Aposto'li

2098 2066 2411 2122 sustinendo
2442 2068 2702 2124 vicerunt.

2694 2154 2778 2217 CA
2790 2155 2922 2218 PU'I'
2960 2160 3078 2219 XIV

2172 2254 2264 2310 His
2286 2255 2559 2326 patientia:
2591 2256 2792 2311 viribus
2820 2264 3036 2311 secatur
3064 2256 3250 2323 Isaias,
3277 2263 3333 2313 et
3360 2256 3429 2314 de
3459 2258 3690 2316 Domino

2099 2363 2205 2405 non
2229 2359 2386 2406 tacet.
2419 2350 2710 2420 Lapidatur
2756 2351 3083 2422 Stephanus,
3113 2360 3169 2408 et
3198 2353 3407 2410 veniam
3443 2353 3700 2412 hostibus

2098 2442 2213 2499 suis
2240 2441 2477 2513 postulat
2505 2442 2643 2516 (Act.
2675 2439 2805 2513 VII).
2839 2445 2883 2499 Ο
2909 2443 3275 2500 felicissimum
3300 2446 3444 2501 illum
3463 2447 3706 2518 quoque,

2103 2536 2192 2606 qui
2233 2549 2452 2591 omnem
2478 2535 2750 2606 patientia:
2780 2535 3020 2606 speciem
3058 2535 3317 2592 adversus
3342 2553 3555 2594 omnem
3583 2539 3706 2594 dia-

2098 2629 2204 2684 boli
2238 2630 2344 2684 vim
2371 2630 2650 2700 expunxit,
2680 2635 2842 2700 quum
2870 2643 2979 2684 non
3005 2629 3176 2684 abacti
3203 2645 3413 2700 greges,
3448 2645 3552 2686 non
3594 2631 3707 2690 illa

2052 2787 2058 2794 .
2100 2721 2151 2775 id
2173 2731 2367 2792 pecore
2383 2721 2606 2786 divltim,
2640 2731 2745 2774 non
2779 2719 2870 2773 lilii
2893 2735 3001 2774 uno
3024 2720 3191 2775 ruina:
3209 2721 3409 2792 impetu
3431 2721 3696 2794 adempti,

2098 2827 2203 2866 non
2237 2813 2404 2880 ipsius
2429 2811 2662 2881 denique
2687 2811 2930 2880 corporis
2958 2815 3010 2864 in
3033 2811 3211 2866 ulcere
3230 2812 3346 2882 (14)
3365 2814 3634 2870 cruciatus
3661 2831 3699 2872 tt

2098 2903 2348 2974 patientia
2380 2910 2434 2956 et
2460 2901 2563 2957 fide
2612 2902 2836 2958 Domino
2857 2902 3036 2959 debita
3068 2903 3186 2974 (l5)
3212 2905 3459 2972 exclusit,
3530 2923 3698 2977 quem

2097 2993 2344 3048 diabolus
2375 2993 2498 3048 totis
2520 2993 2722 3049 viribus
2750 2993 2942 3050 frustra
2971 2995 3181 3051 caecidit
3201 2994 3358 3066 (Job,
3384 2998 3399 3052 Ι
3424 2997 3478 3070 )!
3513 2999 3698 3070 Neque

2097 3088 2238 3142 enim
2265 3103 2294 3141 a
2323 3097 2571 3157 respectu
2618 3087 2710 3143 D'ei
2743 3096 2820 3142 tot
2864 3087 3141 3144 doloribus
3187 3095 3441 3145 avocatus
3467 3093 3555 3148 ille
3577 3101 3696 3160 est;

2099 3180 2190 3236 sed
2211 3181 2447 3235 constitit
2498 3181 2651 3234 nobis
2674 3181 2724 3234 in
2752 3179 3058 3251 exemplum
3089 3193 3140 3236 et
3169 3183 3556 3250 testimonium,
3585 3191 3692 3240 tam

374 3284 428 3330 et
457 3276 598 3345 quod
625 3277 910 3346 Optabilius
937 3277 1138 3332 homini
1175 3286 1288 3344 est,
1317 3277 1448 3332 satis
1496 3277 1606 3332 Deo
1663 3276 1806 3333 fecit.
1836 3277 1987 3345 Iam,
2017 3285 2062 3348 ρ
2098 3272 2285 3342 spiritu
2349 3287 2504 3342 quam
2563 3287 2745 3338 carne,
2783 3281 2886 3325 tam
2916 3272 3096 3327 animo
3122 3289 3278 3342 quam
3326 3288 3557 3344 corpore
3597 3289 3693 3344 pa-

370 3370 416 3422 si
468 3370 686 3424 altiores
728 3379 783 3426 et
833 3370 1104 3426 feliciores
1151 3369 1350 3440 gradus
1389 3369 1683 3441 corporalis
1715 3371 1984 3439 patientiae

374 3461 700 3532 digeramus,
733 3462 922 3519 eadem
971 3463 1238 3518 sanetitati
1281 3477 1494 3533 quoque
1549 3471 1802 3532 procurat
1850 3477 1984 3518 con-

373 3555 648 3612 tinentiam
687 3553 805 3626 (10)
843 3556 1022 3613 carnis
1061 3555 1301 3629 (Matt/1.,
1330 3554 1500 3626 XIX).
1535 3555 1658 3611 Haec
1677 3564 1732 3610 et
1771 3549 1985 3611 viduam

371 3657 549 3717 tenet,
584 3658 638 3705 ct
679 3649 938 3722 virginem
982 3651 1251 3724 assignat,
1283 3658 1339 3706 et
1389 3649 1746 3706 voluntarium
1793 3650 1988 3721 spado-

2091 3367 2292 3420 tientiae
2322 3363 2693 3436 perpetranda:
2727 3364 2880 3435 (l6);
2911 3373 2968 3419 ut
3000 3379 3172 3435 neque
3216 3363 3428 3420 damnis
3473 3366 3698 3421 secula-

2091 3460 2251 3524 rium,
2300 3472 2400 3512 nec
2429 3456 2809 3510 amissionibus
2839 3456 3242 3511 carissimorum
3267 3497 3282 3522 ,
3318 3471 3418 3511 nec
3443 3457 3687 3525 corporis

2090 3549 2303 3622 quidem
2331 3546 3186 3616 conflictationibussuecidamus
3209 3548 3297 3618 (i).
3321 3547 3487 3616 Quale
3509 3548 3560 3601 in
3590 3536 3695 3602 illo

2091 3650 2208 3706 viro
2239 3643 2493 3700 feretrum
2521 3639 2590 3712 (j)
2624 3640 2763 3696 Deus
2793 3640 2908 3712 (I7)
2932 3639 3146 3697 diabolo
3165 3637 3682 3712 exstruxitUoth)!

1591 3770 1976 3832 LECTIONES
2013 3765 2321 3832 VARIAN'I‘
2330 3763 2431 3820 ES.

461 3863 503 3916 ll
532 3861 781 3913 Protervit
807 3871 951 3914 Fran.
979 3859 1147 3916 Paris.

456 3924 507 3977 2)
532 3925 633 3976 Sed
654 3924 800 3976 otI‘ert
822 3927 977 3977 Latin.

457 3987 510 4051 5)
531 3987 845 4051 Qteteroquin
861 3987 1016 4039 Latin.

458 4049 504 4102 ll
534 4049 898 4102 Exhauri’entur
922 4060 1037 4102 Jun.

432 4111 506 4176 (ὅ)
529 4112 737 4176 'I‘autum
750 4121 864 4164 Jun.

431 4171 506 4296 iii
535 4174 1149 4289 {fastidita-atm-

453 4237 506 4289 7)
535 4237 718 4289 Invicta
749 4249 929 4289 Wouw.
957 4237 1051 4289 MS:

427 4300 497 4362 (8)
521 4300 678 4359 Quum
703 4301 975 4362 angustiam
1006 4309 1186 4350 W’ouw.
1208 4305 1302 4349 Ms.

431 4361 505 4424 (Si)
530 4362 709 4412 Christi
735 4361 789 4412 et
809 4361 1032 4411 DeiJun.

2175 3864 2250 3925 l0)
2285 3858 2594 3925 Continentia
2619 3859 2728 3908 Pet.
2755 3853 2888 3908 Ciac.

2175 3923 2250 3986 11)
2276 3923 2557 3986 Ρτίεγθιῄειι
2582 3929 2734 3986 Fratt.
2817 3957 2824 3962 .

2173 3982 2248 4048 12)
2270 3985 2515 4036 Patientia
2535 3982 2688 4048 Biton.

2173 4044 2246 4102 15)
2280 4049 2506 4098 Paratum
2533 4044 2700 4096 Paris.

2168 4105 2246 4174 14)
2273 4105 2647 4174 vulnereﬁlihen.

2168 4170 2244 4224 15)
2271 4173 2451 4223 Dedita
2468 4170 2620 4221 Riten.

2168 4177 2222 4224 15
2271 4175 2451 4223 Dedita
2468 4175 2620 4221 Hlten.

2167 4237 2221 4286 l6
2268 4231 2626 4297 Perpetuandm
2647 4237 2760 4279 Jtm.

2171 4175 2246 4362 l7;
2270 4296 2348 4348 De
2370 4291 2510 4345 addit
2527 4302 2676 4358 Hm.
2700 4293 2760 4342 Pt

2139 4287 2246 4358 (l7)
2270 4296 2348 4348 De
2370 4287 2510 4345 addit
2527 4302 2676 4358 Hm.
2700 4287 2864 4342 Paris.

1795 4441 2358 4502 COMMENTARIUS.

441 4533 519 4608 (εξ)
556 4533 674 4608 Non
698 4533 930 4605 inﬂatur,
962 4550 1061 4608 non
1093 4535 1320 4608 proterit3
1347 4531 1422 4608 De
1447 4533 1695 4608 superbia
1724 4535 1958 4608 explicat
2062 4537 2224 4592 tionis
2244 4554 2284 4608 g;
2316 4534 2421 4608 vel,
2455 4536 2510 4591 in
2537 4533 2678 4608 nuda
2704 4531 3070 4608 humo,_silice
3093 4533 3146 4608 in
3183 4531 3349 4589 nuda.
3379 4531 3546 4589 Idem.

368 4606 440 4661 La
469 4606 663 4670 Cerda,
692 4604 878 4661 eurum
910 4605 1115 4662 scilicet
1152 4604 1241 4676 qui
1270 4605 1492 4677 nimium
1519 4605 1620 4660 sibi
1646 4604 1958 4677 arrogantes

366 4679 499 4732 alios
544 4683 845 4748 proterunt.
893 4677 1077 4748 legunt
1121 4677 1211 4732 alii
1263 4676 1526 4747 proteruit.
1557 4676 1808 4733 Erasmus
1852 4687 1962 4734 non

366 4749 507 4804 male
556 4749 731 4815 vertit,
769 4765 869 4802 non
916 4759 989 4803 est
1034 4765 1242 4818 procax,
1277 4749 1379 4804 hoc
1421 4757 1525 4812 est,
1573 4756 1631 4803 ut
1659 4763 1724 4803 ex
1769 4749 1964 4819 grtecis

363 4821 683 4890 quibusdam
733 4820 955 4877 scitoliis
997 4820 1397 4890 interpretatur,
1429 4833 1536 4875 non
1589 4820 1804 4876 extollit
1842 4831 1965 4876 sese

365 4906 538 4960 neque
563 4900 816 4947 Ostentat.
861 4892 937 4948 La
963 4908 1046 4946 Ρη.
1127 4909 1132 4911 ·

435 4950 894 5035 CAP.XIII.-—(b)
913 4963 1080 5019 Cineri
1100 4972 1146 5017 et
1165 4978 1312 5035 sacco
1327 4960 1699 5035 inolescitJIoc
1728 4971 1831 5026 est,
1857 4978 1968 5034 prta
1990 4950 2046 5010 D

365 5035 707 5090 assuetudine
761 5033 1127 5103 paenitentiam
1177 5033 1492 5090 familiarem
1533 5034 1633 5090 sibi
1675 5033 1872 5098 reddit,
1905 5050 1967 5091 ac

365 5105 526 5161 veluti
553 5106 1206 5161 naturalem.—-Desumitur
1233 5105 1546 5172 metaphora
1566 5105 1637 5160 ab
1661 5107 1964 5174 arboribus,

364 5191 484 5246 qua:
511 5177 685 5233 insitae
724 5178 778 5232 in
801 5177 932 5232 alias
959 5176 1178 5232 arbores
1206 5186 1260 5232 et
1291 5176 1573 5231 inoculatae
1601 5177 1722 5232 cibo
1757 5186 1813 5232 et
1860 5177 1962 5232 ali-

366 5258 549 5303 mento
609 5258 930 5305 assuescunt
983 5263 1077 5319 per
1130 5257 1374 5302 truncum
1403 5247 1598 5304 educto
1627 5257 1958 5374 θιιειιιιξιοιο.

1724 5335 1755 5374 e
1835 5336 1885 5374 ιι.

1724 5335 1755 5374 Ε
1790 5335 1885 5374 ιιιι.

436 5390 514 5461 (c)
550 5392 708 5446 Aures
735 5391 928 5446 Christi
957 5389 1053 5445 Dei
1100 5389 1290 5458 aperit.
1321 5390 1617 5460 Benignum
1643 5399 1699 5447 et
1746 5391 1959 5447 facilem

362 5462 518 5517 nobis
547 5462 714 5518 Deum
739 5471 974 5532 praestat,
1003 5461 1138 5517 adeo
1164 5469 1222 5514 ut
1249 5461 1594 5532 petitionibus
1613 5463 1811 5518 nostris
1837 5477 1960 5532 pre-

362 5535 620 5604 cibusque
643 5531 801 5589 aures
830 5548 936 5588 non
957 5534 1218 5604 obstruat.
1248 5531 1325 5587 Ls
1357 5532 1453 5588 Pa.

434 5601 694 5674 (d)'Caro
720 5607 772 5659 in
799 5605 956 5675 ligno.
987 5601 1045 5657 In
1073 5603 1246 5673 lignea
1275 5603 1555 5673 compede.
1596 5603 1688 5660 Sic
1730 5605 1781 5658 in
1815 5605 1962 5662 Actis

355 5676 552 5747 Άροςι.
583 5692 700 5742 cap.
731 5676 940 5736 Hii-cit:
968 5678 1110 5738 πόδας
1131 5679 1284 5747 ebrila
1313 5681 1606 5747 ἦσφειλίσατρ
1636 5681 1700 5741 εὶς
1727 5685 1782 5730 τὸ
1800 5683 1958 5743 ξύλον.

361 5744 515 5814 Quod
539 5749 748 5818 vulgata
777 5749 956 5801 versio
983 5747 1062 5800 sic
1089 5744 1320 5801 reddidit
1341 5747 1507 5803 latine
1532 5765 1544 5802 :
1569 5746 1738 5803 Pedes
1783 5764 1961 5803 eorum

362 5820 582 5890 strinxit
600 5821 758 5890 ligno.
791 5818 914 5873 Βία.

437 5887 516 5967 (e)
545 5887 679 5948 Car'o
704 5893 760 5947 in
787 5890 919 5947 solo.
947 5887 1004 5946 ln
1053 5888 1359 5960 solitudine,
1394 5891 1447 5947 in
1481 5891 1694 5948 tristitia
1735 5891 1955 5950 desola-

2139 4608 2205 4680 (l')
2234 4606 2300 4662 In
2319 4607 2412 4662 illa
2441 4606 2655 4677 penuria
2683 4604 2879 4680 mundi.
2907 4603 2964 4680 In
2992 4605 3228 4680 omnium
3274 4619 3458 4680 rerum
3482 4615 3668 4680 eges.

2067 4675 2193 4734 tate.
2222 4686 2268 4735 ἐν
2296 4675 2651 4751 manetque
2691 4677 2759 4731 ab
2801 4677 3030 4732 Arriano
3080 4676 3132 4730 in
3179 4675 3270 4729 lib.
3301 4675 3371 4730 de
3398 4675 3667 4751 Epicteto,

2066 4747 2462 4820 elegantissime
2485 4747 2703 4814 dieitur,
2731 4754 3019 4820 μτάστισις
3041 4772 3113 4820 τίς
3136 4753 3450 4816 deanam-ou"
3483 4747 3535 4801 itI
3561 4755 3667 4813 CSI,

2069 4817 2249 4878 Status
2275 4823 2496 4877 hominis
2521 4819 2782 4890 adjtttorio
2803 4820 3047 4874 destituti.
3078 4817 3199 4876 Rto.

2143 4893 2222 4966 (ε)
2267 4895 2348 4948 Ad
2383 4888 2705 4966 occasionem
2772 4890 3010 4966 secundm
3056 4890 3384 4945 intinctionis.
3434 4888 3670 4946 Secundi

2073 4961 2346 5034 baptismi,
2381 4965 2482 5020 hoc
2503 4973 2586 5020 est
2615 4961 2876 5034 martyrii.
2901 4961 3018 5018 lito.

2141 5032 2222 5106 (lt)
2258 5036 2405 5091 Fidei
2433 5035 2721 5104 punienda.
2761 5032 2901 5106 ’l-loc_
2927 5041 3029 5099 est,
3078 5033 3252 5103 pinnis
3280 5048 3342 5090 ac
3383 5032 3668 5088 tormentis

2069 5103 2385 5178 exercendae
2412 5103 2826 5178 mobandaeque.
2869 5103 2990 5178 Bis.

2141 5173 2294 5233 CAP.
2327 5177 2467 5234 XIV.
2519 5208 2589 5218 —
2625 5175 2690 5248 (i)
2719 5173 2878 5242 Quasi
2922 5177 2976 5230 in
3001 5177 3094 5248 illo
3123 5177 3230 5230 uiro
3256 5181 3499 5247 feretrum
3528 5173 3668 5248 petis

2067 5249 2271 5305 diabolo
2315 5250 2588 5305 exstruxit.
2630 5244 2720 5305 Sic
2772 5255 2985 5302 veteres
3029 5247 3170 5302 libri.
3198 5244 3291 5302 Eat
3317 5256 3496 5301 autem
3520 5244 3667 5301 fere-

2068 5331 2229 5393 trum,
2252 5326 2561 5393 νικρῳορδῖεξν
2579 5327 2968 5393 Αῳιο-ῐιιᾳημυε
2993 5317 3235 5393 etI'ertur.
3258 5317 3447 5393 Itaque
3472 5315 3666 5393 dicitur

2065 5387 2231 5449 Jobns
2249 5387 2500 5448 feretrum
2520 5387 2682 5446 fuisse
2703 5389 3069 5457 Diabolo,quia
3089 5391 3138 5444 in
3153 5389 3272 5446 Jobi
3293 5387 3666 5459 patientissimi

2067 5479 2267 5533 corpus
2279 5479 2467 5520 omnes
2481 5463 2693 5520 Satanae
2723 5461 2924 5531 impetu
2954 5461 3033 5516 sic
3053 5476 3224 5532 usque
3235 5461 3445 5515 contusi
3459 5469 3582 5515 sunt
3607 5465 3667 5513 et

2069 5537 2411 5592 commortui.
2443 5534 2566 5590 th.

2141 5608 2207 5678 (j)
2252 5605 2318 5678 In
2363 5606 2459 5678 illo
2508 5607 2614 5660 viro
2658 5607 2917 5678 feretrum,
2960 5613 3055 5659 etc.
3107 5603 3250 5678 Inter
3305 5604 3665 5678 instrumenta

2069 5673 2322 5748 triumphi
2351 5677 2608 5733 feretrum
2637 5673 2740 5742 est,
2769 5676 2822 5748 in
2849 5687 2954 5745 quo
2981 5689 3175 5748 pompa
3203 5674 3391 5748 fertur.
3415 5673 3665 5742 Intelligo

2065 5750 2118 5804 in
2146 5745 2252 5820 quo
2279 5749 2524 5820 diabolus
2572 5747 3015 5820 triumpharetur,
3068 5747 3180 5820 Deo
3207 5745 3506 5820 troplncutn
3541 5754 3658 5820 sta-

2065 5816 2267 5876 tuente.
2299 5819 2436 5876 Nam
2463 5819 2564 5876 Job
2597 5835 2691 5890 per
2710 5817 2949 5874 divinam
2969 5817 3193 5890 gratiam
3215 5816 3488 5890 diabolum
3505 5817 3654 5879 vicit,

2062 5892 2409 5970 impatientia:
2462 5888 2770 5965 neutiquam
2811 5889 3189 5959 succumbens,
3245 5890 3396 5963 quasi
3457 5888 3648 5956 dicat;
