4184 6258
483 403 486 412 -
513 365 648 423 1271

1934 359 2321 422 TER’I'ULLIA
2331 363 2395 420 Nl

3679 373 3702 426 Ι
3713 369 3824 426 272

513 482 684 552 Quale
706 482 954 538 vexillum
991 480 1061 535 de
1093 479 1310 536 inimico
1349 480 1534 552 gloriae
1561 491 1672 536 suae
1713 478 1922 545 extulit,
1979 495 2101 536 cum
2130 481 2178 540 A
2207 481 2332 562 dem
2380 480 2589 549 munit,
2619 495 2804 553 pacem
2853 480 3147 553 gubernat,
3179 482 3530 541 dilectionem
3575 485 3818 557 adjuvat,

514 575 608 630 il-le
662 576 857 639 homo,
889 573 952 626 ad
1003 588 1218 628 onmem
1261 588 1510 628 acervum
1557 574 1638 643 (1)
1681 575 1984 630 nuntiorum
2035 573 2112 644 (α)

516 667 650 722 nihil
679 682 745 722 ex
776 682 870 721 ore
899 677 1189 735 promeret,
1226 667 1324 722 nisi
1353 668 1462 723 Deo
1487 669 1717 738 gratias;
1740 682 1860 723 cum
1893 682 2114 723 uxorem

472 809 479 822 ,
517 759 627 828 jam
659 757 813 812 malis
841 758 1184 824 delassatum,
1231 767 1286 812 et
1325 759 1580 828 ad-prava
1611 759 1846 816 remedia
1879 760 2112 814 suaden-

517 859 623 902 tem
643 857 1034 904 exsecraretur.
1055 849 1230 917 Quid?
1256 849 1482 904 Ridebat
1505 849 1583 920 (‘2)
1617 851 1776 906 Deus.
1806 851 1970 918 Quid?
1994 851 2101 906 Dis-

511 941 800 997 secabatur
823 943 993 995 malus
1054 959 1067 994 :
1114 957 1236 996 cum
1282 941 1384 997 .lob
1433 941 1760 998 immundam
1807 943 2004 999 ulceris
2033 945 2114 998 sui

508 1032 920 1087 redundantiam
1000 1048 1191 1104 magna
1242 1034 1646 1105 aequanimitate
1718 1035 2111 1105 destringeret;

511 1139 633 1178 cum
662 1132 1004 1195 erumpentes
1059 1125 1307 1180 bestiolas
1353 1125 1429 1196 (ὁ)
1459 1125 1581 1182 inde
1633 1128 1684 1181 in
1734 1127 1949 1182 eosdem
1991 1144 2117 1198 spe—

513 1231 610 1271 cus
663 1217 734 1288 (c)
764 1225 817 1272 et
846 1216 1372 1287 pastus—reformosze
1429 1217 1508 1290 (ὅ)
1540 1219 1717 1273 carnis
1769 1219 1850 1291 (ά)
1883 1219 2114 1276 ludendo

514 1319 810 1363 revocaret.
841 1308 1025 1379 Itaque
1051 1310 1327 1379 operarius
1351 1310 1440 1365 ille
1468 1311 1705 1366 victoria:
1753 1313 1878 1379 Dei,
1927 1315 2120 1369 retusis

515 1402 767 1457 omnibus
791 1401 982 1470 jaculis
1006 1400 1355 1457 tentationum
1380 1403 1541 1457 lorica
1587 1405 1883 1475 clypeoque
1913 1405 2121 1474 patien-

517 1494 626 1561 tize,
673 1504 728 1550 et
781 1496 1135 1566 integritatem
1189 1511 1315 1550 mox
1339 1498 1583 1565 corporis
1624 1515 1652 1550 a
1698 1498 1809 1554 Deo
1837 1513 2124 1567 recupera-

513 1593 590 1646 vit
615 1590 720 1663 (4),
749 1599 802 1645 et
829 1607 948 1661 qua:
976 1592 1227 1645 amiserat
1252 1590 1624 1660 conduplicata
1655 1590 1734 1662 (5)
1759 1592 2014 1662 possedit.
2056 1590 2124 1648 Et

479 1737 484 1740 .
511 1682 560 1738 si
596 1682 734 1736 ﬁlios
765 1697 976 1752 quoque
1002 1683 1207 1737 restitui
1240 1682 1312 1752 (e)
1332 1684 1607 1750 voluisset,
1640 1693 1787 1752 pater
1814 1686 2004 1740 iterum
2032 1701 2126 1741 vo-

515 1785 750 1832 caretur.
809 1775 915 1831 Sed
958 1777 1143 1832 maluit
1175 1776 1225 1830 in
1260 1776 1350 1830 illo
1393 1775 1482 1831 die
1535 1777 1684 1831 reddi
1737 1777 1858 1833 sibi.
1897 1779 2124 1834 Tantum

512 1869 712 1940 gaudii,
765 1883 987 1924 securus
1030 1869 1107 1924 sic
1151 1868 1217 1923 de
1270 1869 1534 1936 Domino,
1587 1869 1824 1936 distulit;
1865 1873 2116 1928 sustinuit

518 1971 624 2016 tam
653 1961 734 2032 (6)
764 1961 1118 2017 voluntariam
1141 1963 1445 2028 orbitatem,
1474 1978 1545 2018 ne
1572 1963 1688 2020 sine
1705 1965 1882 2037 aliqua
1912 1967 2119 2036 patien-

515 2052 586 2107 tia
612 2053 834 2107 viveret.

1123 2145 1350 2202 CAPUT
1392 2145 1508 2202 XV.

606 2234 756 2290 Adeo
787 2236 916 2290 satis
947 2236 1169 2292 idoneus
1206 2238 1475 2307 patientiae
1521 2246 1798 2309 sequester
1852 2241 2013 2298 Deus.
2060 2240 2116 2296 Si

489 2391 492 2394 ,
515 2327 766 2397 injuriam
785 2326 1100 2397 deposueris
1119 2343 1280 2396 penes
1294 2344 1438 2395 eum,
1461 2329 1604 2384 ultor
1633 2338 1736 2398 est;
1767 2331 1812 2386 si
1833 2331 2112 2400 damnum,

519 2422 798 2476 restitutor
826 2430 942 2486 est;
985 2422 1029 2475 si
1074 2420 1348 2486 dolorem,
1382 2422 1620 2478 medicus
1641 2432 1757 2489 est;
1788 2424 1835 2479 si
1865 2435 2112 2492 mortem,

484 2514 890 2574 ,ressuscitator
919 2523 1022 2568 est.
1054 2513 1320 2582 Quantum
1347 2515 1617 2585 patientiae
1662 2516 1801 2580 licet,
1847 2526 1906 2572 ut
1943 2519 2114 2575 Deum

517 2603 713 2660 habeat
743 2603 1063 2661 debitorem!
1094 2604 1206 2662 Nec
1232 2607 1522 2662 immerito.
1545 2607 1737 2663 Omnia
1757 2608 1900 2665 enim
1923 2609 2115 2680 placita

495 2696 632 2778 .ejus
682 2707 858 2755 tuetur
891 2715 902 2752 :
937 2698 1184 2755 omnibus
1215 2699 1480 2756 mandatis
1526 2700 1642 2770 ejus
1689 2702 1992 2759 intervenit.
2027 2703 2117 2758 Fi-

2217 575 2569 632 humilitatem
2589 576 3209 648 instruit,ptnnitentiam
3226 585 3529 648 exspectat,
3569 593 3766 634 exomo
3795 611 3822 622 -

2217 669 2443 741 logesim
2473 671 2740 742 adsignat,
2769 687 2985 727 carnem
3013 674 3185 742 regit,
3215 671 3462 742 spiritum
3489 682 3689 737 servat,
3721 673 3824 728 lin-

2218 777 2377 832 gnam
2421 752 2629 830 fraena't,
2663 778 2880 820 manum
2904 765 3164 829 continet,
3197 766 3514 823 tentationes
3559 766 3820 833 inculcat,

2219 851 2469 909 scandala
2498 855 2670 926 pellit,
2698 856 2954 928 martyria
2979 865 3338 922 consummat,
3364 873 3654 929 pauperem
3682 874 3825 915 con-

2218 946 2441 1014 solatur,
2471 947 2690 1004 divitem
2718 943 2999 1020 temperat,
3030 951 3302 1005 iufirmum
3330 967 3430 1007 non
3447 953 3688 1010 extendit
3717 953 3824 1026 (Ι).

2188 1076 2194 1081 -
2223 1039 2490 1096 valentem
2521 1055 2628 1096 non
2659 1033 2930 1097 consumit
2982 1041 3082 1113 (g),
3115 1042 3329 1098 fidelem
3368 1041 3601 1109 delectat,
3633 1046 3826 1116 genti.

2187 1171 2192 1174 -
2223 1131 2327 1186 lem
2356 1131 2565 1199 invitat,
2595 1147 2810 1188 servum
2837 1133 3077 1199 domino,
3104 1133 3384 1223 dominum
3409 1135 3822 1194 Deocommen-

2222 1223 2331 1290 dat,
2386 1223 2660 1280 faeminam
2716 1236 2961 1291 exornat,
3016 1225 3190 1281 virum
3231 1228 3494 1297 approbat
3540 1245 3556 1281 :
3604 1239 3823 1284 amatur

2223 1315 2279 1370 in
2305 1331 2490 1386 puero,
2525 1315 2771 1372 laudatur
2815 1318 2864 1371 iu
2903 1316 3122 1386 juvene.
3171 1318 3460 1388 suspicitur
3488 1319 3542 1373 in
3571 1333 3734 1384 sene;
3767 1319 3829 1374 in

2225 1409 2540 1476 omnisexu,
2568 1410 2622 1464 in
2649 1410 2794 1464 omni
2822 1418 2981 1466 aetate
3006 1409 3239 1466 formosa
3269 1421 3372 1466 est.
3396 1411 3511 1481 Age
3528 1411 3727 1480 jam,si
3747 1413 3828 1480 (7)

2226 1511 2274 1556 et
2295 1499 2526 1571 effigiem
2553 1501 2900 1572 habitumque
2926 1502 3043 1572 ejus
3069 1501 3610 1574 comprehendamus.
3640 1502 3835 1559 Vultus

2227 1593 2302 1648 illi
2329 1593 2647 1664 tranquillus
2668 1602 2721 1648 et
2751 1593 3010 1664 placidus,
3041 1593 3191 1650 frons
3219 1609 3372 1664 pura,
3405 1594 3553 1650 nulla
3579 1598 3835 1652 maeroris

2230 1695 2320 1740 aut
2341 1685 2434 1740 irae
2465 1687 2755 1758 rugositate
2781 1693 3090 1750 contracta;
3132 1688 3357 1743 remissa
3383 1702 3540 1758 teque
3569 1688 3624 1742 in
3651 1688 3835 1743 laetum

2229 1778 2448 1834 modum
2477 1779 2784 1848 supercilia,
2813 1778 2985 1834 oculis
3007 1779 3304 1834 humilitate
3326 1820 3341 1843 ,
3367 1795 3472 1834 non
3497 1779 3834 1843 infelicitate.

2227 1871 2473 1939 dejectis.
2526 1870 2598 1924 Os
2647 1869 3027 1925 taciturnitatis
3080 1869 3284 1926 honore
3329 1871 3617 1943 signatum.
3648 1871 3834 1935 Color.

2229 1965 2401 2036 qualis
2430 1964 2636 2019 securis
2664 1973 2721 2019 et
2768 1962 3020 2020 innoxiis.
3077 1963 3248 2019 Motus
3278 1963 3529 2035 frequens
3557 1965 3754 2036 capitis
3783 1967 3832 2020 in

2226 2055 2518 2123 diabolum,
2548 2064 2602 2110 et
2632 2055 2811 2110 minax
2841 2058 3000 2110 risus.
3051 2054 3316 2111 Cteterum
3355 2057 3587 2112 amictus
3626 2059 3832 2112 circum

2233 2159 2447 2220 pectora
2479 2148 2757 2213 candidus,
2810 2158 2864 2204 et
2899 2152 3109 2220 corpori
3159 2149 3476 2220 impressus,
3529 2160 3585 2205 ut
3611 2151 3702 2220 qui
3732 2167 3832 2206 nec

2235 2243 2470 2308 inflatur,
2531 2257 2629 2297 nec
2682 2242 2988 2314 inquinatur
3017 2242 3120 2318 (8).
3152 2242 3318 2300 Sedet
3349 2244 3491 2300 enim
3535 2245 3589 2302 in
3634 2246 3832 2302 throno

2221 2335 2437 2404 spiritus
2468 2335 2586 2406 ejus
2613 2335 2879 2392 mitissimi
2905 2344 2960 2392 et
2995 2335 3448 2401 mansuetissimi,
3472 2338 3563 2408 qui
3588 2352 3694 2392 non
3719 2347 3828 2392 tur-

2222 2430 2346 2485 bine
2391 2429 2726 2501 glomeratur
2761 2470 2776 2496 ,
2827 2445 2933 2485 non
2965 2430 3149 2486 nubilo
3176 2430 3326 2495 livet,
3359 2429 3455 2486 sed
3499 2441 3583 2486 est
3627 2440 3830 2486 tenerae

2221 2522 2526 2587 serenitatis
2572 2531 2788 2592 apertus
2849 2532 2904 2577 et
2957 2524 3217 2593 simplex,
3259 2538 3419 2594 quem
3479 2525 3635 2580 tertio
3694 2527 3833 2581 viJit

2218 2609 2366 2669 Elias
2397 2611 2499 2684 (It).
2531 2613 2662 2669 Nam
2693 2613 2781 2670 ubi
2813 2613 2974 2680 Deus,
3003 2614 3200 2670 ibidem
3233 2625 3288 2670 et
3314 2617 3515 2672 alumna
3545 2616 3682 2686 ejus,
3719 2632 3826 2685 pa-

2221 2707 2404 2762 tientia
2433 2707 2637 2764 scilicet
2671 2706 2909 2780 (Matth.,
2934 2706 3100 2779 XVII)
3127 2729 3140 2764 :
3173 2723 3294 2764 cum
3328 2725 3454 2779 ergo
3478 2709 3693 2780 spiritus
3723 2710 3829 2766 Dei

1799 2907 2176 2969 LECTIONES
2212 2910 2626 2968 VARIANTES.

607 3149 659 3208 2)
685 3149 777 3208 Qui
794 3151 1058 3200 deridebat
1075 3151 1241 3200 deus?
1263 3159 1375 3201 Jun.

606 3211 658 3276 ὃ)
683 3212 1009 3280 Foraminpsae
1033 3221 1184 3280 nan.
1208 3212 1374 3266 Paris.
1390 3211 1477 3264 alii
1495 3213 1788 3278 reformatae,
1806 3213 1880 3268 rel
1904 3217 2119 3280 refossae,

495 3304 499 3308 -
523 3273 600 3324 vel
621 3273 877 3335 r'eforatae;
904 3275 1176 3325 formieosze
1198 3283 1311 3325 Jun.

491 3394 497 3398 _
585 3336 660 3402 (4)
686 3337 1043 3403 Recuperatam
1068 3337 1218 3390 Rhen.

608 3090 630 3137 1
683 3087 936 3138 Acerbum
962 3089 1186 3137 nuntium
1210 3096 1360 3138 Fran.
1394 3089 1559 3142 Paris.

608 3086 660 3276 ἓξ
685 3149 777 3208 Qui
794 3151 1058 3200 deridebat
1075 3151 1241 3200 deus?
1263 3159 1375 3201 Jun.
1466 3211 1477 3221 _

608 3213 637 3261 5
683 3212 1009 3276 Foraminosae
1034 3221 1184 3263 Fran.
1208 3212 1374 3266 Paris.
1390 3212 1476 3264 alit
1495 3219 1559 3266 rel

583 3084 603 3324 Ξ

2150 3111 2194 3172 C
2312 3092 2342 3142 5
2387 3088 2708 3164 Reduplieata
2731 3097 2879 3168 Fran.
2904 3086 3070 3139 Paris.
3095 3086 3429 3153 centuplicata
3449 3088 3606 3142 Rhea.

2289 3090 2366 3210 (ὃ)
2391 3153 2514 3204 Tum
2539 3160 2669 3202 Jum.
2691 3165 2790 3210 jam
2814 3163 2994 3203 nonin.
3022 3157 3109 3200 MS.

2313 3153 2366 3215 6)
2391 3153 2514 3204 Tum
2538 3153 2669 3202 .Ium.
2691 3154 2790 3215 jam
2814 3163 2994 3203 ttv‘ouw.
3022 3157 3109 3200 MS.

2316 3215 2367 3266 7i
2392 3217 2473 3266 Sis
2493 3222 2608 3264 Jun.

2316 3215 2342 3264 7
2392 3217 2473 3266 Sis
2493 3222 2608 3264 Jun.
2695 3213 2706 3215 ’

2287 3213 2367 3341 (8)
2384 3277 2688 3341 Inquietatur
2708 3275 2859 3328 Rhea.

1894 3511 2454 3570 COMMENTARIUS.

511 3683 1024 3765 'Qualetrophaeum
1052 3693 1119 3749 de
1167 3691 1380 3765 diabolo
1408 3692 1546 3749 Deus
1595 3694 1794 3750 erexit!
1828 3694 1968 3750 Olim
2014 3695 2121 3752 eir-

540 3764 978 3837 cumferebantur
1009 3780 1157 3818 arma
1188 3764 1784 3837 devictarumigentium
1817 3767 1866 3820 in
1901 3782 2119 3837 pompa,

535 3854 665 3964 max
694 3835 1159 3960 susﬁendebantur
1183 3851 1198 3899 ;
1230 3844 1352 3904 apte
1375 3849 1504 3905 ergo
1531 3836 1765 3905 loquitur
1791 3854 1802 3890 :
1830 3835 2001 3904 Quale
2025 3835 2120 3892 ve-

537 3926 588 3964 xi
638 3925 746 3963 um.
830 3921 957 3961 HEN.

595 4000 674 4074 (a)
701 4000 778 4054 Ad
808 4015 1004 4053 onmem
1030 3997 1608 4074 acervttnrnuntiorum.
1651 3998 1740 4055 Sic
1765 4001 1949 4074 etiam
1995 4001 2119 4057 libri

518 4069 754 4138 veteres,
774 4081 829 4126 et
856 4080 1034 4134 recte;
1064 4083 1186 4123 nam
1220 4069 1388 4123 tristia
1417 4070 1514 4141 illa
1545 4087 1702 4140 quam
1727 4073 1954 4141 plurima
1985 4089 2122 4127 nun-

521 4147 650 4199 tiata
679 4152 804 4198 sunt
832 4141 968 4214 Jobo
999 4141 1278 4214 confertim
1306 4140 1522 4214 :gidltuc
1549 4142 1637 4196 illo
1660 4140 1912 4211 (aduente,
1947 4144 2120 4214 inquit

521 4217 817 4284 Scriptura.
852 4212 1092 4268 Deinde:
1124 4211 1304 4266 Adhuc
1331 4212 1419 4266 illo
1441 4214 1694 4282 loquente,
1740 4225 1847 4268 etc.
1877 4213 2001 4270 th.

527 4344 549 4378 ρ
601 4303 682 4378 (1))
713 4303 1049 4378 Eruntpentes
1088 4302 1344 4378 bestiolas.
1381 4302 1495 4358 Non
1528 4303 1686 4378 video
1714 4319 1810 4378 cur
1853 4305 2122 4362 Parnelius

527 4377 580 4432 id
610 4373 836 4447 arguere
867 4376 1072 4447 possit;
1123 4373 1264 4447 quod
1312 4375 1362 4429 in
1407 4383 1519 4447 tuto
1561 4375 1698 4430 libro
1743 4377 1830 4430 vix
1882 4379 1987 4432 ulla
2034 4379 2124 4434 fiat

513 4445 858 4505 bestiolarum
891 4445 1112 4500 mentio.
1136 4445 1412 4499 Patientiae
1438 4445 1581 4500 enim
1611 4447 1743 4501 illud
1772 4449 2111 4512 miraculum,

525 4535 648 4576 cum
672 4521 724 4574 iu
757 4517 1095 4588 putredinem
1128 4516 1536 4588 fluxeritto‘tus,
1570 4533 1870 4588 corpusque
1917 4521 2114 4576 vermi-
2139 4522 2194 4582 D

520 4591 622 4647 bus
658 4586 1014 4659 umlequaquc
1035 4595 1284 4642 scateret.
1314 4586 1527 4642 Minime
1553 4586 1861 4656 mirumfsi
1910 4591 1979 4644 ita
2029 4591 2112 4646 lo-

516 4671 714 4734 qnatur
742 4660 1121 4716 Tertullianus.
1150 4659 1228 4713 LE
1254 4659 1350 4713 Pu.

607 4756 680 4828 (e)
711 4754 779 4808 In
821 4753 1023 4828 eosdem
1068 4768 1248 4828 specus
1279 4761 1336 4828 Aet
1383 4761 1557 4828 pastus
1603 4755 1900 4824 reformoste
1921 4755 2109 4828 carnis.

523 4822 1066 4888 Sic‘emendavimus,
1094 4822 1324 4894 vestigia
1357 4822 1529 4878 secuti
1568 4822 1810 4877 veterum
1837 4825 2115 4894 exempla-

522 4900 686 4962 rium,
721 4899 773 4952 in
802 4896 950 4965 quih.
985 4896 1195 4965 legitur,
1237 4894 1970 4962 re!ormasse.-Relbrmosam
1997 4911 2114 4950 car-

528 4987 650 5026 nem
678 4968 798 5025 Jobi
825 4967 981 5036 dixit“,
1013 4967 1280 5021 ulceribus
1302 4966 1620 5030 deformem,
1654 4974 1709 5022 et
1733 4967 2119 5024 vermiculante

524 5040 824 5113 purulentia
855 5049 1167 5093 scatentem.
1200 5037 1337 5113 _Rt_t_;.

598 5114 677 5186 (d)
707 5111 1022 5186 Reforntosge
1044 5111 1252 5186 _carnis.
1287 5108 1690 5186 Ita_Rigaltitts.
1732 5107 2121 5186 OlimArefosste

536 5196 585 5240 et
607 5180 858 5255 'reforutw
899 5181 1229 5255 habebatur;
1256 5181 1350 5236 sed
1377 5180 1668 5255 Rhenanus
1695 5181 1949 5245 correxit,
1985 5186 2122 5255 [ora-

536 5253 781 5320 minoiue;
814 5256 1039 5307 fortasse
1065 5253 1297 5318 melius;
1341 5253 1456 5322 ejus
1501 5255 1700 5323 quippe
1743 5267 1936 5323 corpus
1964 5253 2118 5307 undi~

536 5343 642 5398 que
674 5326 1000 5398 perforatum
1031 5334 1150 5380 erat
1186 5339 1248 5380 ac
1273 5323 1438 5378 veluti
1473 5322 1734 5391 cribrum,
1774 5332 1832 5378 ut
1870 5322 2115 5381 Plautina

523 5395 655 5454 voce
676 5395 817 5452 utar.
851 5395 928 5451 LE
955 5397 1049 5451 PR.

591 5469 667 5541 (e)
700 5469 766 5522 Et
804 5469 848 5523 si
893 5467 1027 5541 ﬁlios
1059 5467 1255 5522 restitui
1281 5467 1536 5541 voluisset,
1572 5475 1720 5538 pater
1759 5467 2111 5532 iterumvoca-

514 5540 672 5596 retur.
710 5542 840 5603 imo,
871 5540 1132 5609 inquiunt,
1167 5540 1528 5611 pateriternm
1555 5549 1770 5611 vocatus
1821 5549 1941 5605 est;
1989 5555 2109 5594 nam

512 5614 565 5669 id
598 5623 783 5681 aperte
809 5612 1084 5680 Scriptura
1115 5609 1331 5666 tradidit
1373 5627 1386 5664 :
1420 5609 1652 5664 Fuerunt
1681 5609 1758 5663 illi
1797 5623 1982 5681 septem
2015 5612 2111 5678 ﬁlii

512 5694 558 5736 et
585 5694 682 5736 tres
715 5682 856 5748 ﬁlice.
891 5681 1125 5737 Fuerunt
1153 5682 1369 5751 quidem
1398 5699 1410 5746 ;
1445 5696 1629 5737 verum
1661 5692 1782 5752 post
1818 5682 1936 5738 Jobi
1989 5697 2108 5738 res-

514 5753 814 5822 titulionem
844 5751 1029 5821 geniti.
1063 5755 1131 5806 At
1161 5753 1281 5806 illos
1313 5753 1533 5806 totidem
1569 5768 1674 5807 uno
1701 5754 1869 5807 ruina:
1898 5755 2105 5822 impetu

510 5818 790 5885 ademptus
817 5818 922 5874 non
953 5822 1175 5891 recepit,
1205 5836 1305 5877 nec
1328 5823 1396 5877 ab
1439 5823 1502 5878 iis
1530 5832 1678 5894 pater
1713 5824 1908 5879 iterum
1942 5818 2100 5879 voca-

2229 3703 2314 3749 tus
2335 3692 2644 3749 estHorum
2670 3693 2827 3763 igitur
2847 3691 3134 3748 orbitatem
3160 3691 3411 3748 sustinuit
3436 3691 3829 3759 voluntariam,

2229 3782 2296 3820 ne
2324 3767 2439 3820 sine
2475 3766 2649 3835 aliqua
2686 3765 2935 3836 patientia
2966 3764 3188 3836 viveret,
3222 3764 3466 3836 sedistis
3493 3780 3796 3836 nonrecep
3845 3792 3853 3798 κ

2227 3839 2318 3900 tis,
2347 3853 2452 3906 quo
2482 3834 2638 3907 pacto
2665 3834 2932 3891 Constabit
2961 3834 3518 3907 ejusdemScripturze
3545 3834 3704 3900 ﬁdes,
3733 3839 3820 3890 at-

2229 3905 2498 3962 tirmantis'
2522 3909 2687 3962 Deum
2718 3908 2898 3961 omnia
2930 3922 3050 3977 qua:
3098 3905 3218 3962 Jobi
3267 3906 3475 3961 fuerant
3501 3907 3722 3962 auxisse
3771 3909 3828 3960 in

2225 3979 2490 4048 duplum?
2523 3978 2682 4041 ,Sane
2725 3978 3117 4047 acquiescimus
3157 3992 3344 4032 eorum
3372 3977 3676 4042 sententize,
3731 3981 3827 4048 qui

2227 4052 2555 4118 Scripturam
2587 4061 2695 4104 tam
2725 4049 3035 4118 scrupulosa
3071 4048 3265 4102 trutina
3311 4048 3605 4103 examinari
3651 4049 3826 4103 cavil-

2228 4122 2432 4175 latoria:
2464 4120 2789 4175 curiositatis
2837 4120 2966 4174 vitio
2998 4120 3256 4174 tribuunt.
3305 4119 3538 4174 Tametsi
3568 4133 3821 4174 commo-

2227 4192 2451 4247 dissime
2477 4191 2706 4257 dicatur,
2740 4201 2944 4260 septem
2977 4191 3095 4244 illos
3125 4191 3332 4260 priores
3364 4191 3483 4245 ideo
3507 4205 3613 4243 non
3653 4191 3827 4245 fuis<c

2225 4263 2572 4318 redhibitioni
2598 4276 2916 4318 czmerorum
2947 4270 3350 4326 annumeratos,
3392 4263 3514 4332 quia
3545 4276 3652 4316 non
3680 4263 3829 4317 sicut

2226 4343 2419 4389 caetera
2452 4334 2740 4404 perierant,
2771 4333 2866 4388 sed
2898 4347 3062 4403 penes
3091 4332 3254 4386 Deum
3284 4333 3337 4387 in
3365 4342 3694 4404 perpetuum
3724 4349 3826 4404 per

2225 4403 2612 4477 gloriam’Jobo
2642 4405 2739 4474 ipsi
2768 4403 2952 4460 vivere
2977 4403 3424 4474 intelligebantur.
3462 4403 3582 4460 Rm.

2289 4497 2442 4552 CAP.
2476 4495 2748 4567 XV.—(f)
2777 4495 3050 4564 Inﬁnitum
3071 4512 3171 4567 non
3196 4494 3438 4550 extendit.
3469 4495 3821 4552 Imbecillum

2229 4583 2334 4624 non
2364 4569 2562 4638 premit
2593 4566 2897 4637 autgravat
2921 4581 3105 4622 onere.
3138 4566 3260 4626 th.

2221 4733 2257 4790 ι]
2293 4661 2670 4788 (εὶιγᾶιεηιεηι
2710 4677 2812 4715 ηοη
2855 4661 3124 4716 consumit.
3157 4660 3383 4716 Robusti
3410 4659 3554 4716 vires
3579 4675 3689 4716 non
3722 4676 3826 4717 ex-

2263 4749 2375 4788 auri
2407 4775 2420 4788 .
2495 4749 2570 4790 ιθ.

2263 4749 2420 4788 3111⁸11..
2445 4749 2570 4790 mc.

2296 4824 2580 4898 (h)rQuem
2612 4823 2906 4898 tertiavidit
2935 4823 3098 4878 Elias.
3135 4823 3252 4898 Ipse
3267 4822 3514 4898 _opti_mii_s
3539 4823 3622 4898 sui
3645 4823 3826 4879 inte:-

2221 4895 2343 4968 pres
2373 4897 2463 4951 lib.
2491 4897 2549 4968 4W,
2577 4895 3050 4968 adv.7.\lareionem
3078 4910 3196 4967 cap.
3226 4895 3318 4968 23,
3348 4895 3436 4948 ubi
3463 4895 3531 4968 de
3569 4897 3825 4968 elemen-

2223 4966 2293 5024 iia
2324 4968 2417 5023 Dei
2463 4986 2474 5021 :
2505 4966 2670 5033 Talis,
2703 4967 2898 5037 inquit,
2944 4968 3116 5037 utique
3149 4966 3322 5020 'multo
3370 4966 3532 5037 magis
3581 4966 3830 5037 homines

2224 5057 2326 5094 non
2353 5048 2460 5095 erat
2487 5034 2802 5094 crevnaturus
2827 5055 2845 5104 ;
2873 5055 2993 5091 nam
3022 5034 3070 5092 et
3106 5048 3211 5092 tum
3249 5037 3320 5091 ad
3366 5034 3578 5091 Eliitm:
3617 5035 3826 5092 Nouit!

2223 5113 2359 5182 igne,
2403 5112 2567 5180 inquit
2601 5109 2868 5182 Dominus,
2909 5110 2997 5182 sed
3025 5110 3079 5162 in
3118 5108 3467 5182 spirituumiti.
3516 5107 3826 5182 Utrobique

2223 5179 2404 5238 autem
2435 5179 2662 5252 adspicit
2705 5182 2771 5235 ad
2813 5181 3088 5235 historiam
3119 5180 3248 5237 Elia:
3272 5179 3362 5234 Ill.
3386 5179 3605 5252 Rege.
3637 5179 3826 5252 10.,et

2225 5249 2691 5323 patientiam'dieit
2712 5253 2900 5318 sedere
2927 5252 2977 5305 in
3005 5253 3197 5308 throno
3223 5251 3442 5323 spiritus
3440 5249 3741 5323 lnitissimi
3761 5261 3825 5306 et

2221 5320 2664 5384 mansuetissimi.
2697 5339 2856 5392 quem
2888 5323 3043 5378 tertio
3072 5322 3201 5377 vidit
3229 5320 3398 5376 Elias.
3439 5320 3652 5376 Etenim
3705 5330 3823 5378 tres

2219 5397 2328 5451 illic
2355 5396 2589 5450 visiones
2641 5391 2772 5450 Elia:
2819 5408 2940 5449 sese
2981 5393 3246 5455 otl'erunt;
3290 5392 3456 5460 prima
3489 5400 3544 5447 et
3572 5391 3819 5448 secunda

2217 5469 2436 5539 angelus
2466 5467 2674 5522 Domini
2699 5465 2944 5520 mandata
2973 5464 3127 5539 allerl
3154 5464 3220 5519 ad
3247 5463 3444 5528 Etiam,
3491 5463 3647 5539 tertia
3699 5465 3820 5535 ipse

2215 5535 2476 5594 Doininus
2495 5554 2600 5593 non
2619 5539 2668 5591 in
2688 5547 2850 5592 vento
2864 5535 3233 5607 confringente
3259 5544 3571 5607 petras,non
3585 5535 3638 5590 in
3653 5542 3826 5591 terra

2213 5618 2386 5678 motu,
2412 5625 2518 5663 non
2544 5611 2595 5664 in
2621 5611 2761 5680 igne,
2785 5607 2878 5680 sed
2909 5617 3030 5677 post
3054 5605 3242 5680 auram
3263 5605 3609 5680 tranquillam
3637 5607 3822 5680 rtmi-

2215 5693 2320 5760 tem
2358 5677 2660 5751 alloquitur
2678 5679 2996 5760 prophetam
3019 5695 3194 5734 suum.
3223 5677 3288 5759 In.
3315 5677 3598 5760 illqigitur
3620 5677 3822 5760 spiritu

2214 5752 2321 5807 leni
2355 5747 2554 5808 tenera:
2581 5747 2904 5817 serenitatis,
2939 5761 3125 5820 aperto
3165 5760 3222 5807 et
3246 5747 3477 5820 simplici
3502 5747 3700 5805 sedero
3739 5747 3826 5806 ait

2215 5824 2520 5894 patientiam
2551 5822 2860 5893 Septimius.
2894 5821 3017 5878 Rts.
