4230 6256
377 346 404 406 1
416 347 524 406 275

1699 349 1903 411 LIBER
1935 351 1955 412 I
1985 353 2079 412 AD
2120 353 2426 416 UXOREM.

3533 367 3673 430 I274

377 464 653 561 descendit
671 461 1052 540 (a),'individua
1069 463 1323 538 patientia
1339 465 1625 525 comitatur
1642 482 1764 528 eum
1788 469 1888 543 (l).
1916 470 1971 528 Si
1997 472 2050 536 Α
2077 472 2362 533 lenociniis
2387 478 2722 550 negotiantes
2760 481 2836 555 (ὁ)
2864 495 3092 542 uxorum
3119 485 3475 558 potestatibus
3500 487 3672 561 subii-

368 575 484 620 ,non
519 558 597 630 (2)
640 574 761 615 cum
789 560 975 631 spiritu
996 560 1394 630 admiserimus,
1418 563 1470 619 in
1499 563 1654 621 nobis
1681 565 1975 624 morabitur

377 654 626 725 semper?
655 653 768 708 Imo
796 655 980 710 nescio
1009 669 1078 710 an
1099 655 1298 712 diutius
1330 665 1639 728 perseveret
1691 659 1790 730 (3).
1844 658 1974 716 Sine

375 760 472 802 sua
489 745 681 801 comite
701 760 764 801 ac
783 747 1050 814 ministro,
1068 747 1214 802 omni
1239 747 1360 804 loco
1385 763 1450 805 ac
1476 757 1719 821 tempore
1746 761 1973 821 angatur

379 853 597 896 necesse
611 847 713 895 est.
733 839 1118 910 Quodcumque
1143 841 1390 898 inimicus
1410 842 1528 913 ejus
1546 843 1971 910 intlixerit,solus

370 933 638 994 sustinere
665 947 770 988 non
799 932 1012 1003 poterit,
1037 947 1226 989 carens
1258 935 1615 992 instrumento
1639 937 1967 994 sustinendi.

563 1007 571 1012 ’
973 1024 1203 1081 CAPUT
1246 1025 1385 1081 xu.

365 1173 370 1176 .
447 1116 572 1172 Haec
594 1116 864 1188 patientia:
887 1118 1046 1185 ratio,
1075 1118 1192 1176 hzcc
1216 1119 1519 1191 disciplina,
1549 1121 1666 1180 haec
1682 1138 1846 1196 opera
1873 1139 1973 1182 ctr-

373 1208 524 1265 lestis
567 1217 621 1265 et
645 1223 790 1274 vera,
821 1210 1027 1267 scilicet
1044 1211 1332 1268 christiana
1361 1213 1476 1284 (4);
1510 1229 1640 1284 non,
1672 1224 1728 1271 ut
1762 1218 1849 1272 illa
1883 1233 1975 1289 pa-

373 1300 558 1356 tientia
587 1302 824 1372 gentium
854 1311 1034 1370 terrae,
1058 1303 1212 1370 falsa,
1244 1304 1666 1375 probrosa.Nam
1695 1318 1772 1375 ut,
1804 1310 1973 1366 inisto

371 1409 604 1466 quoque,
635 1395 864 1450 Domino
891 1394 1137 1452 diabolus
1154 1397 1518 1465 aemularetur,
1541 1401 1693 1471 quasi
1723 1401 1880 1471 plane
1904 1418 1972 1458 ex

377 1486 516 1558 pari,
544 1486 644 1544 nisi
670 1487 810 1557 quod
843 1487 956 1558 ipsa
986 1487 1274 1545 diversitas
1299 1490 1426 1546 mali
1463 1501 1519 1547 et
1549 1493 1672 1548 boni
1695 1495 1972 1564 aequaliter

374 1577 753 1648 magnitudinis
775 1578 855 1649 (5)
905 1594 1003 1649 par
1029 1589 1134 1645 est,
1175 1580 1353 1637 docuit
1403 1590 1457 1637 et
1483 1596 1610 1639 suos
1657 1585 1968 1654 patientiam

375 1672 646 1745 propriam
679 1689 692 1728 :
725 1672 869 1729 illam
894 1673 1038 1742 dico,
1069 1688 1190 1746 qua:
1220 1675 1443 1732 maritos
1462 1675 1588 1733 dote
1607 1678 1844 1745 venales,
1875 1688 1971 1736 aut

2076 569 2178 634 cit;
2210 584 2329 640 qua:
2349 573 2675 643 occupandis
2694 572 3014 634 orbit'atibus
3048 577 3121 651 (e)
3146 592 3362 635 omnem
3384 581 3554 636 coacti
3575 581 3674 638 ob-

2076 664 2244 734 sequii
2259 664 2496 723 laborem
2515 669 2757 726 mentitis
2775 671 3150 729 affectionibus
3169 673 3389 748 tolerat;
3407 689 3524 746 qua:
3541 690 3673 732 ven-

2077 754 2462 826 trisoperarios
2482 759 2566 831 (d)
2590 763 2992 820 contumeliosis
3013 764 3323 836 patrociniis
3353 765 3432 837 (6)
3462 766 3674 838 subjec-

2076 846 2221 904 tione
2239 848 2500 907 libertatis
2519 851 3121 925 gulae(7)addicit.'l‘alia
3147 855 3388 912 nationes
3404 857 3674 927 patientis!

2075 937 2251 994 studia
2283 951 2580 1007 noverunt;
2607 953 2662 1000 et
2690 945 2821 1002 tanti
2849 946 2973 1003 boni
3003 962 3200 1004 nomen
3223 947 3378 1006 [tedis
3407 950 3678 1019 operatio-

2079 1031 2238 1088 nibus
2254 1044 2518 1105 occupant
2549 1053 2563 1090 :
2596 1039 2858 1108 patientes
2887 1039 3133 1096 rivalium
3161 1051 3216 1097 et
3257 1039 3485 1098 divitum
3511 1050 3568 1111 et
3589 1043 3674 1097 in-

2078 1124 2366 1181 vitatorum
2397 1125 2471 1200 (e)
2490 1170 2503 1190 ,
2531 1127 2878 1200 impatientes
2900 1133 3067 1189 solius
3096 1133 3190 1189 Dei
3219 1133 3425 1188 vivunt.
3463 1133 3568 1190 Sed
3591 1134 3674 1189 vi-

2077 1215 2223 1272 derit
2245 1232 2342 1272 sua
2363 1218 2434 1291 (ί)
2463 1228 2518 1276 et
2553 1221 2635 1277 sui
2674 1223 2914 1293 prmsidis
2961 1223 3040 1296 (g)
3093 1226 3346 1296 patientia
3380 1224 3482 1298 (8),
3513 1241 3672 1296 quam

2077 1308 2266 1366 subter
2324 1312 2460 1382 ignis
2505 1313 2590 1386 (lt)
2629 1325 2931 1385 exspectat.
2970 1317 3236 1374 Craterum
3284 1333 3384 1373 nos
3430 1332 3674 1374 amemus

2078 1403 2386 1473 patientiam
2437 1405 2551 1473 Dei,
2576 1407 2883 1477 patientiam
2921 1408 3118 1465 Christi
3152 1425 3166 1464 :
3195 1409 3554 1480 rependamus
3599 1409 3674 1465 illi

2075 1510 2235 1567 quam
2278 1512 2374 1567 pro
2406 1499 2562 1556 nobis
2584 1499 2698 1570 ipse
2718 1500 2975 1573 dependit
3003 1501 3106 1573 (9).
3140 1501 3441 1558 Oﬂ'cramus
3463 1502 3672 1571 patien-

2073 1587 2203 1644 tiam
2231 1589 2476 1659 spiritus,
2502 1593 2810 1662 patientiam
2863 1594 3063 1660 carnis,
3112 1595 3202 1666 qui
3233 1594 3284 1650 in
3313 1592 3670 1652 resurrectio-

2068 1695 2192 1738 nem
2215 1681 2330 1757 (lO)
2369 1685 2549 1742 carnis
2573 1695 2628 1744 et
2651 1687 2870 1758 spiritus
2893 1687 3183 1746 credimus.

1597 1768 1982 1830 LECTIONES
2020 1772 2434 1834 VARIANTES.

437 1855 512 1970 ρ)
536 1857 670 1908 Eam.
713 1857 766 1909 Si
790 1869 881 1908 nos
903 1870 1013 1908 eam
1035 1872 1147 1910 cum
1168 1860 1344 1923 Spiritu
1372 1870 1554 1912 Wouw.
1582 1870 1678 1912 us.
1702 1870 1818 1913 Jun.
1860 1877 1968 1916 ma-

455 1926 491 1970 t.
520 1920 750 1970 patientia
771 1921 1049 1970 comitatur.
1074 1921 1196 1970 Eam
1218 1924 1259 1970 si
1282 1935 1372 1970 nos
1394 1937 1504 1970 cum
1520 1924 1695 1970 sniritn
1714 1925 1842 1970 adm.
1869 1936 1967 1970 etc-

375 1920 750 1992 tmlglpatientia
771 1921 1049 1992 comitatur.
1074 1920 1208 1972 Eam'
1218 1924 1259 1973 si
1282 1935 1372 1973 nos
1394 1937 1504 1974 cum
1520 1924 1695 1988 spiritu
1714 1925 1842 1976 adm.
1869 1936 1968 1980 etc.

438 1981 635 2039 (2)‘Nos
652 1991 800 2033 nan.
828 1982 994 2035 Paris.

437 2043 514 2109 (3)
536 2044 640 2095 Imo
662 2046 830 2110 nescio
853 2058 914 2095 an
935 2046 1021 2096 diu
1042 2048 1155 2110 quis
1176 2052 1473 2110 perseveret
1511 2049 1622 2099 sine
1663 2062 1752 2098 sua
1788 2052 1972 2102 comite

437 2060 514 2109 ιο)
538 2060 640 2095 imo
662 2060 830 2096 nescio
853 2060 914 2095 an
935 2060 1021 2096 am
1036 2060 1155 2159 ⁴ἓως»
1176 2060 1473 2110 perseveret
1511 2061 1622 2099 sine
1663 2062 1752 2098 sua
1788 2060 1972 2102 comite

357 2108 499 2158 Jun.
524 2121 756 2172 semper:
783 2109 879 2159 imo
901 2121 952 2158 ιι.
973 2122 1018 2157 a.
1075 2146 1086 2157 .
1112 2116 1408 2172 perseveret
1429 2111 1537 2162 sine
1557 2125 1645 2162 sua
1667 2126 1712 2162 c.
1753 2126 1798 2163 a.
1831 2115 1974 2165 mini-

361 2178 506 2234 .str‘a.
523 2168 667 2234 omni
691 2168 723 2220 l.
743 2178 778 2220 t.
806 2176 1033 2234 tangatur
1054 2168 1212 2222 n.'est
1231 2171 1386 2222 Rhea.

380 2230 540 2346 Μἕῇ
561 2231 681 2283 Haec
715 2246 867 2296 opera
891 2230 1113 2284 caelestis
1155 2241 1208 2285 et
1240 2247 1401 2296 verae,
1456 2233 1645 2288 scilicet
1689 2236 1978 2290 Christianae

424 2307 558 2360 tgatt.

2133 1867 2208 1934 (ξ)
2231 1867 2564 1934 Magnitudiue
2591 1873 2712 1924 Jun.

2134 1927 2210 1995 (6)
2248 1927 2635 2002 Contumeliosos
2679 1937 2894 1999 patronis
2933 1945 3118 1988 Wouw.
3158 1943 3252 1988 ttts.
3298 1935 3670 1988 contumeliosis

2074 1995 2291 2061 rationis
2307 1993 2485 2061 1119‘“!-
3055 2057 3064 2061 -
3219 2055 3230 2061 -
3304 2058 3313 2061 _

2141 2053 2218 2124 (7)
2241 2053 2576 2124 gula'trouw.
2603 2066 2699 2118 πε,
2723 2065 2980 2124 utrumque
3014 2057 3148 2112 abest
3170 2055 3351 2124 Rigalt.

2141 2072 2187 2114 ιι
2243 2072 2365 2105 uuta
2395 2072 2576 2108 wouw.
2603 2072 2699 2118 tls,
2723 2072 2802 2111 utr
3014 2072 3148 2112 abest
3170 2072 3318 2124 rugat

2241 2117 2470 2193 Eiderint
2483 2133 2621 2193 suam
2645 2123 2722 2172 sui
2746 2072 2980 2186 mw
2999 2135 3145 2187 quam
3167 2131 3318 2173 Fran.

2141 2059 2191 2114 (7
2243 2059 2576 2108 Gula'Wouw.
2603 2068 2654 2111 Μ.

2141 2115 2195 2176 (8
2241 2117 2468 2169 Viderint.
2483 2133 2654 2171 suam:

2141 2177 2196 2307 (9
2243 2178 2478 2232 Defendit
2500 2181 2654 2234 Rhea.

2167 2243 2186 2292 1
2228 2241 2654 2307 )Quiresurrecti

2228 2242 2247 2307 )
2273 2241 2363 2303 Qui
2382 2247 2800 2298 resurrectionem
2834 2247 2958 2297 Jun.

1755 2381 2320 2450 COMMENTARIUS.

1755 2387 2088 2446 COMMENT
2142 2392 2181 2446 Β
2305 2435 2320 2450 .

634 2472 1966 2563 33115—19)Qsmnqtggtrifitufpeidecemiugem.
2000 2487 2050 2546 B
2078 2391 2409 2563 t‘i‘bubfjlgotat
2451 2497 2895 2563 testamentorum
2943 2498 3246 2563 captatores
3269 2530 3286 2558 ,
3324 2502 3462 2563 quos
3497 2497 3674 2561 satyra

382 2545 713 2630 S_ensus_est
761 2561 774 2598 :
823 2545 1025 2630 Spiritu
1059 2545 1170 2630 Dei;
1192 2546 1244 2600 in
1283 2545 1631 2630 christianum
1659 2550 1970 2630 quempiam

379 2615 740 2672 descendente
755 2657 775 2686 ,ν
815 2632 920 2670 una
944 2616 1109 2672 etiam
1137 2615 1416 2672 descendit
1472 2615 1748 2686 patientia,
1788 2615 1975 2678 comes

384 2687 679 2758 individua.
700 2685 1078 2742 Admittendus
1098 2687 1260 2757 igitur
1283 2701 1406 2742 cum
1427 2685 1525 2742 sua
1553 2689 1772 2745 comite.
1796 2690 1971 2758 Quam

378 2759 424 2811 si
454 2773 558 2812 non
591 2757 969 2813 admiserimus
1012 2772 1135 2813 cum
1157 2758 1382 2828 Spiritu.
1405 2759 1752 2816 credimusne
1776 2757 1892 2818 fore
1916 2773 1976 2820 nt

361 2828 598 2898 Spiritui
624 2844 837 2898 semper
853 2829 905 2883 in
931 2829 1086 2883 nobis
1104 2827 1300 2883 morari
1317 2827 1516 2883 libeat?
1544 2830 1676 2895 lmo,
1701 2833 1884 2888 nescio
1904 2848 1973 2890 an

379 2898 616 2956 resideat
648 2898 1052 2968 aliquantisper.
1072 2899 1281 2954 Etenim
1304 2899 1422 2953 sine
1452 2913 1547 2954 sua
1577 2901 1774 2957 comite
1797 2919 1859 2958 ac
1873 2905 1974 2958 mi-

379 2970 547 3024 nistra
571 2969 772 3040 ubique
799 2985 1015 3039 semper
1043 2970 1236 3024 anxius
1259 2983 1323 3025 ac
1346 2970 1637 3040 perplexus
1659 2971 1922 3029 laborabit
1951 2992 1966 3030 :

378 3040 753 3112 quodcumque
778 3041 1025 3112 diabolus
1066 3040 1353 3112 inllixerit,
1387 3040 1533 3096 solus
1567 3042 1833 3112 sustinere
1860 3058 1966 3100 non

379 3111 596 3181 poterit,
618 3111 810 3168 carens
837 3111 1071 3167 satellite
1097 3127 1216 3177 suo,
1248 3111 1503 3182 patientia
1527 3111 1754 3181 scilicet,
1786 3113 1969 3170 fortis-

376 3183 517 3237 simo
554 3183 851 3238 sustinendi
883 3183 1263 3238 instrumento.
1295 3182 1416 3238 Btc.

449 3255 469 3324 (
492 3254 560 3324 b)
604 3254 891 3326 Lenociniis
925 3255 1260 3324 negotiantes.
1295 3254 1467 3326 Etiam
1496 3253 1613 3310 haec
1642 3255 1854 3326 phrasis
1885 3266 1970 3313 est

375 3324 866 3398 jureconsultorum
907 3343 921 3379 :
973 3340 1123 3398 nam,
1167 3334 1303 3398 teste
1347 3324 1598 3398 Ulpiano,
1639 3324 1718 3398 fde
1766 3328 1832 3382 iis
1877 3329 1969 3398 qui

374 3395 631 3469 notantur
670 3395 886 3451 infamia
912 3438 926 3461 ,
971 3395 1040 3469 (ε.
1075 3397 1114 3469 l.
1153 3395 1432 3469 athletas),
1475 3396 1801 3469 lenocinium
1845 3395 1972 3454 facit

374 3468 823 3540 quiqumstuaria
853 3466 1118 3538 mancipia
1138 3467 1425 3540 liabuerit,
1458 3466 1555 3522 sed
1595 3477 1650 3523 et
1684 3469 1776 3540 qui
1812 3471 1864 3524 in
1907 3470 1972 3526 li-

373 3537 525 3593 beris
565 3539 750 3607 (adde
797 3553 863 3593 ex
916 3539 1181 3611 sententia
1221 3539 1462 3594 auctoris
1508 3537 1779 3611 uxorem)
1829 3540 1974 3598 hunc

371 3618 636 3678 quaestum
669 3619 906 3665 exercet.
941 3609 1077 3664 ΡΑιι.
1761 3609 1777 3653 ὲ

451 3681 524 3751 (c)
547 3680 884 3751 Aucupandis
923 3681 1239 3737 orbitatibus.
1279 3680 1570 3736 Notissima
1599 3689 1682 3738 est
1715 3682 1972 3740 sedulitas

373 3749 832 3821 literedipetarnm
888 3751 977 3822 qui
1005 3751 1200 3810 -orbos
1259 3751 1590 3822 coelibesque
1653 3754 1972 3810 muneribus

369 3823 631 3895 omnique
671 3823 1219 3895 ciliciorumgenere
1269 3823 1558 3895 palpabant
1611 3834 1668 3879 ut
1723 3824 1970 3881 hatredcs

337 3893 760 3950 scriberentur.
796 3893 874 3948 De
905 3894 970 3946 iis
994 3894 1047 3948 in
1077 3893 1374 3949 Paradoxis
1409 3893 1638 3950 Tullius.
1676 3895 1750 3951 De
1773 3896 1963 3952 iisdem

369 3961 430 4036 Β.
463 3964 856 4036 Hieronymus,
894 3963 1066 4033 Epist.
1097 3964 1154 4031 2,
1186 3981 1306 4036 qua:
1341 3974 1425 4020 est
1459 3965 1524 4019 ad
1554 3964 1908 4036 Nepotianum
1945 3985 1959 4022 :

371 4035 537 4088 Audio
577 4035 844 4105 praeterea,
885 4036 936 4088 in
965 4052 1107 4090 senes
1147 4035 1352 4106 etjanus
1392 4039 1579 4106 absque
1611 4035 1801 4100 liberis,
1830 4055 1960 4105 quo-

368 4109 601 4178 rumdam
651 4118 798 4175 turpe
853 4108 1129 4160 servitium.
1179 4105 1319 4177 Ipsis
1357 4105 1624 4178 apponunt
1673 4109 1956 4176 matulam,

366 4175 596 4263 obsident
639 4179 849 4242 lectum,
894 4175 1245 4260 purulentiam.
1277 4175 1524 4263 stomachi
1572 4175 1958 4263 et'pltlegmata

366 4247 622 4314 pulmonis
666 4265 821 4302 manu
871 4249 1080 4316 propria
1110 4249 1432 4318 suscipiunt,
1465 4258 1571 4304 etc.
1605 4247 1742 4305 Vide
1785 4247 1953 4305 totam

365 4319 668 4385 epistolam,
700 4329 845 4374 torno
872 4322 913 4373 ι.
944 4318 1022 4373 Le
1054 4319 1147 4373 l’n.
1191 4349 1261 4360 —
1291 4320 1418 4386 Qua:
1431 4321 1751 4390 aucupandis
1766 4322 1956 4375 orbita-

2079 2557 2394 2633 duodecima
2431 2562 2606 2633 arguit
2634 2562 2929 2618 Juvenalis.
2956 2557 3129 2617 Ritus.

2151 2630 2232 2701 (d)
2275 2630 2406 2699 Qum
2427 2630 2613 2686 ventris
2639 2634 2920 2704 operarios.
2952 2632 3200 2703 Appellat
3232 2631 3510 2701 operarios
3537 2646 3672 2688 ven-

2080 2700 2366 2775 tris,'cum_
2421 2700 2808 2775 parasitosret‘
2842 2700 3135 2775 alienarum
3178 2700 3484 2757 mensarum
3527 2715 3675 2757 asse-

2078 2772 2216 2834 clas,
2242 2772 2455 2844 (quibus
2496 2775 2626 2828 nihil
2667 2772 2811 2828 aliud
2858 2785 2941 2827 est
2985 2774 3155 2844 magis
3197 2787 3361 2844 curm,
3396 2787 3570 2844 (quam
3619 2782 3677 2828 ut

2078 2843 2252 2914 ventri
2281 2843 2508 2898 satisﬁat
2534 2859 2549 2908 ;
2579 2852 2688 2897 tum
2717 2858 2811 2900 eos
2834 2845 2925 2914 qui
2956 2859 3015 2900 se
3037 2845 3086 2898 in
3111 2843 3333 2898 divitum
3361 2843 3668 2914 clientelam

2079 2912 2311 2978 tradunt,
2338 2916 2530 2987 quibus
2560 2915 2634 2987 illi
2664 2912 3186 2987 postea'abutantur.
3211 2914 3462 2987 Rasu.—
3474 2913 3672 2971 Ventris

2078 2987 2358 3053 operarios.
2407 2985 2681 3041 Parasitos
2711 3000 2846 3056 quos
2877 2995 2931 3041 et
2977 2985 3230 3050 Lucilius,
3268 2985 3528 3042 Ventres:

2195 3076 2376 3139 Vivite,
2397 3074 2646 3139 lurcones,
2665 3079 2982 3140 comedones,
3009 3079 3178 3143 vivite,
3201 3084 3422 3130 ventres.

2141 3180 2263 3252 Ipse
2274 3181 2501 3255 Tertull.
2513 3225 2528 3249 ,
2544 3183 2598 3238 in
2614 3183 2844 3255 Apolog.
2871 3201 2884 3238 :
2906 3181 3144 3255 Parasiti
3159 3183 3298 3253 apud
3314 3199 3401 3238 vos
3421 3184 3674 3255 affectant

2071 3252 2141 3324 ad
2153 3254 2371 3324 gloriam
2387 3253 2702 3322 [annulandaz
2717 3252 3078 3320 libertatis,sub
3089 3263 3471 3308 auctoramento
3480 3252 3674 3324 bentris

2071 3322 2204 3396 inter
2215 3325 2543 3379 contumelias
2557 3326 2849 3396 saginandi.
2869 3325 3158 3394 Propterea
3172 3340 3297 3380 mox
3315 3323 3671 3394 parasitorum

2077 3394 2850 3466 invitatores,contumeliosos
2879 3405 3135 3466 patronos
3172 3404 3466 3466 nuncupat.
3499 3399 3674 3466 Atque

1997 3437 2042 3500 C
2077 3437 2862 3550 i3§i'3§i§§ﬁ}§3§h"63rﬁi€5£,
2881 3437 3673 3550 ἱῖᾆὲῖέίεἷ

2075 3535 2283 3608 ηθε.ίΕι
2301 3535 2649 3592 invitatorum
2665 3553 2864 3593 mensa:
2887 3535 3102 3608 iniquas,
3121 3536 3396 3593 Juvenalis
3416 3535 3533 3592 Sat.
3549 3535 3670 3608 Bue.

2148 3607 2224 3680 (e)
2256 3607 2516 3680 Patientes
2547 3610 2786 3680 riualium
2809 3619 2853 3663 et
2879 3599 3098 3680 divi-tum
3119 3619 3164 3662 et
3192 3609 3541 3680 incitaturum.
3571 3607 3674 3661 Pa-

2077 3677 2269 3736 tient‘es
2296 3679 2542 3736 rivalium
2571 3679 2703 3734 dicit
2727 3681 2949 3734 maritos
2976 3679 3104 3735 dote
3124 3677 3377 3735 venales:
3398 3678 3674 3734 Patientes

2073 3750 2296 3806 divitum
2321 3751 2675 3821 haeredipetas
2703 3750 3018 3806 insidiantes
3058 3749 3285 3805 divitum
3316 3748 3668 3821 ~orbitatibus;

2074 3822 2339 3890 patientes
2368 3819 2734 3888 invitatorum,
2761 3821 3043 3892 parasitos.
3074 3821 3162 3891 qui
3191 3819 3332 3892 apud
3359 3819 3674 3876 invitatores

2073 3893 2620 3948 contumeliosissime
2645 3891 2957 3963 paseebant.
2991 3891 3111 3948 RIG.

2146 3964 2212 4042 (0
2235 3965 2343 4020 Sed
2362 3964 2542 4042 uiderit
2577 3959 2690 4020 sua.
2714 3963 2918 4042 Yiderit
2939 3962 3194 4033 patientia
3218 3959 3672 4042 Nationutnpqutn

2068 4033 2265 4092 rivales
2306 4047 2362 4091 et
2405 4035 2600 4092 divites
2639 4046 2693 4092 et
2729 4035 3043 4090 invitatores
3089 4033 3672 4088 contumeliosissimos

2067 4110 2289 4178 patitur.
2321 4108 2444 4164 th.

2137 4179 2216 4248 (g)
2246 4180 2341 4235 Sui
2361 4180 2612 4247 prwsidis.
2644 4177 2881 4232 Satantn.
2909 4174 3030 4248 lito.

2135 4242 2216 4323 (li)
2244 4242 2431 4305 Subter
2456 4251 2609 4320 ignis.
2633 4248 2776 4318 Ignis
2799 4247 2981 4300 arcani
3005 4244 3108 4300 sub
3131 4251 3331 4301 terram
3362 4242 3668 4323 thesaurus.

3459 4315 3583 4373 th.

423 4433 1099 4448 Μ*

364 4431 3671 4491 525W

365 4575 755 4661 QUINTI
797 4578 1289 4662 SEPTIMII
1343 4579 1936 4655 FLORENTIS
2006 4580 2770 4654 TERTULLIANI
2828 4580 2982 4655 AD
3040 4577 3505 4656 UXOREM
3583 4560 3668 4640 (1)

1405 4733 1884 4845 LIBER
1939 4733 2592 4845 PRIMUS.

1837 4910 2207 4965 «arma»

356 5004 1956 5081 Auct:usurum—Tertullianus,sivewtatevelmorboingra-
1983 5009 2036 5069 D
2133 5009 2366 5068 secundis
2393 5010 2582 5082 nuptiis
2628 5009 2909 5076 abstineat,
2957 5009 3010 5064 in
3051 5009 3210 5064 altera
3261 5021 3379 5062 vero
3442 5003 3672 5076 prtccipit

434 5107 658 5152 vescente
683 5099 923 5164 attonitus,
937 5100 1040 5154 sive
1049 5101 1164 5170 jam
1190 5101 1338 5156 rebus
1364 5099 1694 5178 saecularibus
1721 5101 1954 5156 nuntium

434 5190 682 5279 missurus
700 5230 716 5257 ,
769 5201 822 5243 ut
851 5191 1040 5246 arctius
1088 5192 1419 5246 christianam
1448 5193 1768 5262 proﬁteretur
1795 5193 1953 5247 disci-

365 5345 370 5348 η
431 5283 646 5352 plinam,
676 5293 724 5337 et
750 5285 818 5336 ad
842 5282 1067 5338 sublimis
1091 5285 1362 5340 sacerdotii
1389 5285 1592 5358 fastigia
1631 5287 1949 5352 eveheretur,

431 5374 499 5428 ad
528 5390 741 5429 uxorem
780 5376 929 5454 quasi
955 5378 1236 5432 testamenti
1285 5376 1485 5432 tabulas
1511 5379 1771 5446 condidit,
1824 5378 1953 5434 duos

429 5484 610 5538 nempe
659 5468 807 5523 hosce
841 5469 1016 5534 libros,
1042 5470 1096 5524 in
1123 5487 1340 5539 quorum
1384 5473 1547 5540 primo
1572 5487 1782 5528 uxorem
1807 5489 1955 5528 suam

428 5560 664 5616 hortatur
689 5571 744 5616 ut
770 5562 812 5618 si
841 5563 984 5634 prior
1017 5563 1124 5634 ipse
1149 5565 1217 5618 ad
1254 5563 1532 5620 Dominum
1585 5567 1894 5638 migraverit,
1923 5583 1956 5621 a

2967 4475 3278 4486 ——-—-——

2130 5113 2184 5158 ut
2207 5105 2252 5157 si
2277 5103 2464 5159 nubere
2507 5103 2656 5166 uelit,
2705 5111 2903 5158 tantum
2927 5118 3044 5157 cum
3084 5101 3362 5158 christiano
3389 5100 3495 5154 uiro
3543 5112 3670 5152 con-

2125 5198 2393 5268 jungatur.
2415 5195 2507 5252 Sic
2524 5211 2578 5250 se
2606 5195 2751 5250 habet
2772 5195 2922 5251 totius
2947 5197 3114 5264 operis
3139 5203 3459 5266 prospectus.

2578 5286 2806 5344 CAPUT
2845 5285 3131 5344 PRIMUM.

2133 5379 2359 5448 Dignum
2390 5379 2515 5434 duxi
2546 5378 2652 5452 (2),
2673 5379 3014 5435 dilectissitna
3045 5377 3174 5432 milii
3233 5377 3311 5450 (5)
3347 5378 3399 5434 in
3441 5377 3671 5436 Domino

2060 5487 2345 5535 conserva,
2402 5471 2526 5542 quid
2569 5471 2660 5526 tibi
2687 5471 3002 5527 sectandum
3029 5471 3100 5526 sit
3126 5480 3243 5544 post
3274 5470 3568 5528 discessum
3599 5473 3669 5528 de

2058 5567 2260 5624 saeculo
2285 5582 2486 5632 mcum,
2505 5565 2548 5622 si
2569 5565 2715 5637 prior
2742 5573 2794 5620 te
2826 5564 2976 5622 luero
3005 5574 3247 5631 vocatus,
3270 5564 3381 5637 jam
3399 5566 3523 5622 hinc
3543 5580 3670 5640 pro-

1597 5679 1980 5740 LECTIONES
2019 5680 2329 5741 VARIANT
2336 5680 2438 5736 ES.

367 5769 370 5772 ’
415 5766 489 5894 Et;
522 5769 736 5844 Additur
757 5771 824 5822 de
844 5772 956 5845 unis
979 5771 1162 5834 nuptiis
1184 5779 1331 5844 nam

438 5831 468 5880 ἓ
522 5833 738 5894 Dignum
759 5834 895 5894 dust,
920 5833 1089 5886 aberat
1110 5846 1143 5884 a
1162 5847 1323 5894 prima

438 5831 489 5894 ἓ)
522 5833 738 5897 Dignum
759 5834 895 5895 duxi,
920 5831 1089 5886 aberat
1110 5846 1143 5884 a
1162 5835 1323 5900 prima
1346 5832 1495 5886 Rhea.

2113 5773 2188 5840 (3)
2226 5781 2297 5826 tta
2320 5775 2470 5826 Fran.
2492 5773 2656 5826 Paris.
2675 5770 2784 5840 Rig.
2809 5774 2927 5826 mihi
2961 5770 3090 5826 delet
3107 5771 3320 5827 Semler.
