  <div class='ocr_page' id='page_1' title='image "/cluster/home/n/w/nwhite01/storage/ocr_20150623/1/hvd.32044054128335/661.png"; bbox 0 0 2092 3129; ppageno 0'>
   <div class='ocr_carea' id='block_1_1' title="bbox 308 143 380 194">
    <p class='ocr_par' dir='ltr' id='par_1_1' title="bbox 308 143 380 194">
     <span class='ocr_line' id='line_1_1' title="bbox 308 143 380 194; baseline -0.014 -19"><span class='ocrx_word' id='word_1_1' title='bbox 308 143 380 194; x_wconf 57' lang='grc' dir='ltr'><strong>μετθ</strong></span> 
     </span>
    </p>
   </div>
   <div class='ocr_carea' id='block_1_2' title="bbox 309 250 1110 288">
    <p class='ocr_par' dir='ltr' id='par_1_2' title="bbox 309 250 1110 288">
     <span class='ocr_line' id='line_1_2' title="bbox 309 250 1110 288; baseline 0 -9"><span class='ocrx_word' id='word_1_2' title='bbox 309 256 352 280; x_wconf 86' lang='lat' dir='ltr'><strong>est</strong></span> <span class='ocrx_word' id='word_1_3' title='bbox 364 252 433 279; x_wconf 85' lang='lat' dir='ltr'><strong>mori</strong></span> <span class='ocrx_word' id='word_1_4' title='bbox 456 251 532 278; x_wconf 90' lang='lat' dir='ltr'><strong>mihi.</strong></span> <span class='ocrx_word' id='word_1_5' title='bbox 548 250 576 279; x_wconf 90' lang='lat' dir='ltr'><strong>Si</strong></span> <span class='ocrx_word' id='word_1_6' title='bbox 592 250 677 287; x_wconf 88' lang='lat' dir='ltr'><strong>ploro,</strong></span> <span class='ocrx_word' id='word_1_7' title='bbox 692 251 790 279; x_wconf 93' lang='lat' dir='ltr'><strong>bonum</strong></span> <span class='ocrx_word' id='word_1_8' title='bbox 812 255 865 285; x_wconf 88' lang='lat' dir='ltr'><strong>est,</strong></span> <span class='ocrx_word' id='word_1_9' title='bbox 880 250 952 287; x_wconf 92' lang='lat' dir='ltr'><strong>quod</strong></span> <span class='ocrx_word' id='word_1_10' title='bbox 974 251 996 279; x_wconf 89' lang='lat' dir='ltr'><strong>si</strong></span> <span class='ocrx_word' id='word_1_11' title='bbox 1012 250 1053 288; x_wconf 86' lang='lat' dir='ltr'><strong>(i)</strong></span> <span class='ocrx_word' id='word_1_12' title='bbox 1074 251 1110 279; x_wconf 81' lang='lat' dir='ltr'><strong>ti-</strong></span> 
     </span>
    </p>
   </div>
   <div class='ocr_carea' id='block_1_3' title="bbox 308 298 1110 335">
    <p class='ocr_par' dir='ltr' id='par_1_3' title="bbox 308 298 1110 335">
     <span class='ocr_line' id='line_1_3' title="bbox 308 298 1110 335; baseline -0.002 -7"><span class='ocrx_word' id='word_1_13' title='bbox 308 306 382 333; x_wconf 80' lang='lat' dir='ltr'><strong>meo,</strong></span> <span class='ocrx_word' id='word_1_14' title='bbox 399 298 471 334; x_wconf 90' lang='lat' dir='ltr'><strong>quod</strong></span> <span class='ocrx_word' id='word_1_15' title='bbox 491 298 665 334; x_wconf 86' lang='lat' dir='ltr'><strong>permittitur,</strong></span> <span class='ocrx_word' id='word_1_16' title='bbox 681 303 832 335; x_wconf 97' lang='lat' dir='ltr'><strong>suspectam</strong></span> <span class='ocrx_word' id='word_1_17' title='bbox 856 298 935 326; x_wconf 86' lang='lat' dir='ltr'><strong>habet</strong></span> <span class='ocrx_word' id='word_1_18' title='bbox 954 298 1110 334; x_wconf 88' lang='lat' dir='ltr'><strong>permissio-</strong></span> 
     </span>
    </p>
   </div>
   <div class='ocr_carea' id='block_1_4' title="bbox 309 344 1111 380">
    <p class='ocr_par' dir='ltr' id='par_1_4' title="bbox 309 344 1111 380">
     <span class='ocr_line' id='line_1_4' title="bbox 309 344 1111 380; baseline -0.002 -6"><span class='ocrx_word' id='word_1_19' title='bbox 309 345 353 375; x_wconf 89' lang='lat' dir='ltr'><strong>nis</strong></span> <span class='ocrx_word' id='word_1_20' title='bbox 366 351 423 372; x_wconf 72' lang='lat' dir='ltr'><strong>sute</strong></span> <span class='ocrx_word' id='word_1_21' title='bbox 435 351 559 373; x_wconf 80' lang='lat' dir='ltr'><strong>caussam</strong></span> <span class='ocrx_word' id='word_1_22' title='bbox 573 353 579 371; x_wconf 94' lang='lat'>:</span> <span class='ocrx_word' id='word_1_23' title='bbox 592 344 664 380; x_wconf 87' lang='lat' dir='ltr'><strong>quod</strong></span> <span class='ocrx_word' id='word_1_24' title='bbox 677 350 767 373; x_wconf 89' lang='lat' dir='ltr'><strong>autem</strong></span> <span class='ocrx_word' id='word_1_25' title='bbox 783 345 879 373; x_wconf 92' lang='lat' dir='ltr'><strong>melius</strong></span> <span class='ocrx_word' id='word_1_26' title='bbox 892 349 942 378; x_wconf 88' lang='lat' dir='ltr'><strong>est,</strong></span> <span class='ocrx_word' id='word_1_27' title='bbox 958 351 1039 373; x_wconf 86' lang='lat' dir='ltr'><strong>nemo</strong></span> <span class='ocrx_word' id='word_1_28' title='bbox 1051 352 1111 380; x_wconf 86' lang='lat' dir='ltr'><strong>per-</strong></span> 
     </span>
    </p>
   </div>
   <div class='ocr_carea' id='block_1_5' title="bbox 309 390 1110 426">
    <p class='ocr_par' dir='ltr' id='par_1_5' title="bbox 309 390 1110 426">
     <span class='ocr_line' id='line_1_5' title="bbox 309 390 1110 426; baseline -0.002 -7"><span class='ocrx_word' id='word_1_29' title='bbox 309 390 395 424; x_wconf 90' lang='lat' dir='ltr'><strong>misit,</strong></span> <span class='ocrx_word' id='word_1_30' title='bbox 412 395 440 418; x_wconf 93' lang='lat' dir='ltr'><strong>ut</strong></span> <span class='ocrx_word' id='word_1_31' title='bbox 455 390 633 419; x_wconf 80' lang='lat' dir='ltr'><strong>indubitatum</strong></span> <span class='ocrx_word' id='word_1_32' title='bbox 649 395 677 420; x_wconf 90' lang='lat' dir='ltr'><strong>et</strong></span> <span class='ocrx_word' id='word_1_33' title='bbox 690 393 743 426; x_wconf 57' lang='lat' dir='ltr'><strong>:sua</strong></span> <span class='ocrx_word' id='word_1_34' title='bbox 759 391 914 419; x_wconf 83' lang='lat' dir='ltr'><strong>sinceritate</strong></span> <span class='ocrx_word' id='word_1_35' title='bbox 930 390 1110 418; x_wconf 86' lang='lat' dir='ltr'><strong>manifestum.</strong></span> 
     </span>
    </p>
   </div>
   <div class='ocr_carea' id='block_1_6' title="bbox 308 436 1112 473">
    <p class='ocr_par' dir='ltr' id='par_1_6' title="bbox 308 436 1112 473">
     <span class='ocr_line' id='line_1_6' title="bbox 308 436 1112 473; baseline -0.001 -8"><span class='ocrx_word' id='word_1_36' title='bbox 308 436 367 465; x_wconf 84' lang='lat' dir='ltr'><strong>Non</strong></span> <span class='ocrx_word' id='word_1_37' title='bbox 383 441 524 473; x_wconf 77' lang='lat' dir='ltr'><strong>propterea</strong></span> <span class='ocrx_word' id='word_1_38' title='bbox 538 436 689 473; x_wconf 88' lang='lat' dir='ltr'><strong>appetenda</strong></span> <span class='ocrx_word' id='word_1_39' title='bbox 702 441 764 465; x_wconf 85' lang='lat' dir='ltr'><strong>sunt</strong></span> <span class='ocrx_word' id='word_1_40' title='bbox 779 436 913 473; x_wconf 65' lang='lat' dir='ltr'><strong>quaedam,</strong></span> <span class='ocrx_word' id='word_1_41' title='bbox 926 437 988 473; x_wconf 87' lang='lat' dir='ltr'><strong>quia</strong></span> <span class='ocrx_word' id='word_1_42' title='bbox 1001 445 1054 464; x_wconf 89' lang='lat' dir='ltr'><strong>non</strong></span> <span class='ocrx_word' id='word_1_43' title='bbox 1066 444 1112 464; x_wconf 86' lang='lat' dir='ltr'><strong>ve-</strong></span> 
     </span>
    </p>
   </div>
   <div class='ocr_carea' id='block_1_7' title="bbox 311 484 1113 520">
    <p class='ocr_par' dir='ltr' id='par_1_7' title="bbox 311 484 1113 520">
     <span class='ocr_line' id='line_1_7' title="bbox 311 484 1113 520; baseline 0 -9"><span class='ocrx_word' id='word_1_44' title='bbox 311 487 419 517; x_wconf 90' lang='lat' dir='ltr'><strong>tantur,</strong></span> <span class='ocrx_word' id='word_1_45' title='bbox 435 484 494 512; x_wconf 83' lang='lat' dir='ltr'><strong>.‘etsi</strong></span> <span class='ocrx_word' id='word_1_46' title='bbox 520 484 720 520; x_wconf 90' lang='lat' dir='ltr'><strong>quodammodo</strong></span> <span class='ocrx_word' id='word_1_47' title='bbox 743 488 878 519; x_wconf 89' lang='lat' dir='ltr'><strong>vetantur,</strong></span> <span class='ocrx_word' id='word_1_48' title='bbox 903 492 964 512; x_wconf 92' lang='lat' dir='ltr'><strong>cum</strong></span> <span class='ocrx_word' id='word_1_49' title='bbox 988 484 1040 511; x_wconf 90' lang='lat' dir='ltr'><strong>alia</strong></span> <span class='ocrx_word' id='word_1_50' title='bbox 1060 484 1113 512; x_wconf 92' lang='lat' dir='ltr'><strong>illis</strong></span> 
     </span>
    </p>
   </div>
   <div class='ocr_carea' id='block_1_8' title="bbox 310 530 1112 568">
    <p class='ocr_par' dir='ltr' id='par_1_8' title="bbox 310 530 1112 568">
     <span class='ocr_line' id='line_1_8' title="bbox 310 530 1112 568; baseline -0.001 -9"><span class='ocrx_word' id='word_1_51' title='bbox 310 530 490 566; x_wconf 72' lang='lat' dir='ltr'><strong>praeferuntur</strong></span> <span class='ocrx_word' id='word_1_52' title='bbox 504 539 511 558; x_wconf 95' lang='lat'>:</span> <span class='ocrx_word' id='word_1_53' title='bbox 528 531 649 567; x_wconf 69' lang='lat' dir='ltr'><strong>prmlatio</strong></span> <span class='ocrx_word' id='word_1_54' title='bbox 659 532 729 559; x_wconf 90' lang='lat' dir='ltr'><strong>enim</strong></span> <span class='ocrx_word' id='word_1_55' title='bbox 740 532 909 567; x_wconf 86' lang='lat' dir='ltr'><strong>superiorum</strong></span> <span class='ocrx_word' id='word_1_56' title='bbox 924 530 965 568; x_wconf 76' lang='lat'><strong>(2)</strong></span> <span class='ocrx_word' id='word_1_57' title='bbox 979 530 1112 559; x_wconf 83' lang='lat' dir='ltr'><strong>dissuasio</strong></span> 
     </span>
    </p>
   </div>
   <div class='ocr_carea' id='block_1_9' title="bbox 311 576 1114 615">
    <p class='ocr_par' dir='ltr' id='par_1_9' title="bbox 311 576 1114 615">
     <span class='ocr_line' id='line_1_9' title="bbox 311 576 1114 615; baseline 0.002 -11"><span class='ocrx_word' id='word_1_58' title='bbox 311 580 353 605; x_wconf 88' lang='lat' dir='ltr'><strong>est</strong></span> <span class='ocrx_word' id='word_1_59' title='bbox 374 576 541 605; x_wconf 85' lang='lat' dir='ltr'><strong>inﬁrmorum</strong></span> <span class='ocrx_word' id='word_1_60' title='bbox 558 577 610 615; x_wconf 77' lang='grc' dir='ltr'><strong>(ὅ).</strong></span> <span class='ocrx_word' id='word_1_61' title='bbox 637 578 695 606; x_wconf 89' lang='lat' dir='ltr'><strong>Non</strong></span> <span class='ocrx_word' id='word_1_62' title='bbox 711 578 772 606; x_wconf 91' lang='lat' dir='ltr'><strong>idco</strong></span> <span class='ocrx_word' id='word_1_63' title='bbox 786 578 849 614; x_wconf 92' lang='lat' dir='ltr'><strong>quid</strong></span> <span class='ocrx_word' id='word_1_64' title='bbox 863 579 961 606; x_wconf 88' lang='lat' dir='ltr'><strong>bonum</strong></span> <span class='ocrx_word' id='word_1_65' title='bbox 976 582 1028 612; x_wconf 86' lang='lat' dir='ltr'><strong>est,</strong></span> <span class='ocrx_word' id='word_1_66' title='bbox 1050 578 1114 614; x_wconf 83' lang='lat' dir='ltr'><strong>quia</strong></span> 
     </span>
    </p>
   </div>
   <div class='ocr_carea' id='block_1_10' title="bbox 312 623 1114 662">
    <p class='ocr_par' dir='ltr' id='par_1_10' title="bbox 312 623 1114 662">
     <span class='ocr_line' id='line_1_10' title="bbox 312 623 1114 662; baseline 0.002 -11"><span class='ocrx_word' id='word_1_67' title='bbox 312 623 412 655; x_wconf 90' lang='lat' dir='ltr'><strong>malum</strong></span> <span class='ocrx_word' id='word_1_68' title='bbox 433 632 486 652; x_wconf 94' lang='lat' dir='ltr'><strong>non</strong></span> <span class='ocrx_word' id='word_1_69' title='bbox 501 629 562 652; x_wconf 84' lang='lat' dir='ltr'><strong>est:</strong></span> <span class='ocrx_word' id='word_1_70' title='bbox 580 632 632 653; x_wconf 87' lang='lat' dir='ltr'><strong>nec</strong></span> <span class='ocrx_word' id='word_1_71' title='bbox 646 625 707 653; x_wconf 91' lang='lat' dir='ltr'><strong>ideo</strong></span> <span class='ocrx_word' id='word_1_72' title='bbox 723 625 824 653; x_wconf 86' lang='lat' dir='ltr'><strong>malum</strong></span> <span class='ocrx_word' id='word_1_73' title='bbox 837 633 898 660; x_wconf 60' lang='lat' dir='ltr'><strong>,non</strong></span> <span class='ocrx_word' id='word_1_74' title='bbox 917 629 960 653; x_wconf 91' lang='lat' dir='ltr'><strong>est</strong></span> <span class='ocrx_word' id='word_1_75' title='bbox 974 624 1031 662; x_wconf 66' lang='lat'><strong>(4),</strong></span> <span class='ocrx_word' id='word_1_76' title='bbox 1052 625 1114 661; x_wconf 90' lang='lat' dir='ltr'><strong>quia</strong></span> 
     </span>
    </p>
   </div>
   <div class='ocr_carea' id='block_1_11' title="bbox 311 670 1113 708">
    <p class='ocr_par' dir='ltr' id='par_1_11' title="bbox 311 670 1113 708">
     <span class='ocr_line' id='line_1_11' title="bbox 311 670 1113 708; baseline 0.001 -11"><span class='ocrx_word' id='word_1_77' title='bbox 311 677 366 700; x_wconf 90' lang='lat' dir='ltr'><strong>non</strong></span> <span class='ocrx_word' id='word_1_78' title='bbox 382 670 468 698; x_wconf 84' lang='lat' dir='ltr'><strong>obest.</strong></span> <span class='ocrx_word' id='word_1_79' title='bbox 495 670 580 698; x_wconf 86' lang='lat' dir='ltr'><strong>Porro</strong></span> <span class='ocrx_word' id='word_1_80' title='bbox 602 671 683 706; x_wconf 85' lang='lat' dir='ltr'><strong>plane</strong></span> <span class='ocrx_word' id='word_1_81' title='bbox 706 670 747 708; x_wconf 85' lang='lat'><strong>(5)</strong></span> <span class='ocrx_word' id='word_1_82' title='bbox 769 671 868 700; x_wconf 93' lang='lat' dir='ltr'><strong>bonum</strong></span> <span class='ocrx_word' id='word_1_83' title='bbox 893 671 943 699; x_wconf 90' lang='lat' dir='ltr'><strong>hoc</strong></span> <span class='ocrx_word' id='word_1_84' title='bbox 955 670 1113 705; x_wconf 80' lang='lat' dir='ltr'><strong>antecedet,</strong></span> 
     </span>
    </p>
   </div>
   <div class='ocr_carea' id='block_1_12' title="bbox 312 717 1116 754">
    <p class='ocr_par' dir='ltr' id='par_1_12' title="bbox 312 717 1116 754">
     <span class='ocr_line' id='line_1_12' title="bbox 312 717 1116 754; baseline 0.002 -10"><span class='ocrx_word' id='word_1_85' title='bbox 312 717 386 752; x_wconf 90' lang='lat' dir='ltr'><strong>quod</strong></span> <span class='ocrx_word' id='word_1_86' title='bbox 401 725 454 745; x_wconf 90' lang='lat' dir='ltr'><strong>non</strong></span> <span class='ocrx_word' id='word_1_87' title='bbox 473 718 553 746; x_wconf 91' lang='lat' dir='ltr'><strong>modo</strong></span> <span class='ocrx_word' id='word_1_88' title='bbox 569 725 621 746; x_wconf 94' lang='lat' dir='ltr'><strong>non</strong></span> <span class='ocrx_word' id='word_1_89' title='bbox 636 719 724 752; x_wconf 86' lang='lat' dir='ltr'><strong>obest,</strong></span> <span class='ocrx_word' id='word_1_90' title='bbox 739 719 786 746; x_wconf 89' lang='lat' dir='ltr'><strong>sed</strong></span> <span class='ocrx_word' id='word_1_91' title='bbox 804 719 913 754; x_wconf 88' lang='lat' dir='ltr'><strong>insuper</strong></span> <span class='ocrx_word' id='word_1_92' title='bbox 928 718 1048 754; x_wconf 90' lang='lat' dir='ltr'><strong>prodest.</strong></span> <span class='ocrx_word' id='word_1_93' title='bbox 1063 718 1116 746; x_wconf 87' lang='lat' dir='ltr'><strong>Ita-</strong></span> 
     </span>
    </p>
   </div>
   <div class='ocr_carea' id='block_1_13' title="bbox 313 763 1116 800">
    <p class='ocr_par' dir='ltr' id='par_1_13' title="bbox 313 763 1116 800">
     <span class='ocr_line' id='line_1_13' title="bbox 313 763 1116 800; baseline 0 -9"><span class='ocrx_word' id='word_1_94' title='bbox 313 771 365 800; x_wconf 89' lang='lat' dir='ltr'><strong>que</strong></span> <span class='ocrx_word' id='word_1_95' title='bbox 380 764 419 799; x_wconf 91' lang='lat'><strong>(6)</strong></span> <span class='ocrx_word' id='word_1_96' title='bbox 440 764 519 792; x_wconf 84' lang='lat' dir='ltr'><strong>malle</strong></span> <span class='ocrx_word' id='word_1_97' title='bbox 532 764 626 798; x_wconf 86' lang='lat' dir='ltr'><strong>debes,</strong></span> <span class='ocrx_word' id='word_1_98' title='bbox 644 765 716 800; x_wconf 91' lang='lat' dir='ltr'><strong>quod</strong></span> <span class='ocrx_word' id='word_1_99' title='bbox 739 764 859 800; x_wconf 89' lang='lat' dir='ltr'><strong>prodest,</strong></span> <span class='ocrx_word' id='word_1_100' title='bbox 876 771 954 800; x_wconf 88' lang='lat' dir='ltr'><strong>quam</strong></span> <span class='ocrx_word' id='word_1_101' title='bbox 969 763 1041 800; x_wconf 90' lang='lat' dir='ltr'><strong>quod</strong></span> <span class='ocrx_word' id='word_1_102' title='bbox 1062 771 1116 792; x_wconf 92' lang='lat' dir='ltr'><strong>non</strong></span> 
     </span>
    </p>
   </div>
   <div class='ocr_carea' id='block_1_14' title="bbox 313 810 1116 846">
    <p class='ocr_par' dir='ltr' id='par_1_14' title="bbox 313 810 1116 846">
     <span class='ocr_line' id='line_1_14' title="bbox 313 810 1116 846; baseline 0 -8"><span class='ocrx_word' id='word_1_103' title='bbox 313 810 401 838; x_wconf 83' lang='lat' dir='ltr'><strong>obest.</strong></span> <span class='ocrx_word' id='word_1_104' title='bbox 415 811 455 838; x_wconf 81' lang='lat' dir='ltr'><strong>Ad</strong></span> <span class='ocrx_word' id='word_1_105' title='bbox 472 811 588 846; x_wconf 90' lang='lat' dir='ltr'><strong>primum</strong></span> <span class='ocrx_word' id='word_1_106' title='bbox 602 810 674 838; x_wconf 92' lang='lat' dir='ltr'><strong>enim</strong></span> <span class='ocrx_word' id='word_1_107' title='bbox 695 811 782 839; x_wconf 89' lang='lat' dir='ltr'><strong>locum</strong></span> <span class='ocrx_word' id='word_1_108' title='bbox 798 815 934 839; x_wconf 83' lang='lat' dir='ltr'><strong>certamen</strong></span> <span class='ocrx_word' id='word_1_109' title='bbox 949 818 1031 838; x_wconf 89' lang='lat' dir='ltr'><strong>omne</strong></span> <span class='ocrx_word' id='word_1_110' title='bbox 1049 817 1116 838; x_wconf 92' lang='lat' dir='ltr'><strong>con-</strong></span> 
     </span>
    </p>
   </div>
   <div class='ocr_carea' id='block_1_15' title="bbox 314 855 1117 890">
    <p class='ocr_par' dir='ltr' id='par_1_15' title="bbox 314 855 1117 890">
     <span class='ocr_line' id='line_1_15' title="bbox 314 855 1117 890; baseline 0 -6"><span class='ocrx_word' id='word_1_111' title='bbox 314 855 400 884; x_wconf 89' lang='lat' dir='ltr'><strong>tendit</strong></span> <span class='ocrx_word' id='word_1_112' title='bbox 414 864 421 882; x_wconf 94' lang='lat'>:</span> <span class='ocrx_word' id='word_1_113' title='bbox 437 856 573 884; x_wconf 85' lang='lat' dir='ltr'><strong>secundus</strong></span> <span class='ocrx_word' id='word_1_114' title='bbox 587 856 711 884; x_wconf 82' lang='lat' dir='ltr'><strong>solatium</strong></span> <span class='ocrx_word' id='word_1_115' title='bbox 728 857 819 890; x_wconf 84' lang='lat' dir='ltr'><strong>habet,</strong></span> <span class='ocrx_word' id='word_1_116' title='bbox 837 857 976 884; x_wconf 83' lang='lat' dir='ltr'><strong>victoriam</strong></span> <span class='ocrx_word' id='word_1_117' title='bbox 993 864 1046 884; x_wconf 92' lang='lat' dir='ltr'><strong>non</strong></span> <span class='ocrx_word' id='word_1_118' title='bbox 1068 856 1117 884; x_wconf 88' lang='lat' dir='ltr'><strong>ba-</strong></span> 
     </span>
    </p>
   </div>
   <div class='ocr_carea' id='block_1_16' title="bbox 1023 145 1254 176">
    <p class='ocr_par' dir='ltr' id='par_1_16' title="bbox 1023 145 1254 176">
     <span class='ocr_line' id='line_1_16' title="bbox 1023 145 1254 176; baseline 0 -1"><span class='ocrx_word' id='word_1_119' title='bbox 1023 145 1254 176; x_wconf 75' lang='lat' dir='ltr'><strong>TERTULLIANI</strong></span> 
     </span>
    </p>
   </div>
   <div class='ocr_carea' id='block_1_17' title="bbox 308 202 1149 240">
    <p class='ocr_par' dir='ltr' id='par_1_17' title="bbox 308 202 1149 240">
     <span class='ocr_line' id='line_1_17' title="bbox 308 202 1149 240; baseline 0 -7"><span class='ocrx_word' id='word_1_120' title='bbox 308 204 381 240; x_wconf 85' lang='lat' dir='ltr'><strong>quod</strong></span> <span class='ocrx_word' id='word_1_121' title='bbox 391 203 551 240; x_wconf 88' lang='lat' dir='ltr'><strong>permittitur</strong></span> <span class='ocrx_word' id='word_1_122' title='bbox 565 202 732 232; x_wconf 86' lang='lat' dir='ltr'><strong>bonum&#39;non</strong></span> <span class='ocrx_word' id='word_1_123' title='bbox 747 207 799 233; x_wconf 87' lang='lat' dir='ltr'><strong>est.</strong></span> <span class='ocrx_word' id='word_1_124' title='bbox 807 203 875 238; x_wconf 88' lang='lat' dir='ltr'><strong>Quid</strong></span> <span class='ocrx_word' id='word_1_125' title='bbox 886 203 979 233; x_wconf 78' lang='lat' dir='ltr'><strong>enim?</strong></span> <span class='ocrx_word' id='word_1_126' title='bbox 992 203 1109 233; x_wconf 83' lang='lat' dir='ltr'><strong>Necesse</strong></span> <span class='ocrx_word' id='word_1_127' title='bbox 1122 206 1149 236; x_wconf 82' lang='grc' dir='ltr'>Α</span> 
     </span>
    </p>
   </div>
   <div class='ocr_carea' id='block_1_18' title="bbox 1896 149 1968 180">
    <p class='ocr_par' dir='ltr' id='par_1_18' title="bbox 1896 149 1968 180">
     <span class='ocr_line' id='line_1_18' title="bbox 1896 149 1968 180; baseline 0.014 -1"><span class='ocrx_word' id='word_1_128' title='bbox 1896 149 1968 180; x_wconf 70' lang='lat' dir='ltr'><strong>raso</strong></span> 
     </span>
    </p>
   </div>
   <div class='ocr_carea' id='block_1_19' title="bbox 1464 203 1643 234">
    <p class='ocr_par' dir='ltr' id='par_1_19' title="bbox 1464 203 1643 234">
     <span class='ocr_line' id='line_1_19' title="bbox 1464 203 1643 234; baseline 0 -2"><span class='ocrx_word' id='word_1_129' title='bbox 1464 203 1578 234; x_wconf 81' lang='lat' dir='ltr'><strong>CAPUT</strong></span> <span class='ocrx_word' id='word_1_130' title='bbox 1596 203 1643 233; x_wconf 86' lang='lat' dir='ltr'><strong>IV.</strong></span> 
     </span>
    </p>
   </div>
   <div class='ocr_carea' id='block_1_20' title="bbox 1199 250 1967 287">
    <p class='ocr_par' dir='ltr' id='par_1_20' title="bbox 1199 250 1967 287">
     <span class='ocr_line' id='line_1_20' title="bbox 1199 250 1967 287; baseline 0.003 -8"><span class='ocrx_word' id='word_1_131' title='bbox 1199 250 1251 280; x_wconf 85' lang='lat' dir='ltr'><strong>Sed</strong></span> <span class='ocrx_word' id='word_1_132' title='bbox 1271 258 1380 279; x_wconf 87' lang='lat' dir='ltr'><strong>carnem</strong></span> <span class='ocrx_word' id='word_1_133' title='bbox 1397 251 1510 287; x_wconf 78' lang='lat' dir='ltr'><strong>legimus</strong></span> <span class='ocrx_word' id='word_1_134' title='bbox 1524 250 1667 284; x_wconf 82' lang='lat' dir='ltr'><strong>inﬁmam,</strong></span> <span class='ocrx_word' id='word_1_135' title='bbox 1681 255 1710 279; x_wconf 88' lang='lat' dir='ltr'><strong>et</strong></span> <span class='ocrx_word' id='word_1_136' title='bbox 1729 251 1794 281; x_wconf 88' lang='lat' dir='ltr'><strong>hinc</strong></span> <span class='ocrx_word' id='word_1_137' title='bbox 1808 252 1887 281; x_wconf 86' lang='lat' dir='ltr'><strong>nobis</strong></span> <span class='ocrx_word' id='word_1_138' title='bbox 1899 253 1967 282; x_wconf 79' lang='lat' dir='ltr'><strong>adu-</strong></span> 
     </span>
    </p>
   </div>
   <div class='ocr_carea' id='block_1_21' title="bbox 1162 298 1964 336">
    <p class='ocr_par' dir='ltr' id='par_1_21' title="bbox 1162 298 1964 336">
     <span class='ocr_line' id='line_1_21' title="bbox 1162 298 1964 336; baseline 0.004 -10"><span class='ocrx_word' id='word_1_139' title='bbox 1162 298 1249 326; x_wconf 89' lang='lat' dir='ltr'><strong>lamur</strong></span> <span class='ocrx_word' id='word_1_140' title='bbox 1261 299 1426 335; x_wconf 85' lang='lat' dir='ltr'><strong>impensius:</strong></span> <span class='ocrx_word' id='word_1_141' title='bbox 1443 299 1556 335; x_wconf 77' lang='lat' dir='ltr'><strong>legimus</strong></span> <span class='ocrx_word' id='word_1_142' title='bbox 1566 304 1655 327; x_wconf 90' lang='lat' dir='ltr'><strong>tamen</strong></span> <span class='ocrx_word' id='word_1_143' title='bbox 1670 304 1698 327; x_wconf 89' lang='lat' dir='ltr'><strong>et</strong></span> <span class='ocrx_word' id='word_1_144' title='bbox 1708 300 1833 336; x_wconf 85' lang='lat' dir='ltr'><strong>spiritum</strong></span> <span class='ocrx_word' id='word_1_145' title='bbox 1845 301 1964 330; x_wconf 90' lang='lat' dir='ltr'><strong>ﬁrmum.</strong></span> 
     </span>
    </p>
   </div>
   <div class='ocr_carea' id='block_1_22' title="bbox 1162 344 1967 383">
    <p class='ocr_par' dir='ltr' id='par_1_22' title="bbox 1162 344 1967 383">
     <span class='ocr_line' id='line_1_22' title="bbox 1162 344 1967 383; baseline 0.005 -10"><span class='ocrx_word' id='word_1_146' title='bbox 1162 344 1229 373; x_wconf 77' lang='lat' dir='ltr'><strong>Nam</strong></span> <span class='ocrx_word' id='word_1_147' title='bbox 1245 345 1270 373; x_wconf 93' lang='lat' dir='ltr'><strong>in</strong></span> <span class='ocrx_word' id='word_1_148' title='bbox 1291 353 1345 373; x_wconf 91' lang='lat' dir='ltr'><strong>uno</strong></span> <span class='ocrx_word' id='word_1_149' title='bbox 1358 353 1438 374; x_wconf 80' lang='lat' dir='ltr'><strong>sensu</strong></span> <span class='ocrx_word' id='word_1_150' title='bbox 1454 349 1601 380; x_wconf 88' lang='lat' dir='ltr'><strong>utrumque</strong></span> <span class='ocrx_word' id='word_1_151' title='bbox 1615 346 1730 383; x_wconf 83' lang='lat' dir='ltr'><strong>positum</strong></span> <span class='ocrx_word' id='word_1_152' title='bbox 1743 352 1796 376; x_wconf 88' lang='lat' dir='ltr'><strong>est.</strong></span> <span class='ocrx_word' id='word_1_153' title='bbox 1810 348 1892 382; x_wconf 87' lang='lat' dir='ltr'><strong>Caro,</strong></span> <span class='ocrx_word' id='word_1_154' title='bbox 1909 354 1967 377; x_wconf 85' lang='lat' dir='ltr'><strong>ter-</strong></span> 
     </span>
    </p>
   </div>
   <div class='ocr_carea' id='block_1_23' title="bbox 1163 391 1965 430">
    <p class='ocr_par' dir='ltr' id='par_1_23' title="bbox 1163 391 1965 430">
     <span class='ocr_line' id='line_1_23' title="bbox 1163 391 1965 430; baseline 0.005 -11"><span class='ocrx_word' id='word_1_155' title='bbox 1163 398 1227 419; x_wconf 89' lang='lat' dir='ltr'><strong>rena</strong></span> <span class='ocrx_word' id='word_1_156' title='bbox 1242 391 1352 419; x_wconf 80' lang='lat' dir='ltr'><strong>materia</strong></span> <span class='ocrx_word' id='word_1_157' title='bbox 1366 395 1417 424; x_wconf 89' lang='lat' dir='ltr'><strong>est,</strong></span> <span class='ocrx_word' id='word_1_158' title='bbox 1433 391 1544 425; x_wconf 84' lang='lat' dir='ltr'><strong>spiritus</strong></span> <span class='ocrx_word' id='word_1_159' title='bbox 1557 399 1623 419; x_wconf 86' lang='lat' dir='ltr'><strong>vero</strong></span> <span class='ocrx_word' id='word_1_160' title='bbox 1642 392 1766 421; x_wconf 63' lang='lat' dir='ltr'><strong>celestis.</strong></span> <span class='ocrx_word' id='word_1_161' title='bbox 1782 393 1843 422; x_wconf 60' lang='lat' dir='ltr'><strong>Cui;</strong></span> <span class='ocrx_word' id='word_1_162' title='bbox 1851 402 1920 430; x_wconf 79' lang='lat' dir='ltr'><strong>ergo</strong></span> <span class='ocrx_word' id='word_1_163' title='bbox 1932 394 1965 423; x_wconf 85' lang='lat' dir='ltr'><strong>ad</strong></span> 
     </span>
    </p>
   </div>
   <div class='ocr_carea' id='block_1_24' title="bbox 1164 436 1965 474">
    <p class='ocr_par' dir='ltr' id='par_1_24' title="bbox 1164 436 1965 474">
     <span class='ocr_line' id='line_1_24' title="bbox 1164 436 1965 474; baseline 0.004 -10"><span class='ocrx_word' id='word_1_164' title='bbox 1164 437 1364 465; x_wconf 82' lang='lat' dir='ltr'><strong>excusationem</strong></span> <span class='ocrx_word' id='word_1_165' title='bbox 1378 436 1530 472; x_wconf 83' lang='lat' dir='ltr'><strong>proniores,</strong></span> <span class='ocrx_word' id='word_1_166' title='bbox 1546 444 1607 472; x_wconf 73' lang='lat' dir='ltr'><strong>qua:</strong></span> <span class='ocrx_word' id='word_1_167' title='bbox 1622 436 1648 464; x_wconf 91' lang='lat' dir='ltr'><strong>in</strong></span> <span class='ocrx_word' id='word_1_168' title='bbox 1670 437 1743 466; x_wconf 88' lang='lat' dir='ltr'><strong>nobis</strong></span> <span class='ocrx_word' id='word_1_169' title='bbox 1759 438 1868 467; x_wconf 90' lang='lat' dir='ltr'><strong>inﬁrma</strong></span> <span class='ocrx_word' id='word_1_170' title='bbox 1886 445 1965 474; x_wconf 77' lang='lat' dir='ltr'><strong>sunt,</strong></span> 
     </span>
    </p>
   </div>
   <div class='ocr_carea' id='block_1_25' title="bbox 1164 483 1967 519">
    <p class='ocr_par' dir='ltr' id='par_1_25' title="bbox 1164 483 1967 519">
     <span class='ocr_line' id='line_1_25' title="bbox 1164 483 1967 519; baseline 0.007 -9"><span class='ocrx_word' id='word_1_171' title='bbox 1164 483 1345 518; x_wconf 90' lang='lat' dir='ltr'><strong>opponimus:</strong></span> <span class='ocrx_word' id='word_1_172' title='bbox 1357 491 1418 518; x_wconf 77' lang='lat' dir='ltr'><strong>qua:</strong></span> <span class='ocrx_word' id='word_1_173' title='bbox 1430 490 1493 510; x_wconf 84' lang='lat' dir='ltr'><strong>vero</strong></span> <span class='ocrx_word' id='word_1_174' title='bbox 1507 483 1616 510; x_wconf 91' lang='lat' dir='ltr'><strong>fortiora</strong></span> <span class='ocrx_word' id='word_1_175' title='bbox 1624 483 1693 519; x_wconf 86' lang='lat' dir='ltr'><strong>(t0),</strong></span> <span class='ocrx_word' id='word_1_176' title='bbox 1703 492 1752 512; x_wconf 92' lang='lat' dir='ltr'><strong>non</strong></span> <span class='ocrx_word' id='word_1_177' title='bbox 1765 488 1894 514; x_wconf 76' lang='lat' dir='ltr'><strong>tuemur?</strong></span> <span class='ocrx_word' id='word_1_178' title='bbox 1907 488 1967 515; x_wconf 88' lang='lat' dir='ltr'><strong>Cur</strong></span> 
     </span>
    </p>
   </div>
   <div class='ocr_carea' id='block_1_26' title="bbox 1164 529 1967 567">
    <p class='ocr_par' dir='ltr' id='par_1_26' title="bbox 1164 529 1967 567">
     <span class='ocr_line' id='line_1_26' title="bbox 1164 529 1967 567; baseline 0.007 -10"><span class='ocrx_word' id='word_1_179' title='bbox 1164 530 1320 558; x_wconf 77' lang='lat' dir='ltr'><strong>cmlestibus</strong></span> <span class='ocrx_word' id='word_1_180' title='bbox 1333 534 1438 558; x_wconf 91' lang='lat' dir='ltr'><strong>terrena</strong></span> <span class='ocrx_word' id='word_1_181' title='bbox 1457 537 1510 558; x_wconf 94' lang='lat' dir='ltr'><strong>non</strong></span> <span class='ocrx_word' id='word_1_182' title='bbox 1527 529 1646 558; x_wconf 83' lang='lat' dir='ltr'><strong>cedant?</strong></span> <span class='ocrx_word' id='word_1_183' title='bbox 1661 530 1686 558; x_wconf 91' lang='lat' dir='ltr'><strong>si</strong></span> <span class='ocrx_word' id='word_1_184' title='bbox 1697 531 1799 567; x_wconf 85' lang='lat' dir='ltr'><strong>spiritus</strong></span> <span class='ocrx_word' id='word_1_185' title='bbox 1809 541 1891 562; x_wconf 86' lang='lat' dir='ltr'><strong>carne</strong></span> <span class='ocrx_word' id='word_1_186' title='bbox 1902 534 1967 562; x_wconf 87' lang='lat' dir='ltr'><strong>for-</strong></span> 
     </span>
    </p>
   </div>
   <div class='ocr_carea' id='block_1_27' title="bbox 1166 575 1965 616">
    <p class='ocr_par' dir='ltr' id='par_1_27' title="bbox 1166 575 1965 616">
     <span class='ocr_line' id='line_1_27' title="bbox 1166 575 1965 616; baseline 0.006 -12"><span class='ocrx_word' id='word_1_187' title='bbox 1166 577 1228 610; x_wconf 89' lang='lat' dir='ltr'><strong>tior,</strong></span> <span class='ocrx_word' id='word_1_188' title='bbox 1238 577 1299 613; x_wconf 88' lang='lat' dir='ltr'><strong>quia</strong></span> <span class='ocrx_word' id='word_1_189' title='bbox 1312 580 1339 604; x_wconf 91' lang='lat' dir='ltr'><strong>et</strong></span> <span class='ocrx_word' id='word_1_190' title='bbox 1348 575 1516 613; x_wconf 76' lang='lat' dir='ltr'><strong>generosior,</strong></span> <span class='ocrx_word' id='word_1_191' title='bbox 1527 581 1617 605; x_wconf 86' lang='lat' dir='ltr'><strong>nostra</strong></span> <span class='ocrx_word' id='word_1_192' title='bbox 1628 578 1705 613; x_wconf 91' lang='lat' dir='ltr'><strong>culpa</strong></span> <span class='ocrx_word' id='word_1_193' title='bbox 1718 578 1884 608; x_wconf 88' lang='lat' dir='ltr'><strong>inﬁrmiorem</strong></span> <span class='ocrx_word' id='word_1_194' title='bbox 1897 581 1924 615; x_wconf 79' lang='grc'><strong>(1</strong></span> <span class='ocrx_word' id='word_1_195' title='bbox 1936 580 1965 616; x_wconf 89' lang='grc' dir='ltr'><strong>Ι)</strong></span> 
     </span>
    </p>
   </div>
   <div class='ocr_carea' id='block_1_28' title="bbox 1165 622 1966 663">
    <p class='ocr_par' dir='ltr' id='par_1_28' title="bbox 1165 622 1966 663">
     <span class='ocr_line' id='line_1_28' title="bbox 1165 622 1966 663; baseline 0.005 -12"><span class='ocrx_word' id='word_1_196' title='bbox 1165 627 1310 651; x_wconf 81' lang='lat' dir='ltr'><strong>sectamur.</strong></span> <span class='ocrx_word' id='word_1_197' title='bbox 1321 622 1386 650; x_wconf 88' lang='lat' dir='ltr'><strong>Nam</strong></span> <span class='ocrx_word' id='word_1_198' title='bbox 1395 623 1601 659; x_wconf 69' lang='lat' dir='ltr'><strong>disjunctis(l2)</strong></span> <span class='ocrx_word' id='word_1_199' title='bbox 1610 624 1781 653; x_wconf 85' lang='lat' dir='ltr'><strong>matrimonio</strong></span> <span class='ocrx_word' id='word_1_200' title='bbox 1792 626 1847 653; x_wconf 69' lang='lat' dir='ltr'><strong>dua:</strong></span> <span class='ocrx_word' id='word_1_201' title='bbox 1855 627 1966 663; x_wconf 89' lang='lat' dir='ltr'><strong>species</strong></span> 
     </span>
    </p>
   </div>
   <div class='ocr_carea' id='block_1_29' title="bbox 1166 669 1965 707">
    <p class='ocr_par' dir='ltr' id='par_1_29' title="bbox 1166 669 1965 707">
     <span class='ocr_line' id='line_1_29' title="bbox 1166 669 1965 707; baseline 0.005 -10"><span class='ocrx_word' id='word_1_202' title='bbox 1166 669 1290 698; x_wconf 66' lang='lat' dir='ltr'><strong>humana:</strong></span> <span class='ocrx_word' id='word_1_203' title='bbox 1314 669 1504 697; x_wconf 84' lang='lat' dir='ltr'><strong>imbecillitatis</strong></span> <span class='ocrx_word' id='word_1_204' title='bbox 1526 670 1692 698; x_wconf 86' lang='lat' dir='ltr'><strong>necessarias</strong></span> <span class='ocrx_word' id='word_1_205' title='bbox 1718 672 1826 707; x_wconf 88' lang='lat' dir='ltr'><strong>nuptias</strong></span> <span class='ocrx_word' id='word_1_206' title='bbox 1850 673 1965 701; x_wconf 78' lang='lat' dir='ltr'><strong>iaciunt.</strong></span> 
     </span>
    </p>
   </div>
   <div class='ocr_carea' id='block_1_30' title="bbox 1167 715 1966 755">
    <p class='ocr_par' dir='ltr' id='par_1_30' title="bbox 1167 715 1966 755">
     <span class='ocr_line' id='line_1_30' title="bbox 1167 715 1966 755; baseline 0.005 -12"><span class='ocrx_word' id='word_1_207' title='bbox 1167 715 1256 744; x_wconf 85' lang='lat' dir='ltr'><strong>Prima</strong></span> <span class='ocrx_word' id='word_1_208' title='bbox 1278 716 1384 751; x_wconf 89' lang='lat' dir='ltr'><strong>quidem</strong></span> <span class='ocrx_word' id='word_1_209' title='bbox 1408 716 1603 751; x_wconf 80' lang='lat' dir='ltr'><strong>potentissima,</strong></span> <span class='ocrx_word' id='word_1_210' title='bbox 1617 725 1676 753; x_wconf 78' lang='lat' dir='ltr'><strong>qua:</strong></span> <span class='ocrx_word' id='word_1_211' title='bbox 1690 718 1763 745; x_wconf 80' lang='lat' dir='ltr'><strong>venit</strong></span> <span class='ocrx_word' id='word_1_212' title='bbox 1776 718 1811 746; x_wconf 91' lang='lat' dir='ltr'><strong>de</strong></span> <span class='ocrx_word' id='word_1_213' title='bbox 1824 721 1966 755; x_wconf 80' lang='lat' dir='ltr'><strong>concupis~</strong></span> 
     </span>
    </p>
   </div>
   <div class='ocr_carea' id='block_1_31' title="bbox 1167 762 1965 799">
    <p class='ocr_par' dir='ltr' id='par_1_31' title="bbox 1167 762 1965 799">
     <span class='ocr_line' id='line_1_31' title="bbox 1167 762 1965 799; baseline 0.005 -9"><span class='ocrx_word' id='word_1_214' title='bbox 1167 762 1255 790; x_wconf 89' lang='lat' dir='ltr'><strong>centia</strong></span> <span class='ocrx_word' id='word_1_215' title='bbox 1269 762 1357 790; x_wconf 89' lang='lat' dir='ltr'><strong>carnis</strong></span> <span class='ocrx_word' id='word_1_216' title='bbox 1372 772 1378 789; x_wconf 92' lang='lat'><strong>:</strong></span> <span class='ocrx_word' id='word_1_217' title='bbox 1390 769 1506 798; x_wconf 90' lang='lat' dir='ltr'><strong>sequens</strong></span> <span class='ocrx_word' id='word_1_218' title='bbox 1516 762 1549 790; x_wconf 93' lang='lat' dir='ltr'><strong>de</strong></span> <span class='ocrx_word' id='word_1_219' title='bbox 1562 764 1783 799; x_wconf 87' lang='lat' dir='ltr'><strong>concupiscentia</strong></span> <span class='ocrx_word' id='word_1_220' title='bbox 1799 766 1901 793; x_wconf 60' lang='lat' dir='ltr'><strong>saeculi.</strong></span> <span class='ocrx_word' id='word_1_221' title='bbox 1915 766 1965 794; x_wconf 61' lang='lat' dir='ltr'><strong>Sed</strong></span> 
     </span>
    </p>
   </div>
   <div class='ocr_carea' id='block_1_32' title="bbox 1168 809 1966 847">
    <p class='ocr_par' dir='ltr' id='par_1_32' title="bbox 1168 809 1966 847">
     <span class='ocr_line' id='line_1_32' title="bbox 1168 809 1966 847; baseline 0.006 -11"><span class='ocrx_word' id='word_1_222' title='bbox 1168 813 1281 844; x_wconf 88' lang='lat' dir='ltr'><strong>utraque</strong></span> <span class='ocrx_word' id='word_1_223' title='bbox 1295 809 1459 845; x_wconf 82' lang='lat' dir='ltr'><strong>repudianda</strong></span> <span class='ocrx_word' id='word_1_224' title='bbox 1474 814 1517 837; x_wconf 89' lang='lat' dir='ltr'><strong>est</strong></span> <span class='ocrx_word' id='word_1_225' title='bbox 1525 818 1540 838; x_wconf 91' lang='lat' dir='ltr'><strong>a</strong></span> <span class='ocrx_word' id='word_1_226' title='bbox 1553 810 1639 839; x_wconf 78' lang='lat' dir='ltr'><strong>servis</strong></span> <span class='ocrx_word' id='word_1_227' title='bbox 1651 811 1709 845; x_wconf 85' lang='lat' dir='ltr'><strong>Dei,</strong></span> <span class='ocrx_word' id='word_1_228' title='bbox 1721 812 1767 847; x_wconf 86' lang='lat' dir='ltr'><strong>qui</strong></span> <span class='ocrx_word' id='word_1_229' title='bbox 1780 817 1809 840; x_wconf 91' lang='lat' dir='ltr'><strong>et</strong></span> <span class='ocrx_word' id='word_1_230' title='bbox 1822 812 1933 841; x_wconf 78' lang='lat' dir='ltr'><strong>luxuria:</strong></span> <span class='ocrx_word' id='word_1_231' title='bbox 1941 819 1966 842; x_wconf 83' lang='lat' dir='ltr'><strong>et</strong></span> 
     </span>
    </p>
   </div>
   <div class='ocr_carea' id='block_1_33' title="bbox 1168 855 1966 893">
    <p class='ocr_par' dir='ltr' id='par_1_33' title="bbox 1168 855 1966 893">
     <span class='ocr_line' id='line_1_33' title="bbox 1168 855 1966 893; baseline 0.006 -11"><span class='ocrx_word' id='word_1_232' title='bbox 1168 855 1307 883; x_wconf 86' lang='lat' dir='ltr'><strong>ambitioni</strong></span> <span class='ocrx_word' id='word_1_233' title='bbox 1321 855 1517 883; x_wconf 83' lang='lat' dir='ltr'><strong>renuntiamus.</strong></span> <span class='ocrx_word' id='word_1_234' title='bbox 1531 856 1625 885; x_wconf 86' lang='lat' dir='ltr'><strong>Carnis</strong></span> <span class='ocrx_word' id='word_1_235' title='bbox 1644 857 1864 893; x_wconf 84' lang='lat' dir='ltr'><strong>concupiscentia</strong></span> <span class='ocrx_word' id='word_1_236' title='bbox 1884 860 1966 887; x_wconf 58' lang='lat' dir='ltr'><strong>astatis</strong></span> 
     </span>
    </p>
   </div>
   <div class='ocr_carea' id='block_1_34' title="bbox 313 901 1966 940">
    <p class='ocr_par' dir='ltr' id='par_1_34' title="bbox 313 901 1966 940">
     <span class='ocr_line' id='line_1_34' title="bbox 313 901 1966 940; baseline 0.002 -10"><span class='ocrx_word' id='word_1_237' title='bbox 313 901 369 930; x_wconf 86' lang='lat' dir='ltr'><strong>bet.</strong></span> <span class='ocrx_word' id='word_1_238' title='bbox 386 902 462 936; x_wconf 89' lang='lat' dir='ltr'><strong>Quod</strong></span> <span class='ocrx_word' id='word_1_239' title='bbox 487 903 509 930; x_wconf 89' lang='lat' dir='ltr'><strong>si</strong></span> <span class='ocrx_word' id='word_1_240' title='bbox 529 903 658 938; x_wconf 79' lang='lat' dir='ltr'><strong>Apostoio</strong></span> <span class='ocrx_word' id='word_1_241' title='bbox 680 903 874 936; x_wconf 86' lang='lat' dir='ltr'><strong>auscultamus,</strong></span> <span class='ocrx_word' id='word_1_242' title='bbox 889 903 966 930; x_wconf 88' lang='lat' dir='ltr'><strong>obliti</strong></span> <span class='ocrx_word' id='word_1_243' title='bbox 982 902 1116 939; x_wconf 90' lang='lat' dir='ltr'><strong>posterio-</strong></span> <span class='ocrx_word' id='word_1_244' title='bbox 1130 905 1154 935; x_wconf 86' lang='grc' dir='ltr'>Β</span> <span class='ocrx_word' id='word_1_245' title='bbox 1168 901 1254 930; x_wconf 85' lang='lat' dir='ltr'><strong>ofﬁcia</strong></span> <span class='ocrx_word' id='word_1_246' title='bbox 1274 901 1404 936; x_wconf 89' lang='lat' dir='ltr'><strong>defendit,</strong></span> <span class='ocrx_word' id='word_1_247' title='bbox 1419 901 1524 930; x_wconf 86' lang='lat' dir='ltr'><strong>decoris</strong></span> <span class='ocrx_word' id='word_1_248' title='bbox 1539 910 1656 932; x_wconf 85' lang='lat' dir='ltr'><strong>messem</strong></span> <span class='ocrx_word' id='word_1_249' title='bbox 1674 904 1805 939; x_wconf 82' lang='lat' dir='ltr'><strong>requirit,</strong></span> <span class='ocrx_word' id='word_1_250' title='bbox 1819 905 1921 940; x_wconf 83' lang='lat' dir='ltr'><strong>gaudet</strong></span> <span class='ocrx_word' id='word_1_251' title='bbox 1937 904 1966 934; x_wconf 84' lang='lat' dir='ltr'><strong>de</strong></span> 
     </span>
    </p>
   </div>
   <div class='ocr_carea' id='block_1_35' title="bbox 313 943 1117 986">
    <p class='ocr_par' dir='ltr' id='par_1_35' title="bbox 313 943 1117 986">
     <span class='ocr_line' id='line_1_35' title="bbox 313 943 1117 986; baseline 0.001 -10"><span class='ocrx_word' id='word_1_252' title='bbox 313 956 384 983; x_wconf 87' lang='lat' dir='ltr'><strong>rum,</strong></span> <span class='ocrx_word' id='word_1_253' title='bbox 399 943 586 977; x_wconf 64' lang='lat' dir='ltr'><strong>&#39;extendamur</strong></span> <span class='ocrx_word' id='word_1_254' title='bbox 600 950 643 986; x_wconf 88' lang='lat'><strong>(7)</strong></span> <span class='ocrx_word' id='word_1_255' title='bbox 669 950 694 977; x_wconf 93' lang='lat' dir='ltr'><strong>in</strong></span> <span class='ocrx_word' id='word_1_256' title='bbox 711 950 809 984; x_wconf 84' lang='lat' dir='ltr'><strong>priora,</strong></span> <span class='ocrx_word' id='word_1_257' title='bbox 831 954 858 979; x_wconf 87' lang='lat' dir='ltr'><strong>et</strong></span> <span class='ocrx_word' id='word_1_258' title='bbox 877 950 1019 978; x_wconf 89' lang='lat' dir='ltr'><strong>meliorum</strong></span> <span class='ocrx_word' id='word_1_259' title='bbox 1033 949 1117 977; x_wconf 89' lang='lat' dir='ltr'><strong>dona-</strong></span> 
     </span>
    </p>
   </div>
   <div class='ocr_carea' id='block_1_36' title="bbox 313 994 1116 1031">
    <p class='ocr_par' dir='ltr' id='par_1_36' title="bbox 313 994 1116 1031">
     <span class='ocr_line' id='line_1_36' title="bbox 313 994 1116 1031; baseline 0.001 -9"><span class='ocrx_word' id='word_1_260' title='bbox 313 995 417 1023; x_wconf 89' lang='lat' dir='ltr'><strong>tionum</strong></span> <span class='ocrx_word' id='word_1_261' title='bbox 438 994 480 1031; x_wconf 89' lang='lat'><strong>(8)</strong></span> <span class='ocrx_word' id='word_1_262' title='bbox 502 1000 650 1023; x_wconf 79' lang='lat' dir='ltr'><strong>sectator-cs</strong></span> <span class='ocrx_word' id='word_1_263' title='bbox 672 995 768 1023; x_wconf 89' lang='lat' dir='ltr'><strong>simus.</strong></span> <span class='ocrx_word' id='word_1_264' title='bbox 782 995 810 1023; x_wconf 90' lang='lat' dir='ltr'><strong>Si</strong></span> <span class='ocrx_word' id='word_1_265' title='bbox 833 995 911 1024; x_wconf 90' lang='lat' dir='ltr'><strong>nobis</strong></span> <span class='ocrx_word' id='word_1_266' title='bbox 930 994 971 1031; x_wconf 88' lang='lat'><strong>(9)</strong></span> <span class='ocrx_word' id='word_1_267' title='bbox 991 996 1116 1031; x_wconf 84' lang='lat' dir='ltr'><strong>laqueum</strong></span> 
     </span>
    </p>
   </div>
   <div class='ocr_carea' id='block_1_37' title="bbox 314 1041 1116 1076">
    <p class='ocr_par' dir='ltr' id='par_1_37' title="bbox 314 1041 1116 1076">
     <span class='ocr_line' id='line_1_37' title="bbox 314 1041 1116 1076; baseline 0.004 -9"><span class='ocrx_word' id='word_1_268' title='bbox 314 1047 369 1067; x_wconf 93' lang='lat' dir='ltr'><strong>non</strong></span> <span class='ocrx_word' id='word_1_269' title='bbox 398 1041 520 1075; x_wconf 89' lang='lat' dir='ltr'><strong>imponit,</strong></span> <span class='ocrx_word' id='word_1_270' title='bbox 553 1041 615 1076; x_wconf 89' lang='lat' dir='ltr'><strong>quid</strong></span> <span class='ocrx_word' id='word_1_271' title='bbox 646 1041 769 1069; x_wconf 87' lang='lat' dir='ltr'><strong>utilitatis</strong></span> <span class='ocrx_word' id='word_1_272' title='bbox 792 1042 846 1075; x_wconf 88' lang='lat' dir='ltr'><strong>sit,</strong></span> <span class='ocrx_word' id='word_1_273' title='bbox 868 1042 1006 1076; x_wconf 89' lang='lat' dir='ltr'><strong>ostendit,</strong></span> <span class='ocrx_word' id='word_1_274' title='bbox 1023 1041 1116 1070; x_wconf 85' lang='lat' dir='ltr'><strong>dicens</strong></span> 
     </span>
    </p>
   </div>
   <div class='ocr_carea' id='block_1_38' title="bbox 314 1086 1118 1124">
    <p class='ocr_par' dir='ltr' id='par_1_38' title="bbox 314 1086 1118 1124">
     <span class='ocr_line' id='line_1_38' title="bbox 314 1086 1118 1124; baseline 0.002 -10"><span class='ocrx_word' id='word_1_275' title='bbox 314 1086 338 1123; x_wconf 92' lang='grc' dir='ltr'><strong>(Ι</strong></span> <span class='ocrx_word' id='word_1_276' title='bbox 349 1086 481 1120; x_wconf 86' lang='lat' dir='ltr'><strong>Cor.,Vli,</strong></span> <span class='ocrx_word' id='word_1_277' title='bbox 495 1086 541 1123; x_wconf 78' lang='grc'><strong>94)</strong></span> <span class='ocrx_word' id='word_1_278' title='bbox 553 1095 560 1115; x_wconf 90' lang='lat'>:</span> <span class='ocrx_word' id='word_1_279' title='bbox 577 1087 693 1124; x_wconf 85' lang='lat' dir='ltr'><strong>lmmpta</strong></span> <span class='ocrx_word' id='word_1_280' title='bbox 707 1088 739 1115; x_wconf 83' lang='lat' dir='ltr'><strong>de</strong></span> <span class='ocrx_word' id='word_1_281' title='bbox 753 1088 888 1116; x_wconf 76' lang='lat' dir='ltr'><strong>dominicis</strong></span> <span class='ocrx_word' id='word_1_282' title='bbox 901 1088 1006 1124; x_wconf 68' lang='lat' dir='ltr'><strong>cogitat,</strong></span> <span class='ocrx_word' id='word_1_283' title='bbox 1021 1089 1057 1116; x_wconf 86' lang='lat' dir='ltr'><strong>uti</strong></span> <span class='ocrx_word' id='word_1_284' title='bbox 1064 1096 1118 1116; x_wconf 82' lang='lat' dir='ltr'><strong>cor-</strong></span> 
     </span>
    </p>
   </div>
   <div class='ocr_carea' id='block_1_39' title="bbox 316 1134 1118 1170">
    <p class='ocr_par' dir='ltr' id='par_1_39' title="bbox 316 1134 1118 1170">
     <span class='ocr_line' id='line_1_39' title="bbox 316 1134 1118 1170; baseline 0.001 -9"><span class='ocrx_word' id='word_1_285' title='bbox 316 1141 377 1169; x_wconf 84' lang='lat' dir='ltr'><strong>pore</strong></span> <span class='ocrx_word' id='word_1_286' title='bbox 390 1138 412 1161; x_wconf 87' lang='lat' dir='ltr'><strong>et</strong></span> <span class='ocrx_word' id='word_1_287' title='bbox 426 1134 518 1170; x_wconf 70' lang='lat' dir='ltr'><strong>spiritu</strong></span> <span class='ocrx_word' id='word_1_288' title='bbox 531 1139 619 1162; x_wconf 72' lang='lat' dir='ltr'><strong>sancta</strong></span> <span class='ocrx_word' id='word_1_289' title='bbox 633 1135 676 1162; x_wconf 76' lang='lat' dir='ltr'><strong>sit.</strong></span> <span class='ocrx_word' id='word_1_290' title='bbox 693 1134 782 1170; x_wconf 86' lang='lat' dir='ltr'><strong>Nupta</strong></span> <span class='ocrx_word' id='word_1_291' title='bbox 795 1142 864 1167; x_wconf 82' lang='lat' dir='ltr'><strong>vero,</strong></span> <span class='ocrx_word' id='word_1_292' title='bbox 879 1134 992 1162; x_wconf 67' lang='lat' dir='ltr'><strong>sollicita</strong></span> <span class='ocrx_word' id='word_1_293' title='bbox 1003 1139 1041 1163; x_wconf 68' lang='lat' dir='ltr'><strong>est</strong></span> <span class='ocrx_word' id='word_1_294' title='bbox 1053 1143 1118 1170; x_wconf 87' lang='lat' dir='ltr'><strong>quo-</strong></span> 
     </span>
    </p>
   </div>
   <div class='ocr_carea' id='block_1_40' title="bbox 316 1180 1116 1217">
    <p class='ocr_par' dir='ltr' id='par_1_40' title="bbox 316 1180 1116 1217">
     <span class='ocr_line' id='line_1_40' title="bbox 316 1180 1116 1217; baseline 0.001 -10"><span class='ocrx_word' id='word_1_295' title='bbox 316 1180 392 1208; x_wconf 85' lang='lat' dir='ltr'><strong>modo</strong></span> <span class='ocrx_word' id='word_1_296' title='bbox 424 1181 527 1217; x_wconf 82' lang='lat' dir='ltr'><strong>conjugi</strong></span> <span class='ocrx_word' id='word_1_297' title='bbox 551 1189 598 1208; x_wconf 72' lang='lat' dir='ltr'><strong>suo</strong></span> <span class='ocrx_word' id='word_1_298' title='bbox 621 1181 730 1215; x_wconf 86' lang='lat' dir='ltr'><strong>placeat.</strong></span> <span class='ocrx_word' id='word_1_299' title='bbox 755 1181 889 1209; x_wconf 74' lang='lat' dir='ltr'><strong>Cmterum</strong></span> <span class='ocrx_word' id='word_1_300' title='bbox 921 1188 1052 1216; x_wconf 87' lang='lat' dir='ltr'><strong>nusquam</strong></span> <span class='ocrx_word' id='word_1_301' title='bbox 1080 1181 1116 1208; x_wconf 91' lang='lat' dir='ltr'><strong>ita</strong></span> 
     </span>
    </p>
   </div>
   <div class='ocr_carea' id='block_1_41' title="bbox 312 1226 1117 1262">
    <p class='ocr_par' dir='ltr' id='par_1_41' title="bbox 312 1226 1117 1262">
     <span class='ocr_line' id='line_1_41' title="bbox 312 1226 1117 1262; baseline -0.001 -7"><span class='ocrx_word' id='word_1_302' title='bbox 312 1227 422 1262; x_wconf 86' lang='lat' dir='ltr'><strong>nuptias</strong></span> <span class='ocrx_word' id='word_1_303' title='bbox 443 1227 572 1262; x_wconf 88' lang='lat' dir='ltr'><strong>permittit</strong></span> <span class='ocrx_word' id='word_1_304' title='bbox 586 1247 593 1260; x_wconf 91' lang='lat'><strong>,</strong></span> <span class='ocrx_word' id='word_1_305' title='bbox 615 1231 644 1255; x_wconf 93' lang='lat' dir='ltr'><strong>ut</strong></span> <span class='ocrx_word' id='word_1_306' title='bbox 673 1234 726 1254; x_wconf 94' lang='lat' dir='ltr'><strong>non</strong></span> <span class='ocrx_word' id='word_1_307' title='bbox 755 1226 844 1262; x_wconf 87' lang='lat' dir='ltr'><strong>potius</strong></span> <span class='ocrx_word' id='word_1_308' title='bbox 864 1226 899 1254; x_wconf 89' lang='lat' dir='ltr'><strong>ad</strong></span> <span class='ocrx_word' id='word_1_309' title='bbox 925 1234 1004 1254; x_wconf 92' lang='lat' dir='ltr'><strong>suum</strong></span> <span class='ocrx_word' id='word_1_310' title='bbox 1022 1234 1117 1255; x_wconf 80' lang='lat' dir='ltr'><strong>exem-</strong></span> 
     </span>
    </p>
   </div>
   <div class='ocr_carea' id='block_1_42' title="bbox 315 1273 1118 1308">
    <p class='ocr_par' dir='ltr' id='par_1_42' title="bbox 315 1273 1118 1308">
     <span class='ocr_line' id='line_1_42' title="bbox 315 1273 1118 1308; baseline 0 -8"><span class='ocrx_word' id='word_1_311' title='bbox 315 1273 388 1308; x_wconf 88' lang='lat' dir='ltr'><strong>plutn</strong></span> <span class='ocrx_word' id='word_1_312' title='bbox 404 1280 453 1301; x_wconf 91' lang='lat' dir='ltr'><strong>nos</strong></span> <span class='ocrx_word' id='word_1_313' title='bbox 469 1273 535 1301; x_wconf 91' lang='lat' dir='ltr'><strong>eniti</strong></span> <span class='ocrx_word' id='word_1_314' title='bbox 549 1273 634 1301; x_wconf 91' lang='lat' dir='ltr'><strong>malit.</strong></span> <span class='ocrx_word' id='word_1_315' title='bbox 651 1273 769 1302; x_wconf 83' lang='lat' dir='ltr'><strong>Felicem</strong></span> <span class='ocrx_word' id='word_1_316' title='bbox 782 1273 857 1301; x_wconf 89' lang='lat' dir='ltr'><strong>illum</strong></span> <span class='ocrx_word' id='word_1_317' title='bbox 873 1273 918 1307; x_wconf 88' lang='lat' dir='ltr'><strong>qui</strong></span> <span class='ocrx_word' id='word_1_318' title='bbox 933 1273 1008 1301; x_wconf 86' lang='lat' dir='ltr'><strong>Pauli</strong></span> <span class='ocrx_word' id='word_1_319' title='bbox 1022 1273 1118 1301; x_wconf 87' lang='lat' dir='ltr'><strong>similis</strong></span> 
     </span>
    </p>
   </div>
   <div class='ocr_carea' id='block_1_43' title="bbox 315 1318 499 1356">
    <p class='ocr_par' dir='ltr' id='par_1_43' title="bbox 315 1318 499 1356">
     <span class='ocr_line' id='line_1_43' title="bbox 315 1318 499 1356; baseline -0.005 -9"><span class='ocrx_word' id='word_1_320' title='bbox 315 1319 434 1347; x_wconf 82' lang='lat' dir='ltr'><strong>extiterit</strong></span> <span class='ocrx_word' id='word_1_321' title='bbox 448 1318 499 1356; x_wconf 88' lang='lat' dir='ltr'><strong>(a).</strong></span> 
     </span>
    </p>
   </div>
   <div class='ocr_carea' id='block_1_44' title="bbox 1168 948 1965 983">
    <p class='ocr_par' dir='ltr' id='par_1_44' title="bbox 1168 948 1965 983">
     <span class='ocr_line' id='line_1_44' title="bbox 1168 948 1965 983; baseline 0.004 -7"><span class='ocrx_word' id='word_1_322' title='bbox 1168 948 1330 976; x_wconf 89' lang='lat' dir='ltr'><strong>contumelia</strong></span> <span class='ocrx_word' id='word_1_323' title='bbox 1356 956 1403 976; x_wconf 87' lang='lat' dir='ltr'><strong>sua</strong></span> <span class='ocrx_word' id='word_1_324' title='bbox 1429 958 1436 976; x_wconf 94' lang='lat'>:</span> <span class='ocrx_word' id='word_1_325' title='bbox 1462 948 1529 976; x_wconf 92' lang='lat' dir='ltr'><strong>dicit</strong></span> <span class='ocrx_word' id='word_1_326' title='bbox 1549 950 1637 977; x_wconf 86' lang='lat' dir='ltr'><strong>virum</strong></span> <span class='ocrx_word' id='word_1_327' title='bbox 1662 951 1848 978; x_wconf 88' lang='lat' dir='ltr'><strong>necessarium</strong></span> <span class='ocrx_word' id='word_1_328' title='bbox 1874 951 1965 983; x_wconf 84' lang='lat' dir='ltr'><strong>sexui,</strong></span> 
     </span>
    </p>
   </div>
   <div class='ocr_carea' id='block_1_45' title="bbox 1169 994 1966 1033">
    <p class='ocr_par' dir='ltr' id='par_1_45' title="bbox 1169 994 1966 1033">
     <span class='ocr_line' id='line_1_45' title="bbox 1169 994 1966 1033; baseline 0.004 -11"><span class='ocrx_word' id='word_1_329' title='bbox 1169 999 1197 1022; x_wconf 90' lang='lat' dir='ltr'><strong>ut</strong></span> <span class='ocrx_word' id='word_1_330' title='bbox 1210 994 1269 1030; x_wconf 81' lang='lat' dir='ltr'><strong>(i5)</strong></span> <span class='ocrx_word' id='word_1_331' title='bbox 1280 995 1446 1023; x_wconf 85' lang='lat' dir='ltr'><strong>auctoritatis</strong></span> <span class='ocrx_word' id='word_1_332' title='bbox 1460 999 1487 1023; x_wconf 90' lang='lat' dir='ltr'><strong>et</strong></span> <span class='ocrx_word' id='word_1_333' title='bbox 1497 995 1684 1028; x_wconf 84' lang='lat' dir='ltr'><strong>solatiicausa,</strong></span> <span class='ocrx_word' id='word_1_334' title='bbox 1696 996 1776 1023; x_wconf 88' lang='lat' dir='ltr'><strong>velut</strong></span> <span class='ocrx_word' id='word_1_335' title='bbox 1789 996 1850 1033; x_wconf 70' lang='grc'><strong>(14)</strong></span> <span class='ocrx_word' id='word_1_336' title='bbox 1865 1005 1879 1024; x_wconf 89' lang='lat' dir='ltr'><strong>a</strong></span> <span class='ocrx_word' id='word_1_337' title='bbox 1895 997 1966 1025; x_wconf 86' lang='lat' dir='ltr'><strong>malis</strong></span> 
     </span>
    </p>
   </div>
   <div class='ocr_carea' id='block_1_46' title="bbox 1168 1040 1964 1078">
    <p class='ocr_par' dir='ltr' id='par_1_46' title="bbox 1168 1040 1964 1078">
     <span class='ocr_line' id='line_1_46' title="bbox 1168 1040 1964 1078; baseline 0.003 -10"><span class='ocrx_word' id='word_1_338' title='bbox 1168 1040 1322 1068; x_wconf 89' lang='lat' dir='ltr'><strong>rumoribus</strong></span> <span class='ocrx_word' id='word_1_339' title='bbox 1337 1044 1393 1068; x_wconf 86' lang='lat' dir='ltr'><strong>tuta</strong></span> <span class='ocrx_word' id='word_1_340' title='bbox 1409 1040 1453 1068; x_wconf 91' lang='lat' dir='ltr'><strong>sit.</strong></span> <span class='ocrx_word' id='word_1_341' title='bbox 1471 1040 1504 1067; x_wconf 88' lang='lat' dir='ltr'><strong>Et</strong></span> <span class='ocrx_word' id='word_1_342' title='bbox 1517 1045 1543 1068; x_wconf 93' lang='lat' dir='ltr'><strong>tu</strong></span> <span class='ocrx_word' id='word_1_343' title='bbox 1556 1041 1686 1074; x_wconf 81' lang='lat' dir='ltr'><strong>adversus</strong></span> <span class='ocrx_word' id='word_1_344' title='bbox 1699 1041 1812 1069; x_wconf 82' lang='lat' dir='ltr'><strong>consilia</strong></span> <span class='ocrx_word' id='word_1_345' title='bbox 1829 1042 1887 1070; x_wconf 59' lang='lat' dir='ltr'><strong>haec</strong></span> <span class='ocrx_word' id='word_1_346' title='bbox 1902 1043 1964 1078; x_wconf 81' lang='lat' dir='ltr'><strong>ejus,</strong></span> 
     </span>
    </p>
   </div>
   <div class='ocr_carea' id='block_1_47' title="bbox 1169 1087 1964 1124">
    <p class='ocr_par' dir='ltr' id='par_1_47' title="bbox 1169 1087 1964 1124">
     <span class='ocr_line' id='line_1_47' title="bbox 1169 1087 1964 1124; baseline 0.003 -9"><span class='ocrx_word' id='word_1_347' title='bbox 1169 1087 1267 1116; x_wconf 88' lang='lat' dir='ltr'><strong>adhibe</strong></span> <span class='ocrx_word' id='word_1_348' title='bbox 1283 1094 1406 1115; x_wconf 91' lang='lat' dir='ltr'><strong>sororum</strong></span> <span class='ocrx_word' id='word_1_349' title='bbox 1422 1092 1574 1115; x_wconf 87' lang='lat' dir='ltr'><strong>nostrarutn</strong></span> <span class='ocrx_word' id='word_1_350' title='bbox 1585 1088 1719 1124; x_wconf 79' lang='lat' dir='ltr'><strong>exempla,</strong></span> <span class='ocrx_word' id='word_1_351' title='bbox 1737 1095 1852 1124; x_wconf 81' lang='lat' dir='ltr'><strong>quarum</strong></span> <span class='ocrx_word' id='word_1_352' title='bbox 1865 1090 1964 1117; x_wconf 84' lang='lat' dir='ltr'><strong>nomina</strong></span> 
     </span>
    </p>
   </div>
   <div class='ocr_carea' id='block_1_48' title="bbox 1169 1133 1965 1171">
    <p class='ocr_par' dir='ltr' id='par_1_48' title="bbox 1169 1133 1965 1171">
     <span class='ocr_line' id='line_1_48' title="bbox 1169 1133 1965 1171; baseline 0.004 -10"><span class='ocrx_word' id='word_1_353' title='bbox 1169 1141 1252 1169; x_wconf 90' lang='lat' dir='ltr'><strong>penes</strong></span> <span class='ocrx_word' id='word_1_354' title='bbox 1261 1133 1402 1161; x_wconf 87' lang='lat' dir='ltr'><strong>Dominum</strong></span> <span class='ocrx_word' id='word_1_355' title='bbox 1415 1133 1528 1171; x_wconf 75' lang='lat' dir='ltr'><strong>(b),qu:e</strong></span> <span class='ocrx_word' id='word_1_356' title='bbox 1535 1134 1634 1162; x_wconf 87' lang='lat' dir='ltr'><strong>nullam</strong></span> <span class='ocrx_word' id='word_1_357' title='bbox 1643 1134 1736 1163; x_wconf 69' lang='lat' dir='ltr'><strong>formae</strong></span> <span class='ocrx_word' id='word_1_358' title='bbox 1743 1135 1788 1163; x_wconf 89' lang='lat' dir='ltr'><strong>vel</strong></span> <span class='ocrx_word' id='word_1_359' title='bbox 1796 1136 1884 1163; x_wconf 79' lang='lat' dir='ltr'><strong>:etatis</strong></span> <span class='ocrx_word' id='word_1_360' title='bbox 1893 1144 1965 1164; x_wconf 57' lang='lat' dir='ltr'><strong>occa.</strong></span> 
     </span>
    </p>
   </div>
   <div class='ocr_carea' id='block_1_49' title="bbox 1169 1181 1964 1219">
    <p class='ocr_par' dir='ltr' id='par_1_49' title="bbox 1169 1181 1964 1219">
     <span class='ocr_line' id='line_1_49' title="bbox 1169 1181 1964 1219; baseline 0.004 -11"><span class='ocrx_word' id='word_1_361' title='bbox 1169 1181 1272 1208; x_wconf 89' lang='lat' dir='ltr'><strong>sionem</strong></span> <span class='ocrx_word' id='word_1_362' title='bbox 1297 1181 1443 1216; x_wconf 71' lang='lat' dir='ltr'><strong>pratmissis</strong></span> <span class='ocrx_word' id='word_1_363' title='bbox 1463 1181 1567 1209; x_wconf 86' lang='lat' dir='ltr'><strong>maritis</strong></span> <span class='ocrx_word' id='word_1_364' title='bbox 1580 1181 1715 1209; x_wconf 85' lang='lat' dir='ltr'><strong>sanctitati</strong></span> <span class='ocrx_word' id='word_1_365' title='bbox 1732 1181 1792 1218; x_wconf 73' lang='lat'><strong>(15)</strong></span> <span class='ocrx_word' id='word_1_366' title='bbox 1808 1182 1846 1219; x_wconf 76' lang='grc' dir='ltr'><strong>(ε)</strong></span> <span class='ocrx_word' id='word_1_367' title='bbox 1859 1188 1964 1218; x_wconf 88' lang='lat' dir='ltr'><strong>antepo-</strong></span> 
     </span>
    </p>
   </div>
   <div class='ocr_carea' id='block_1_50' title="bbox 1169 1226 1964 1264">
    <p class='ocr_par' dir='ltr' id='par_1_50' title="bbox 1169 1226 1964 1264">
     <span class='ocr_line' id='line_1_50' title="bbox 1169 1226 1964 1264; baseline 0.005 -10"><span class='ocrx_word' id='word_1_368' title='bbox 1169 1232 1237 1255; x_wconf 91' lang='lat' dir='ltr'><strong>nunt</strong></span> <span class='ocrx_word' id='word_1_369' title='bbox 1257 1236 1264 1254; x_wconf 75' lang='grc' dir='ltr'>ε</span> <span class='ocrx_word' id='word_1_370' title='bbox 1279 1227 1381 1255; x_wconf 80' lang='lat' dir='ltr'><strong>malunt</strong></span> <span class='ocrx_word' id='word_1_371' title='bbox 1401 1226 1472 1255; x_wconf 90' lang='lat' dir='ltr'><strong>enim</strong></span> <span class='ocrx_word' id='word_1_372' title='bbox 1488 1228 1542 1255; x_wconf 92' lang='lat' dir='ltr'><strong>Deo</strong></span> <span class='ocrx_word' id='word_1_373' title='bbox 1563 1228 1673 1262; x_wconf 88' lang='lat' dir='ltr'><strong>nubere,</strong></span> <span class='ocrx_word' id='word_1_374' title='bbox 1684 1228 1739 1256; x_wconf 90' lang='lat' dir='ltr'><strong>Deo</strong></span> <span class='ocrx_word' id='word_1_375' title='bbox 1753 1229 1891 1264; x_wconf 60' lang='lat' dir='ltr'><strong>speciosae,</strong></span> <span class='ocrx_word' id='word_1_376' title='bbox 1914 1229 1964 1258; x_wconf 82' lang='lat' dir='ltr'><strong>Dea</strong></span> 
     </span>
    </p>
   </div>
   <div class='ocr_carea' id='block_1_51' title="bbox 1170 1272 1963 1308">
    <p class='ocr_par' dir='ltr' id='par_1_51' title="bbox 1170 1272 1963 1308">
     <span class='ocr_line' id='line_1_51' title="bbox 1170 1272 1963 1308; baseline 0.003 -8"><span class='ocrx_word' id='word_1_377' title='bbox 1170 1278 1233 1300; x_wconf 91' lang='lat' dir='ltr'><strong>sunt</strong></span> <span class='ocrx_word' id='word_1_378' title='bbox 1246 1272 1343 1308; x_wconf 68' lang='lat' dir='ltr'><strong>puelltc</strong></span> <span class='ocrx_word' id='word_1_379' title='bbox 1357 1281 1364 1299; x_wconf 76' lang='grc' dir='ltr'><strong>ε</strong></span> <span class='ocrx_word' id='word_1_380' title='bbox 1380 1280 1442 1300; x_wconf 90' lang='lat' dir='ltr'><strong>cum</strong></span> <span class='ocrx_word' id='word_1_381' title='bbox 1465 1273 1511 1300; x_wconf 92' lang='lat' dir='ltr'><strong>illo</strong></span> <span class='ocrx_word' id='word_1_382' title='bbox 1530 1273 1633 1307; x_wconf 85' lang='lat' dir='ltr'><strong>vivunt,</strong></span> <span class='ocrx_word' id='word_1_383' title='bbox 1648 1280 1711 1301; x_wconf 88' lang='lat' dir='ltr'><strong>cum</strong></span> <span class='ocrx_word' id='word_1_384' title='bbox 1729 1273 1772 1301; x_wconf 92' lang='lat' dir='ltr'><strong>illo</strong></span> <span class='ocrx_word' id='word_1_385' title='bbox 1784 1275 1963 1302; x_wconf 87' lang='lat' dir='ltr'><strong>sermocinan-</strong></span> 
     </span>
    </p>
   </div>
   <div class='ocr_carea' id='block_1_52' title="bbox 1172 1319 1966 1350">
    <p class='ocr_par' dir='ltr' id='par_1_52' title="bbox 1172 1319 1966 1350">
     <span class='ocr_line' id='line_1_52' title="bbox 1172 1319 1966 1350; baseline 0.003 -3"><span class='ocrx_word' id='word_1_386' title='bbox 1172 1324 1215 1348; x_wconf 88' lang='lat' dir='ltr'><strong>tur</strong></span> <span class='ocrx_word' id='word_1_387' title='bbox 1238 1328 1246 1348; x_wconf 85' lang='lat'><strong>:</strong></span> <span class='ocrx_word' id='word_1_388' title='bbox 1268 1319 1343 1347; x_wconf 90' lang='lat' dir='ltr'><strong>illum</strong></span> <span class='ocrx_word' id='word_1_389' title='bbox 1364 1319 1459 1348; x_wconf 90' lang='lat' dir='ltr'><strong>diebus</strong></span> <span class='ocrx_word' id='word_1_390' title='bbox 1480 1324 1508 1348; x_wconf 88' lang='lat' dir='ltr'><strong>et</strong></span> <span class='ocrx_word' id='word_1_391' title='bbox 1529 1320 1654 1348; x_wconf 91' lang='lat' dir='ltr'><strong>noctibus</strong></span> <span class='ocrx_word' id='word_1_392' title='bbox 1676 1325 1786 1349; x_wconf 85' lang='lat' dir='ltr'><strong>tractant</strong></span> <span class='ocrx_word' id='word_1_393' title='bbox 1804 1329 1813 1349; x_wconf 88' lang='lat'><strong>:</strong></span> <span class='ocrx_word' id='word_1_394' title='bbox 1828 1321 1966 1350; x_wconf 82' lang='lat' dir='ltr'><strong>orationes</strong></span> 
     </span>
    </p>
   </div>
   <div class='ocr_carea' id='block_1_53' title="bbox 937 1379 1354 1410">
    <p class='ocr_par' dir='ltr' id='par_1_53' title="bbox 937 1379 1354 1410">
     <span class='ocr_line' id='line_1_53' title="bbox 937 1379 1354 1410; baseline 0.002 -3"><span class='ocrx_word' id='word_1_395' title='bbox 937 1379 1128 1410; x_wconf 83' lang='lat' dir='ltr'><strong>LECTIONES</strong></span> <span class='ocrx_word' id='word_1_396' title='bbox 1146 1379 1354 1409; x_wconf 77' lang='lat' dir='ltr'><strong>VABIANTES.</strong></span> 
     </span>
    </p>
   </div>
   <div class='ocr_carea' id='block_1_54' title="bbox 363 1436 668 1471">
    <p class='ocr_par' dir='ltr' id='par_1_54' title="bbox 363 1436 668 1471">
     <span class='ocr_line' id='line_1_54' title="bbox 363 1436 668 1471; baseline 0 -9"><span class='ocrx_word' id='word_1_397' title='bbox 363 1437 388 1471; x_wconf 70' lang='lat' dir='ltr'><strong>i)</strong></span> <span class='ocrx_word' id='word_1_398' title='bbox 400 1436 470 1471; x_wconf 77' lang='lat' dir='ltr'><strong>Quod</strong></span> <span class='ocrx_word' id='word_1_399' title='bbox 481 1437 503 1462; x_wconf 89' lang='lat' dir='ltr'><strong>si</strong></span> <span class='ocrx_word' id='word_1_400' title='bbox 515 1438 600 1471; x_wconf 74' lang='lat' dir='ltr'><strong>timeo,</strong></span> <span class='ocrx_word' id='word_1_401' title='bbox 612 1437 668 1471; x_wconf 69' lang='lat' dir='ltr'><strong>Itig.</strong></span> 
     </span>
    </p>
   </div>
   <div class='ocr_carea' id='block_1_55' title="bbox 349 1437 1120 1524">
    <p class='ocr_par' dir='ltr' id='par_1_55' title="bbox 349 1437 1120 1524">
     <span class='ocr_line' id='line_1_55' title="bbox 349 1437 1024 1500; baseline 0 -38"><span class='ocrx_word' id='word_1_402' title='bbox 349 1437 388 1500; x_wconf 49' lang='grc' dir='ltr'>ξιξ</span> <span class='ocrx_word' id='word_1_403' title='bbox 400 1437 470 1467; x_wconf 85' lang='lat' dir='ltr'><strong>Quod</strong></span> <span class='ocrx_word' id='word_1_404' title='bbox 481 1437 503 1462; x_wconf 89' lang='lat' dir='ltr'><strong>si</strong></span> <span class='ocrx_word' id='word_1_405' title='bbox 515 1438 600 1467; x_wconf 88' lang='lat' dir='ltr'><strong>timeo,</strong></span> <span class='ocrx_word' id='word_1_406' title='bbox 612 1437 668 1471; x_wconf 80' lang='lat' dir='ltr'><strong>Rig.</strong></span> <span class='ocrx_word' id='word_1_407' title='bbox 798 1469 803 1474; x_wconf 38' lang='grc' dir='ltr'><strong>Ι</strong></span> <span class='ocrx_word' id='word_1_408' title='bbox 895 1468 900 1473; x_wconf 88' lang='lat'>_</span> <span class='ocrx_word' id='word_1_409' title='bbox 936 1437 940 1439; x_wconf 71' lang='grc'><em>’</em></span> <span class='ocrx_word' id='word_1_410' title='bbox 1018 1467 1024 1472; x_wconf 89' lang='lat'><em>_</em></span> 
     </span>
     <span class='ocr_line' id='line_1_56' title="bbox 360 1468 1120 1524; baseline 0.001 -31"><span class='ocrx_word' id='word_1_411' title='bbox 360 1469 375 1505; x_wconf 60' lang='grc' dir='ltr'>ξ</span> <span class='ocrx_word' id='word_1_412' title='bbox 398 1470 470 1494; x_wconf 84' lang='lat' dir='ltr'><strong>Recte</strong></span> <span class='ocrx_word' id='word_1_413' title='bbox 481 1475 545 1524; x_wconf 56' lang='lat' dir='ltr'><strong>cog).</strong></span> <span class='ocrx_word' id='word_1_414' title='bbox 558 1468 652 1494; x_wconf 83' lang='lat' dir='ltr'><strong>Semler</strong></span> <span class='ocrx_word' id='word_1_415' title='bbox 664 1474 835 1504; x_wconf 86' lang='lat' dir='ltr'><strong>pro_supertor</strong></span> <span class='ocrx_word' id='word_1_416' title='bbox 849 1471 967 1501; x_wconf 74' lang='lat' dir='ltr'><strong>scriptum</strong></span> <span class='ocrx_word' id='word_1_417' title='bbox 989 1468 1063 1500; x_wconf 76' lang='lat' dir='ltr'><strong>fume</strong></span> <span class='ocrx_word' id='word_1_418' title='bbox 1079 1474 1120 1494; x_wconf 86' lang='lat' dir='ltr'><strong>su-</strong></span> 
     </span>
     <span class='ocr_line' id='line_1_57' title="bbox 351 1500 908 1524; baseline 0 0"><span class='ocrx_word' id='word_1_419' title='bbox 351 1506 451 1524; x_wconf 87' lang='lat' dir='ltr'><strong>rtorum.</strong></span> <span class='ocrx_word' id='word_1_420' title='bbox 464 1512 495 1518; x_wconf 95' lang='lat'><strong>—</strong></span> <span class='ocrx_word' id='word_1_421' title='bbox 526 1503 544 1524; x_wconf 89' lang='lat' dir='ltr'><strong>t.</strong></span> <span class='ocrx_word' id='word_1_422' title='bbox 556 1500 633 1524; x_wconf 78' lang='lat' dir='ltr'><strong>Frnn.</strong></span> <span class='ocrx_word' id='word_1_423' title='bbox 646 1502 669 1524; x_wconf 88' lang='lat' dir='ltr'><strong>et</strong></span> <span class='ocrx_word' id='word_1_424' title='bbox 685 1501 739 1524; x_wconf 85' lang='lat' dir='ltr'><strong>Rm.</strong></span> <span class='ocrx_word' id='word_1_425' title='bbox 749 1500 908 1524; x_wconf 88' lang='lat' dir='ltr'><strong>inﬁrmorum.</strong></span> 
     </span>
    </p>
   </div>
   <div class='ocr_carea' id='block_1_56' title="bbox 317 1500 908 1532">
    <p class='ocr_par' dir='ltr' id='par_1_56' title="bbox 317 1500 908 1532">
     <span class='ocr_line' id='line_1_58' title="bbox 317 1500 908 1532; baseline 0.002 -8"><span class='ocrx_word' id='word_1_426' title='bbox 317 1500 451 1532; x_wconf 69' lang='lat' dir='ltr'><strong>periurum.</strong></span> <span class='ocrx_word' id='word_1_427' title='bbox 464 1512 495 1518; x_wconf 95' lang='lat'><strong>—</strong></span> <span class='ocrx_word' id='word_1_428' title='bbox 507 1500 544 1525; x_wconf 81' lang='lat' dir='ltr'><strong>Et.</strong></span> <span class='ocrx_word' id='word_1_429' title='bbox 556 1500 633 1525; x_wconf 60' lang='lat' dir='ltr'><strong>Frme</strong></span> <span class='ocrx_word' id='word_1_430' title='bbox 646 1502 670 1532; x_wconf 75' lang='lat' dir='ltr'><strong>et</strong></span> <span class='ocrx_word' id='word_1_431' title='bbox 685 1500 739 1532; x_wconf 72' lang='grc' dir='ltr'><strong>Εἰς.</strong></span> <span class='ocrx_word' id='word_1_432' title='bbox 749 1500 908 1526; x_wconf 87' lang='lat' dir='ltr'><strong>inﬁrmorum.</strong></span> 
     </span>
    </p>
   </div>
   <div class='ocr_carea' id='block_1_57' title="bbox 360 1529 697 1562">
    <p class='ocr_par' dir='ltr' id='par_1_57' title="bbox 360 1529 697 1562">
     <span class='ocr_line' id='line_1_59' title="bbox 360 1529 697 1562; baseline 0 -7"><span class='ocrx_word' id='word_1_433' title='bbox 360 1531 386 1562; x_wconf 79' lang='lat'><strong>3)</strong></span> <span class='ocrx_word' id='word_1_434' title='bbox 399 1530 539 1562; x_wconf 76' lang='lat' dir='ltr'><strong>Inﬁmorum</strong></span> <span class='ocrx_word' id='word_1_435' title='bbox 551 1536 626 1556; x_wconf 71' lang='lat' dir='ltr'><strong>nan.</strong></span> <span class='ocrx_word' id='word_1_436' title='bbox 640 1529 697 1562; x_wconf 82' lang='lat' dir='ltr'><strong>Rig.</strong></span> 
     </span>
    </p>
   </div>
   <div class='ocr_carea' id='block_1_58' title="bbox 348 1530 1054 1719">
    <p class='ocr_par' dir='ltr' id='par_1_58' title="bbox 360 1530 724 1562">
     <span class='ocr_line' id='line_1_60' title="bbox 360 1530 724 1562; baseline 0.003 -8"><span class='ocrx_word' id='word_1_437' title='bbox 360 1531 376 1555; x_wconf 80' lang='lat'><strong>3</strong></span> <span class='ocrx_word' id='word_1_438' title='bbox 399 1530 539 1556; x_wconf 87' lang='lat' dir='ltr'><strong>Inﬁmorum</strong></span> <span class='ocrx_word' id='word_1_439' title='bbox 551 1536 626 1556; x_wconf 71' lang='lat' dir='ltr'><strong>nan.</strong></span> <span class='ocrx_word' id='word_1_440' title='bbox 640 1530 697 1562; x_wconf 82' lang='lat' dir='ltr'><strong>Rig.</strong></span> <span class='ocrx_word' id='word_1_441' title='bbox 714 1530 724 1532; x_wconf 56' lang='lat'><strong><em>&#39;</em></strong></span> 
     </span>
    </p>

    <p class='ocr_par' dir='ltr' id='par_1_59' title="bbox 348 1530 1054 1719">
     <span class='ocr_line' id='line_1_61' title="bbox 362 1561 1054 1592; baseline 0.001 -6"><span class='ocrx_word' id='word_1_442' title='bbox 362 1562 377 1586; x_wconf 81' lang='grc'><strong>4</strong></span> <span class='ocrx_word' id='word_1_443' title='bbox 399 1561 452 1586; x_wconf 86' lang='lat' dir='ltr'><strong>Non</strong></span> <span class='ocrx_word' id='word_1_444' title='bbox 465 1562 521 1586; x_wconf 88' lang='lat' dir='ltr'><strong>ideo</strong></span> <span class='ocrx_word' id='word_1_445' title='bbox 533 1562 557 1586; x_wconf 91' lang='lat' dir='ltr'><strong>b.</strong></span> <span class='ocrx_word' id='word_1_446' title='bbox 571 1568 595 1586; x_wconf 89' lang='lat' dir='ltr'><strong>e.</strong></span> <span class='ocrx_word' id='word_1_447' title='bbox 608 1569 655 1587; x_wconf 90' lang='lat' dir='ltr'><strong>nec</strong></span> <span class='ocrx_word' id='word_1_448' title='bbox 667 1562 723 1587; x_wconf 90' lang='lat' dir='ltr'><strong>ideo</strong></span> <span class='ocrx_word' id='word_1_449' title='bbox 734 1562 824 1587; x_wconf 90' lang='lat' dir='ltr'><strong>malum</strong></span> <span class='ocrx_word' id='word_1_450' title='bbox 836 1565 937 1592; x_wconf 87' lang='lat' dir='ltr'><strong>nonest,</strong></span> <span class='ocrx_word' id='word_1_451' title='bbox 953 1562 1054 1588; x_wconf 78' lang='lat' dir='ltr'><strong>Veneta.</strong></span> 
     </span>
     <span class='ocr_line' id='line_1_62' title="bbox 348 1530 1023 1719; baseline -0.004 -67"><span class='ocrx_word' id='word_1_452' title='bbox 401 1592 604 1660; x_wconf 44' lang='lat' dir='ltr'><strong>tliﬂgugem}.</strong></span> <span class='ocrx_word' id='word_1_453' title='bbox 617 1624 703 1657; x_wconf 82' lang='lat' dir='ltr'><strong>Itaque</strong></span> <span class='ocrx_word' id='word_1_454' title='bbox 713 1629 788 1650; x_wconf 74' lang='lat' dir='ltr'><strong>nan.</strong></span> <span class='ocrx_word' id='word_1_455' title='bbox 801 1624 876 1651; x_wconf 75' lang='lat' dir='ltr'><strong>Puris</strong></span> <span class='ocrx_word' id='word_1_456' title='bbox 887 1623 958 1650; x_wconf 84' lang='lat' dir='ltr'><strong>illud.</strong></span> <span class='ocrx_word' id='word_1_457' title='bbox 968 1623 1023 1657; x_wconf 78' lang='lat' dir='ltr'><strong>Rig.</strong></span> 
     </span>
     <span class='ocr_line' id='line_1_63' title="bbox 351 1654 658 1718; baseline -0.023 0"><span class='ocrx_word' id='word_1_458' title='bbox 351 1654 378 1718; x_wconf 65' lang='lat' dir='ltr'><strong>ti</strong></span> <span class='ocrx_word' id='word_1_459' title='bbox 403 1654 658 1718; x_wconf 54' lang='lat' dir='ltr'><strong>statstat...</strong></span> 
     </span>
    </p>
   </div>
   <div class='ocr_carea' id='block_1_59' title="bbox 362 1592 595 1619">
    <p class='ocr_par' dir='ltr' id='par_1_60' title="bbox 362 1592 595 1619">
     <span class='ocr_line' id='line_1_64' title="bbox 362 1592 595 1619; baseline -0.004 -1"><span class='ocrx_word' id='word_1_460' title='bbox 362 1592 388 1619; x_wconf 73' lang='lat' dir='ltr'><strong>5i</strong></span> <span class='ocrx_word' id='word_1_461' title='bbox 401 1592 480 1617; x_wconf 86' lang='lat' dir='ltr'><strong>Piene</strong></span> <span class='ocrx_word' id='word_1_462' title='bbox 493 1592 595 1619; x_wconf 83' lang='lat' dir='ltr'><strong>Semler.</strong></span> 
     </span>
    </p>
   </div>
   <div class='ocr_carea' id='block_1_60' title="bbox 363 1623 1023 1657">
    <p class='ocr_par' dir='ltr' id='par_1_61' title="bbox 363 1623 1023 1657">
     <span class='ocr_line' id='line_1_65' title="bbox 363 1623 1023 1657; baseline 0.002 -9"><span class='ocrx_word' id='word_1_463' title='bbox 363 1623 389 1657; x_wconf 66' lang='grc' dir='ltr'>ρ)</span> <span class='ocrx_word' id='word_1_464' title='bbox 401 1623 511 1657; x_wconf 61' lang='lat' dir='ltr'><strong>ljamque</strong></span> <span class='ocrx_word' id='word_1_465' title='bbox 523 1623 604 1657; x_wconf 41' lang='lat' dir='ltr'><strong>Serui,</strong></span> <span class='ocrx_word' id='word_1_466' title='bbox 617 1624 703 1657; x_wconf 82' lang='lat' dir='ltr'><strong>Itaque</strong></span> <span class='ocrx_word' id='word_1_467' title='bbox 713 1629 788 1650; x_wconf 74' lang='lat' dir='ltr'><strong>nan.</strong></span> <span class='ocrx_word' id='word_1_468' title='bbox 801 1624 876 1651; x_wconf 75' lang='lat' dir='ltr'><strong>Puris</strong></span> <span class='ocrx_word' id='word_1_469' title='bbox 887 1623 958 1650; x_wconf 84' lang='lat' dir='ltr'><strong>illud.</strong></span> <span class='ocrx_word' id='word_1_470' title='bbox 968 1623 1023 1657; x_wconf 78' lang='lat' dir='ltr'><strong>Rig.</strong></span> 
     </span>
    </p>
   </div>
   <div class='ocr_carea' id='block_1_61' title="bbox 351 1654 378 1718">
    <p class='ocr_par' dir='ltr' id='par_1_62' title="bbox 351 1654 378 1718">
     <span class='ocr_line' id='line_1_66' title="bbox 351 1654 378 1718; baseline 0 -7"><span class='ocrx_word' id='word_1_471' title='bbox 351 1654 378 1718; x_wconf 69' lang='grc' dir='ltr'>ἱέ</span> 
     </span>
    </p>
   </div>
   <div class='ocr_carea' id='block_1_62' title="bbox 403 1654 613 1681">
    <p class='ocr_par' dir='ltr' id='par_1_63' title="bbox 403 1654 613 1681">
     <span class='ocr_line' id='line_1_67' title="bbox 403 1654 613 1681; baseline 0.005 -1"><span class='ocrx_word' id='word_1_472' title='bbox 403 1654 435 1680; x_wconf 82' lang='lat' dir='ltr'><strong>Et</strong></span> <span class='ocrx_word' id='word_1_473' title='bbox 446 1654 548 1681; x_wconf 70' lang='lat' dir='ltr'><strong>eitend.</strong></span> <span class='ocrx_word' id='word_1_474' title='bbox 561 1654 613 1681; x_wconf 70' lang='lat' dir='ltr'><strong>alii.</strong></span> 
     </span>
    </p>
   </div>
   <div class='ocr_carea' id='block_1_63' title="bbox 405 1685 658 1718">
    <p class='ocr_par' dir='ltr' id='par_1_64' title="bbox 405 1685 658 1718">
     <span class='ocr_line' id='line_1_68' title="bbox 405 1685 658 1718; baseline 0 -6"><span class='ocrx_word' id='word_1_475' title='bbox 405 1686 589 1718; x_wconf 86' lang='lat' dir='ltr'><strong>Douativorum,</strong></span> <span class='ocrx_word' id='word_1_476' title='bbox 607 1685 658 1712; x_wconf 86' lang='lat' dir='ltr'><strong>alii.</strong></span> 
     </span>
    </p>
   </div>
   <div class='ocr_carea' id='block_1_64' title="bbox 1205 1437 1463 1494">
    <p class='ocr_par' dir='ltr' id='par_1_65' title="bbox 1205 1437 1463 1494">
     <span class='ocr_line' id='line_1_69' title="bbox 1205 1437 1463 1494; baseline 0 -31"><span class='ocrx_word' id='word_1_477' title='bbox 1205 1437 1246 1494; x_wconf 55' lang='lat'><strong>(92)</strong></span> <span class='ocrx_word' id='word_1_478' title='bbox 1254 1437 1294 1462; x_wconf 89' lang='lat' dir='ltr'><strong>Sic</strong></span> <span class='ocrx_word' id='word_1_479' title='bbox 1302 1444 1334 1474; x_wconf 89' lang='lat' dir='ltr'><strong>n._</strong></span> <span class='ocrx_word' id='word_1_480' title='bbox 1341 1438 1397 1464; x_wconf 79' lang='lat' dir='ltr'><strong>etsi.</strong></span> <span class='ocrx_word' id='word_1_481' title='bbox 1407 1437 1463 1470; x_wconf 82' lang='lat' dir='ltr'><strong>Rig.</strong></span> 
     </span>
     <span class='ocr_line' id='line_1_70' title="bbox 1205 1468 1451 1494; baseline -0.004 0"><span class='ocrx_word' id='word_1_482' title='bbox 1205 1469 1227 1494; x_wconf 83' lang='grc' dir='ltr'>Η</span> <span class='ocrx_word' id='word_1_483' title='bbox 1248 1468 1256 1494; x_wconf 77' lang='lat' dir='ltr'><strong>i</strong></span> <span class='ocrx_word' id='word_1_484' title='bbox 1268 1469 1359 1494; x_wconf 77' lang='lat' dir='ltr'><strong>Fortta.</strong></span> <span class='ocrx_word' id='word_1_485' title='bbox 1374 1469 1451 1494; x_wconf 82' lang='lat' dir='ltr'><strong>Fran.</strong></span> 
     </span>
    </p>
   </div>
   <div class='ocr_carea' id='block_1_65' title="bbox 1217 1469 1526 1499">
    <p class='ocr_par' dir='ltr' id='par_1_66' title="bbox 1217 1469 1526 1499">
     <span class='ocr_line' id='line_1_71' title="bbox 1217 1469 1526 1499; baseline -0.003 -4"><span class='ocrx_word' id='word_1_486' title='bbox 1217 1469 1256 1499; x_wconf 85' lang='grc'><strong>10)</strong></span> <span class='ocrx_word' id='word_1_487' title='bbox 1268 1469 1359 1499; x_wconf 80' lang='lat' dir='ltr'><strong>Fortia,</strong></span> <span class='ocrx_word' id='word_1_488' title='bbox 1374 1469 1451 1495; x_wconf 71' lang='lat' dir='ltr'><strong>Fran.</strong></span> <span class='ocrx_word' id='word_1_489' title='bbox 1464 1469 1526 1494; x_wconf 85' lang='lat' dir='ltr'><strong>Par.</strong></span> 
     </span>
    </p>
   </div>
   <div class='ocr_carea' id='block_1_66' title="bbox 1218 1499 1586 1526">
    <p class='ocr_par' dir='ltr' id='par_1_67' title="bbox 1218 1499 1586 1526">
     <span class='ocr_line' id='line_1_72' title="bbox 1218 1499 1586 1526; baseline 0 0"><span class='ocrx_word' id='word_1_490' title='bbox 1218 1499 1257 1526; x_wconf 76' lang='lat' dir='ltr'><strong>iii</strong></span> <span class='ocrx_word' id='word_1_491' title='bbox 1269 1499 1401 1525; x_wconf 84' lang='lat' dir='ltr'><strong>Inﬂrmiora</strong></span> <span class='ocrx_word' id='word_1_492' title='bbox 1416 1505 1490 1526; x_wconf 78' lang='lat' dir='ltr'><strong>Fran.</strong></span> <span class='ocrx_word' id='word_1_493' title='bbox 1503 1499 1586 1526; x_wconf 74' lang='lat' dir='ltr'><strong>Paris.</strong></span> 
     </span>
    </p>
   </div>
   <div class='ocr_carea' id='block_1_67' title="bbox 1217 1531 1437 1564">
    <p class='ocr_par' dir='ltr' id='par_1_68' title="bbox 1217 1531 1437 1564">
     <span class='ocr_line' id='line_1_73' title="bbox 1217 1531 1437 1564; baseline 0 0"><span class='ocrx_word' id='word_1_494' title='bbox 1217 1531 1289 1564; x_wconf 53' lang='lat' dir='ltr'><strong>me.</strong></span> <span class='ocrx_word' id='word_1_495' title='bbox 1300 1534 1371 1564; x_wconf 67' lang='lat' dir='ltr'><strong>tnatr-</strong></span> <span class='ocrx_word' id='word_1_496' title='bbox 1381 1531 1437 1564; x_wconf 74' lang='lat' dir='ltr'><strong>nig-</strong></span> 
     </span>
    </p>
   </div>
   <div class='ocr_carea' id='block_1_68' title="bbox 1215 1561 1381 1587">
    <p class='ocr_par' dir='ltr' id='par_1_69' title="bbox 1215 1561 1381 1587">
     <span class='ocr_line' id='line_1_74' title="bbox 1215 1561 1381 1587; baseline -0.006 0"><span class='ocrx_word' id='word_1_497' title='bbox 1215 1561 1253 1587; x_wconf 74' lang='lat' dir='ltr'><strong>iSi</strong></span> <span class='ocrx_word' id='word_1_498' title='bbox 1265 1561 1312 1586; x_wconf 81' lang='lat' dir='ltr'><strong>Vel</strong></span> <span class='ocrx_word' id='word_1_499' title='bbox 1321 1563 1381 1587; x_wconf 79' lang='lat' dir='ltr'><strong>Jun.</strong></span> 
     </span>
    </p>
   </div>
   <div class='ocr_carea' id='block_1_69' title="bbox 1214 1592 1440 1619">
    <p class='ocr_par' dir='ltr' id='par_1_70' title="bbox 1214 1592 1440 1619">
     <span class='ocr_line' id='line_1_75' title="bbox 1214 1592 1440 1619; baseline -0.004 0"><span class='ocrx_word' id='word_1_500' title='bbox 1214 1593 1254 1619; x_wconf 77' lang='lat' dir='ltr'><strong>Mi</strong></span> <span class='ocrx_word' id='word_1_501' title='bbox 1266 1592 1313 1618; x_wconf 80' lang='lat' dir='ltr'><strong>Vel</strong></span> <span class='ocrx_word' id='word_1_502' title='bbox 1325 1597 1353 1618; x_wconf 92' lang='lat' dir='ltr'><strong>ut</strong></span> <span class='ocrx_word' id='word_1_503' title='bbox 1364 1594 1440 1618; x_wconf 84' lang='lat' dir='ltr'><strong>Fran.</strong></span> 
     </span>
    </p>
   </div>
   <div class='ocr_carea' id='block_1_70' title="bbox 1213 1624 1964 1656">
    <p class='ocr_par' dir='ltr' id='par_1_71' title="bbox 1213 1624 1964 1656">
     <span class='ocr_line' id='line_1_76' title="bbox 1213 1624 1964 1656; baseline 0 -7"><span class='ocrx_word' id='word_1_504' title='bbox 1213 1624 1255 1656; x_wconf 72' lang='lat'><strong>15)</strong></span> <span class='ocrx_word' id='word_1_505' title='bbox 1266 1624 1336 1656; x_wconf 79' lang='lat' dir='ltr'><strong>Nulla</strong></span> <span class='ocrx_word' id='word_1_506' title='bbox 1344 1624 1427 1656; x_wconf 69' lang='lat' dir='ltr'><strong>format</strong></span> <span class='ocrx_word' id='word_1_507' title='bbox 1432 1624 1472 1649; x_wconf 87' lang='lat' dir='ltr'><strong>vel</strong></span> <span class='ocrx_word' id='word_1_508' title='bbox 1479 1625 1558 1651; x_wconf 71' lang='lat' dir='ltr'><strong>aetatis</strong></span> <span class='ocrx_word' id='word_1_509' title='bbox 1565 1625 1690 1650; x_wconf 83' lang='lat' dir='ltr'><strong>occasione</strong></span> <span class='ocrx_word' id='word_1_510' title='bbox 1696 1631 1788 1656; x_wconf 62' lang='lat' dir='ltr'><strong>pressae</strong></span> <span class='ocrx_word' id='word_1_511' title='bbox 1795 1626 1889 1651; x_wconf 82' lang='lat' dir='ltr'><strong>maritis</strong></span> <span class='ocrx_word' id='word_1_512' title='bbox 1896 1625 1964 1650; x_wconf 68' lang='lat' dir='ltr'><strong>Em.</strong></span> 
     </span>
    </p>
   </div>
   <div class='ocr_carea' id='block_1_71' title="bbox 1171 1655 1963 1689">
    <p class='ocr_par' dir='ltr' id='par_1_72' title="bbox 1171 1655 1963 1689">
     <span class='ocr_line' id='line_1_77' title="bbox 1171 1655 1963 1689; baseline 0 -8"><span class='ocrx_word' id='word_1_513' title='bbox 1171 1655 1280 1681; x_wconf 77' lang='lat' dir='ltr'><strong>Parisin.</strong></span> <span class='ocrx_word' id='word_1_514' title='bbox 1294 1655 1386 1682; x_wconf 89' lang='lat' dir='ltr'><strong>nullam</strong></span> <span class='ocrx_word' id='word_1_515' title='bbox 1404 1655 1507 1681; x_wconf 83' lang='lat' dir='ltr'><strong>formam</strong></span> <span class='ocrx_word' id='word_1_516' title='bbox 1528 1669 1558 1675; x_wconf 91' lang='lat'><strong><em>—</em></strong></span> <span class='ocrx_word' id='word_1_517' title='bbox 1572 1655 1727 1682; x_wconf 81' lang='lat' dir='ltr'><strong>sanctitatem</strong></span> <span class='ocrx_word' id='word_1_518' title='bbox 1746 1656 1836 1682; x_wconf 73' lang='lat' dir='ltr'><strong>semier</strong></span> <span class='ocrx_word' id='word_1_519' title='bbox 1846 1676 1854 1686; x_wconf 78' lang='lat'><strong>,</strong></span> <span class='ocrx_word' id='word_1_520' title='bbox 1867 1657 1963 1689; x_wconf 81' lang='lat' dir='ltr'><strong>permis-</strong></span> 
     </span>
    </p>
   </div>
   <div class='ocr_carea' id='block_1_72' title="bbox 1172 1688 1623 1713">
    <p class='ocr_par' dir='ltr' id='par_1_73' title="bbox 1172 1688 1623 1713">
     <span class='ocr_line' id='line_1_78' title="bbox 1172 1688 1623 1713; baseline 0 0"><span class='ocrx_word' id='word_1_521' title='bbox 1172 1688 1207 1713; x_wconf 86' lang='lat' dir='ltr'><strong>sis</strong></span> <span class='ocrx_word' id='word_1_522' title='bbox 1218 1691 1268 1713; x_wconf 90' lang='lat' dir='ltr'><strong>ete.</strong></span> <span class='ocrx_word' id='word_1_523' title='bbox 1614 1698 1623 1707; x_wconf 75' lang='grc' dir='ltr'><strong><em>ο</em></strong></span> 
     </span>
    </p>
   </div>
   <div class='ocr_carea' id='block_1_73' title="bbox 997 1771 1280 1802">
    <p class='ocr_par' dir='ltr' id='par_1_74' title="bbox 997 1771 1280 1802">
     <span class='ocr_line' id='line_1_79' title="bbox 997 1771 1280 1802; baseline -0.011 0"><span class='ocrx_word' id='word_1_524' title='bbox 997 1771 1280 1802; x_wconf 82' lang='lat' dir='ltr'><strong>COMMENTARIUS.</strong></span> 
     </span>
    </p>
   </div>
   <div class='ocr_carea' id='block_1_74' title="bbox 320 1831 1120 1868">
    <p class='ocr_par' dir='ltr' id='par_1_75' title="bbox 320 1831 1120 1868">
     <span class='ocr_line' id='line_1_80' title="bbox 320 1831 1120 1868; baseline -0.001 -9"><span class='ocrx_word' id='word_1_525' title='bbox 320 1831 395 1868; x_wconf 79' lang='lat' dir='ltr'><strong>Quod</strong></span> <span class='ocrx_word' id='word_1_526' title='bbox 407 1831 429 1859; x_wconf 71' lang='lat' dir='ltr'><strong>si</strong></span> <span class='ocrx_word' id='word_1_527' title='bbox 443 1832 518 1859; x_wconf 81' lang='lat' dir='ltr'><strong>timeo</strong></span> <span class='ocrx_word' id='word_1_528' title='bbox 538 1832 606 1867; x_wconf 78' lang='lat' dir='ltr'><strong>quod</strong></span> <span class='ocrx_word' id='word_1_529' title='bbox 624 1832 788 1868; x_wconf 78' lang='lat' dir='ltr'><strong>permittitur,</strong></span> <span class='ocrx_word' id='word_1_530' title='bbox 812 1834 954 1868; x_wconf 72' lang='lat' dir='ltr'><strong>suspectam</strong></span> <span class='ocrx_word' id='word_1_531' title='bbox 969 1831 1048 1868; x_wconf 57' lang='lat' dir='ltr'><strong>[taliet</strong></span> <span class='ocrx_word' id='word_1_532' title='bbox 1063 1839 1120 1868; x_wconf 70' lang='lat' dir='ltr'><strong>per-</strong></span> 
     </span>
    </p>
   </div>
   <div class='ocr_carea' id='block_1_75' title="bbox 318 1866 1121 1896">
    <p class='ocr_par' dir='ltr' id='par_1_76' title="bbox 318 1866 1121 1896">
     <span class='ocr_line' id='line_1_81' title="bbox 318 1866 1121 1896; baseline 0.004 -4"><span class='ocrx_word' id='word_1_533' title='bbox 318 1867 446 1894; x_wconf 72' lang='lat' dir='ltr'><strong>missionis</strong></span> <span class='ocrx_word' id='word_1_534' title='bbox 458 1875 511 1894; x_wconf 71' lang='lat' dir='ltr'><strong>aute</strong></span> <span class='ocrx_word' id='word_1_535' title='bbox 522 1876 649 1895; x_wconf 71' lang='lat' dir='ltr'><strong>caussam.</strong></span> <span class='ocrx_word' id='word_1_536' title='bbox 676 1868 719 1895; x_wconf 82' lang='lat' dir='ltr'><strong>Ait</strong></span> <span class='ocrx_word' id='word_1_537' title='bbox 732 1866 913 1896; x_wconf 85' lang='lat' dir='ltr'><strong>Tertullianus</strong></span> <span class='ocrx_word' id='word_1_538' title='bbox 935 1876 942 1894; x_wconf 87' lang='lat'><strong>:</strong></span> <span class='ocrx_word' id='word_1_539' title='bbox 962 1866 1121 1895; x_wconf 85' lang='lat' dir='ltr'><strong>Christianis</strong></span> 
     </span>
    </p>
   </div>
   <div class='ocr_carea' id='block_1_76' title="bbox 318 1901 1121 1938">
    <p class='ocr_par' dir='ltr' id='par_1_77' title="bbox 318 1901 1121 1938">
     <span class='ocr_line' id='line_1_82' title="bbox 318 1901 1121 1938; baseline 0.002 -10"><span class='ocrx_word' id='word_1_540' title='bbox 318 1901 353 1938; x_wconf 85' lang='lat' dir='ltr'><strong>ab</strong></span> <span class='ocrx_word' id='word_1_541' title='bbox 378 1906 494 1938; x_wconf 82' lang='lat' dir='ltr'><strong>tyranno</strong></span> <span class='ocrx_word' id='word_1_542' title='bbox 508 1903 541 1930; x_wconf 90' lang='lat' dir='ltr'><strong>ad</strong></span> <span class='ocrx_word' id='word_1_543' title='bbox 562 1902 739 1930; x_wconf 86' lang='lat' dir='ltr'><strong>defectionem</strong></span> <span class='ocrx_word' id='word_1_544' title='bbox 753 1903 888 1937; x_wconf 81' lang='lat' dir='ltr'><strong>requisitis</strong></span> <span class='ocrx_word' id='word_1_545' title='bbox 898 1923 905 1936; x_wconf 91' lang='lat'><strong>,</strong></span> <span class='ocrx_word' id='word_1_546' title='bbox 920 1903 1000 1930; x_wconf 90' lang='lat' dir='ltr'><strong>licere</strong></span> <span class='ocrx_word' id='word_1_547' title='bbox 1014 1902 1121 1936; x_wconf 85' lang='lat' dir='ltr'><strong>quidem</strong></span> 
     </span>
    </p>
   </div>
   <div class='ocr_carea' id='block_1_77' title="bbox 318 1936 1121 1972">
    <p class='ocr_par' dir='ltr' id='par_1_78' title="bbox 318 1936 1121 1972">
     <span class='ocr_line' id='line_1_83' title="bbox 318 1936 1121 1972; baseline 0.001 -9"><span class='ocrx_word' id='word_1_548' title='bbox 318 1937 379 1972; x_wconf 81' lang='lat' dir='ltr'><strong>fuga</strong></span> <span class='ocrx_word' id='word_1_549' title='bbox 391 1936 472 1964; x_wconf 83' lang='lat' dir='ltr'><strong>saluti</strong></span> <span class='ocrx_word' id='word_1_550' title='bbox 499 1945 555 1965; x_wconf 64' lang='lat' dir='ltr'><strong>sum</strong></span> <span class='ocrx_word' id='word_1_551' title='bbox 576 1939 727 1970; x_wconf 88' lang='lat' dir='ltr'><strong>consulere,</strong></span> <span class='ocrx_word' id='word_1_552' title='bbox 752 1936 903 1965; x_wconf 28' lang='lat' dir='ltr'><strong>ac’melius</strong></span> <span class='ocrx_word' id='word_1_553' title='bbox 917 1945 978 1965; x_wconf 87' lang='lat' dir='ltr'><strong>esse</strong></span> <span class='ocrx_word' id='word_1_554' title='bbox 999 1938 1035 1964; x_wconf 92' lang='lat' dir='ltr'><strong>uti</strong></span> <span class='ocrx_word' id='word_1_555' title='bbox 1060 1945 1121 1972; x_wconf 91' lang='lat' dir='ltr'><strong>per-</strong></span> 
     </span>
    </p>
   </div>
   <div class='ocr_carea' id='block_1_78' title="bbox 318 1972 1121 2008">
    <p class='ocr_par' dir='ltr' id='par_1_79' title="bbox 318 1972 1121 2008">
     <span class='ocr_line' id='line_1_84' title="bbox 318 1972 1121 2008; baseline 0 -8"><span class='ocrx_word' id='word_1_556' title='bbox 318 1974 403 2000; x_wconf 90' lang='lat' dir='ltr'><strong>missu</strong></span> <span class='ocrx_word' id='word_1_557' title='bbox 421 1977 449 2000; x_wconf 90' lang='lat' dir='ltr'><strong>et</strong></span> <span class='ocrx_word' id='word_1_558' title='bbox 471 1973 573 2008; x_wconf 82' lang='lat' dir='ltr'><strong>fugere,</strong></span> <span class='ocrx_word' id='word_1_559' title='bbox 588 1981 668 2008; x_wconf 89' lang='lat' dir='ltr'><strong>quam</strong></span> <span class='ocrx_word' id='word_1_560' title='bbox 683 1973 892 2008; x_wconf 87' lang='lat' dir='ltr'><strong>comprehensos</strong></span> <span class='ocrx_word' id='word_1_561' title='bbox 906 1972 1069 2000; x_wconf 79' lang='lat' dir='ltr'><strong>cruciatibus</strong></span> <span class='ocrx_word' id='word_1_562' title='bbox 1087 1973 1121 2000; x_wconf 89' lang='lat' dir='ltr'><strong>ad</strong></span> 
     </span>
    </p>
   </div>
   <div class='ocr_carea' id='block_1_79' title="bbox 318 2008 1121 2044">
    <p class='ocr_par' dir='ltr' id='par_1_80' title="bbox 318 2008 1121 2044">
     <span class='ocr_line' id='line_1_85' title="bbox 318 2008 1121 2044; baseline 0 -9"><span class='ocrx_word' id='word_1_563' title='bbox 318 2008 459 2044; x_wconf 84' lang='lat' dir='ltr'><strong>perﬁdiam</strong></span> <span class='ocrx_word' id='word_1_564' title='bbox 482 2008 617 2044; x_wconf 82' lang='lat' dir='ltr'><strong>compelli.</strong></span> <span class='ocrx_word' id='word_1_565' title='bbox 646 2009 747 2036; x_wconf 87' lang='lat' dir='ltr'><strong>Deinde</strong></span> <span class='ocrx_word' id='word_1_566' title='bbox 772 2009 893 2044; x_wconf 85' lang='lat' dir='ltr'><strong>apponit,</strong></span> <span class='ocrx_word' id='word_1_567' title='bbox 921 2009 1000 2043; x_wconf 79' lang='lat' dir='ltr'><strong>longe</strong></span> <span class='ocrx_word' id='word_1_568' title='bbox 1025 2008 1121 2035; x_wconf 90' lang='lat' dir='ltr'><strong>melius</strong></span> 
     </span>
    </p>
   </div>
   <div class='ocr_carea' id='block_1_80' title="bbox 318 2044 1121 2080">
    <p class='ocr_par' dir='ltr' id='par_1_81' title="bbox 318 2044 1121 2080">
     <span class='ocr_line' id='line_1_86' title="bbox 318 2044 1121 2080; baseline 0 -9"><span class='ocrx_word' id='word_1_569' title='bbox 318 2051 379 2072; x_wconf 86' lang='lat' dir='ltr'><strong>esse</strong></span> <span class='ocrx_word' id='word_1_570' title='bbox 392 2044 446 2072; x_wconf 84' lang='lat' dir='ltr'><strong>ﬁxo</strong></span> <span class='ocrx_word' id='word_1_571' title='bbox 461 2044 528 2078; x_wconf 88' lang='lat' dir='ltr'><strong>pede</strong></span> <span class='ocrx_word' id='word_1_572' title='bbox 539 2050 681 2080; x_wconf 90' lang='lat' dir='ltr'><strong>tyrannum</strong></span> <span class='ocrx_word' id='word_1_573' title='bbox 690 2049 717 2072; x_wconf 89' lang='lat' dir='ltr'><strong>et</strong></span> <span class='ocrx_word' id='word_1_574' title='bbox 730 2052 813 2071; x_wconf 82' lang='lat' dir='ltr'><strong>uncos</strong></span> <span class='ocrx_word' id='word_1_575' title='bbox 821 2048 848 2071; x_wconf 91' lang='lat' dir='ltr'><strong>et</strong></span> <span class='ocrx_word' id='word_1_576' title='bbox 857 2051 953 2072; x_wconf 87' lang='lat' dir='ltr'><strong>cruces</strong></span> <span class='ocrx_word' id='word_1_577' title='bbox 964 2048 1121 2080; x_wconf 76' lang='lat' dir='ltr'><strong>exspectare</strong></span> 
     </span>
    </p>
   </div>
   <div class='ocr_carea' id='block_1_81' title="bbox 318 2079 1120 2114">
    <p class='ocr_par' dir='ltr' id='par_1_82' title="bbox 318 2079 1120 2114">
     <span class='ocr_line' id='line_1_87' title="bbox 318 2079 1120 2114; baseline 0 -8"><span class='ocrx_word' id='word_1_578' title='bbox 318 2086 351 2107; x_wconf 88' lang='lat' dir='ltr'><strong>ac</strong></span> <span class='ocrx_word' id='word_1_579' title='bbox 368 2080 481 2114; x_wconf 82' lang='lat' dir='ltr'><strong>perpeti,</strong></span> <span class='ocrx_word' id='word_1_580' title='bbox 496 2079 629 2108; x_wconf 40' lang='lat' dir='ltr'><strong>nec’datae</strong></span> <span class='ocrx_word' id='word_1_581' title='bbox 642 2080 751 2108; x_wconf 81' lang='lat' dir='ltr'><strong>Christo</strong></span> <span class='ocrx_word' id='word_1_582' title='bbox 766 2079 828 2107; x_wconf 82' lang='lat' dir='ltr'><strong>fidei</strong></span> <span class='ocrx_word' id='word_1_583' title='bbox 841 2084 1037 2107; x_wconf 85' lang='lat' dir='ltr'><strong>sacramentum</strong></span> <span class='ocrx_word' id='word_1_584' title='bbox 1060 2079 1120 2106; x_wconf 87' lang='lat' dir='ltr'><strong>vio-</strong></span> 
     </span>
    </p>
   </div>
   <div class='ocr_carea' id='block_1_82' title="bbox 319 2114 1121 2151">
    <p class='ocr_par' dir='ltr' id='par_1_83' title="bbox 319 2114 1121 2151">
     <span class='ocr_line' id='line_1_88' title="bbox 319 2114 1121 2151; baseline -0.001 -9"><span class='ocrx_word' id='word_1_585' title='bbox 319 2115 387 2142; x_wconf 91' lang='lat' dir='ltr'><strong>lare.</strong></span> <span class='ocrx_word' id='word_1_586' title='bbox 412 2115 502 2150; x_wconf 84' lang='lat' dir='ltr'><strong>Pergit</strong></span> <span class='ocrx_word' id='word_1_587' title='bbox 532 2116 708 2151; x_wconf 83' lang='lat' dir='ltr'><strong>gravissimus</strong></span> <span class='ocrx_word' id='word_1_588' title='bbox 737 2123 850 2147; x_wconf 86' lang='lat' dir='ltr'><strong>censor,</strong></span> <span class='ocrx_word' id='word_1_589' title='bbox 884 2120 911 2142; x_wconf 88' lang='lat' dir='ltr'><strong>et</strong></span> <span class='ocrx_word' id='word_1_590' title='bbox 937 2114 1024 2149; x_wconf 84' lang='lat' dir='ltr'><strong>fugam</strong></span> <span class='ocrx_word' id='word_1_591' title='bbox 1049 2114 1121 2151; x_wconf 79' lang='lat' dir='ltr'><strong>illam</strong></span> 
     </span>
    </p>
   </div>
   <div class='ocr_carea' id='block_1_83' title="bbox 320 2150 1121 2186">
    <p class='ocr_par' dir='ltr' id='par_1_84' title="bbox 320 2150 1121 2186">
     <span class='ocr_line' id='line_1_89' title="bbox 320 2150 1121 2186; baseline 0 -9"><span class='ocrx_word' id='word_1_592' title='bbox 320 2157 400 2185; x_wconf 84' lang='lat' dir='ltr'><strong>quam</strong></span> <span class='ocrx_word' id='word_1_593' title='bbox 422 2150 579 2186; x_wconf 80' lang='lat' dir='ltr'><strong>permissam</strong></span> <span class='ocrx_word' id='word_1_594' title='bbox 599 2158 661 2180; x_wconf 76' lang='lat' dir='ltr'><strong>esse</strong></span> <span class='ocrx_word' id='word_1_595' title='bbox 678 2151 791 2183; x_wconf 77' lang='lat' dir='ltr'><strong>dixerat,</strong></span> <span class='ocrx_word' id='word_1_596' title='bbox 816 2151 939 2178; x_wconf 86' lang='lat' dir='ltr'><strong>obstruit.</strong></span> <span class='ocrx_word' id='word_1_597' title='bbox 952 2151 1063 2178; x_wconf 85' lang='lat' dir='ltr'><strong>Possum</strong></span> <span class='ocrx_word' id='word_1_598' title='bbox 1078 2150 1121 2178; x_wconf 92' lang='lat' dir='ltr'><strong>di-</strong></span> 
     </span>
    </p>
   </div>
   <div class='ocr_carea' id='block_1_84' title="bbox 320 2186 1121 2222">
    <p class='ocr_par' dir='ltr' id='par_1_85' title="bbox 320 2186 1121 2222">
     <span class='ocr_line' id='line_1_90' title="bbox 320 2186 1121 2222; baseline -0.001 -8"><span class='ocrx_word' id='word_1_599' title='bbox 320 2193 394 2222; x_wconf 71' lang='lat' dir='ltr'><strong>cere,</strong></span> <span class='ocrx_word' id='word_1_600' title='bbox 409 2186 509 2222; x_wconf 82' lang='lat' dir='ltr'><strong>inquit,</strong></span> <span class='ocrx_word' id='word_1_601' title='bbox 522 2186 593 2222; x_wconf 89' lang='lat' dir='ltr'><strong>quod</strong></span> <span class='ocrx_word' id='word_1_602' title='bbox 607 2187 781 2222; x_wconf 85' lang='lat' dir='ltr'><strong>permittitur.</strong></span> <span class='ocrx_word' id='word_1_603' title='bbox 798 2187 897 2214; x_wconf 90' lang='lat' dir='ltr'><strong>bonum</strong></span> <span class='ocrx_word' id='word_1_604' title='bbox 918 2194 970 2222; x_wconf 84' lang='lat' dir='ltr'><strong>non</strong></span> <span class='ocrx_word' id='word_1_605' title='bbox 984 2190 1036 2214; x_wconf 91' lang='lat' dir='ltr'><strong>est.</strong></span> <span class='ocrx_word' id='word_1_606' title='bbox 1052 2186 1121 2220; x_wconf 88' lang='lat' dir='ltr'><strong>Quid</strong></span> 
     </span>
    </p>
   </div>
   <div class='ocr_carea' id='block_1_85' title="bbox 320 2221 1123 2257">
    <p class='ocr_par' dir='ltr' id='par_1_86' title="bbox 320 2221 1123 2257">
     <span class='ocr_line' id='line_1_91' title="bbox 320 2221 1123 2257; baseline 0.001 -9"><span class='ocrx_word' id='word_1_607' title='bbox 320 2221 416 2249; x_wconf 80' lang='lat' dir='ltr'><strong>enim?</strong></span> <span class='ocrx_word' id='word_1_608' title='bbox 430 2221 551 2250; x_wconf 84' lang='lat' dir='ltr'><strong>imminet</strong></span> <span class='ocrx_word' id='word_1_609' title='bbox 567 2221 663 2250; x_wconf 72' lang='lat' dir='ltr'><strong>cervici</strong></span> <span class='ocrx_word' id='word_1_610' title='bbox 691 2223 804 2257; x_wconf 81' lang='lat' dir='ltr'><strong>gladius,</strong></span> <span class='ocrx_word' id='word_1_611' title='bbox 820 2227 916 2249; x_wconf 72' lang='lat' dir='ltr'><strong>mstuat</strong></span> <span class='ocrx_word' id='word_1_612' title='bbox 938 2221 1043 2255; x_wconf 87' lang='lat' dir='ltr'><strong>fornax,</strong></span> <span class='ocrx_word' id='word_1_613' title='bbox 1066 2226 1123 2249; x_wconf 90' lang='lat' dir='ltr'><strong>tor-</strong></span> 
     </span>
    </p>
   </div>
   <div class='ocr_carea' id='block_1_86' title="bbox 319 2257 1119 2292">
    <p class='ocr_par' dir='ltr' id='par_1_87' title="bbox 319 2257 1119 2292">
     <span class='ocr_line' id='line_1_92' title="bbox 319 2257 1119 2292; baseline 0 -8"><span class='ocrx_word' id='word_1_614' title='bbox 319 2261 409 2284; x_wconf 84' lang='lat' dir='ltr'><strong>menta</strong></span> <span class='ocrx_word' id='word_1_615' title='bbox 420 2262 540 2292; x_wconf 87' lang='lat' dir='ltr'><strong>crepant,</strong></span> <span class='ocrx_word' id='word_1_616' title='bbox 558 2265 669 2286; x_wconf 89' lang='lat' dir='ltr'><strong>necesse</strong></span> <span class='ocrx_word' id='word_1_617' title='bbox 683 2263 725 2286; x_wconf 89' lang='lat' dir='ltr'><strong>est</strong></span> <span class='ocrx_word' id='word_1_618' title='bbox 740 2258 807 2285; x_wconf 88' lang='lat' dir='ltr'><strong>tnori</strong></span> <span class='ocrx_word' id='word_1_619' title='bbox 824 2257 899 2284; x_wconf 90' lang='lat' dir='ltr'><strong>mihi.</strong></span> <span class='ocrx_word' id='word_1_620' title='bbox 912 2257 938 2285; x_wconf 91' lang='lat' dir='ltr'><strong>Si</strong></span> <span class='ocrx_word' id='word_1_621' title='bbox 954 2257 1018 2285; x_wconf 87' lang='lat' dir='ltr'><strong>ﬁetu</strong></span> <span class='ocrx_word' id='word_1_622' title='bbox 1026 2262 1051 2284; x_wconf 91' lang='lat' dir='ltr'><strong>et</strong></span> <span class='ocrx_word' id='word_1_623' title='bbox 1064 2257 1119 2292; x_wconf 89' lang='lat' dir='ltr'><strong>eju-</strong></span> 
     </span>
    </p>
   </div>
   <div class='ocr_carea' id='block_1_87' title="bbox 320 2292 1121 2327">
    <p class='ocr_par' dir='ltr' id='par_1_88' title="bbox 320 2292 1121 2327">
     <span class='ocr_line' id='line_1_93' title="bbox 320 2292 1121 2327; baseline 0 -7"><span class='ocrx_word' id='word_1_624' title='bbox 320 2292 376 2320; x_wconf 89' lang='lat' dir='ltr'><strong>latu</strong></span> <span class='ocrx_word' id='word_1_625' title='bbox 390 2292 502 2327; x_wconf 86' lang='lat' dir='ltr'><strong>pavidus</strong></span> <span class='ocrx_word' id='word_1_626' title='bbox 517 2298 659 2325; x_wconf 80' lang='lat' dir='ltr'><strong>tormenta,</strong></span> <span class='ocrx_word' id='word_1_627' title='bbox 675 2297 788 2321; x_wconf 89' lang='lat' dir='ltr'><strong>mortem</strong></span> <span class='ocrx_word' id='word_1_628' title='bbox 804 2293 945 2327; x_wconf 88' lang='lat' dir='ltr'><strong>deprecor,</strong></span> <span class='ocrx_word' id='word_1_629' title='bbox 958 2292 1058 2320; x_wconf 83' lang='lat' dir='ltr'><strong>bonum</strong></span> <span class='ocrx_word' id='word_1_630' title='bbox 1079 2296 1121 2320; x_wconf 89' lang='lat' dir='ltr'><strong>est</strong></span> 
     </span>
    </p>
   </div>
   <div class='ocr_carea' id='block_1_88' title="bbox 320 2328 1119 2364">
    <p class='ocr_par' dir='ltr' id='par_1_89' title="bbox 320 2328 1119 2364">
     <span class='ocr_line' id='line_1_94' title="bbox 320 2328 1119 2364; baseline 0.001 -9"><span class='ocrx_word' id='word_1_631' title='bbox 320 2328 392 2364; x_wconf 80' lang='lat' dir='ltr'><strong>quod</strong></span> <span class='ocrx_word' id='word_1_632' title='bbox 404 2328 577 2363; x_wconf 88' lang='lat' dir='ltr'><strong>permittitur,</strong></span> <span class='ocrx_word' id='word_1_633' title='bbox 593 2337 689 2364; x_wconf 87' lang='lat' dir='ltr'><strong>nempe</strong></span> <span class='ocrx_word' id='word_1_634' title='bbox 704 2328 805 2364; x_wconf 84' lang='lat' dir='ltr'><strong>fugere.</strong></span> <span class='ocrx_word' id='word_1_635' title='bbox 822 2328 898 2362; x_wconf 88' lang='lat' dir='ltr'><strong>Quod</strong></span> <span class='ocrx_word' id='word_1_636' title='bbox 913 2328 935 2355; x_wconf 92' lang='lat' dir='ltr'><strong>si</strong></span> <span class='ocrx_word' id='word_1_637' title='bbox 956 2328 1018 2355; x_wconf 90' lang='lat' dir='ltr'><strong>illud</strong></span> <span class='ocrx_word' id='word_1_638' title='bbox 1033 2328 1119 2363; x_wconf 87' lang='lat' dir='ltr'><strong>ipsum</strong></span> 
     </span>
    </p>
   </div>
   <div class='ocr_carea' id='block_1_89' title="bbox 320 2363 1119 2399">
    <p class='ocr_par' dir='ltr' id='par_1_90' title="bbox 320 2363 1119 2399">
     <span class='ocr_line' id='line_1_95' title="bbox 320 2363 1119 2399; baseline 0 -8"><span class='ocrx_word' id='word_1_639' title='bbox 320 2363 391 2399; x_wconf 89' lang='lat' dir='ltr'><strong>quod</strong></span> <span class='ocrx_word' id='word_1_640' title='bbox 417 2364 579 2399; x_wconf 88' lang='lat' dir='ltr'><strong>permittitur</strong></span> <span class='ocrx_word' id='word_1_641' title='bbox 608 2363 708 2398; x_wconf 79' lang='lat' dir='ltr'><strong>timeo,</strong></span> <span class='ocrx_word' id='word_1_642' title='bbox 733 2363 852 2392; x_wconf 83' lang='lat' dir='ltr'><strong>dictante</strong></span> <span class='ocrx_word' id='word_1_643' title='bbox 878 2364 1042 2399; x_wconf 87' lang='lat' dir='ltr'><strong>conscientia</strong></span> <span class='ocrx_word' id='word_1_644' title='bbox 1066 2369 1119 2391; x_wconf 87' lang='lat' dir='ltr'><strong>tam</strong></span> 
     </span>
    </p>
   </div>
   <div class='ocr_carea' id='block_1_90' title="bbox 320 2398 1119 2435">
    <p class='ocr_par' dir='ltr' id='par_1_91' title="bbox 320 2398 1119 2435">
     <span class='ocr_line' id='line_1_96' title="bbox 320 2398 1119 2435; baseline -0.001 -8"><span class='ocrx_word' id='word_1_645' title='bbox 320 2399 408 2427; x_wconf 74' lang='lat' dir='ltr'><strong>beata:</strong></span> <span class='ocrx_word' id='word_1_646' title='bbox 430 2400 525 2427; x_wconf 88' lang='lat' dir='ltr'><strong>mortis</strong></span> <span class='ocrx_word' id='word_1_647' title='bbox 544 2400 632 2435; x_wconf 82' lang='lat' dir='ltr'><strong>fugam</strong></span> <span class='ocrx_word' id='word_1_648' title='bbox 659 2401 813 2428; x_wconf 89' lang='lat' dir='ltr'><strong>indeeoram</strong></span> <span class='ocrx_word' id='word_1_649' title='bbox 828 2406 889 2427; x_wconf 88' lang='lat' dir='ltr'><strong>esse</strong></span> <span class='ocrx_word' id='word_1_650' title='bbox 901 2398 1065 2431; x_wconf 84' lang='lat' dir='ltr'><strong>Christiano,</strong></span> <span class='ocrx_word' id='word_1_651' title='bbox 1094 2399 1119 2426; x_wconf 90' lang='lat' dir='ltr'><strong>id</strong></span> 
     </span>
    </p>
   </div>
   <div class='ocr_carea' id='block_1_91' title="bbox 321 2434 1122 2470">
    <p class='ocr_par' dir='ltr' id='par_1_92' title="bbox 321 2434 1122 2470">
     <span class='ocr_line' id='line_1_97' title="bbox 321 2434 1122 2470; baseline 0 -8"><span class='ocrx_word' id='word_1_652' title='bbox 321 2435 409 2470; x_wconf 86' lang='lat' dir='ltr'><strong>ipsum</strong></span> <span class='ocrx_word' id='word_1_653' title='bbox 423 2434 493 2469; x_wconf 90' lang='lat' dir='ltr'><strong>quod</strong></span> <span class='ocrx_word' id='word_1_654' title='bbox 510 2434 588 2463; x_wconf 81' lang='lat' dir='ltr'><strong>mens</strong></span> <span class='ocrx_word' id='word_1_655' title='bbox 598 2443 656 2463; x_wconf 83' lang='lat' dir='ltr'><strong>mea</strong></span> <span class='ocrx_word' id='word_1_656' title='bbox 664 2435 752 2470; x_wconf 80' lang='lat' dir='ltr'><strong>fugam</strong></span> <span class='ocrx_word' id='word_1_657' title='bbox 764 2435 922 2470; x_wconf 86' lang='lat' dir='ltr'><strong>permissam</strong></span> <span class='ocrx_word' id='word_1_658' title='bbox 933 2435 1051 2470; x_wconf 76' lang='lat' dir='ltr'><strong>suggerit</strong></span> <span class='ocrx_word' id='word_1_659' title='bbox 1063 2435 1122 2468; x_wconf 88' lang='lat' dir='ltr'><strong>qui-</strong></span> 
     </span>
    </p>
   </div>
   <div class='ocr_carea' id='block_1_92' title="bbox 341 2470 1119 2506">
    <p class='ocr_par' dir='ltr' id='par_1_93' title="bbox 341 2470 1119 2506">
     <span class='ocr_line' id='line_1_98' title="bbox 341 2470 1119 2506; baseline -0.001 -8"><span class='ocrx_word' id='word_1_660' title='bbox 341 2478 396 2504; x_wconf 82' lang='lat' dir='ltr'><strong>em,</strong></span> <span class='ocrx_word' id='word_1_661' title='bbox 412 2478 464 2498; x_wconf 92' lang='lat' dir='ltr'><strong>non</strong></span> <span class='ocrx_word' id='word_1_662' title='bbox 479 2475 567 2499; x_wconf 89' lang='lat' dir='ltr'><strong>tamen</strong></span> <span class='ocrx_word' id='word_1_663' title='bbox 583 2472 642 2498; x_wconf 84' lang='lat' dir='ltr'><strong>sine</strong></span> <span class='ocrx_word' id='word_1_664' title='bbox 657 2476 730 2499; x_wconf 91' lang='lat' dir='ltr'><strong>metu</strong></span> <span class='ocrx_word' id='word_1_665' title='bbox 744 2471 845 2505; x_wconf 91' lang='lat' dir='ltr'><strong>probri,</strong></span> <span class='ocrx_word' id='word_1_666' title='bbox 866 2470 933 2498; x_wconf 90' lang='lat' dir='ltr'><strong>satis</strong></span> <span class='ocrx_word' id='word_1_667' title='bbox 959 2471 1046 2506; x_wconf 87' lang='lat' dir='ltr'><strong>arguit</strong></span> <span class='ocrx_word' id='word_1_668' title='bbox 1058 2477 1119 2497; x_wconf 89' lang='lat' dir='ltr'><strong>sus-</strong></span> 
     </span>
    </p>
   </div>
   <div class='ocr_carea' id='block_1_93' title="bbox 321 2506 1121 2542">
    <p class='ocr_par' dir='ltr' id='par_1_94' title="bbox 321 2506 1121 2542">
     <span class='ocr_line' id='line_1_99' title="bbox 321 2506 1121 2542; baseline -0.001 -9"><span class='ocrx_word' id='word_1_669' title='bbox 321 2511 427 2542; x_wconf 85' lang='lat' dir='ltr'><strong>pectam</strong></span> <span class='ocrx_word' id='word_1_670' title='bbox 452 2513 513 2535; x_wconf 88' lang='lat' dir='ltr'><strong>esse</strong></span> <span class='ocrx_word' id='word_1_671' title='bbox 536 2507 720 2542; x_wconf 87' lang='lat' dir='ltr'><strong>permissionis</strong></span> <span class='ocrx_word' id='word_1_672' title='bbox 741 2506 811 2534; x_wconf 89' lang='lat' dir='ltr'><strong>illius</strong></span> <span class='ocrx_word' id='word_1_673' title='bbox 833 2513 974 2542; x_wconf 78' lang='lat' dir='ltr'><strong>caussam;</strong></span> <span class='ocrx_word' id='word_1_674' title='bbox 992 2506 1121 2542; x_wconf 82' lang='lat' dir='ltr'><strong>animum</strong></span> 
     </span>
    </p>
   </div>
   <div class='ocr_carea' id='block_1_94' title="bbox 322 2541 1123 2578">
    <p class='ocr_par' dir='ltr' id='par_1_95' title="bbox 322 2541 1123 2578">
     <span class='ocr_line' id='line_1_100' title="bbox 322 2541 1123 2578; baseline 0 -10"><span class='ocrx_word' id='word_1_675' title='bbox 322 2541 426 2578; x_wconf 63' lang='lat' dir='ltr'><strong>scilicet</strong></span> <span class='ocrx_word' id='word_1_676' title='bbox 447 2541 542 2576; x_wconf 79' lang='lat' dir='ltr'><strong>parum</strong></span> <span class='ocrx_word' id='word_1_677' title='bbox 560 2542 670 2577; x_wconf 85' lang='lat' dir='ltr'><strong>fortem,</strong></span> <span class='ocrx_word' id='word_1_678' title='bbox 688 2550 781 2578; x_wconf 86' lang='lat' dir='ltr'><strong>parum</strong></span> <span class='ocrx_word' id='word_1_679' title='bbox 798 2547 918 2578; x_wconf 86' lang='lat' dir='ltr'><strong>tenacem</strong></span> <span class='ocrx_word' id='word_1_680' title='bbox 935 2541 1014 2573; x_wconf 88' lang='lat' dir='ltr'><strong>ﬁdei;</strong></span> <span class='ocrx_word' id='word_1_681' title='bbox 1030 2541 1123 2578; x_wconf 82' lang='lat' dir='ltr'><strong>vitium</strong></span> 
     </span>
    </p>
   </div>
   <div class='ocr_carea' id='block_1_95' title="bbox 320 2576 1122 2612">
    <p class='ocr_par' dir='ltr' id='par_1_96' title="bbox 320 2576 1122 2612">
     <span class='ocr_line' id='line_1_101' title="bbox 320 2576 1122 2612; baseline -0.001 -7"><span class='ocrx_word' id='word_1_682' title='bbox 320 2577 529 2610; x_wconf 87' lang='lat' dir='ltr'><strong>imbecillitatis;</strong></span> <span class='ocrx_word' id='word_1_683' title='bbox 545 2578 587 2606; x_wconf 93' lang='lat' dir='ltr'><strong>cui</strong></span> <span class='ocrx_word' id='word_1_684' title='bbox 603 2578 673 2605; x_wconf 90' lang='lat' dir='ltr'><strong>malo</strong></span> <span class='ocrx_word' id='word_1_685' title='bbox 689 2576 749 2612; x_wconf 71' lang='lat' dir='ltr'><strong>fuga</strong></span> <span class='ocrx_word' id='word_1_686' title='bbox 762 2584 810 2612; x_wconf 89' lang='lat' dir='ltr'><strong>pro</strong></span> <span class='ocrx_word' id='word_1_687' title='bbox 824 2577 945 2605; x_wconf 90' lang='lat' dir='ltr'><strong>remedio</strong></span> <span class='ocrx_word' id='word_1_688' title='bbox 962 2577 997 2604; x_wconf 90' lang='lat' dir='ltr'><strong>sit</strong></span> <span class='ocrx_word' id='word_1_689' title='bbox 1008 2576 1122 2604; x_wconf 89' lang='lat' dir='ltr'><strong>indulta.</strong></span> 
     </span>
    </p>
   </div>
   <div class='ocr_carea' id='block_1_96' title="bbox 321 2612 1123 2648">
    <p class='ocr_par' dir='ltr' id='par_1_97' title="bbox 321 2612 1123 2648">
     <span class='ocr_line' id='line_1_102' title="bbox 321 2612 1123 2648; baseline 0 -8"><span class='ocrx_word' id='word_1_690' title='bbox 321 2612 398 2640; x_wconf 78' lang='lat' dir='ltr'><strong>Adeo</strong></span> <span class='ocrx_word' id='word_1_691' title='bbox 408 2613 484 2641; x_wconf 90' lang='lat' dir='ltr'><strong>sicui</strong></span> <span class='ocrx_word' id='word_1_692' title='bbox 497 2614 596 2641; x_wconf 92' lang='lat' dir='ltr'><strong>bonum</strong></span> <span class='ocrx_word' id='word_1_693' title='bbox 612 2613 694 2642; x_wconf 89' lang='lat' dir='ltr'><strong>fuerit</strong></span> <span class='ocrx_word' id='word_1_694' title='bbox 713 2612 817 2648; x_wconf 78' lang='lat' dir='ltr'><strong>fugere,</strong></span> <span class='ocrx_word' id='word_1_695' title='bbox 832 2621 865 2648; x_wconf 87' lang='lat' dir='ltr'><strong>ne</strong></span> <span class='ocrx_word' id='word_1_696' title='bbox 880 2613 906 2640; x_wconf 87' lang='lat' dir='ltr'><strong>itt</strong></span> <span class='ocrx_word' id='word_1_697' title='bbox 931 2613 1023 2640; x_wconf 88' lang='lat' dir='ltr'><strong>vitium</strong></span> <span class='ocrx_word' id='word_1_698' title='bbox 1038 2612 1123 2640; x_wconf 90' lang='lat' dir='ltr'><strong>imbe-</strong></span> 
     </span>
    </p>
   </div>
   <div class='ocr_carea' id='block_1_97' title="bbox 322 2647 1123 2684">
    <p class='ocr_par' dir='ltr' id='par_1_98' title="bbox 322 2647 1123 2684">
     <span class='ocr_line' id='line_1_103' title="bbox 322 2647 1123 2684; baseline 0 -8"><span class='ocrx_word' id='word_1_699' title='bbox 322 2648 441 2676; x_wconf 83' lang='lat' dir='ltr'><strong>cillitatis</strong></span> <span class='ocrx_word' id='word_1_700' title='bbox 454 2648 595 2681; x_wconf 88' lang='lat' dir='ltr'><strong>incideret,</strong></span> <span class='ocrx_word' id='word_1_701' title='bbox 611 2650 708 2677; x_wconf 88' lang='lat' dir='ltr'><strong>melius</strong></span> <span class='ocrx_word' id='word_1_702' title='bbox 717 2647 837 2684; x_wconf 79' lang='lat' dir='ltr'><strong>profecto</strong></span> <span class='ocrx_word' id='word_1_703' title='bbox 845 2647 940 2676; x_wconf 79' lang='lat' dir='ltr'><strong>fuisset</strong></span> <span class='ocrx_word' id='word_1_704' title='bbox 948 2656 1001 2675; x_wconf 91' lang='lat' dir='ltr'><strong>non</strong></span> <span class='ocrx_word' id='word_1_705' title='bbox 1013 2648 1123 2683; x_wconf 87' lang='lat' dir='ltr'><strong>fugisse,</strong></span> 
     </span>
    </p>
   </div>
   <div class='ocr_carea' id='block_1_98' title="bbox 275 2684 1124 2720">
    <p class='ocr_par' dir='ltr' id='par_1_99' title="bbox 275 2684 1124 2720">
     <span class='ocr_line' id='line_1_104' title="bbox 275 2684 1124 2720; baseline 0 -9"><span class='ocrx_word' id='word_1_706' title='bbox 275 2709 286 2718; x_wconf 80' lang='grc'><em>,</em></span> <span class='ocrx_word' id='word_1_707' title='bbox 322 2684 605 2720; x_wconf 85' lang='lat' dir='ltr'><strong>comprehensumque</strong></span> <span class='ocrx_word' id='word_1_708' title='bbox 628 2689 761 2713; x_wconf 87' lang='lat' dir='ltr'><strong>tormenta</strong></span> <span class='ocrx_word' id='word_1_709' title='bbox 779 2684 885 2712; x_wconf 88' lang='lat' dir='ltr'><strong>fortiter</strong></span> <span class='ocrx_word' id='word_1_710' title='bbox 900 2684 1054 2719; x_wconf 87' lang='lat' dir='ltr'><strong>pertulisse,</strong></span> <span class='ocrx_word' id='word_1_711' title='bbox 1078 2690 1124 2711; x_wconf 92' lang='lat' dir='ltr'><strong>ne-</strong></span> 
     </span>
    </p>
   </div>
   <div class='ocr_carea' id='block_1_99' title="bbox 322 2720 585 2755">
    <p class='ocr_par' dir='ltr' id='par_1_100' title="bbox 322 2720 585 2755">
     <span class='ocr_line' id='line_1_105' title="bbox 322 2720 585 2755; baseline 0 -8"><span class='ocrx_word' id='word_1_712' title='bbox 322 2727 375 2755; x_wconf 87' lang='lat' dir='ltr'><strong>que</strong></span> <span class='ocrx_word' id='word_1_713' title='bbox 387 2727 510 2755; x_wconf 80' lang='lat' dir='ltr'><strong>negasse.</strong></span> <span class='ocrx_word' id='word_1_714' title='bbox 524 2720 585 2749; x_wconf 82' lang='lat' dir='ltr'><strong>th.</strong></span> 
     </span>
    </p>
   </div>
   <div class='ocr_carea' id='block_1_100' title="bbox 359 2754 1125 2792">
    <p class='ocr_par' dir='ltr' id='par_1_101' title="bbox 359 2754 1125 2792">
     <span class='ocr_line' id='line_1_106' title="bbox 359 2754 1125 2792; baseline -0.001 -9"><span class='ocrx_word' id='word_1_715' title='bbox 359 2755 399 2792; x_wconf 90' lang='lat' dir='ltr'><strong>(a)</strong></span> <span class='ocrx_word' id='word_1_716' title='bbox 416 2754 528 2792; x_wconf 76' lang='lat' dir='ltr'><strong>Felicem</strong></span> <span class='ocrx_word' id='word_1_717' title='bbox 541 2756 614 2784; x_wconf 83' lang='lat' dir='ltr'><strong>illum</strong></span> <span class='ocrx_word' id='word_1_718' title='bbox 627 2756 670 2791; x_wconf 87' lang='lat' dir='ltr'><strong>qui</strong></span> <span class='ocrx_word' id='word_1_719' title='bbox 680 2756 760 2784; x_wconf 79' lang='lat' dir='ltr'><strong>Pauli</strong></span> <span class='ocrx_word' id='word_1_720' title='bbox 769 2756 860 2792; x_wconf 68' lang='lat' dir='ltr'><strong>simili;</strong></span> <span class='ocrx_word' id='word_1_721' title='bbox 873 2754 1125 2792; x_wconf 25' lang='lat' dir='ltr'><strong>extiteritLBEPau-</strong></span> 
     </span>
    </p>
   </div>
   <div class='ocr_carea' id='block_1_101' title="bbox 321 2789 1122 2827">
    <p class='ocr_par' dir='ltr' id='par_1_102' title="bbox 321 2789 1122 2827">
     <span class='ocr_line' id='line_1_107' title="bbox 321 2789 1122 2827; baseline 0 -9"><span class='ocrx_word' id='word_1_722' title='bbox 321 2789 377 2818; x_wconf 81' lang='lat' dir='ltr'><strong>lum</strong></span> <span class='ocrx_word' id='word_1_723' title='bbox 393 2791 514 2819; x_wconf 78' lang='lat' dir='ltr'><strong>czelibem</strong></span> <span class='ocrx_word' id='word_1_724' title='bbox 536 2789 638 2819; x_wconf 80' lang='lat' dir='ltr'><strong>vixisse</strong></span> <span class='ocrx_word' id='word_1_725' title='bbox 657 2792 771 2827; x_wconf 90' lang='lat' dir='ltr'><strong>probant</strong></span> <span class='ocrx_word' id='word_1_726' title='bbox 794 2791 851 2820; x_wconf 70' lang='lat' dir='ltr'><strong>hare</strong></span> <span class='ocrx_word' id='word_1_727' title='bbox 865 2791 964 2823; x_wconf 86' lang='lat' dir='ltr'><strong>verba;</strong></span> <span class='ocrx_word' id='word_1_728' title='bbox 987 2790 1051 2818; x_wconf 91' lang='lat' dir='ltr'><strong>illud</strong></span> <span class='ocrx_word' id='word_1_729' title='bbox 1073 2798 1122 2827; x_wconf 87' lang='lat' dir='ltr'><strong>au—</strong></span> 
     </span>
    </p>
   </div>
   <div class='ocr_carea' id='block_1_102' title="bbox 322 2825 1122 2862">
    <p class='ocr_par' dir='ltr' id='par_1_103' title="bbox 322 2825 1122 2862">
     <span class='ocr_line' id='line_1_108' title="bbox 322 2825 1122 2862; baseline -0.003 -7"><span class='ocrx_word' id='word_1_730' title='bbox 322 2829 377 2862; x_wconf 74' lang='lat' dir='ltr'><strong>tem</strong></span> <span class='ocrx_word' id='word_1_731' title='bbox 391 2828 461 2862; x_wconf 85' lang='lat' dir='ltr'><strong>apud</strong></span> <span class='ocrx_word' id='word_1_732' title='bbox 476 2825 671 2855; x_wconf 84' lang='lat' dir='ltr'><strong>Tertullianum</strong></span> <span class='ocrx_word' id='word_1_733' title='bbox 692 2828 890 2859; x_wconf 86' lang='lat' dir='ltr'><strong>certissimum;</strong></span> <span class='ocrx_word' id='word_1_734' title='bbox 918 2831 1031 2861; x_wconf 87' lang='lat' dir='ltr'><strong>excepto</strong></span> <span class='ocrx_word' id='word_1_735' title='bbox 1050 2825 1122 2854; x_wconf 90' lang='lat' dir='ltr'><strong>enim</strong></span> 
     </span>
    </p>
   </div>
   <div class='ocr_carea' id='block_1_103' title="bbox 324 2860 1122 2898">
    <p class='ocr_par' dir='ltr' id='par_1_104' title="bbox 324 2860 1122 2898">
     <span class='ocr_line' id='line_1_109' title="bbox 324 2860 1122 2898; baseline 0 -9"><span class='ocrx_word' id='word_1_736' title='bbox 324 2860 356 2888; x_wconf 89' lang='lat' dir='ltr'><strong>B.</strong></span> <span class='ocrx_word' id='word_1_737' title='bbox 372 2860 452 2898; x_wconf 75' lang='lat' dir='ltr'><strong>Peiro</strong></span> <span class='ocrx_word' id='word_1_738' title='bbox 468 2863 581 2898; x_wconf 75' lang='lat' dir='ltr'><strong>apostoli</strong></span> <span class='ocrx_word' id='word_1_739' title='bbox 596 2870 691 2890; x_wconf 91' lang='lat' dir='ltr'><strong>omnes</strong></span> <span class='ocrx_word' id='word_1_740' title='bbox 704 2864 874 2891; x_wconf 85' lang='lat' dir='ltr'><strong>continentes</strong></span> <span class='ocrx_word' id='word_1_741' title='bbox 886 2860 1002 2896; x_wconf 86' lang='lat' dir='ltr'><strong>fuerunt,</strong></span> <span class='ocrx_word' id='word_1_742' title='bbox 1013 2867 1040 2890; x_wconf 90' lang='lat' dir='ltr'><strong>ut</strong></span> <span class='ocrx_word' id='word_1_743' title='bbox 1050 2866 1122 2898; x_wconf 87' lang='lat' dir='ltr'><strong>patet</strong></span> 
     </span>
    </p>
   </div>
   <div class='ocr_carea' id='block_1_104' title="bbox 324 2897 706 2934">
    <p class='ocr_par' dir='ltr' id='par_1_105' title="bbox 324 2897 706 2934">
     <span class='ocr_line' id='line_1_110' title="bbox 324 2897 706 2934; baseline 0.01 -12"><span class='ocrx_word' id='word_1_744' title='bbox 324 2903 359 2934; x_wconf 72' lang='lat' dir='ltr'><strong>ex</strong></span> <span class='ocrx_word' id='word_1_745' title='bbox 375 2897 421 2925; x_wconf 83' lang='lat' dir='ltr'><strong>lib.</strong></span> <span class='ocrx_word' id='word_1_746' title='bbox 438 2898 471 2926; x_wconf 91' lang='lat' dir='ltr'><strong>de</strong></span> <span class='ocrx_word' id='word_1_747' title='bbox 483 2897 588 2934; x_wconf 81' lang='lat' dir='ltr'><strong>Monog.</strong></span> <span class='ocrx_word' id='word_1_748' title='bbox 606 2898 644 2926; x_wconf 76' lang='lat' dir='ltr'><strong>La</strong></span> <span class='ocrx_word' id='word_1_749' title='bbox 659 2898 706 2926; x_wconf 86' lang='lat' dir='ltr'><strong>Pn.</strong></span> 
     </span>
    </p>
   </div>
   <div class='ocr_carea' id='block_1_105' title="bbox 1208 1829 1966 1866">
    <p class='ocr_par' dir='ltr' id='par_1_106' title="bbox 1208 1829 1966 1866">
     <span class='ocr_line' id='line_1_111' title="bbox 1208 1829 1966 1866; baseline 0 -8"><span class='ocrx_word' id='word_1_750' title='bbox 1208 1830 1283 1858; x_wconf 81' lang='lat' dir='ltr'><strong>CAP.</strong></span> <span class='ocrx_word' id='word_1_751' title='bbox 1299 1829 1345 1857; x_wconf 82' lang='lat' dir='ltr'><strong>IV.</strong></span> <span class='ocrx_word' id='word_1_752' title='bbox 1360 1844 1395 1850; x_wconf 90' lang='lat'><strong>—-</strong></span> <span class='ocrx_word' id='word_1_753' title='bbox 1408 1829 1449 1866; x_wconf 91' lang='lat' dir='ltr'><strong>(b)</strong></span> <span class='ocrx_word' id='word_1_754' title='bbox 1465 1829 1579 1864; x_wconf 83' lang='lat' dir='ltr'><strong>Quarum</strong></span> <span class='ocrx_word' id='word_1_755' title='bbox 1593 1830 1697 1857; x_wconf 85' lang='lat' dir='ltr'><strong>nomina</strong></span> <span class='ocrx_word' id='word_1_756' title='bbox 1824 1829 1966 1866; x_wconf 67' lang='lat' dir='ltr'><strong>Dominum.</strong></span> 
     </span>
    </p>
   </div>
   <div class='ocr_carea' id='block_1_106' title="bbox 1172 1865 1966 1902">
    <p class='ocr_par' dir='ltr' id='par_1_107' title="bbox 1172 1865 1966 1902">
     <span class='ocr_line' id='line_1_112' title="bbox 1172 1865 1966 1902; baseline -0.003 -8"><span class='ocrx_word' id='word_1_757' title='bbox 1172 1866 1249 1902; x_wconf 67' lang='lat' dir='ltr'><strong>Saepe</strong></span> <span class='ocrx_word' id='word_1_758' title='bbox 1262 1866 1380 1894; x_wconf 88' lang='lat' dir='ltr'><strong>occurrit</strong></span> <span class='ocrx_word' id='word_1_759' title='bbox 1391 1866 1544 1902; x_wconf 22' lang='lat' dir='ltr'><strong>infantiquis</strong></span> <span class='ocrx_word' id='word_1_760' title='bbox 1556 1865 1764 1902; x_wconf 80' lang='lat' dir='ltr'><strong>martyrologiis,</strong></span> <span class='ocrx_word' id='word_1_761' title='bbox 1777 1865 1810 1893; x_wconf 84' lang='lat' dir='ltr'><strong>Et</strong></span> <span class='ocrx_word' id='word_1_762' title='bbox 1821 1866 1870 1893; x_wconf 81' lang='lat' dir='ltr'><strong>alii</strong></span> <span class='ocrx_word' id='word_1_763' title='bbox 1884 1865 1966 1900; x_wconf 69' lang='lat' dir='ltr'><strong>sancti,</strong></span> 
     </span>
    </p>
   </div>
   <div class='ocr_carea' id='block_1_107' title="bbox 1173 1901 1671 1937">
    <p class='ocr_par' dir='ltr' id='par_1_108' title="bbox 1173 1901 1671 1937">
     <span class='ocr_line' id='line_1_113' title="bbox 1173 1901 1671 1937; baseline 0 -9"><span class='ocrx_word' id='word_1_764' title='bbox 1173 1901 1280 1937; x_wconf 82' lang='lat' dir='ltr'><strong>quorum</strong></span> <span class='ocrx_word' id='word_1_765' title='bbox 1295 1902 1399 1929; x_wconf 81' lang='lat' dir='ltr'><strong>nomina</strong></span> <span class='ocrx_word' id='word_1_766' title='bbox 1415 1901 1483 1928; x_wconf 70' lang='lat' dir='ltr'><strong>Deus</strong></span> <span class='ocrx_word' id='word_1_767' title='bbox 1496 1902 1552 1929; x_wconf 80' lang='lat' dir='ltr'><strong>scit.</strong></span> <span class='ocrx_word' id='word_1_768' title='bbox 1569 1901 1607 1929; x_wconf 82' lang='lat' dir='ltr'><strong>LE</strong></span> <span class='ocrx_word' id='word_1_769' title='bbox 1623 1902 1671 1928; x_wconf 80' lang='lat' dir='ltr'><strong>l’n.</strong></span> 
     </span>
    </p>
   </div>
   <div class='ocr_carea' id='block_1_108' title="bbox 1212 1937 1965 1972">
    <p class='ocr_par' dir='ltr' id='par_1_109' title="bbox 1212 1937 1965 1972">
     <span class='ocr_line' id='line_1_114' title="bbox 1212 1937 1965 1972; baseline -0.001 -8"><span class='ocrx_word' id='word_1_770' title='bbox 1212 1938 1249 1972; x_wconf 90' lang='lat' dir='ltr'><strong>(c)</strong></span> <span class='ocrx_word' id='word_1_771' title='bbox 1264 1937 1327 1970; x_wconf 75' lang='lat' dir='ltr'><strong>Qute</strong></span> <span class='ocrx_word' id='word_1_772' title='bbox 1342 1937 1439 1964; x_wconf 87' lang='lat' dir='ltr'><strong>nullant</strong></span> <span class='ocrx_word' id='word_1_773' title='bbox 1463 1939 1552 1972; x_wconf 69' lang='lat' dir='ltr'><strong>format</strong></span> <span class='ocrx_word' id='word_1_774' title='bbox 1566 1937 1604 1964; x_wconf 78' lang='lat' dir='ltr'><strong>uel</strong></span> <span class='ocrx_word' id='word_1_775' title='bbox 1623 1937 1706 1964; x_wconf 74' lang='lat' dir='ltr'><strong>wtalis</strong></span> <span class='ocrx_word' id='word_1_776' title='bbox 1722 1937 1884 1964; x_wconf 75' lang='lat' dir='ltr'><strong>occasionem</strong></span> <span class='ocrx_word' id='word_1_777' title='bbox 1907 1945 1965 1971; x_wconf 70' lang='lat' dir='ltr'><strong>prae-</strong></span> 
     </span>
    </p>
   </div>
   <div class='ocr_carea' id='block_1_109' title="bbox 1174 1973 1965 2007">
    <p class='ocr_par' dir='ltr' id='par_1_110' title="bbox 1174 1973 1965 2007">
     <span class='ocr_line' id='line_1_115' title="bbox 1174 1973 1965 2007; baseline -0.001 -7"><span class='ocrx_word' id='word_1_778' title='bbox 1174 1974 1258 2001; x_wconf 77' lang='lat' dir='ltr'><strong>missis</strong></span> <span class='ocrx_word' id='word_1_779' title='bbox 1281 1973 1379 2000; x_wconf 72' lang='lat' dir='ltr'><strong>maritis</strong></span> <span class='ocrx_word' id='word_1_780' title='bbox 1399 1973 1528 2000; x_wconf 76' lang='lat' dir='ltr'><strong>sanctitati</strong></span> <span class='ocrx_word' id='word_1_781' title='bbox 1551 1977 1719 2007; x_wconf 83' lang='lat' dir='ltr'><strong>anteponunt.</strong></span> <span class='ocrx_word' id='word_1_782' title='bbox 1743 1973 1808 1999; x_wconf 91' lang='lat' dir='ltr'><strong>Post</strong></span> <span class='ocrx_word' id='word_1_783' title='bbox 1821 1980 1965 2006; x_wconf 82' lang='lat' dir='ltr'><strong>repressam</strong></span> 
     </span>
    </p>
   </div>
   <div class='ocr_carea' id='block_1_110' title="bbox 1174 2007 1965 2042">
    <p class='ocr_par' dir='ltr' id='par_1_111' title="bbox 1174 2007 1965 2042">
     <span class='ocr_line' id='line_1_116' title="bbox 1174 2007 1965 2042; baseline -0.001 -7"><span class='ocrx_word' id='word_1_784' title='bbox 1174 2016 1278 2040; x_wconf 89' lang='lat' dir='ltr'><strong>eorum,</strong></span> <span class='ocrx_word' id='word_1_785' title='bbox 1295 2008 1339 2041; x_wconf 84' lang='lat' dir='ltr'><strong>qui</strong></span> <span class='ocrx_word' id='word_1_786' title='bbox 1352 2007 1542 2035; x_wconf 85' lang='lat' dir='ltr'><strong>imbecillitatis</strong></span> <span class='ocrx_word' id='word_1_787' title='bbox 1555 2009 1678 2035; x_wconf 72' lang='lat' dir='ltr'><strong>humanm</strong></span> <span class='ocrx_word' id='word_1_788' title='bbox 1694 2012 1827 2042; x_wconf 70' lang='lat' dir='ltr'><strong>praetextu</strong></span> <span class='ocrx_word' id='word_1_789' title='bbox 1844 2008 1965 2035; x_wconf 81' lang='lat' dir='ltr'><strong>secundis</strong></span> 
     </span>
    </p>
   </div>
   <div class='ocr_carea' id='block_1_111' title="bbox 1174 2042 1967 2078">
    <p class='ocr_par' dir='ltr' id='par_1_112' title="bbox 1174 2042 1967 2078">
     <span class='ocr_line' id='line_1_117' title="bbox 1174 2042 1967 2078; baseline -0.003 -7"><span class='ocrx_word' id='word_1_790' title='bbox 1174 2044 1273 2078; x_wconf 89' lang='lat' dir='ltr'><strong>nuptiis</strong></span> <span class='ocrx_word' id='word_1_791' title='bbox 1288 2043 1436 2078; x_wconf 87' lang='lat' dir='ltr'><strong>impensius</strong></span> <span class='ocrx_word' id='word_1_792' title='bbox 1457 2043 1601 2074; x_wconf 83' lang='lat' dir='ltr'><strong>favebant,</strong></span> <span class='ocrx_word' id='word_1_793' title='bbox 1630 2044 1801 2075; x_wconf 87' lang='lat' dir='ltr'><strong>sententiam,</strong></span> <span class='ocrx_word' id='word_1_794' title='bbox 1831 2042 1967 2071; x_wconf 83' lang='lat' dir='ltr'><strong>Tertullia-</strong></span> 
     </span>
    </p>
   </div>
   <div class='ocr_carea' id='block_1_112' title="bbox 1174 2078 1966 2114">
    <p class='ocr_par' dir='ltr' id='par_1_113' title="bbox 1174 2078 1966 2114">
     <span class='ocr_line' id='line_1_118' title="bbox 1174 2078 1966 2114; baseline -0.001 -8"><span class='ocrx_word' id='word_1_795' title='bbox 1174 2086 1225 2106; x_wconf 91' lang='lat' dir='ltr'><strong>nus</strong></span> <span class='ocrx_word' id='word_1_796' title='bbox 1238 2079 1313 2106; x_wconf 82' lang='lat' dir='ltr'><strong>uxori</strong></span> <span class='ocrx_word' id='word_1_797' title='bbox 1326 2086 1382 2106; x_wconf 65' lang='lat' dir='ltr'><strong>sua:</strong></span> <span class='ocrx_word' id='word_1_798' title='bbox 1393 2079 1521 2106; x_wconf 78' lang='lat' dir='ltr'><strong>adversus</strong></span> <span class='ocrx_word' id='word_1_799' title='bbox 1536 2079 1621 2114; x_wconf 86' lang='lat' dir='ltr'><strong>ipsam</strong></span> <span class='ocrx_word' id='word_1_800' title='bbox 1637 2078 1848 2107; x_wconf 88' lang='lat' dir='ltr'><strong>imbecillitatem</strong></span> <span class='ocrx_word' id='word_1_801' title='bbox 1863 2079 1966 2106; x_wconf 86' lang='lat' dir='ltr'><strong>consilia</strong></span> 
     </span>
    </p>
   </div>
   <div class='ocr_carea' id='block_1_113' title="bbox 1175 2114 1967 2149">
    <p class='ocr_par' dir='ltr' id='par_1_114' title="bbox 1175 2114 1967 2149">
     <span class='ocr_line' id='line_1_119' title="bbox 1175 2114 1967 2149; baseline -0.001 -8"><span class='ocrx_word' id='word_1_802' title='bbox 1175 2115 1266 2147; x_wconf 77' lang='lat' dir='ltr'><strong>dictat,</strong></span> <span class='ocrx_word' id='word_1_803' title='bbox 1282 2115 1356 2149; x_wconf 80' lang='lat' dir='ltr'><strong>quasi</strong></span> <span class='ocrx_word' id='word_1_804' title='bbox 1380 2115 1507 2143; x_wconf 82' lang='lat' dir='ltr'><strong>atnuleta.</strong></span> <span class='ocrx_word' id='word_1_805' title='bbox 1523 2116 1562 2142; x_wconf 74' lang='lat' dir='ltr'><strong>vel</strong></span> <span class='ocrx_word' id='word_1_806' title='bbox 1580 2115 1666 2149; x_wconf 87' lang='lat' dir='ltr'><strong>potius</strong></span> <span class='ocrx_word' id='word_1_807' title='bbox 1681 2122 1819 2149; x_wconf 67' lang='grc' dir='ltr'><strong>νυιητίρια.</strong></span> <span class='ocrx_word' id='word_1_808' title='bbox 1834 2114 1967 2149; x_wconf 65' lang='lat' dir='ltr'><strong>Diajunctis</strong></span> 
     </span>
    </p>
   </div>
   <div class='ocr_carea' id='block_1_114' title="bbox 1174 2150 1967 2185">
    <p class='ocr_par' dir='ltr' id='par_1_115' title="bbox 1174 2150 1967 2185">
     <span class='ocr_line' id='line_1_120' title="bbox 1174 2150 1967 2185; baseline -0.001 -9"><span class='ocrx_word' id='word_1_809' title='bbox 1174 2151 1345 2181; x_wconf 78' lang='lat' dir='ltr'><strong>matrimonio,</strong></span> <span class='ocrx_word' id='word_1_810' title='bbox 1364 2152 1457 2185; x_wconf 88' lang='lat' dir='ltr'><strong>inquit,</strong></span> <span class='ocrx_word' id='word_1_811' title='bbox 1472 2151 1529 2177; x_wconf 75' lang='lat' dir='ltr'><strong>diue</strong></span> <span class='ocrx_word' id='word_1_812' title='bbox 1542 2151 1637 2183; x_wconf 59' lang='lat' dir='ltr'><strong>species</strong></span> <span class='ocrx_word' id='word_1_813' title='bbox 1651 2150 1771 2177; x_wconf 74' lang='lat' dir='ltr'><strong>Itumtmw</strong></span> <span class='ocrx_word' id='word_1_814' title='bbox 1793 2150 1967 2177; x_wconf 65' lang='lat' dir='ltr'><strong>imbecillitati:</strong></span> 
     </span>
    </p>
   </div>
   <div class='ocr_carea' id='block_1_115' title="bbox 1174 2185 1968 2221">
    <p class='ocr_par' dir='ltr' id='par_1_116' title="bbox 1174 2185 1968 2221">
     <span class='ocr_line' id='line_1_121' title="bbox 1174 2185 1968 2221; baseline -0.001 -8"><span class='ocrx_word' id='word_1_815' title='bbox 1174 2186 1334 2213; x_wconf 71' lang='lat' dir='ltr'><strong>necessarias</strong></span> <span class='ocrx_word' id='word_1_816' title='bbox 1357 2188 1458 2219; x_wconf 84' lang='lat' dir='ltr'><strong>nuplius</strong></span> <span class='ocrx_word' id='word_1_817' title='bbox 1479 2187 1585 2221; x_wconf 73' lang='lat' dir='ltr'><strong>faciunt.</strong></span> <span class='ocrx_word' id='word_1_818' title='bbox 1615 2185 1703 2212; x_wconf 86' lang='lat' dir='ltr'><strong>Prima</strong></span> <span class='ocrx_word' id='word_1_819' title='bbox 1727 2185 1829 2220; x_wconf 81' lang='lat' dir='ltr'><strong>quidem</strong></span> <span class='ocrx_word' id='word_1_820' title='bbox 1855 2185 1968 2221; x_wconf 60' lang='lat' dir='ltr'><strong>potentis-</strong></span> 
     </span>
    </p>
   </div>
   <div class='ocr_carea' id='block_1_116' title="bbox 1172 2220 1968 2256">
    <p class='ocr_par' dir='ltr' id='par_1_117' title="bbox 1172 2220 1968 2256">
     <span class='ocr_line' id='line_1_122' title="bbox 1172 2220 1968 2256; baseline -0.001 -9"><span class='ocrx_word' id='word_1_821' title='bbox 1172 2223 1248 2254; x_wconf 77' lang='lat' dir='ltr'><strong>sima,</strong></span> <span class='ocrx_word' id='word_1_822' title='bbox 1270 2229 1326 2256; x_wconf 74' lang='lat' dir='ltr'><strong>qum</strong></span> <span class='ocrx_word' id='word_1_823' title='bbox 1345 2223 1409 2248; x_wconf 70' lang='lat' dir='ltr'><strong>venit</strong></span> <span class='ocrx_word' id='word_1_824' title='bbox 1424 2222 1455 2248; x_wconf 85' lang='lat' dir='ltr'><strong>de</strong></span> <span class='ocrx_word' id='word_1_825' title='bbox 1471 2222 1673 2254; x_wconf 80' lang='lat' dir='ltr'><strong>concupiscentia</strong></span> <span class='ocrx_word' id='word_1_826' title='bbox 1688 2221 1772 2248; x_wconf 70' lang='lat' dir='ltr'><strong>carnis</strong></span> <span class='ocrx_word' id='word_1_827' title='bbox 1788 2230 1794 2248; x_wconf 76' lang='grc' dir='ltr'><strong><em>τ</em></strong></span> <span class='ocrx_word' id='word_1_828' title='bbox 1810 2229 1916 2255; x_wconf 69' lang='lat' dir='ltr'><strong>sequens</strong></span> <span class='ocrx_word' id='word_1_829' title='bbox 1940 2220 1968 2247; x_wconf 77' lang='lat' dir='ltr'><strong>de</strong></span> 
     </span>
    </p>
   </div>
   <div class='ocr_carea' id='block_1_117' title="bbox 1173 2257 1969 2290">
    <p class='ocr_par' dir='ltr' id='par_1_118' title="bbox 1173 2257 1969 2290">
     <span class='ocr_line' id='line_1_123' title="bbox 1173 2257 1969 2290; baseline -0.003 -7"><span class='ocrx_word' id='word_1_830' title='bbox 1173 2257 1374 2289; x_wconf 75' lang='lat' dir='ltr'><strong>concupiscentia</strong></span> <span class='ocrx_word' id='word_1_831' title='bbox 1390 2257 1487 2284; x_wconf 75' lang='lat' dir='ltr'><strong>swculi.</strong></span> <span class='ocrx_word' id='word_1_832' title='bbox 1514 2257 1567 2284; x_wconf 83' lang='lat' dir='ltr'><strong>Sed</strong></span> <span class='ocrx_word' id='word_1_833' title='bbox 1594 2262 1699 2290; x_wconf 88' lang='lat' dir='ltr'><strong>utraque</strong></span> <span class='ocrx_word' id='word_1_834' title='bbox 1718 2257 1882 2290; x_wconf 78' lang='lat' dir='ltr'><strong>repudianda</strong></span> <span class='ocrx_word' id='word_1_835' title='bbox 1904 2260 1937 2283; x_wconf 77' lang='lat' dir='ltr'><strong>eu</strong></span> <span class='ocrx_word' id='word_1_836' title='bbox 1955 2264 1969 2281; x_wconf 73' lang='grc' dir='ltr'>α</span> 
     </span>
    </p>
   </div>
   <div class='ocr_carea' id='block_1_118' title="bbox 1173 2291 1969 2326">
    <p class='ocr_par' dir='ltr' id='par_1_119' title="bbox 1173 2291 1969 2326">
     <span class='ocr_line' id='line_1_124' title="bbox 1173 2291 1969 2326; baseline 0 -7"><span class='ocrx_word' id='word_1_837' title='bbox 1173 2294 1249 2319; x_wconf 79' lang='lat' dir='ltr'><strong>servis</strong></span> <span class='ocrx_word' id='word_1_838' title='bbox 1261 2292 1320 2323; x_wconf 69' lang='lat' dir='ltr'><strong>Dei,</strong></span> <span class='ocrx_word' id='word_1_839' title='bbox 1333 2293 1375 2326; x_wconf 83' lang='lat' dir='ltr'><strong>qui</strong></span> <span class='ocrx_word' id='word_1_840' title='bbox 1386 2298 1408 2318; x_wconf 83' lang='lat' dir='ltr'><strong>et</strong></span> <span class='ocrx_word' id='word_1_841' title='bbox 1424 2293 1533 2319; x_wconf 66' lang='lat' dir='ltr'><strong>luxuria:</strong></span> <span class='ocrx_word' id='word_1_842' title='bbox 1542 2298 1563 2319; x_wconf 88' lang='lat' dir='ltr'><strong>et</strong></span> <span class='ocrx_word' id='word_1_843' title='bbox 1572 2293 1703 2319; x_wconf 80' lang='lat' dir='ltr'><strong>ambitioni</strong></span> <span class='ocrx_word' id='word_1_844' title='bbox 1716 2293 1902 2319; x_wconf 72' lang='lat' dir='ltr'><strong>renuntiamus.</strong></span> <span class='ocrx_word' id='word_1_845' title='bbox 1913 2291 1969 2319; x_wconf 78' lang='lat' dir='ltr'><strong>Car-</strong></span> 
     </span>
    </p>
   </div>
   <div class='ocr_carea' id='block_1_119' title="bbox 1174 2327 1968 2363">
    <p class='ocr_par' dir='ltr' id='par_1_120' title="bbox 1174 2327 1968 2363">
     <span class='ocr_line' id='line_1_125' title="bbox 1174 2327 1968 2363; baseline 0 -9"><span class='ocrx_word' id='word_1_846' title='bbox 1174 2329 1213 2354; x_wconf 80' lang='lat' dir='ltr'><strong>nis</strong></span> <span class='ocrx_word' id='word_1_847' title='bbox 1226 2329 1428 2360; x_wconf 65' lang='lat' dir='ltr'><strong>concupiscentia</strong></span> <span class='ocrx_word' id='word_1_848' title='bbox 1441 2328 1523 2355; x_wconf 78' lang='lat' dir='ltr'><strong>wtutis</strong></span> <span class='ocrx_word' id='word_1_849' title='bbox 1542 2328 1622 2363; x_wconf 76' lang='lat' dir='ltr'><strong>ofﬁcia</strong></span> <span class='ocrx_word' id='word_1_850' title='bbox 1644 2327 1756 2363; x_wconf 76' lang='lat' dir='ltr'><strong>defendit</strong></span> <span class='ocrx_word' id='word_1_851' title='bbox 1769 2348 1776 2359; x_wconf 85' lang='lat'><strong>,</strong></span> <span class='ocrx_word' id='word_1_852' title='bbox 1793 2328 1895 2355; x_wconf 71' lang='lat' dir='ltr'><strong>decori:</strong></span> <span class='ocrx_word' id='word_1_853' title='bbox 1909 2335 1968 2354; x_wconf 74' lang='lat' dir='ltr'><strong>nta-</strong></span> 
     </span>
    </p>
   </div>
   <div class='ocr_carea' id='block_1_120' title="bbox 1173 2362 1970 2398">
    <p class='ocr_par' dir='ltr' id='par_1_121' title="bbox 1173 2362 1970 2398">
     <span class='ocr_line' id='line_1_126' title="bbox 1173 2362 1970 2398; baseline -0.003 -8"><span class='ocrx_word' id='word_1_854' title='bbox 1173 2372 1224 2391; x_wconf 74' lang='lat' dir='ltr'><strong>sem</strong></span> <span class='ocrx_word' id='word_1_855' title='bbox 1243 2364 1358 2398; x_wconf 77' lang='lat' dir='ltr'><strong>requirit,</strong></span> <span class='ocrx_word' id='word_1_856' title='bbox 1376 2364 1468 2398; x_wconf 76' lang='lat' dir='ltr'><strong>gaudet</strong></span> <span class='ocrx_word' id='word_1_857' title='bbox 1480 2364 1511 2389; x_wconf 85' lang='lat' dir='ltr'><strong>de</strong></span> <span class='ocrx_word' id='word_1_858' title='bbox 1522 2364 1671 2390; x_wconf 72' lang='lat' dir='ltr'><strong>contumelia</strong></span> <span class='ocrx_word' id='word_1_859' title='bbox 1687 2372 1751 2396; x_wconf 79' lang='lat' dir='ltr'><strong>sua;</strong></span> <span class='ocrx_word' id='word_1_860' title='bbox 1766 2362 1827 2390; x_wconf 84' lang='lat' dir='ltr'><strong>dicit</strong></span> <span class='ocrx_word' id='word_1_861' title='bbox 1842 2363 1924 2390; x_wconf 73' lang='lat' dir='ltr'><strong>virum</strong></span> <span class='ocrx_word' id='word_1_862' title='bbox 1934 2370 1970 2388; x_wconf 79' lang='lat' dir='ltr'><strong>nc-</strong></span> 
     </span>
    </p>
   </div>
   <div class='ocr_carea' id='block_1_121' title="bbox 1174 2398 1970 2430">
    <p class='ocr_par' dir='ltr' id='par_1_122' title="bbox 1174 2398 1970 2430">
     <span class='ocr_line' id='line_1_127' title="bbox 1174 2398 1970 2430; baseline -0.004 -4"><span class='ocrx_word' id='word_1_863' title='bbox 1174 2400 1312 2426; x_wconf 78' lang='lat' dir='ltr'><strong>ccssarium</strong></span> <span class='ocrx_word' id='word_1_864' title='bbox 1327 2400 1408 2430; x_wconf 76' lang='lat' dir='ltr'><strong>sexui,</strong></span> <span class='ocrx_word' id='word_1_865' title='bbox 1430 2404 1456 2425; x_wconf 88' lang='lat' dir='ltr'><strong>ut</strong></span> <span class='ocrx_word' id='word_1_866' title='bbox 1471 2400 1628 2426; x_wconf 80' lang='lat' dir='ltr'><strong>auctoritatis</strong></span> <span class='ocrx_word' id='word_1_867' title='bbox 1639 2404 1661 2426; x_wconf 89' lang='lat' dir='ltr'><strong>et</strong></span> <span class='ocrx_word' id='word_1_868' title='bbox 1676 2398 1762 2426; x_wconf 76' lang='lat' dir='ltr'><strong>solatii</strong></span> <span class='ocrx_word' id='word_1_869' title='bbox 1777 2407 1881 2427; x_wconf 67' lang='lat' dir='ltr'><strong>caussa.</strong></span> <span class='ocrx_word' id='word_1_870' title='bbox 1896 2398 1933 2425; x_wconf 72' lang='lat' dir='ltr'><strong>vel</strong></span> <span class='ocrx_word' id='word_1_871' title='bbox 1946 2401 1970 2424; x_wconf 78' lang='lat' dir='ltr'><strong>ut</strong></span> 
     </span>
    </p>
   </div>
   <div class='ocr_carea' id='block_1_122' title="bbox 1174 2433 1970 2462">
    <p class='ocr_par' dir='ltr' id='par_1_123' title="bbox 1174 2433 1970 2462">
     <span class='ocr_line' id='line_1_128' title="bbox 1174 2433 1970 2462; baseline -0.003 -1"><span class='ocrx_word' id='word_1_872' title='bbox 1174 2444 1188 2461; x_wconf 82' lang='lat' dir='ltr'><em>ﬂ</em></span> <span class='ocrx_word' id='word_1_873' title='bbox 1201 2435 1273 2460; x_wconf 85' lang='lat' dir='ltr'><strong>malis</strong></span> <span class='ocrx_word' id='word_1_874' title='bbox 1288 2435 1432 2461; x_wconf 75' lang='lat' dir='ltr'><strong>rumoribus</strong></span> <span class='ocrx_word' id='word_1_875' title='bbox 1445 2439 1498 2461; x_wconf 85' lang='lat' dir='ltr'><strong>tuta</strong></span> <span class='ocrx_word' id='word_1_876' title='bbox 1511 2435 1554 2461; x_wconf 80' lang='lat' dir='ltr'><strong>sit.</strong></span> <span class='ocrx_word' id='word_1_877' title='bbox 1576 2434 1608 2461; x_wconf 87' lang='lat' dir='ltr'><strong>Et</strong></span> <span class='ocrx_word' id='word_1_878' title='bbox 1623 2439 1649 2460; x_wconf 88' lang='lat' dir='ltr'><strong>tu</strong></span> <span class='ocrx_word' id='word_1_879' title='bbox 1666 2434 1787 2461; x_wconf 69' lang='lat' dir='ltr'><strong>adversus</strong></span> <span class='ocrx_word' id='word_1_880' title='bbox 1798 2434 1908 2462; x_wconf 72' lang='lat' dir='ltr'><strong>tonsilia</strong></span> <span class='ocrx_word' id='word_1_881' title='bbox 1922 2433 1970 2459; x_wconf 75' lang='lat' dir='ltr'><strong>hcc</strong></span> 
     </span>
    </p>
   </div>
   <div class='ocr_carea' id='block_1_123' title="bbox 1175 2470 1970 2505">
    <p class='ocr_par' dir='ltr' id='par_1_124' title="bbox 1175 2470 1970 2505">
     <span class='ocr_line' id='line_1_129' title="bbox 1175 2470 1970 2505; baseline -0.003 -8"><span class='ocrx_word' id='word_1_882' title='bbox 1175 2471 1228 2505; x_wconf 76' lang='lat' dir='ltr'><strong>(jus</strong></span> <span class='ocrx_word' id='word_1_883' title='bbox 1243 2470 1333 2497; x_wconf 80' lang='lat' dir='ltr'><strong>adhibe</strong></span> <span class='ocrx_word' id='word_1_884' title='bbox 1348 2479 1463 2497; x_wconf 77' lang='lat' dir='ltr'><strong>sororum</strong></span> <span class='ocrx_word' id='word_1_885' title='bbox 1484 2475 1628 2497; x_wconf 82' lang='lat' dir='ltr'><strong>nostrarum</strong></span> <span class='ocrx_word' id='word_1_886' title='bbox 1653 2470 1780 2504; x_wconf 56' lang='lat' dir='ltr'><strong>maniplo,</strong></span> <span class='ocrx_word' id='word_1_887' title='bbox 1810 2477 1970 2504; x_wconf 76' lang='lat' dir='ltr'><strong>quarumna-</strong></span> 
     </span>
    </p>
   </div>
   <div class='ocr_carea' id='block_1_124' title="bbox 1175 2505 1969 2540">
    <p class='ocr_par' dir='ltr' id='par_1_125' title="bbox 1175 2505 1969 2540">
     <span class='ocr_line' id='line_1_130' title="bbox 1175 2505 1969 2540; baseline -0.004 -7"><span class='ocrx_word' id='word_1_888' title='bbox 1175 2507 1245 2533; x_wconf 84' lang='lat' dir='ltr'><strong>mina</strong></span> <span class='ocrx_word' id='word_1_889' title='bbox 1261 2514 1335 2539; x_wconf 74' lang='lat' dir='ltr'><strong>penes</strong></span> <span class='ocrx_word' id='word_1_890' title='bbox 1350 2505 1504 2538; x_wconf 79' lang='lat' dir='ltr'><strong>Dominum,</strong></span> <span class='ocrx_word' id='word_1_891' title='bbox 1519 2514 1576 2540; x_wconf 75' lang='lat' dir='ltr'><strong>qua:</strong></span> <span class='ocrx_word' id='word_1_892' title='bbox 1591 2505 1662 2532; x_wconf 83' lang='lat' dir='ltr'><strong>nulla</strong></span> <span class='ocrx_word' id='word_1_893' title='bbox 1677 2508 1766 2540; x_wconf 66' lang='lat' dir='ltr'><strong>[onum</strong></span> <span class='ocrx_word' id='word_1_894' title='bbox 1778 2505 1818 2532; x_wconf 75' lang='lat' dir='ltr'><strong>vel</strong></span> <span class='ocrx_word' id='word_1_895' title='bbox 1835 2505 1920 2532; x_wconf 65' lang='lat' dir='ltr'><strong>etatis</strong></span> <span class='ocrx_word' id='word_1_896' title='bbox 1932 2511 1969 2530; x_wconf 81' lang='lat' dir='ltr'><strong>oc-</strong></span> 
     </span>
    </p>
   </div>
   <div class='ocr_carea' id='block_1_125' title="bbox 1176 2539 1968 2576">
    <p class='ocr_par' dir='ltr' id='par_1_126' title="bbox 1176 2539 1968 2576">
     <span class='ocr_line' id='line_1_131' title="bbox 1176 2539 1968 2576; baseline -0.003 -9"><span class='ocrx_word' id='word_1_897' title='bbox 1176 2542 1275 2568; x_wconf 76' lang='lat' dir='ltr'><strong>rusionc</strong></span> <span class='ocrx_word' id='word_1_898' title='bbox 1290 2549 1390 2576; x_wconf 65' lang='lat' dir='ltr'><strong>pressae.</strong></span> <span class='ocrx_word' id='word_1_899' title='bbox 1407 2542 1504 2568; x_wconf 80' lang='lat' dir='ltr'><strong>maritis</strong></span> <span class='ocrx_word' id='word_1_900' title='bbox 1528 2539 1686 2568; x_wconf 73' lang='lat' dir='ltr'><strong>sanctitatem</strong></span> <span class='ocrx_word' id='word_1_901' title='bbox 1714 2546 1885 2575; x_wconf 82' lang='lat' dir='ltr'><strong>anteponunt.</strong></span> <span class='ocrx_word' id='word_1_902' title='bbox 1900 2539 1968 2576; x_wconf 70' lang='lat' dir='ltr'><strong>_il:c_c</strong></span> 
     </span>
    </p>
   </div>
   <div class='ocr_carea' id='block_1_126' title="bbox 1178 2573 1971 2612">
    <p class='ocr_par' dir='ltr' id='par_1_127' title="bbox 1178 2573 1971 2612">
     <span class='ocr_line' id='line_1_132' title="bbox 1178 2573 1971 2612; baseline -0.003 -9"><span class='ocrx_word' id='word_1_903' title='bbox 1178 2577 1227 2603; x_wconf 88' lang='lat' dir='ltr'><strong>fuit</strong></span> <span class='ocrx_word' id='word_1_904' title='bbox 1241 2578 1265 2603; x_wconf 85' lang='lat' dir='ltr'><strong>in</strong></span> <span class='ocrx_word' id='word_1_905' title='bbox 1286 2573 1400 2612; x_wconf 64' lang='lat' dir='ltr'><strong>vulgatis</strong></span> <span class='ocrx_word' id='word_1_906' title='bbox 1417 2577 1545 2604; x_wconf 85' lang='lat' dir='ltr'><strong>hactenus</strong></span> <span class='ocrx_word' id='word_1_907' title='bbox 1560 2576 1724 2612; x_wconf 82' lang='lat' dir='ltr'><strong>editionibus</strong></span> <span class='ocrx_word' id='word_1_908' title='bbox 1742 2573 1887 2611; x_wconf 77' lang='lat' dir='ltr'><strong>scriptura.</strong></span> <span class='ocrx_word' id='word_1_909' title='bbox 1900 2573 1971 2612; x_wconf 70' lang='lat' dir='ltr'><strong>Unde</strong></span> 
     </span>
    </p>
   </div>
   <div class='ocr_carea' id='block_1_127' title="bbox 1176 2611 1970 2647">
    <p class='ocr_par' dir='ltr' id='par_1_128' title="bbox 1176 2611 1970 2647">
     <span class='ocr_line' id='line_1_133' title="bbox 1176 2611 1970 2647; baseline -0.003 -8"><span class='ocrx_word' id='word_1_910' title='bbox 1176 2613 1272 2647; x_wconf 79' lang='lat' dir='ltr'><strong>aliquis</strong></span> <span class='ocrx_word' id='word_1_911' title='bbox 1287 2611 1367 2644; x_wconf 77' lang='lat' dir='ltr'><strong>dicat,</strong></span> <span class='ocrx_word' id='word_1_912' title='bbox 1387 2612 1531 2639; x_wconf 77' lang='lat' dir='ltr'><strong>invalidum</strong></span> <span class='ocrx_word' id='word_1_913' title='bbox 1545 2620 1605 2639; x_wconf 86' lang='lat' dir='ltr'><strong>esse</strong></span> <span class='ocrx_word' id='word_1_914' title='bbox 1626 2613 1676 2640; x_wconf 90' lang='lat' dir='ltr'><strong>hoc</strong></span> <span class='ocrx_word' id='word_1_915' title='bbox 1698 2611 1856 2639; x_wconf 85' lang='lat' dir='ltr'><strong>Tertulliani</strong></span> <span class='ocrx_word' id='word_1_916' title='bbox 1875 2611 1970 2647; x_wconf 77' lang='lat' dir='ltr'><strong>adver-</strong></span> 
     </span>
    </p>
   </div>
   <div class='ocr_carea' id='block_1_128' title="bbox 1177 2646 1969 2683">
    <p class='ocr_par' dir='ltr' id='par_1_129' title="bbox 1177 2646 1969 2683">
     <span class='ocr_line' id='line_1_134' title="bbox 1177 2646 1969 2683; baseline -0.003 -8"><span class='ocrx_word' id='word_1_917' title='bbox 1177 2646 1368 2675; x_wconf 78' lang='lat' dir='ltr'><strong>Sttssecundus</strong></span> <span class='ocrx_word' id='word_1_918' title='bbox 1389 2649 1492 2682; x_wconf 80' lang='lat' dir='ltr'><strong>nuptias</strong></span> <span class='ocrx_word' id='word_1_919' title='bbox 1517 2652 1714 2683; x_wconf 78' lang='lat' dir='ltr'><strong>argumentum,</strong></span> <span class='ocrx_word' id='word_1_920' title='bbox 1737 2647 1771 2674; x_wconf 86' lang='lat' dir='ltr'><strong>ab</strong></span> <span class='ocrx_word' id='word_1_921' title='bbox 1783 2646 1915 2682; x_wconf 86' lang='lat' dir='ltr'><strong>exemplis</strong></span> <span class='ocrx_word' id='word_1_922' title='bbox 1925 2653 1969 2673; x_wconf 75' lang='lat' dir='ltr'><strong>eu-</strong></span> 
     </span>
    </p>
   </div>
   <div class='ocr_carea' id='block_1_129' title="bbox 1178 2682 1970 2718">
    <p class='ocr_par' dir='ltr' id='par_1_130' title="bbox 1178 2682 1970 2718">
     <span class='ocr_line' id='line_1_135' title="bbox 1178 2682 1970 2718; baseline -0.003 -8"><span class='ocrx_word' id='word_1_923' title='bbox 1178 2692 1247 2713; x_wconf 79' lang='lat' dir='ltr'><strong>rum,</strong></span> <span class='ocrx_word' id='word_1_924' title='bbox 1263 2693 1322 2718; x_wconf 64' lang='lat' dir='ltr'><strong>qum</strong></span> <span class='ocrx_word' id='word_1_925' title='bbox 1344 2685 1414 2710; x_wconf 86' lang='lat' dir='ltr'><strong>nulla</strong></span> <span class='ocrx_word' id='word_1_926' title='bbox 1435 2683 1528 2710; x_wconf 69' lang='lat' dir='ltr'><strong>forum:</strong></span> <span class='ocrx_word' id='word_1_927' title='bbox 1551 2682 1593 2711; x_wconf 61' lang='lat' dir='ltr'><strong>vel</strong></span> <span class='ocrx_word' id='word_1_928' title='bbox 1609 2684 1695 2710; x_wconf 73' lang='lat' dir='ltr'><strong>mtatis</strong></span> <span class='ocrx_word' id='word_1_929' title='bbox 1720 2682 1861 2710; x_wconf 84' lang='lat' dir='ltr'><strong>occasione</strong></span> <span class='ocrx_word' id='word_1_930' title='bbox 1875 2686 1970 2718; x_wconf 62' lang='lat' dir='ltr'><strong>pressa</strong></span> 
     </span>
    </p>
   </div>
   <div class='ocr_carea' id='block_1_130' title="bbox 1178 2717 1969 2754">
    <p class='ocr_par' dir='ltr' id='par_1_131' title="bbox 1178 2717 1969 2754">
     <span class='ocr_line' id='line_1_136' title="bbox 1178 2717 1969 2754; baseline -0.003 -8"><span class='ocrx_word' id='word_1_931' title='bbox 1178 2720 1281 2746; x_wconf 72' lang='lat' dir='ltr'><strong>mut-itis</strong></span> <span class='ocrx_word' id='word_1_932' title='bbox 1305 2720 1473 2746; x_wconf 82' lang='lat' dir='ltr'><strong>sanctitatem</strong></span> <span class='ocrx_word' id='word_1_933' title='bbox 1495 2723 1668 2754; x_wconf 87' lang='lat' dir='ltr'><strong>anteponunt.</strong></span> <span class='ocrx_word' id='word_1_934' title='bbox 1695 2718 1761 2746; x_wconf 85' lang='lat' dir='ltr'><strong>Nam</strong></span> <span class='ocrx_word' id='word_1_935' title='bbox 1790 2718 1854 2753; x_wconf 86' lang='lat' dir='ltr'><strong>quid</strong></span> <span class='ocrx_word' id='word_1_936' title='bbox 1875 2717 1969 2754; x_wconf 62' lang='lat' dir='ltr'><strong>mirati}</strong></span> 
     </span>
    </p>
   </div>
   <div class='ocr_carea' id='block_1_131' title="bbox 1177 2750 1970 2789">
    <p class='ocr_par' dir='ltr' id='par_1_132' title="bbox 1177 2750 1970 2789">
     <span class='ocr_line' id='line_1_137' title="bbox 1177 2750 1970 2789; baseline -0.001 -8"><span class='ocrx_word' id='word_1_937' title='bbox 1177 2756 1198 2782; x_wconf 91' lang='lat' dir='ltr'><strong>si</strong></span> <span class='ocrx_word' id='word_1_938' title='bbox 1216 2755 1350 2782; x_wconf 82' lang='lat' dir='ltr'><strong>deformes</strong></span> <span class='ocrx_word' id='word_1_939' title='bbox 1365 2759 1391 2782; x_wconf 87' lang='lat' dir='ltr'><strong>et</strong></span> <span class='ocrx_word' id='word_1_940' title='bbox 1410 2755 1463 2789; x_wconf 85' lang='lat' dir='ltr'><strong>jam</strong></span> <span class='ocrx_word' id='word_1_941' title='bbox 1476 2750 1580 2786; x_wconf 60' lang='lat' dir='ltr'><strong>vetula}.</strong></span> <span class='ocrx_word' id='word_1_942' title='bbox 1596 2755 1622 2782; x_wconf 87' lang='lat' dir='ltr'><strong>in</strong></span> <span class='ocrx_word' id='word_1_943' title='bbox 1638 2754 1766 2782; x_wconf 76' lang='lat' dir='ltr'><strong>viduitate</strong></span> <span class='ocrx_word' id='word_1_944' title='bbox 1782 2750 1970 2789; x_wconf 69' lang='lat' dir='ltr'><strong>perseverant?</strong></span> 
     </span>
    </p>
   </div>
   <div class='ocr_carea' id='block_1_132' title="bbox 1176 2787 1969 2852">
    <p class='ocr_par' dir='ltr' id='par_1_133' title="bbox 1176 2787 1969 2852">
     <span class='ocr_line' id='line_1_138' title="bbox 1176 2787 1969 2852; baseline -0.004 -35"><span class='ocrx_word' id='word_1_945' title='bbox 1176 2795 1257 2817; x_wconf 58' lang='lat' dir='ltr'><strong>casta}</strong></span> <span class='ocrx_word' id='word_1_946' title='bbox 1274 2795 1344 2822; x_wconf 82' lang='lat' dir='ltr'><strong>sunt,</strong></span> <span class='ocrx_word' id='word_1_947' title='bbox 1361 2787 1420 2852; x_wconf 62' lang='lat' dir='ltr'><strong>qluia</strong></span> <span class='ocrx_word' id='word_1_948' title='bbox 1436 2798 1515 2817; x_wconf 85' lang='lat' dir='ltr'><strong>nemo</strong></span> <span class='ocrx_word' id='word_1_949' title='bbox 1529 2790 1641 2824; x_wconf 75' lang='lat' dir='ltr'><strong>rogavit,</strong></span> <span class='ocrx_word' id='word_1_950' title='bbox 1654 2794 1681 2817; x_wconf 85' lang='lat' dir='ltr'><strong>et</strong></span> <span class='ocrx_word' id='word_1_951' title='bbox 1694 2797 1738 2817; x_wconf 89' lang='lat' dir='ltr'><strong>res</strong></span> <span class='ocrx_word' id='word_1_952' title='bbox 1755 2787 1869 2822; x_wconf 74' lang='lat' dir='ltr'><strong>citempli</strong></span> <span class='ocrx_word' id='word_1_953' title='bbox 1883 2787 1969 2828; x_wconf 65' lang='lat' dir='ltr'><strong>facti}.</strong></span> 
     </span>
     <span class='ocr_line' id='line_1_139' title="bbox 1177 2824 1969 2852; baseline -0.001 0"><span class='ocrx_word' id='word_1_954' title='bbox 1177 2828 1197 2852; x_wconf 90' lang='lat' dir='ltr'><strong>si</strong></span> <span class='ocrx_word' id='word_1_955' title='bbox 1212 2835 1261 2852; x_wconf 79' lang='lat' dir='ltr'><strong>uua</strong></span> <span class='ocrx_word' id='word_1_956' title='bbox 1275 2828 1325 2852; x_wconf 85' lang='lat' dir='ltr'><strong>hoc</strong></span> <span class='ocrx_word' id='word_1_957' title='bbox 1340 2826 1373 2852; x_wconf 79' lang='lat' dir='ltr'><strong>ait</strong></span> <span class='ocrx_word' id='word_1_958' title='bbox 1387 2827 1435 2852; x_wconf 79' lang='lat' dir='ltr'><strong>icta</strong></span> <span class='ocrx_word' id='word_1_959' title='bbox 1452 2826 1607 2852; x_wconf 81' lang='lat' dir='ltr'><strong>infortunio.</strong></span> <span class='ocrx_word' id='word_1_960' title='bbox 1624 2826 1737 2852; x_wconf 89' lang='lat' dir='ltr'><strong>alterum</strong></span> <span class='ocrx_word' id='word_1_961' title='bbox 1761 2824 1877 2852; x_wconf 84' lang='lat' dir='ltr'><strong>inveniat</strong></span> <span class='ocrx_word' id='word_1_962' title='bbox 1890 2830 1969 2851; x_wconf 81' lang='lat' dir='ltr'><strong>mart-</strong></span> 
     </span>
    </p>
   </div>
   <div class='ocr_carea' id='block_1_133' title="bbox 1177 2824 1970 2861">
    <p class='ocr_par' dir='ltr' id='par_1_134' title="bbox 1177 2824 1970 2861">
     <span class='ocr_line' id='line_1_140' title="bbox 1177 2824 1970 2861; baseline -0.004 -8"><span class='ocrx_word' id='word_1_963' title='bbox 1177 2828 1197 2853; x_wconf 88' lang='lat' dir='ltr'><strong>si</strong></span> <span class='ocrx_word' id='word_1_964' title='bbox 1212 2835 1261 2861; x_wconf 81' lang='lat' dir='ltr'><strong>qua</strong></span> <span class='ocrx_word' id='word_1_965' title='bbox 1275 2828 1325 2852; x_wconf 85' lang='lat' dir='ltr'><strong>hoc</strong></span> <span class='ocrx_word' id='word_1_966' title='bbox 1340 2824 1435 2852; x_wconf 79' lang='lat' dir='ltr'><strong>afflicta</strong></span> <span class='ocrx_word' id='word_1_967' title='bbox 1452 2826 1607 2856; x_wconf 84' lang='lat' dir='ltr'><strong>infortunio.</strong></span> <span class='ocrx_word' id='word_1_968' title='bbox 1624 2826 1737 2853; x_wconf 86' lang='lat' dir='ltr'><strong>alterum</strong></span> <span class='ocrx_word' id='word_1_969' title='bbox 1761 2824 1970 2861; x_wconf 11' lang='lat' dir='ltr'><strong>invenialnrttarif</strong></span> 
     </span>
    </p>
   </div>
   <div class='ocr_carea' id='block_1_134' title="bbox 1176 2856 1967 2896">
    <p class='ocr_par' dir='ltr' id='par_1_135' title="bbox 1176 2856 1967 2896">
     <span class='ocr_line' id='line_1_141' title="bbox 1176 2856 1967 2896; baseline -0.003 -9"><span class='ocrx_word' id='word_1_970' title='bbox 1176 2856 1241 2888; x_wconf 72' lang='lat' dir='ltr'><strong>tnui.</strong></span> <span class='ocrx_word' id='word_1_971' title='bbox 1260 2862 1359 2896; x_wconf 73' lang='lat' dir='ltr'><strong>Nempe</strong></span> <span class='ocrx_word' id='word_1_972' title='bbox 1375 2862 1452 2888; x_wconf 81' lang='lat' dir='ltr'><strong>aliter</strong></span> <span class='ocrx_word' id='word_1_973' title='bbox 1464 2861 1583 2888; x_wconf 73' lang='lat' dir='ltr'><strong>exaravit</strong></span> <span class='ocrx_word' id='word_1_974' title='bbox 1597 2869 1691 2888; x_wconf 81' lang='lat' dir='ltr'><strong>manus</strong></span> <span class='ocrx_word' id='word_1_975' title='bbox 1707 2859 1913 2896; x_wconf 67' lang='lat' dir='ltr'><strong>Auctoris._stili</strong></span> <span class='ocrx_word' id='word_1_976' title='bbox 1929 2856 1967 2896; x_wconf 70' lang='lat' dir='ltr'><strong>atii</strong></span> 
     </span>
    </p>
   </div>
   <div class='ocr_carea' id='block_1_135' title="bbox 1174 2892 1968 2932">
    <p class='ocr_par' dir='ltr' id='par_1_136' title="bbox 1174 2892 1968 2932">
     <span class='ocr_line' id='line_1_142' title="bbox 1174 2892 1968 2932; baseline -0.005 -8"><span class='ocrx_word' id='word_1_977' title='bbox 1174 2892 1387 2932; x_wconf 74' lang='lat' dir='ltr'><strong>diligentissima.</strong></span> <span class='ocrx_word' id='word_1_978' title='bbox 1405 2897 1515 2926; x_wconf 79' lang='lat' dir='ltr'><strong>Veteres</strong></span> <span class='ocrx_word' id='word_1_979' title='bbox 1529 2898 1691 2925; x_wconf 73' lang='lat' dir='ltr'><strong>membranm</strong></span> <span class='ocrx_word' id='word_1_980' title='bbox 1704 2896 1804 2925; x_wconf 82' lang='lat' dir='ltr'><strong>habent</strong></span> <span class='ocrx_word' id='word_1_981' title='bbox 1817 2903 1826 2924; x_wconf 93' lang='lat'><em>:</em></span> <span class='ocrx_word' id='word_1_982' title='bbox 1838 2893 1870 2922; x_wconf 77' lang='lat' dir='ltr'><strong>Et</strong></span> <span class='ocrx_word' id='word_1_983' title='bbox 1886 2892 1968 2922; x_wconf 63' lang='lat' dir='ltr'><strong>tuad-</strong></span> 
     </span>
    </p>
   </div>
  </div>
