4230 6256
654 262 792 321 1287
2074 264 2324 325 TERTUI

2284 264 2537 325 JLLIANI
2826 267 2836 289 '
3813 274 3954 336 1288

660 376 801 449 apud
834 376 1082 434 nationes
1103 416 1120 443 ,
1160 390 1260 447 pro
1296 374 1494 433 diaboli
1521 376 1728 433 scilicet
1752 375 2121 435 aemulatione.
2152 378 2259 435 Re-
2284 382 2337 443 Α
2360 380 2534 437 virtus
2566 390 2874 439 coronatur.
2906 381 3158 452 Quasdam
3187 384 3333 442 enim
3364 394 3493 443 sunt
3521 388 3717 447 divinze
3743 392 3951 450 libera-

655 484 776 539 gem
800 469 1002 532 saaculi,
1033 466 1339 538 pontiﬁcem
1362 468 1653 525 maximum
1689 468 1789 539 (α),
1810 484 1999 527 rursus
2048 470 2252 527 nubere
2361 474 2547 542 litatis,
2590 476 2834 547 qumdam
2872 487 3071 534 nostra:
3110 480 3465 549 Operationis.
3493 481 3627 551 Quae
3665 497 3696 539 a
3724 486 3953 543 Domino

657 562 807 615 nefas
834 568 958 650 est:
996 552 1261 650 quantum
1292 557 1404 614 Deo
1433 561 1693 615 sanctitas
1725 561 1920 631 placet.
1948 577 2071 617 cum
2102 562 2247 617 illam
2354 569 2717 642 indulgentur,
2766 586 2861 627 sua
2912 574 3080 643 gratia
3127 574 3541 646 gubernantur;
3594 595 3715 650 qua:
3744 581 3811 637 ab
3852 581 3954 638 bo-

659 651 823 743 etiam
869 648 1409 743 inimicusgaffcctat,
1439 666 1543 743 non
1569 651 1753 722 utique
1784 661 1841 707 ut
1860 652 2086 723 alicujus
2125 654 2253 709 boni
2358 662 2503 716 mine
2528 671 2836 734 captantur,
2865 663 3044 721 studio
3076 675 3475 737 perpetrantur.
3503 648 3673 727 Stude
3700 671 3861 743 igitur
3887 674 3955 730 ad

653 739 855 836 affinis,
886 740 984 797 sed
1024 750 1083 797 ut
1124 741 1219 798 Dei
1262 741 1473 798 Domini
1520 743 1713 815 placita
1762 759 1885 800 cum
1925 746 2253 802 contumelia
2360 754 2610 811 virtutem
2674 756 3023 812 continentiae
3057 756 3362 829 [modestiae
3404 759 3508 834 (6)]
3536 804 3551 829 ,
3600 739 3746 834 qua;
3767 766 3956 836 pudori

655 831 950 891 affectans!
1268 928 1279 929 ί
1348 927 1359 929 Α
1387 927 1475 929 -Μ
1522 928 1555 929 η
1592 927 1609 929 Α
2361 857 2614 917 procurat
2646 863 2661 912 ;
2694 846 2967 903 sedulitati
2994 891 3009 914 ,
3042 864 3163 920 qua:
3195 860 3365 921 nugas
3390 831 3504 909 non-
3525 831 3656 910 facit
3686 874 3699 920 ;
3733 831 3958 929 frugali-

1251 927 1479 985 CAPUT
1519 927 1654 987 Vill.
2360 939 2475 1005 tati,
2496 954 2614 1009 qua:
2640 941 2895 995 Steculum
2925 938 3008 1013 (7)
3046 942 3272 1012 spernit.
3326 944 3631 1002 Convictum
3660 948 3746 1021 (8)
3792 927 3959 1021 alque

740 1020 874 1078 Nam
922 1020 991 1077 de
1023 1020 1103 1093 (Ι)
1134 1021 1404 1078 viduitatis
1464 1022 1756 1078 honoribus
1792 1024 1932 1093 apud
1974 1022 2256 1079 Dominum
2360 1033 2684 1088 commercia
2713 1034 2821 1089 Deo
2842 1035 3002 1106 digna
3026 1044 3256 1105 sectare,
3278 1052 3484 1094 memor
3509 1039 3649 1096 illius
3674 1020 3954 1111 versiculi,

659 1130 767 1171 uno
793 1114 935 1171 dicto
959 1116 1075 1186 ejus
1102 1132 1195 1186 per
1221 1116 1542 1186 Prophetam
1584 1116 1900 1187 expeditum
1937 1126 2020 1172 est
2053 1135 2065 1171 :
2109 1118 2259 1172 Juste
2361 1125 2677 1199 sanetilicati
2708 1140 2805 1196 per
2830 1127 3186 1199 Apostolum:
3374 1112 3381 1117 ’
3878 1136 3881 1137 ⁷

659 1207 814 1278 facite
842 1204 923 1278 (2)
986 1208 1152 1262 vidua:
1179 1216 1225 1261 et
1254 1209 1472 1279 pupillo,
1508 1220 1554 1262 ct
1585 1209 1745 1264 venite
1773 1208 2105 1280 disputemus,
2137 1210 2260 1264 dicit
2454 1214 2617 1267 Bonos
2638 1220 2955 1293 corrumpunt
2975 1230 3141 1268 mores
3162 1232 3463 1283 congressus
3484 1222 3621 1276 mali.

663 1297 937 1357 Dominus.
988 1300 1102 1356 Duo
1163 1301 1262 1357 ista
1332 1302 1550 1357 nomina
1620 1302 1672 1358 in
1742 1312 2001 1373 quantum
2036 1304 2260 1374 despec-
2981 1303 3208 1361 CAPUT
3237 1305 3332 1361 1X.

664 1391 741 1446 tui
776 1391 860 1461 (5)
910 1388 1179 1456 humano,
1227 1392 1280 1447 in
1342 1400 1544 1447 tantum
1611 1393 1805 1449 divina:
1873 1394 2260 1450 misericordia:
2436 1393 2731 1467 Loquaces,
2774 1396 2985 1463 otiosae,
3013 1397 3237 1465 viuosm,
3266 1400 3495 1457 curiosa:
3519 1402 3958 1471 contubernales,

561 1520 569 1528 ι
658 1483 900 1554 exposita
933 1522 949 1550 ,
1004 1484 1244 1556 suscepit
1299 1486 1432 1541 tueri
1495 1484 1656 1540 Pater
1697 1485 1935 1540 omnium
1978 1487 2077 1558 (4).
2126 1486 2260 1542 Vide
2362 1488 2445 1543 vel
2464 1489 2698 1545 maxime
2717 1488 3563 1561 propositoviduitatisoiﬁciuut.
3595 1495 3701 1552 Per
3722 1497 3962 1568 loquaci-

660 1592 819 1648 quam
844 1592 908 1633 ex
932 1591 1087 1648 aequo
1109 1576 1338 1633 habetur
1358 1578 1448 1648 qui
1472 1577 1642 1633 vidua:
1668 1577 1995 1634 benefecerit
2015 1620 2030 1645 ,
2076 1579 2258 1649 quanti
2365 1589 2529 1637 tatem
2576 1582 2822 1654 irrepunt
2848 1583 3009 1639 verba
3058 1583 3278 1655 pudoris
3308 1586 3541 1655 inimica
3570 1603 3586 1654 ;
3611 1605 3708 1660 per
3734 1591 3900 1645 otium
3931 1606 3962 1645 a

659 1678 747 1726 est
774 1668 931 1724 vidua
958 1669 1095 1740 ipsa,
1124 1670 1278 1739 cujus
1301 1680 1538 1725 assertor
1559 1683 1681 1725 cum
1714 1669 1942 1725 Domino
1978 1670 2050 1743 (b)
2079 1670 2262 1740 dispu-
2362 1674 2647 1730 severitate
2683 1673 2762 1745 (9)
2815 1674 3128 1743 deducunt;
3183 1692 3282 1748 per
3340 1679 3690 1735 vinolentiam
3749 1682 3965 1752 quidvis

667 1763 799 1819 tavit
828 1764 943 1836 (5)!
968 1762 1085 1819 Non
1132 1772 1340 1820 tantum
1395 1764 1689 1835 virginibus
1748 1765 1930 1819 datum
1963 1765 2174 1833 opinor,
2201 1765 2261 1818 li-
2362 1768 2488 1822 mali
2513 1768 2822 1834 insinuant;
2850 1783 2946 1838 per
2965 1770 3331 1827 curiositatem
3360 1773 3761 1829 aemulationem
3784 1774 3966 1831 libidi-

659 1863 750 1911 cct
800 1855 852 1909 in
907 1854 1014 1909 illis
1064 1854 1342 1927 integritas
1400 1853 1571 1909 solida
1625 1864 1679 1909 et
1728 1862 1838 1909 tota
1886 1855 2145 1911 sanctitas
2193 1853 2261 1910 de
2365 1859 2447 1914 nis
2473 1858 2801 1915 convehunt.
2833 1859 2987 1916 Nulla
3012 1860 3319 1933 bujusmodi
3357 1864 3694 1921 feminarum
3724 1865 3791 1921 de
3821 1865 3965 1921 bono

662 1946 913 2016 proximo
956 1946 1131 2000 visura
1180 1947 1248 2000 sit
1288 1944 1480 2001 faciem
1511 1946 1626 2001 Dei.
1660 1945 1866 2002 Tamen
1914 1945 2069 2001 vidua
2098 1946 2262 2003 habet
2291 1999 2336 2031 ο
2366 1953 2662 2009 univiratus
2694 1954 2838 2026 loqui
2884 1954 3000 2028 (lO)
3043 1957 3194 2012 novit
3239 1977 3252 2012 :
3296 1959 3433 2014 Deus
3473 1959 3617 2015 enim
3647 1960 3751 2015 illis
3777 1959 3857 2031 (ut
3886 1960 3965 2015 ait

662 2038 865 2110 aliquid
895 2038 1177 2109 operosius
1207 2057 1220 2094 :
1246 2038 1369 2110 quia
1398 2038 1553 2096 facile
1578 2048 1662 2096 est
1686 2055 1795 2095 non
1822 2049 2081 2110 appetere
2118 2040 2259 2111 quod
2290 2038 2339 2060 "
2367 2048 2681 2119 Apostolus)
2709 2060 2878 2104 venter
2898 2061 2970 2106 est
2991 2050 3183 2121 (Phil.,
3212 2051 3299 2118 ill,
3337 2050 3456 2123 l9),
3490 2053 3564 2108 ita
3592 2063 3647 2109 et
3674 2070 3794 2125 qua:
3822 2070 3921 2111 ven
3939 2085 3955 2097 -

661 2130 878 2186 nescias
912 2173 928 2199 ,
970 2139 1023 2187 et
1064 2132 1301 2187 aversari
1338 2130 1481 2203 quod
1528 2131 1919 2189 desideraveris
1962 2148 2258 2203 nunquam.
2367 2140 2431 2194 tri
2464 2141 2780 2212 pr0pinqua.
2813 2140 2940 2198 Haec
2987 2143 3078 2199 tibi
3122 2144 3231 2212 jam
3277 2143 3401 2200 hinc
3439 2147 3783 2212 commendo,
3823 2160 3961 2201 cou-

659 2224 959 2281 Gloriosiur
1001 2224 1327 2281 continentia
1350 2267 1365 2293 ,
1398 2242 1517 2295 quae
1563 2225 1652 2296 jus
1694 2240 1850 2280 suum
1899 2226 2062 2281 sentit
2092 2242 2107 2291 ;
2140 2240 2261 2296 qua:

2365 2249 2521 2291 serva
2564 2237 2862 2304 carissima,
2907 2248 3026 2309 post
3064 2239 3379 2310 Aposwlum
3430 2240 3645 2311 quidem
3691 2257 3757 2296 ex
3792 2242 3963 2296 abun-

657 2319 786 2390 quid
814 2318 1041 2387 viderit,
1087 2320 1253 2374 novit.
1289 2318 1495 2374 Poterit
1522 2319 1672 2390 virgo
1698 2318 1910 2375 felicior
1936 2318 2124 2375 haberi
2157 2360 2172 2385 ,
2207 2328 2261 2374 al
2365 2326 2509 2383 danti
2543 2337 2850 2397 retractata,
2894 2331 2989 2387 sed
3031 2332 3124 2387 tibi
3153 2332 3315 2387 etiam
3356 2333 3551 2388 solatio
3579 2330 3783 2397 futura,
3815 2332 3961 2403 quod

658 2410 815 2467 vidua
844 2410 1203 2467 laboriosior:
1230 2410 1342 2477 illa,
1387 2411 1530 2481 quod
1564 2410 1761 2467 bonum
1802 2426 2020 2482 semper
2049 2411 2257 2477 habuit;

2361 2437 2537 2479 meam
2568 2423 2923 2493 memoriam,
2966 2425 3009 2481 si
3055 2425 3126 2481 ita
3166 2427 3445 2495 evenerit,
3474 2428 3524 2483 in
3565 2428 3673 2485 illis
3700 2426 3960 2499 frequen-

658 2502 782 2571 ista,
816 2501 958 2574 quod
985 2502 1185 2559 bonum
1226 2503 1328 2560 sibi
1369 2502 1591 2560 invenit.
1622 2501 1681 2560 In
1724 2502 1810 2560 illa
1840 2504 2045 2575 gratia,
2078 2503 2128 2559 in
2156 2504 2257 2558 ista
2364 2516 2519 2574 labis,

1915 2637 2292 2697 LECTIONES
2327 2637 2416 2695 VA
2425 2632 2746 2692 RIANTES.

778 2753 802 3067 Ξ

747 2753 797 2820 1)
820 2754 1130 2820 Eiduitatum
1145 2754 1347 2807 semler.
2423 2750 2499 2820 to)
2522 2752 2666 2820 4best
2687 2750 2940 2820 modestiae
2961 2747 3070 2816 Rig.

747 2812 1148 2877 2)Facuosemt.
2424 2812 2502 2877 (7)
2534 2812 2800 2877 Speculum
2825 2812 2935 2877 Ηίθ-
3023 2812 3066 2877 ἶ-
3178 2876 3183 2877 ν
3268 2823 3279 2829 ·

745 2873 799 2942 5)
824 2880 1088 2942 Destituue
1108 2879 1291 2930 auxilio
1312 2880 1449 2930 bum.
1718 2939 1727 2942 _
2424 2873 2499 2942 (8)
2523 2873 2787 2942 anvictus
2806 2873 2953 2942 atque
2976 2873 3218 2938 colloquia
3245 2873 3356 2942 Εἰς.

751 2936 802 3001 ι)
826 2941 998 2991 Tueri.
1024 2942 1171 2994 Pater
1193 2944 1409 2993 omnium
1428 2957 1440 3001 ;
1467 2936 1579 2993 vide
1602 2939 1747 2993 Seml.
2426 2936 2501 3001 (9)
2526 2939 2592 2989 Se
2613 2940 2821 2989 veritate
2831 2936 3083 2988 deducunt
3097 2936 3244 2989 [ἔνιαι.
3258 2936 3576 2993 securitatem
3593 2941 3830 2996 inducunt
3842 2946 3965 2997 Jun.

744 3002 804 3071 ὄλ
824 3002 1103 3070 Disputabit
1148 3013 1358 3071 Franeq.
1381 3003 1600 3059 Parisiis.
1625 3003 1955 3057 cumDomlno
1978 3004 2261 3068 disputabit,
2291 3045 2333 3071 η
2368 3002 2527 3071 Paris.

661 3041 1103 3133 ﬁgurem-
1148 3041 1358 3071 πυτ·
1381 3041 1410 3059 ·
1429 3041 1600 3056 συσπ·-
1626 3041 1955 3057 νκυυνηων
1978 3041 2261 3068 ww
2290 3045 2335 3109 c
2368 3041 2538 3129 "ita;
2563 3062 2730 3116 nam.
2750 3058 2860 3126 mg.
2886 3059 3031 3115 male.

2012 3170 2573 3229 COMMENTARIUS.

662 3288 729 3361 de
754 3288 951 3361 uulneri
974 3290 1299 3346 multitudine
1320 3308 1339 3345 :
1362 3290 1603 3355 candida,
1634 3290 1698 3345 de
1726 3306 1921 3347 caussae
1940 3287 2257 3361 fulgore.Sic
2360 3290 2601 3355 cebatur,
2628 3288 2722 3345 sed
2748 3289 2908 3361 etiam
2935 3305 3049 3350 rex.
3078 3289 3199 3361 quia
3229 3290 3428 3347 arbiter
3453 3307 3632 3348 rerum
3658 3292 3961 3349 divinarum

665 3360 783 3422 ipse
806 3359 1166 3417 Tertullianus
1193 3362 1331 3418 libro
1358 3363 1616 3419 adversus
1640 3359 1966 3419 Marcionem
1997 3359 2085 3422 IV.
2116 3361 2251 3415 Can-
2358 3370 2413 3417 et
2438 3362 2813 3416 humanarum.
2842 3359 3155 3417 Tertulliani.
3195 3362 3248 3418 in
3274 3364 3485 3419 exliort.
3526 3364 3595 3419 ad
3623 3363 3963 3420 Castitatem.

708 3434 845 3485 idam
889 3433 1092 3498 salutis,
1140 3447 1239 3503 pro
1288 3434 1456 3504 gloria
1493 3433 1717 3499 salutis;
1756 3443 1811 3490 et
1838 3433 1931 3489 lib.
1968 3431 2031 3500 V,
2064 3430 2260 3487 Phari-
2360 3446 2477 3503 cap.
2528 3433 2623 3504 ult.
2657 3432 2788 3488 Lac.

664 3518 819 3560 steam
846 3502 1153 3572 candidam,
1172 3519 1271 3577 pro
1290 3502 1432 3561 fastu
1476 3515 1530 3562 et
1563 3504 2255 3577 superbiaiPltarisaaorum.
2430 3502 2697 3577 ’(blCujus
2718 3513 2938 3577 assertor
2958 3521 3074 3558 cum
3101 3503 3339 3560 Domino.
3370 3506 3621 3562 Assertor
3642 3507 3835 3563 vindex
3860 3518 3966 3575 est,

950 3614 1037 3650 ὲ
1177 3575 1221 3650 ’Δ
1263 3645 1273 3650 “
1335 3645 1367 3650 _
1474 3648 1518 3650 Α
1632 3575 1644 3577 '
1797 3576 1939 3650 nm.
2007 3647 2024 3650 _
2225 3644 2234 3650 _
2364 3575 2457 3650 qui
2483 3576 2716 3650 aliquem
2756 3575 2990 3650 vindicat
3021 3578 3071 3629 iu
3103 3577 3447 3650 libertatem,
3476 3578 3563 3633 hic
3590 3593 3690 3650 pro
3736 3590 3971 3650 patrono

737 3644 1065 3729 CAP.AVl_ll._
1090 3675 1163 3688 -
1203 3645 1283 3729 (ε)
1324 3645 1631 3729 Ροηιὶᾔεεηι
1665 3649 1968 3729 matrimam.
2007 3644 2263 3729 intelligit
2365 3644 2457 3717 qui
2489 3644 2759 3702 hominem
2787 3646 3041 3703 tuendum
3068 3648 3312 3718 suscipit.
3342 3648 3516 3704 Rusti.

670 3715 940 3771 ﬂaminem
963 3715 1277 3788 dialem,qui
1302 3734 1407 3773 non
1429 3715 1605 3775 solum
1627 3719 1867 3791 pontifex
1888 3718 2156 3774 maximus
2174 3715 2263 3771 di-

1614 3924 2088 4038 LIBER
2167 3916 3006 4031 SECUNDUS.

1955 4135 2673 4189 *κω-

676 4258 1072 4314 Aacuuatt'run.
1122 4284 1195 4299 —
1240 4253 1485 4324 Ejusdem
1527 4256 1635 4327 fere
1683 4257 1967 4328 argumenti
2013 4257 2095 4311 hic
2143 4256 2268 4312 liber
2450 4253 2720 4327 gentilibus
2775 4252 3045 4322 abstineat,
3086 4263 3259 4323 utpote
3310 4254 3511 4322 illicito,
3552 4263 3734 4325 stupro
3771 4254 3975 4318 simili,

745 4367 862 4405 cum
911 4351 1188 4422 superiore,
1226 4350 1326 4405 nisi
1362 4350 1518 4422 quod,
1561 4351 1799 4407 humana:
1831 4352 2128 4424 fragilitatis
2172 4340 2353 4405 τηε-Ι)
2453 4347 2575 4417 ﬁdei
2614 4346 2830 4415 nocido,
2875 4346 2945 4400 ad
2991 4347 3344 4415 inﬁdelitatem
3386 4362 3568 4417 prono,
3610 4347 3876 4417 alienoque
3916 4345 3979 4398 ab

744 4458 874 4508 mor,
920 4457 1132 4497 uxorem
1192 4441 1386 4496 Auctor
1442 4440 1753 4497 adhortatur
1774 4484 1789 4508 ,
1837 4452 1892 4496 ut
1935 4444 1980 4497 si
2027 4443 2276 4499 secundas
2452 4437 2701 4494 Ecclesia:
2743 4446 3061 4495 sacramento
3112 4439 3460 4505 matrimonii,
3521 4438 3657 4508 quod
3706 4438 3983 4509 inagniﬁce

745 4536 952 4608 nuptias
992 4533 1271 4605 aliquando
1326 4532 1651 4605 cogitaverit,
1702 4550 1735 4588 a
1784 4534 2107 4590 matrimonio
2160 4551 2277 4589 cum
2452 4532 2773 4588 describitur.
2824 4524 2839 4539 ’
3769 4529 3911 4586 Eoo.

1048 4669 1259 4727 Primus
1287 4667 1445 4740 igitur
1472 4668 1630 4724 docet
1652 4666 1825 4725 liber:
2781 4667 2837 4723 lu
2863 4668 3143 4739 posteriori
3176 4668 3314 4724 libro
3332 4668 3582 4724 statuitur
3609 4684 3623 4722 :

748 4764 790 4819 1.
816 4763 1200 4818 Matrimonium
1226 4777 1258 4813 a
1279 4758 1385 4814 Deo
1415 4759 1719 4828 institutum,
1742 4776 1899 4815 unum
1919 4778 2044 4829 esse,
2074 4778 2119 4816 c.
2142 4762 2193 4828 1,
2217 4761 2273 4816 2.
2458 4759 2497 4815 1.
2544 4761 2927 4815 Matrimonium
2949 4778 3064 4817 cum
3087 4762 3263 4831 gentili
3293 4762 3517 4829 vetitum,
3546 4762 3662 4829 c.l,
3690 4760 3745 4815 2.
3778 4760 3844 4815 ll.
3873 4759 3988 4815 Int-

675 4857 741 4916 ΙΙ.
768 4853 1472 4913 Abstinentiammatrimonio
1501 4852 1778 4920 meliorem,
1809 4869 1857 4907 c.
1890 4855 1945 4909 5.
1979 4852 2063 4908 Ill.
2084 4852 2276 4908 Exem-
2383 4856 2649 4921 mundum,
2673 4864 2727 4909 ut
2747 4864 2998 4926 stuprum,
3016 4872 3061 4908 c.
3083 4854 3235 4911 3.lll.
3256 4853 3395 4909 Vera:
3414 4855 3672 4927 religionis
3692 4854 3869 4924 ofﬁciis
3893 4855 3990 4909 im-

676 4953 763 5023 pia
789 4948 1150 5005 continentium
1176 4945 1463 5011 viduarum,
1492 4960 1541 5000 ο.
1572 4945 1627 5000 4.
1658 4943 1745 4999 IV.
1789 4946 2053 5001 Secundus
2073 4947 2276 5015 nuptias
2383 4957 2673 5015 parturiunt,
2693 4964 2741 5002 c.
2764 4949 2816 5004 4.
2844 4946 3224 5003 lV.Gentilium
3250 4950 3317 5002 ad
3344 4949 3473 5003 ritus
3500 4949 3912 5014 excitatioum,c.
3931 4948 3986 5002 6.

675 5045 739 5100 ob
768 5044 949 5099 liberos
970 5040 1320 5108 suscipiendos
1342 5056 1441 5095 non
1470 5039 1726 5110 expedire,
1744 5054 1791 5093 c.
1826 5039 1879 5095 5.
1915 5039 1978 5095 Υ.
2023 5039 2277 5111 Exempla
2382 5038 2447 5094 γ.
2490 5039 2740 5112 Magnum
2769 5057 2886 5097 vero
2909 5058 2969 5095 ac
2989 5050 3219 5096 sanctum
3262 5042 3315 5095 in
3357 5040 3587 5096 Ecclesia
3609 5052 3990 5097 sacramentum

675 5155 708 5191 a
738 5136 1059 5192 matrimonio
1078 5133 1455 5198 abstinentiam,
1487 5148 1535 5187 c.
1570 5132 1624 5188 6.
1659 5131 1749 5187 Vl.
1774 5130 1999 5203 Nuptias
2027 5134 2276 5189 secundas
2380 5150 2486 5189 esse
2516 5134 2891 5189 matrimonium
2922 5136 3059 5204 quod
3092 5132 3322 5189 Ecclesia
3350 5136 3607 5200 conciliat,
3632 5143 3680 5190 et
3712 5136 3991 5201 conﬁrmat

674 5229 787 5285 Deo
810 5230 975 5285 minus
1003 5227 1222 5301 placere,
1266 5242 1315 5282 c.
1356 5225 1409 5280 7.
1446 5222 1553 5281 VII.
1599 5222 1697 5280 His
1722 5224 1876 5295 ﬁnem
1900 5225 2079 5296 adjicit
2105 5225 2273 5280 oidui-
2380 5228 2604 5296 oblatio,
2654 5240 2701 5283 et
2768 5230 2996 5302 obsignat
3052 5230 3362 5296 benedictio,
3416 5231 3589 5302 angeli
3641 5231 3988 5299 renuntiant,

678 5326 796 5382 tatis
825 5324 1126 5382 encomium.
2383 5319 2543 5376 Pater
2561 5330 2672 5376 rato
2710 5308 2878 5391 habet,
2902 5338 2950 5377 c.
2980 5322 3036 5379 8.
3077 5323 3211 5380 Eon.
3253 5340 3286 5382 ο
3325 5324 3387 5379 D.
3411 5323 3655 5381 Scntul.

1178 5436 1407 5495 CAPUT
1445 5435 1728 5494 PRIMUM.

751 5538 801 5593 1.
834 5535 1083 5593 Proxime
1109 5533 1224 5603 tibi,
1261 5530 1611 5588 dilectissima
1642 5530 1695 5586 in
1722 5528 1942 5587 domino
1984 5544 2267 5597 conserva,
2373 5546 2421 5602 qi

2373 5530 2499 5602 quid
2556 5530 2790 5586 hemina:
2846 5540 3045 5588 sancta:
3104 5529 3221 5604 (η),
3273 5532 3617 5590 matrimonio
3665 5545 3996 5604 quacunque

2032 5648 2598 5709 COMMENTARIUS.

752 5767 833 5840 (τι)
869 5766 1114 5824 Femina
1151 5774 1360 5823 sanctae.
1403 5764 1617 5837 Optime
1663 5762 1938 5823 adnotavit
1988 5762 2283 5826 Rhenanus
2388 5781 2486 5841 per
2517 5766 2770 5829 immittas
2795 5776 3007 5828 sanctas
3034 5766 3123 5826 hic
3146 5766 3466 5829 cliristiauas
3488 5766 3755 5841 intelligi;
3786 5766 3999 5842 pluries
