4184 6258
442 291 576 349 1501

1726 284 1931 342 LIBER
1970 281 2014 340 Il
2063 283 2157 344 AD
2196 283 2505 343 UXOREM.

3595 291 3737 350 1502

444 417 568 477 post
632 404 971 462 dominorum
1027 402 1487 460 denuntiationem
1541 403 1593 458 in
1649 401 2037 460 consuetudine
2062 414 2117 472 Α
2140 402 2419 458 Nonnullae
2443 417 2502 460 se
2525 401 2732 461 libertis
2753 411 2806 462 et
2831 405 3001 461 servis
3027 406 3141 462 suis
3165 406 3468 478 conferunt,
3495 409 3733 465 omnium

443 507 859 573 perseverarunt
882 497 906 552 ἲ
931 496 1252 554 Severiores
1284 496 1622 555 habebuntur
1649 504 1895 553 terraenaa
1925 495 2039 553 dis-

374 635 395 653 .
444 595 657 666 ciplinaa
685 591 1001 652 caelestibus
1034 590 1408 663 praescriptis?
1438 599 1497 647 ut
1544 591 1777 663 gentiles
1822 591 2039 663 quidem

338 718 345 725 -
442 686 719 745 extraneis
742 686 943 757 junctae
983 685 1286 742 libertatem
1338 698 1491 740 suam
1538 684 1806 752 amittant,
1840 694 2042 740 nostrae

443 794 573 836 vero
597 777 795 835 diaboli
821 793 1008 834 servos
1047 777 1147 833 sibi
1194 777 1522 850 conjungant
1564 786 1619 835 et
1663 778 1716 833 in
1762 787 1906 835 statu
1944 793 2041 835 suo

444 869 1081 943 perseverent?Scilicet
1123 870 1396 941 negabunt
1440 869 1543 926 sibi
1584 885 1615 926 a
1662 869 1893 927 Domino
1941 886 2038 945 per

446 962 746 1034 apostolum
776 959 1016 1032 ejusdem
1048 960 1441 1037 denuntiatum.
1475 960 1647 1030 Quam
1677 960 1833 1033 hujus
1854 977 2037 1018 amen.

445 1056 532 1113 tite
556 1053 636 1127 (a)
658 1068 903 1111 caussam
949 1053 1238 1121 detineam,
1297 1052 1400 1110 nisi
1441 1054 1566 1112 ﬁdei
1607 1051 2038 1112 imbecillitatem

446 1164 667 1222 pronam
694 1163 908 1219 semper
930 1147 986 1205 in
1011 1149 1501 1221 cencupiscentiam
1541 1148 1882 1207 stecularium
1905 1166 2040 1223 gau-

448 1240 695 1299 diorum?
723 1239 877 1309 Quod
923 1241 1142 1312 quidem
1171 1241 1463 1312 plurimum
1505 1241 1556 1298 in
1587 1240 1906 1299 lautioribus
1949 1243 2044 1300 de-

448 1336 774 1406 prehensum
799 1343 916 1400 est;
949 1350 1071 1390 nam
1103 1343 1305 1405 quanto
1338 1334 1490 1391 dives
1516 1335 1695 1407 aliqua
1730 1344 1811 1391 est
1842 1349 2043 1392 matro-

451 1443 537 1484 na:
567 1424 649 1500 (1)
668 1426 884 1482 nomine
910 1425 1114 1493 inﬁata,
1144 1434 1294 1481 tanto
1317 1426 1650 1496 capaciorem
1672 1426 1891 1482 domum
1914 1440 2045 1483 one-

449 1520 599 1577 ribus
623 1519 734 1574 suis
758 1517 998 1588 requirit,
1024 1526 1082 1573 ut
1108 1528 1357 1588 campum
1383 1522 1437 1573 in
1461 1532 1568 1587 quo
1596 1517 1818 1573 ambitio
1845 1517 2042 1574 decur-

450 1620 553 1667 rat.
590 1609 821 1667 Sordent
861 1609 1054 1665 talibus
1082 1609 1358 1665 Ecclesiae.
1391 1608 1621 1665 Difﬁcile
1652 1610 1705 1664 in
1748 1610 1908 1665 domo
1948 1611 2043 1668 Dei

450 1703 621 1769 dives,
654 1716 717 1757 ac
744 1701 788 1755 si
828 1701 948 1773 quis
977 1710 1083 1767 est,
1113 1700 1334 1757 difﬁcile
1374 1701 1593 1757 caelebs.
1636 1701 1775 1769 Quid
1800 1716 1929 1775 ergo
1967 1701 2045 1758 fa-

2100 506 2109 515 ‘
2149 495 2426 552 hominum
2454 498 2852 555 existimatione
2877 499 3151 571 despecta,
3184 501 3476 557 dummodo
3507 501 3743 558 habeant

2146 602 2175 641 a
2197 587 2393 658 quibus
2412 587 2618 644 nullum
2644 582 3085 661 impedimentum
3108 592 3368 649 libertatis
3387 608 3499 649 sua:
3520 595 3744 651 timeant

2148 678 2251 752 (ὅ).
2276 679 2637 738 Christianam
2670 681 2885 739 ﬁdelem
2937 683 3079 740 ﬁdeli
3109 700 3169 741 re
3195 685 3388 742 minori
3417 685 3621 744 nubere
3662 688 3744 758 pi-

2145 784 2255 847 get,
2287 774 2697 848 locupletiorem
2728 776 2960 834 futuram
2988 778 3042 833 in
3074 778 3191 835 viro
3224 780 3500 851 paupere?
3528 779 3664 835 Nam
3692 781 3741 835 si

2148 882 2440 940 pauperum
2470 878 2598 926 sunt
2640 884 2803 942 regna
2852 869 3114 927 caelorum
3144 870 3389 943 (Mattio,
3421 870 3484 939 V,
3509 870 3589 944 5),
3617 873 3746 943 quia

2146 961 2369 1017 divitum
2392 978 2498 1019 non
2531 974 2677 1033 sunt,
2706 965 2826 1036 plus
2845 963 2994 1021 dives
3021 967 3074 1020 in
3100 979 3333 1036 paupere
3362 965 3601 1022 inveniet
3622 980 3737 1020 ma-

2144 1054 2263 1124 jore
2287 1053 2411 1112 dote
2436 1054 2537 1130 (4).
2557 1056 2638 1114 Sit
2662 1057 2753 1115 illa
2774 1073 2842 1114 ex
2880 1072 3036 1130 aequo
3076 1058 3130 1115 in
3155 1058 3332 1126 terris,
3367 1072 3485 1130 quae
3512 1057 3565 1114 in
3592 1057 3747 1115 caelis

2146 1149 2367 1208 forsitan
2405 1166 2511 1207 non
2550 1151 2673 1208 erit.

2774 1243 3000 1302 CAPUT
3028 1245 3120 1301 IX.

2223 1336 2579 1394 Dubitandum
2618 1345 2673 1393 et
2713 1335 3088 1407 inquirendum
3121 1344 3177 1392 ct
3224 1336 3514 1393 identidem
3544 1336 3750 1393 delibe-

2151 1429 2376 1485 randum
2408 1438 2489 1485 est
2514 1472 2529 1497 ,
2562 1447 2630 1485 an
2674 1429 2897 1485 idoneus
2945 1430 3016 1485 sit
3057 1430 3279 1486 invectis
3317 1429 3621 1499 dotalibus,
3665 1437 3752 1488 cui

2150 1520 2291 1576 Deus
2331 1536 2551 1577 censum
2597 1536 2752 1576 suum
2802 1520 3045 1577 credidit.
3105 1520 3260 1578 Unde
3306 1521 3636 1577 sufficiamus
3684 1523 3755 1578 ad

2149 1614 2503 1669 enarrandam
2521 1604 2842 1669 felicitatem
2874 1614 2990 1684 ejus
3015 1614 3363 1678 matrimonii,
3394 1614 3535 1685 quod
3554 1614 3750 1670 Eccle-

2150 1710 2228 1764 sia
2266 1707 2518 1764 conciliat
2545 1707 2725 1780 (d),et
2760 1707 3046 1763 conﬁrmat
3074 1707 3271 1762 oblatio
3301 1705 3394 1779 (ε),
3420 1715 3475 1762 et
3503 1707 3753 1779 obsignat

452 1796 634 1853 ciant?
659 1794 812 1853 Unde
853 1795 953 1850 nisi
980 1809 1010 1850 a
1040 1794 1257 1851 diabolo
1304 1795 1553 1850 maritum
1579 1803 1763 1866 petant
1792 1796 2045 1852 idoneum
2075 1785 2123 1846 Β
2152 1799 2454 1856 benedictio
2501 1798 2592 1872 (Ῑ),
2637 1798 2807 1870 angeli
2841 1797 3146 1853 renuntiant
3174 1797 3274 1869 (g),
3307 1797 3466 1853 Pater
3500 1808 3616 1853 rato
3660 1797 3758 1851 ha.

453 1888 770 1946 exhibendae
796 1886 942 1944 sella:
982 1896 1038 1944 et
1061 1886 1308 1944 mulabus
1351 1896 1406 1943 et
1437 1887 1717 1944 cinerariis
1746 1889 2045 1960 peregrina:

453 1980 830 2055 proceritatis?
870 1978 1211 2037 Christianus
1255 1982 1354 2035 ista
1412 1981 1574 2037 etiam
1617 1981 1767 2038 dives
1821 1982 2048 2041 fortasse

453 2093 562 2134 non
589 2084 823 2149 prmstet.
855 2076 1050 2146 Quaeso
1094 2083 1167 2143 te,
1198 2074 1482 2146 gentilium
1506 2076 1753 2147 exempla
1782 2090 2049 2147 proponas

454 2169 569 2225 tibi.
601 2169 877 2240 Pleraeque
904 2176 959 2223 et
984 2183 1185 2239 genere
1212 2167 1420 2223 nobiles
1464 2176 1518 2224 et
1553 2183 1613 2223 re
1656 2170 1825 2225 beatae
1854 2171 2050 2239 passim

456 2260 775 2332 ignobilibus
804 2260 881 2332 (b)
912 2269 966 2316 et
1017 2259 1377 2315 mediocribus
1421 2259 1492 2316 ibi
1537 2260 1931 2332 conjunguntur
1981 2262 2049 2318 ad

458 2352 722 2409 luxuriam
777 2352 1009 2409 inventis
1051 2362 1144 2409 aut
1196 2351 1265 2408 ad
1312 2352 1582 2409 licentiam
1632 2353 1795 2410 sectis
1823 2352 1906 2426 (2)
1947 2354 2046 2429 (c).

2149 1891 2237 1948 bet
2264 1891 2386 1965 (li)?
2414 1890 2547 1947 Nam
2573 1906 2675 1947 nec
2701 1892 2752 1945 in
2780 1890 2936 1946 terris
2964 1890 3055 1944 ﬁlii
3081 1890 3198 1944 sine
3241 1904 3507 1945 consensu
3536 1899 3748 1960 patrum

2152 1992 2299 2040 recte
2324 1992 2381 2039 et
2407 1982 2529 2054 jure
2550 1982 2776 2037 nubunt.
2805 1980 2975 2049 Quale
3013 1980 3203 2051 jugum
3244 1979 3480 2035 ﬁdelium
3522 1979 3753 2034 duorum

2155 2076 2313 2131 unius
2339 2075 2475 2146 spei,
2506 2074 2663 2130 unius
2690 2072 3007 2145 disciplinae,
3031 2071 3270 2143 ejusdem
3296 2070 3601 2126 servitutis!
3628 2070 3760 2126 Am—

2155 2169 2225 2226 bo
2252 2167 2482 2236 fratres,
2512 2169 2674 2224 ambo
2722 2166 3007 2231 conservi,
3056 2164 3201 2220 nulla
3253 2163 3471 2234 Spiritus
3513 2163 3761 2221 carnisve

2158 2264 2434 2320 discretio.
2453 2263 2647 2333 Atquin
2673 2277 2797 2318 vere
2818 2261 2925 2316 duo
2952 2260 3003 2315 in
3018 2274 3183 2316 carne
3205 2271 3338 2323 una;
3367 2257 3456 2313 ubi
3484 2271 3609 2313 caro
3630 2272 3759 2325 una,

2152 2373 2290 2413 unus
2312 2365 2368 2413 et
2392 2355 2627 2428 Spiritus.
2657 2354 2829 2411 Simul
2848 2363 3025 2421 orant,
3071 2352 3233 2409 simul
3262 2351 3567 2407 volutantur
3610 2350 3673 2424 (ἰ)
3703 2363 3766 2408 et

1681 2467 1975 2526 LECTION
1983 2470 2063 2530 ES
2100 2471 2513 2529 VARIANTES.

521 2583 589 2648 (Ι)
619 2581 764 2648 semt.
791 2594 871 2648 ex.
897 2580 979 2648 ed.
993 2592 1072 2642 pr.
1101 2579 1266 2648 aliqua
1290 2586 1371 2631 est
1391 2587 1723 2634 commatrona
1749 2595 1879 2633 nom.
1902 2584 2057 2637 Rbeu.

456 2643 743 2699 auctoritate
776 2644 886 2695 cod.
927 2645 1069 2700 Cors.
1105 2643 1264 2707 aliqua
1289 2650 1368 2695 est
1392 2650 1445 2695 et
1470 2652 1691 2696 matrona
1726 2659 1856 2698 nom.
1915 2650 2015 2699 iul].
2043 2685 2061 2712 ,

456 2716 594 2760 tanto
614 2721 842 2760 capacem
865 2709 915 2757 d.

522 2772 596 2835 (2)
629 2767 711 2822 ΑΙ.
738 2772 966 2836 pessimis
985 2772 1049 2823 de
1073 2769 1242 2830 ignob.
1268 2794 1330 2806 —
1353 2770 1618 2831 expetitis;
1636 2767 1701 2820 at.
1718 2775 2027 2835 exspectatis
2044 2811 2061 2836 ,

2164 2590 2709 2716 mg(,3{figi}?lfionnulla:
2723 2674 2787 2716 -:
2809 2648 3013 2716 timeant
3030 2645 3283 2716 desumit:
3305 2643 3519 2716 ed._Rig.
3558 2649 3760 2716 Veneta.

2252 2708 2303 2779 ξ)
2325 2708 2440 2779 ᾘὶθ.
2463 2712 2699 2779 inveniet.
2741 2709 2924 2779 hiajore
2959 2710 3076 2779 dote
3100 2709 3345 2759 delabitur
3370 2708 3434 2759 de
3467 2708 3609 2759 bonis
3632 2708 3759 2771 ejus,

2171 2770 2253 2839 qui
2275 2770 2328 2823 in
2349 2770 2446 2825 deo
2463 2774 2603 2823 dives
2628 2779 2719 2822 est.
2746 2770 2822 2821 Sit
2845 2771 2923 2820 illa
2948 2777 3045 2822 etc.

1825 2880 2387 2941 COMMENTARIUS.

461 3001 622 3058 diano
659 3010 835 3059 tamen
879 3000 1344 3059 senatusconsulto
1383 3006 1595 3053 cautum
1638 2995 1800 3054 fuisse
1827 3013 1933 3054 non
1980 2999 2061 3055 le-

462 3074 639 3144 gitur,
669 3084 727 3128 ut
746 3074 882 3129 liber
906 3074 1068 3129 homo
1092 3073 1301 3128 ancillae
1350 3069 1761 3144 contubernium
1811 3068 2058 3144 secutus’,

2170 2999 2308 3055 votis
2334 2999 2475 3055 inter
2503 2996 2889 3053 sacriﬁciorum
2911 2995 3180 3051 orationes
3199 2992 3647 3051 benedicendum.
3675 2982 3764 3051 Sic

2170 3071 2400 3127 novitios
2443 3069 2799 3133 christianos,
2859 3068 3015 3137 aquis
3057 3066 3381 3137 salutaribus
3440 3066 3766 3136 impetratis,

463 3135 649 3217 servus
678 3145 880 3200 domini
922 3145 1358 3217 mulierislieret.
1392 3138 1575 3217 Neqne
1606 3140 1667 3217 _in
1724 3140 1874 3217 Pauli
1924 3135 2062 3217 Sen-
2091 3154 2137 3217 ο
2173 3141 2424 3217 Ecclesia:
2470 3141 2704 3196 ﬁdelium
2737 3135 2944 3217 oblatos
2975 3138 3136 3193 fuisse
3158 3137 3321 3191 tradit
3345 3135 3586 3217 Justinus
3625 3140 3762 3207 Apo-

464 3216 645 3271 tcntiis
665 3217 818 3271 liberi
852 3217 1083 3272 hominis
1110 3216 1215 3270 ulla
1263 3211 1621 3268 mentio.’Sed
1646 3211 1748 3284 etsi
1779 3212 2060 3284 aliquando

2174 3214 2285 3282 10g.
2302 3228 2338 3267 ll
2371 3231 2384 3268 :
2401 3218 2527 3282 μετὰ.
2543 3222 2599 3269 τὸ
2618 3216 2765 3272 οὕτως
2791 3216 2957 3266 λοῦσαι
2979 3218 3069 3266 τόν
3088 3216 3390 3277 πεπεισμένον
3415 3212 3498 3261 καὶ
3523 3232 3769 3278 συγκατα-

463 3288 623 3341 etiam
675 3287 741 3341 ad
784 3288 982 3344 liberos
1021 3288 1266 3341 homines
1292 3282 2062 3354 Senatus-consultum‘perti-

465 3360 706 3430 nuisset,
732 3358 806 3413 ita
851 3367 911 3413 ut
951 3358 1142 3430 corrigi
1188 3356 1378 3430 fuisset
1408 3354 1986 3430 n_ecc§se__l_)iocletiani
2016 3366 2072 3411 et

465 3429 757 3502 Alexandri
781 3430 1008 3502 legibus,
1039 3423 1157 3500 quin
1185 3426 1500 3502 sub__titulis,
1529 3423 1609 3480 De
1637 3425 1833 3502 liberqli
1863 3442 2067 3496 emissa,

466 3508 512 3553 et
540 3496 860 3555 Communia'
886 3501 950 3556 de
994 3496 1429 3565 successionum,
1458 3496 1746 3567 leguntur;
1775 3497 1862 3553 hic
1883 3508 2068 3555 tamen

466 3570 642 3643 aliqua
670 3571 805 3627 foret
832 3587 965 3643 opus
995 3571 1402 3643 emendatione,
1433 3583 1496 3623 ac
1521 3569 1761 3643 seovitnti
1789 3570 2064 3626 vindican-

467 3633 572 3713 dos
592 3633 921 3708 diceremus,
954 3645 1040 3713 qui
1069 3658 1190 3698 cum
1229 3640 1416 3713 alienis
1446 3633 1739 3713 anci_l_fis_in
1784 3651 2099 3713 consuetu»

468 3711 594 3767 dine
620 3709 1054 3780 perseverassent
1072 3755 1087 3778 ,
1122 3728 1226 3767 non
1254 3712 1342 3781 qui
1374 3725 1494 3765 cum
1522 3709 1710 3765 alienis
1737 3713 1911 3765 servis.
1935 3712 2068 3766 Cum

470 3790 525 3837 et
569 3782 691 3838 alibi
731 3786 915 3839 ethoc
956 3785 1187 3838 maxime
1229 3780 1367 3838 libro
1411 3780 1703 3851 Septimius
1751 3783 2068 3838 ancillarum

470 3854 540 3933 sit
571 3868 697 3909 usus
739 3855 1028 3933 vocabulo.
1055 3855 1235 3933 Itaque
1284 3851 1457 3908 libens
1496 3852 2068 3933 nocederemlegenti-

469 3925 588 3990 bus,
622 3927 847 3996 servituti
872 3925 1201 3980 vindicandas
1220 3939 1333 3996 quia
1360 3940 1473 3996 cunt
1493 3924 1676 3996 alienis
1698 3925 1852 3996 servis
1877 3928 1930 3979 in
1951 3942 2070 3981 con-

471 3995 736 4050 suetudine
761 4005 1187 4067 perseverassent,
1222 3993 1323 4051 nisi
1365 3995 1557 4067 scirem
1601 3993 1918 4067 Septimium
1946 4011 2069 4052 nos-

475 4076 613 4121 trum
645 4066 1072 4140 luccaliquando
1099 4083 1324 4140 sexuum
1354 4066 1661 4123 discrimina
1690 4066 1834 4137 stylo
1876 4082 2069 4139 prope-

473 4148 624 4193 rante
657 4141 833 4196 minus
859 4139 1198 4196 Observasse.
1223 4139 1346 4196 Rio.

545 4208 625 4281 (ει)
667 4209 833 4278 Quam
882 4212 1033 4280 huius
1076 4211 1325 4281 amentitc
1351 4226 1588 4281 caussam
1634 4210 2069 4281 detineamDeti-

473 4279 659 4347 neam,
690 4295 959 4336 accusem.
990 4281 1081 4336 Sic
1108 4281 1200 4335 lib.
1225 4296 1241 4333 ι
1263 4279 1329 4334 ad
1351 4279 1470 4334 Nat.
1500 4296 1514 4332 :
1545 4280 1682 4347 Quid
1706 4283 1851 4336 enim
1883 4282 1988 4335 tale
2016 4287 2071 4336 in

476 4352 627 4405 vobis
654 4351 948 4406 detinebo?
974 4349 1095 4407 Ric.

547 4422 633 4547 (ιιῖ
672 4422 872 4504 Passim
901 4421 1202 4490 ignobilibus
1227 4430 1273 4475 et
1302 4420 1636 4504 mediocribug
1664 4420 1734 4475 ibi
1758 4421 2072 4505 conjungun-

547 4511 577 4547 υ.
637 4494 726 4547 bi.
782 4493 883 4546 hoc
929 4504 1043 4547 est.
1087 4490 1225 4547 apud
1284 4492 1529 4547 gentiles.
1573 4492 1661 4547 Sic
1699 4507 1898 4547 supra.
1928 4492 2072 4547 (.erte

478 4490 577 4547 tur.
611 4490 685 4549 lbi
711 4536 726 4559 ,
782 4493 883 4564 hoc
929 4504 1043 4558 est,
1087 4490 1233 4564 apud
1284 4492 1543 4564 gentiles.
1573 4492 1661 4548 Sic
1699 4490 1859 4562 supra
1883 4492 2072 4564 LCerte

476 4563 614 4618 istud
642 4563 942 4617 servandum
967 4564 1036 4617 ibi
1056 4562 1177 4618 esse.
1203 4563 1296 4625 Ibi,
1327 4562 1379 4617 id
1406 4573 1507 4627 est,
1534 4563 1584 4617 in
1609 4564 1858 4619 nubendo
1892 4563 2012 4619 Ero.

552 4634 631 4706 (ρ)
649 4636 744 4687 Aut
758 4637 825 4687 ad
847 4635 1099 4689 licentia»:
1110 4635 1274 4688 sectis.
1291 4634 1460 4702 Major
1480 4635 1687 4706 licentia
1707 4634 2069 4696 heminarum.

479 4705 601 4761 cum
630 4706 871 4761 abortivo
920 4721 1023 4760 non
1052 4716 1135 4761 est
1162 4720 1317 4775 opus.
1338 4706 1592 4760 Securam
1635 4705 1909 4761 libidinem
1942 4706 2077 4760 dixit

482 4777 876 4850 Hieronymus,
898 4776 988 4850 lib.
1008 4776 1030 4832 I
1049 4775 1258 4832 advers.
1289 4776 1625 4850 Iovinianunt
1659 4794 1672 4831 :
1700 4776 1847 4850 Etiu
1867 4778 2076 4850 tangam

481 4846 807 4917 securumque
822 4847 1083 4903 libidinem
1111 4858 1333 4902 enectus
1356 4847 1538 4917 spado.
1568 4846 1841 4903 Iuvenalis
1861 4846 1975 4904 Sat.
1998 4863 2072 4902 vt:

637 4940 913 5004 Suntquas
929 4939 1143 4990 eunuchi
1166 4937 1395 5004 imbelles
1417 4944 1471 5004 et
1494 4938 1652 5004 mollia
1676 4952 1877 5004 semper

639 5001 817 5065 Oscula
836 5002 1108 5065 delectent,
1134 5009 1187 5052 et
1208 5001 1493 5064 desperatio
1510 5002 1693 5065 barbas,

640 5064 703 5116 Et
724 5064 855 5129 quod
872 5065 1090 5116 abortivo
1108 5076 1206 5114 non
1231 5072 1309 5115 est
1325 5077 1465 5128 opus.

483 5151 759 5215 Martialis,
780 5149 1094 5221 epigr.,67.
1122 5149 1214 5204 lib.
1238 5149 1332 5221 vi.
1361 5149 1480 5206 nm.

560 5221 714 5277 CAP.
736 5218 1005 5293 lX:—'(d)
1030 5218 1461 5293 iQuodflt'cclcsia
1492 5221 1747 5293 conciliat.
1780 5221 1954 5290 Quum
1980 5223 2083 5277 sci-

490 5295 616 5349 licet
637 5294 849 5363 nuptias
880 5291 1003 5348 suas
1017 5291 1307 5347 Christiani
1331 5292 1399 5346 de
1425 5292 1659 5348 Ecclesia
1693 5308 1797 5348 non
1829 5294 2021 5348 tollunt
2064 5312 2077 5347 :

490 5381 610 5421 cum
629 5365 896 5435 utrimque
925 5363 1212 5418 Christiani
1241 5364 1566 5420 conveniunt
1597 5381 1610 5418 :
1640 5379 1760 5423 cum
1802 5366 1902 5419 sibi
1938 5364 2083 5421 chri-

490 5438 660 5492 stiana
691 5435 966 5505 conjugem
996 5435 1187 5504 quaerit
1206 5435 1822 5505 christianum,atquein
1841 5436 2081 5491 Ecclesia

492 5506 796 5577 christiana:
847 5505 1268 5577 conversationis
1298 5505 1577 5577 honestate
1606 5516 1904 5577 spectatum
1926 5549 1940 5573 ,
1970 5522 2085 5577 sua

493 5576 740 5647 dentibus
771 5576 855 5632 vel
884 5575 1282 5632 addiscentibus
1312 5576 1566 5632 Ecclesia:
1611 5575 1931 5647 praepositis.
1962 5576 2080 5635 th.

571 5593 740 5631 ntinus
771 5593 855 5632 vet
884 5593 1282 5632 auuisccntinus
1313 5593 1566 5632 rtcctcsue
1649 5593 1931 5647 rteposuis.
1962 5593 2080 5635 tuo.

571 5647 649 5719 (ο)
691 5646 1053 5719 Ειγεοηῇνηιαι
1084 5647 1293 5702 oblatio.
1322 5648 1456 5703 Cum
1504 5647 1571 5702 ah
1602 5593 1854 5704 Ecclesiae
1879 5664 2086 5718 praepo-

497 5718 615 5776 sitis
661 5718 1000 5790 conjugiuni,
1050 5719 1124 5772 uti
1184 5719 1477 5789 Septimius
1528 5720 1693 5786 dixit,
1742 5720 2082 5775 conciliatum

497 5791 727 5850 solemni
755 5791 842 5849 die
871 5790 1128 5847 Ecclesia:
1169 5791 1395 5861 sistitur,
1424 5793 1796 5849 communibus
1820 5791 2083 5849 Fidelium

2172 3293 2430 3354 τεθεσμενὲν
2460 3288 2539 3339 ἐπὶ
2567 3292 2673 3344 τοὺς
2701 3292 2964 3351 λεγομένους
2997 3286 3218 3350 ἀδελφοὺς
3253 3287 3425 3347 ἄγομεν
3463 3288 3565 3335 ἔνθα
3603 3304 3774 3349 own-y-

2171 3378 2304 3423 μενοι
2348 3362 2437 3411 εἱσι
2481 3362 2635 3416 κοινὰς
2660 3358 2802 3423 εὖχᾲς
2825 3357 3128 3421 ποιησὸμενοι
3158 3358 3277 3421 ὺπέρ
3299 3375 3348 3408 τε
3376 3359 3554 3410 ἑαυτου
3578 3362 3660 3406 καὶ
3685 3358 3770 3407 τοῦ

2172 3436 2498 3497 ρωτισθέντος.
2527 3427 2648 3482 Βισ.

2244 3497 2315 3570 (f)
2355 3498 2421 3552 Et
2474 3499 2709 3568 obsignat
2752 3496 3046 3570 benedictio.
3105 3492 3489 3570 Cumuoblatis
3528 3493 3773 3570 coniugi-

2173 3564 2274 3624 bus
2294 3564 2544 3639 Ecclesia
2564 3564 2836 3639 conceptis
2851 3567 2918 3639 ad
2938 3568 3102 3621 Deum
3128 3564 3376 3639 precibus
3400 3568 3656 3639 εἰργημιαις
3680 3567 3767 3618 καὶ

2172 3636 2403 3712 samiae
2457 3634 2751 3712 benedicit,
2775 3638 2916 3712 quod
2946 3647 3029 3712 est
3058 3634 3764 3712 sacramentisignaculum.

2176 3705 2340 3781 Digna
2385 3711 2615 3781 poﬁticis
2686 3705 3168 3781 christianisocura
3228 3707 3423 3781 vinculi
3464 3705 3773 3781 'coujogalis

2175 3777 2447 3848 honestas,
2477 3797 2601 3837 cum
2629 3781 2877 3837 sitmaris
2912 3792 2966 3835 et
3005 3778 3237 3836 fiumina:
3263 3777 3571 3848 conjunctio
3611 3777 3770 3831 fami-

2173 3854 2365 3909 liarum
2394 3846 2633 3908 omnium
2660 3853 2900 3922 adeoque
2928 3851 3090 3906 totius
3118 3849 3439 3922 reipublicae
3457 3846 3775 3922 fundamen-

2176 3934 2284 3980 tum
2310 3967 2325 3991 ,
2353 3934 2407 3981 et
2425 3926 2549 3979 vita:
2569 3923 2741 3979 civilis
2770 3919 2941 3993 origo.
2975 3923 3153 3993 Itaque
3181 3921 3576 3993 ne_promiscua
3598 3919 3773 3993 libido

2174 4006 2294 4052 vota
2311 3989 2535 4067 publica
2564 3989 3321 4067 confunderct,‘iinponenda:
3353 3989 3566 4067 fuerant
3598 3991 3767 4067 leges,

2173 4083 2293 4138 quae
2310 4060 2481 4137 justas
2511 4068 2742 4138 nuptias,
2773 4081 2837 4138 ac
2860 4060 3083 4134 proinde
3092 4062 3268 4131 justos
3284 4069 3339 4113 et
3354 4060 3619 4138 legitimos
3637 4061 3775 4115 ﬁlios

2174 4131 2445 4206 facerent,
2494 4148 2550 4193 ut
2588 4131 2692 4207 'qui
2738 4131 3001 4207 adversus
3049 4146 3235 4207 earum
3274 4141 3544 4207 praecepta
3591 4131 3773 4207 legum

2173 4201 2644 4276 coirent,'eorun'i
2696 4205 2947 4276 conjugis
2992 4202 3150 4276 nullo
3179 4201 3316 4276 juris
3362 4201 3533 4276 civilis
3567 4202 3775 4276 affectu

2174 4271 2505 4335 beneficium
2541 4271 2879 4347 juvarentur'
2911 4275 2977 4329 Et
3004 4273 3249 4347 politicas
3293 4271 3434 4343 leges
3464 4273 3772 4347 Christianis

2175 4346 2553 4404 sacramentis
2578 4347 2761 4416 perﬁci
2789 4346 3175 4416 conveniebat,
3203 4352 3262 4398 ut
3305 4359 3412 4416 non
3434 4354 3558 4398 ante
3582 4346 3771 4416 niatri-

2174 4420 2358 4474 monia
2383 4414 2756 4483 censerentur,
2788 4431 2951 4488 quam
2977 4415 3205 4471 fuissent
3230 4414 3486 4488 conjuges
3506 4416 3560 4469 in
3582 4414 3772 4488 Eccle-

2174 4493 2253 4545 sia
2283 4505 2464 4561 coram
2489 4490 2792 4561 pastoribus
2807 4485 2865 4544 et
2888 4488 3085 4561 populo
3110 4486 3366 4561 propositi
3389 4500 3452 4540 ac
3478 4485 3773 4561 praedicati,

2098 4548 2149 4610 D
2176 4572 2236 4617 ut
2277 4548 2517 4617 ﬁdelium
2547 4559 2795 4632 conjugio
2830 4548 3014 4615 ﬁdeles
3037 4548 3147 4630 jam
3179 4548 3319 4611 inter
3370 4548 3490 4632 sese
3526 4548 3778 4632 irequenf

2178 4634 2321 4688 tibus
2350 4627 2662 4688 orationum'
2705 4627 2760 4687 ἔτι
2794 4627 3086 4703 gratiarum
3132 4628 3473 4703 commerciis
3511 4627 3777 4682 notissimi

2178 4703 2584 4767 benedicerent,
2636 4704 2774 4759 bene
2803 4698 3190 4773 precarentur.
3240 4701 3415 4773 Atque
3450 4698 3576 4773 haec
3619 4709 3774 4754 vetus

2180 4776 2435 4832 Ecclesiae
2478 4775 2647 4830 forma
2688 4770 3018 4831 clandestina
3044 4771 3289 4842 conjugia
3316 4770 3621 4842 nesciebat,
3654 4785 3776 4839 qua:

2180 4863 2311 4920 vaga
2331 4857 2385 4903 et
2414 4845 2646 4920 ellrasnis
2671 4855 2823 4920 extra
2871 4845 3113 4920 proprias
3139 4841 3401 4920 ecclesias
3435 4841 3774 4920 discurrendi

2180 4912 2580 4975 ac'divortendi
2613 4916 2826 4974 licentia
2871 4912 3031 4988 paulo
3062 4922 3180 4985 post
3222 4912 3445 4988 invexit.
3474 4913 3592 4988 itte.

2259 4996 2340 5069 (g)
2380 4995 2574 5069 Angeli
2607 4986 2918 5069 renuntiant.
2974 4986 3547 5069 nngelostconjugalis
3593 4998 3781 5069 sani-3..

2190 5057 2353 5126 ιτιόῐῖίὶ
2378 5057 2541 5125 testes
2564 5065 2912 5139 inunit,nquos
2937 5057 3149 5118 adstare
3175 5060 3257 5139 ait
3276 5057 3778 5139 orationibus-chri-

2187 5144 2505 5203 stianorum,
2536 5139 2631 5196 lib.
2658 5137 2726 5193 de
2751 5129 3026 5201 Oratione,
3045 5141 3098 5190 ct
3123 5129 3491 5203 essejarbitros
3507 5129 3778 5200 baptismi,

2184 5214 2278 5269 lib.
2309 5212 2605 5286 dc‘Baptis.
2663 5210 2783 5286 RIG.
2843 5283 2851 5286 Α
2979 5278 3014 5286 _
3063 5285 3067 5286 ί
3260 5276 3271 5286 _
3340 5276 3350 5286 ,
3544 5274 3576 5286 ,,

2257 5286 2341 5358 (li)
2382 5274 2541 5340 Pater
2604 5293 2715 5337 rato
2764 5283 2930 5336 habet.
2979 5278 3139 5333 Pater
3185 5276 3274 5346 qui
3338 5274 3611 5399 iumgtelis
3674 5281 3778 5329 cst.

3431 5361 3499 5400 IG.

2256 5430 2323 5505 (i)
2364 5429 2535 5505 Sinni}
2589 5435 2769 5505 orant,
2801 5423 2953 5505 sirnnl
2997 5419 3477 5505 .noluttrrtt‘ur.MSic
3531 5417 3667 5505 libro

2184 5488 2443 5558 adversus
2471 5488 2792 5555 Marcionem
2813 5537 2830 5563 ,
2862 5492 3102 5569 Manibus
3144 5488 3449 5569 ca'dentt'btts
3480 5499 3650 5569 pectus
3671 5493 3782 5569 ,met

2187 5575 2317 5643 facie
2345 5572 2483 5626 humi
2518 5570 2779 5643 polutante
2816 5558 3103 5643 orationem
3143 5559 3529 5643 commendare,
3574 5567 3635 5643 et
3677 5558 3774 5643 lib.

2187 5632 2254 5702 de
2287 5643 2468 5700 Pudic.
2510 5640 2669 5695 Illum
2711 5642 2919 5712 fugere,
2949 5638 3098 5691 illum
3144 5632 3358 5686 volutari
3382 5675 3405 5712 ,.
3424 5632 3509 5702 qui
3553 5632 3689 5712 sciat
3729 5637 3779 5683 et

2187 5716 2308 5785 quid
2334 5714 2580 5777 amiserit,
2612 5722 2659 5766 et
2697 5702 2820 5785 quid
2842 5702 2912 5785 sit
2946 5714 3333 5785 recuperutnrus
3356 5704 3405 5785 osi
3432 5702 3778 5785 paenitentiam

2189 5736 2306 5770 {ma
2334 5736 2580 5777 anuscru,
2612 5736 2659 5766 ει
2697 5736 2818 5785 qutu
2842 5736 2906 5763 δη
2946 5736 3332 5778 ιεωιμωιιιιυιιο
3363 5736 3402 5758 ω
3432 5736 3778 5772 μωιιιιωιυιιυι

2189 5736 2298 5845 beo
2347 5785 2638 5844 immolarit.
2682 5788 2771 5843 Sic
2811 5783 2974 5841 etiam
3008 5781 3064 5839 in
3091 5776 3438 5850 Apologctico
3464 5794 3478 5833 ;
3505 5772 3617 5831 Nos
3664 5787 3783 5828 vero
