4230 6256
365 423 382 450 Ι

467 311 606 369 I303

1912 307 2373 369 TERTULLIANI

3629 313 3788 374 1501

459 429 623 486 simul
645 424 846 499 jejunis
873 425 1466 498 transigunt,alterutro
1491 425 1766 493 docentes,
1799 426 2061 494 alterutro
2088 435 2141 498 Α
2165 426 2502 492 benedictio;
2547 435 2740 483 sonant
2781 427 2920 485 inter
2967 427 3102 486 duos
3144 427 3335 500 psalmi
3381 437 3440 486 et
3480 428 3686 502 hymni,
3717 441 3786 488 et

464 518 762 586 hortantes,
814 519 1071 574 alterutro
1115 518 1440 574 sustinentes
1465 518 1566 589 (l).
1593 519 1653 574 ln
1678 517 1918 574 Ecclesia
1967 518 2064 574 Dei

461 616 667 684 pariter
710 612 945 683 utrique,
978 612 1179 681 pariter
1227 613 1279 666 in
1328 613 1572 667 convivio
1617 613 1734 677 Dei,
1782 612 1978 683 pariter
2009 613 2062 668 in

463 705 745 777 angustiis,
776 704 828 759 in
847 703 1330 774 persecutionibus,
1354 704 1406 759 in
1425 704 1713 776 reirigeriis
1735 705 1816 777 (2)
1837 723 1851 772 ;
1874 715 2065 762 neuter

462 799 690 854 alterum
717 797 880 866 celat,
905 806 1094 853 neuter
1115 798 1343 852 alterum
1366 797 1534 865 vitat,
1551 807 1742 854 neuter
1759 799 1912 854 alteri
1937 813 2061 869 gra-

463 890 548 944 vis
575 899 691 955 est;
720 887 886 944 libere
925 903 1067 959 aeger
1095 889 1375 955 visitatur,
1417 888 1662 960 indigens
1696 898 2059 956 sustentatur;

460 982 820 1054 eleemosyna:
851 982 967 1037 sine
1012 989 1281 1036 tormento
1307 981 1407 1048 (a),
1447 979 1708 1036 sacriﬁcia
1749 982 1866 1037 sine
1905 995 2061 1037 scru—

459 1074 589 1144 pulo
609 1072 709 1144 (b),
740 1072 1047 1145 quotidiana
1075 1072 1350 1143 diligentia
1380 1071 1497 1127 sine
1536 1071 1920 1142 impedimento
1949 1071 2061 1144 (c);

461 1180 568 1222 non
599 1165 793 1222 furtiva
817 1164 1061 1237 signatio,
1096 1177 1200 1220 non
1224 1163 1428 1234 trepida
1457 1164 1756 1234 gratulatio,
1787 1179 1892 1219 non
1917 1175 2061 1221 muta

2167 529 2354 576 mutuo
2380 529 2692 591 provocant,
2740 519 2861 590 quis
2901 519 3091 578 melius
3121 520 3230 578 Deo
3263 533 3366 577 suo
3390 530 3591 576 cantet.
3614 521 3777 578 Talia

2168 611 2414 669 Christus
2442 612 2634 669 videns
2678 620 2732 668 et
2769 611 2995 668 audiens
3024 611 3258 684 gaudet,
3290 611 3374 669 his
3405 628 3589 685 pacem
3615 629 3782 671 suam

2169 705 2366 772 mittit;
2398 704 2486 760 ubi
2514 705 2643 773 duo,
2669 705 2742 761 ibi
2769 714 2824 762 et
2848 705 2995 777 ipse;
3031 705 3119 762 ubi
3149 715 3199 762 et
3232 705 3366 777 ipse.
3399 707 3471 763 ibi
3500 718 3557 764 et
3594 709 3780 765 malus

2169 814 2276 855 non
2301 807 2404 856 est.
2435 798 2563 855 lizec
2587 806 2713 854 sunt
2741 815 2862 870 qua:
2891 798 3134 870 Apostoli
3175 813 3280 854 vox
3321 799 3406 856 illa
3435 801 3536 856 sub
3581 801 3772 858 brevi-

2170 898 2280 948 tate
2312 890 2393 963 (5)
2423 889 2766 962 intelligenda
2797 890 2952 947 nobis
2976 889 3231 963 reliquit;
3257 891 3370 948 hinc
3391 891 3488 948 tibi
3509 907 3766 964 suggere.

2167 984 2213 1038 si
2234 997 2370 1054 opus
2385 982 2578 1050 fuerit;
2599 982 2684 1038 bis
2710 990 2764 1038 te
2792 983 2861 1038 ab
2886 982 3148 1053 exemplis
3166 982 3495 1054 quarundam
3520 984 3761 1041 reﬂecte.

2167 1075 2283 1132 Non
2311 1075 2437 1132 licet
2459 1077 2617 1133 aliter
2644 1075 2891 1134 ﬁdelibus
2917 1076 3119 1134 nubere
3137 1077 3241 1152 (ά),
3271 1087 3327 1136 et
3350 1077 3398 1135 si
3422 1077 3617 1148 liceret,
3646 1095 3757 1137 non

2167 1167 2446 1236 expediret
2470 1167 2575 1239 (4).

1644 1277 1937 1335 LECTION
1945 1279 2027 1336 ES
2069 1279 2480 1339 VARIANTES.

455 1399 592 1513 Ec(Cll)
629 1399 718 1510 illa:
760 1395 912 1464 Rig.;
956 1394 1096 1447 alii:
1133 1395 1216 1447 alt.
1263 1394 1524 1457 ducentes,
1550 1393 1634 1444 alt.
1680 1394 1954 1445 hortantes.
2002 1394 2059 1445 In

515 1517 607 1588 (2)
635 1525 850 1586 Excepto
873 1517 1083 1586 Rigaltio
1105 1518 1188 1572 alii
1208 1533 1225 1572 :
1248 1519 1304 1571 In
1319 1519 1451 1571 Eccl.
1470 1517 1567 1570 Dei
1591 1519 1794 1582 pariter,
1815 1520 1860 1569 in
1877 1532 2062 1570 connu-

2161 1394 2500 1462 bio/Dei,‘par.
2521 1398 2572 1447 in
2595 1409 2728 1462 ειυς..
2756 1398 2807 1448 in
2827 1397 3003 1462 refrig.

2226 1460 2304 1524 (ᾖ)
2322 1460 2411 1524 Διί
2431 1460 2756 1524 benignitate.

2232 1522 2306 1586 (4)
2329 1523 2436 1588 Rig.
2462 1522 2571 1573 Fid;
2597 1524 2790 1574 nubere
2811 1537 2823 1574 :
2844 1535 2940 1574 non
2965 1523 3189 1588 expedit.

1831 1623 2388 1685 COMMENTARIUS.

453 1745 664 1819 iejnniis
697 1744 862 1809 aridi,
890 1745 944 1798 in
985 1757 1132 1798 sacco
1196 1750 1244 1795 et
1297 1741 1464 1796 cinere
1510 1739 1814 1806 volutantes,
1857 1738 2054 1793 invidia
2158 1754 2282 1796 seru
2325 1741 2433 1806 ulo,
2457 1741 2659 1813 absque
2684 1742 3008 1811 suspicione.
3042 1743 3158 1799 RIG.

456 1818 642 1873 calum
694 1817 969 1870 tundimus.
999 1814 1120 1870 th.
1491 1882 1533 1884 μ
1590 1881 1601 1884 _
1662 1882 1670 1884 _
1954 1882 1963 1884 _
2186 1881 2194 1884 _
2233 1757 2667 1884 (chuotidiana
2692 1815 2958 1884 diligentia
2983 1815 3092 1868 sine
3120 1816 3158 1867 ir

456 1814 642 1873 ct'zlum
694 1817 969 1870 tundimus.
999 1814 1120 1870 th.

2352 1812 2667 1888 Quotidiano
2692 1815 2958 1888 diligentia
2976 1815 3092 1888 sine
3120 1813 3497 1888 impedimento.
3528 1813 3736 1888 Diligen
3756 1844 3772 1855 -

529 1887 609 1960 (a)
647 1886 1000 1960 Eleemosgna:
1041 1886 1150 1960 sine
1177 1881 2056 1960 tormento._Christianae-maritus
2161 1881 2287 1938 tiain
2316 1883 2475 1960 dicit,
2509 1887 2754 1960 quamin
2778 1881 2933 1956 Apol.
2965 1881 3420 1960 Diligentissimam
3454 1881 3778 1960 religiosita—

455 1951 725 2022 ethnicus,
759 1958 847 2012 ubi
879 1951 946 2010 de
975 1955 1086 2010 suis
1117 1956 1278 2010 rebus
1303 1953 1501 2022 aliquid
1551 1952 1741 2007 abesse
1767 1951 1867 2006 sibi
1898 1961 2054 2006 nota-

456 2039 610 2085 verat
635 2069 649 2092 ,
681 2021 749 2082 ab
807 2041 973 2081 uxore
1021 2026 1227 2080 fortean
1259 2027 1309 2081 in
1337 2021 1535 2080 Christi
1562 2037 1828 2094 pauperes
1849 2021 2052 2094 deliba-

2162 1955 2423 2026 tem,hoc
2463 1965 2583 2021 est,
2608 1955 2844 2011 sedulam
2897 1965 2952 2012 et
2995 1958 3279 2012 sollicitam
3331 1955 3634 2026 disciplina:
3667 1972 3770 2012 seu

2161 2025 2433 2098 religionis
2461 2027 2874 2082 observantiam.
2898 2028 2986 2082 Sic
3013 2028 3108 2081 lib.
3141 2027 3210 2083 de
3236 2025 3544 2098 Prtescript.
3575 2027 3773 2082 lueret.

372 2106 379 2120 '
457 2108 571 2154 tum
594 2140 610 2166 ,
657 2099 974 2171 plerumque
1025 2095 1161 2171 adeo
1204 2095 1484 2171 sentiebat,
1528 2093 1609 2171 ut_
1639 2107 1839 2171 seryos
1874 2093 2056 2149 uxoris
2088 2161 2130 2171 _
2165 2093 2451 2171 Ubimetus
2479 2100 2534 2152 in
2557 2098 2738 2171 Qenm,
2770 2099 2839 2153 ibi
2881 2100 3101 2171 gravitas
3143 2101 3387 2165 honesta,
3417 2093 3483 2152 et'
3505 2099 3777 2168 diligentia

457 2161 698 2242 torqueri
747 2161 982 2242 juberet.
1040 2169 1110 2222 At
1157 2183 1281 2224 cum
1329 2167 1500 2242 ambo
1562 2164 1882 2230 christiani,
1931 2175 2056 2221 tunc
2086 2161 2530 2242 Battonita_,_etc.
2562 2169 2684 2227 Rto.

459 2237 819 2313 eleémosynie
834 2239 964 2313 sine
987 2246 1296 2313 tormento.
1329 2237 1449 2313 ΒΨ..

532 2310 616 2383 (b)
657 2305 930 2383 sacriﬁcia
955 2311 1062 2365 sine
1086 2309 1350 2383 scrupulo.
1398 2308 1496 2383 Vis
1531 2316 1648 2362 erat
1693 2315 1764 2383 ut_
1790 2305 1950 2383 etiam
1995 2306 2065 2362 de

458 2377 775 2438 melioribus
812 2377 1053 2436 ethnicis
1105 2377 1328 2436 maritus
1371 2379 1651 2450 coniugem
1717 2377 2063 2434 christianatn

459 2453 528 2509 ad
560 2453 820 2508 sacriﬁcia
888 2451 1175 2506 christiana
1234 2449 1551 2505 dimitteret
1572 2451 1793 2520 absque
1825 2449 2026 2520 gemitu
2047 2491 2062 2515 ,

462 2524 668 2595 absque
696 2538 789 2578 sua
831 2523 1139 2595 suSpiciope
1158 2521 1419 2595 ,Mabsque
1447 2519 1820 2595 scrupulo,__ob
1838 2519 1847 2520 “
1866 2519 2064 2595 ﬂagitia

461 2593 557 2650 illa
580 2591 876 2650 'horrenda
914 2606 1034 2662 quae
1063 2591 1130 2646 de
1156 2591 1580 2647 Christianorum
1611 2591 1840 2662 coetibus
1865 2591 2065 2646 ethnici

463 2661 948 2736 calumniosissime
993 2662 1334 2736 diﬁ‘erebant.
1387 2663 1478 2718 Sic
1507 2676 1625 2732 sup.
1685 2661 1828 2736 Quis
1853 2661 2068 2736 denique

461 2733 771 2791 solemnibus
792 2735 1009 2789 Pascha:
1029 2735 1379 2788 abnoctantem
1401 2731 1608 2792 securus
1620 2731 1920 2787 sustinebit?
1942 2732 2069 2800 Quis

463 2808 536 2862 ad
565 2808 849 2862 convivium
882 2806 1012 2860 illud
1039 2806 1380 2866 dominicum,
1427 2804 1562 2875 quod
1615 2806 1867 2874 infamant
1897 2843 1914 2869 ,
1963 2803 2071 2856 sine

466 2895 562 2960 sua
587 2879 878 2960 suspicione
902 2877 1108 2960 dimittit
1185 2878 1252 2960 At
1275 2891 1396 2930 cum
1419 2876 1578 2928 ambo
1604 2875 1916 2960 christiani_,
1947 2882 2073 2955 tunc

470 2949 628 3005 alteri
657 2945 882 3004 liberum
912 2947 1171 3002 sacriﬁcia
1221 2946 1562 3017 frequentare
1603 2946 1806 3016 absque
1855 2945 2076 2999 alterius

2242 2239 2322 2308 (tl)
2365 2237 2487 2294 Non
2527 2241 2676 2294 aliter
2729 2241 2843 2296 licet
2889 2239 3122 2308 ﬁdelibus
3162 2241 3378 2303 nubere,
3402 2256 3505 2294 non
3546 2241 3772 2310 expedit.

2169 2308 2375 2364 Canon.
2401 2327 2452 2364 γι
2482 2311 2703 2372 Concilii
2751 2312 3083 2367 Arelatensis
3124 2311 3141 2366 l
3176 2331 3190 2365 :
3223 2309 3304 2365 De
3332 2311 3514 2377 puellis
3535 2308 3774 2380 ﬁdelibus

2168 2396 2284 2452 quia
2311 2382 2584 2452 gentilibus
2603 2383 2915 2452 junguntur,
2943 2382 3137 2450 placuit
3159 2392 3214 2436 ut
3253 2381 3517 2452 aliquanto
3545 2393 3775 2449 tempore

2169 2450 2200 2504 ἐι
2229 2450 2583 2508 communione
2605 2450 2940 2522 separentur.
2970 2453 3037 2506 Et
3064 2454 3250 2508 Cannn
3302 2469 3369 2508 xv
3393 2450 3558 2508 Cone.
3591 2453 3776 2507 Elibn—

2169 2522 2320 2595 riui,
2345 2522 2567 2591 Propter
2609 2525 2809 2594 copiam
2855 2525 3139 2594 puellarum
3166 2524 3430 2595 gentilibus
3479 2525 3684 2578 minime
3713 2527 3769 2577 in

2173 2594 2554 2665 matrimonium
2581 2596 2766 2651 danda:
2784 2605 2898 2649 sunt
2924 2596 3140 2665 virgines
3160 2594 3462 2660 christiante,
3486 2611 3548 2648 ne
3563 2604 3686 2665 (etas
3710 2596 3765 2647 in

2172 2663 2301 2733 ﬂore
2345 2674 2573 2729 tumens,
2607 2668 2660 2720 in
2711 2666 2962 2720 adulterio
2999 2663 3186 2720 anima:
3227 2667 3519 2721 resolvatur.
3550 2664 3768 2719 Adnlteo

2173 2736 2310 2790 rium
2353 2738 2546 2791 anima:
2573 2738 2735 2803 dicit,
2760 2737 2828 2792 de
2857 2751 3024 2792 uxore
3069 2735 3358 2792 christiana
3395 2751 3511 2801 quae
3552 2749 3675 2789 suas
3712 2746 3770 2790 et

2176 2807 2389 2878 hortatu
2427 2809 2602 2862 mariti
2631 2809 2828 2863 ethnici
2856 2808 3005 2878 quasi
3035 2807 3300 2864 lenocinio
3328 2807 3549 2878 pellecta
3573 2806 3756 2861 divor-

2179 2876 2241 2932 tit
2271 2893 2300 2931 a
2335 2877 2547 2934 Christo
2576 2878 2642 2934 ad
2671 2876 2944 2936 Satanam.
2975 2879 3094 2935 Βία.

936 3225 1316 3317 QUINTI
1345 3224 1835 3302 SEPTIMII
1890 3220 2502 3299 FLOBENTIS
2538 3219 3283 3298 TERTULLIANI

912 3399 1162 3536 DE
1225 3393 1854 3534 CULTU
1927 3345 3172 3531 FOEMINARUM
3240 3377 3332 3459 (τι)

1485 3607 1969 3722 LIBER
2042 3603 2699 3716 PRIMUS.

1893 3800 2320 3855 «ante»

467 3958 869 4016 AnGUIENTUI.
899 3982 971 3996 —-
995 3952 1126 4009 Cum
1171 3951 1448 4007 stenissimd
1491 3948 1732 4004 adversus
1759 3945 2072 4001 Christianos
2099 3925 2144 3988 Ο
2181 3946 2310 4003 Tum
2339 3947 2393 4002 in
2423 3946 2688 4018 posteriori
2709 3945 2840 4001 libro
2861 3945 3046 3999 acriter
3065 3941 3243 3998 asserit
3264 3941 3521 4004 mulieres,
3544 3948 3780 3994 ornatum

539 4048 802 4107 Casurum
849 4047 1014 4104 edicta
1056 4053 1270 4100 mortem
1299 4045 1402 4099 illis
1448 4041 1669 4114 quotidie
1698 4037 2067 4110 impendentem

541 4141 917 4206 minitarentur,
968 4137 1316 4194 Tertullianus
1342 4135 1410 4190 ad
1440 4133 1832 4190 montanismum
1854 4130 1962 4198 iam
1990 4130 2068 4184 in-

542 4235 759 4298 clinans,
787 4241 841 4286 ut
867 4232 1171 4286 christianos
1192 4232 1342 4285 etiam
1369 4229 1623 4291 mulieres,
1652 4241 1764 4296 qute
1783 4222 1992 4296 gentiles
2016 4223 2069 4274 in

543 4325 684 4379 cultu
708 4324 938 4394 corporis
990 4331 1037 4378 et
1067 4324 1196 4377 luxu
1241 4322 1430 4376 imitari
1478 4336 1580 4374 non
1624 4317 1950 4380 verebantur,
2000 4314 2069 4368 ad

540 4417 847 4488 martyrium
896 4416 1194 4487 expeditius
1245 4420 1594 4486 praepararet,
1628 4411 1756 4465 duos
1807 4410 1962 4464 libros
2007 4408 2072 4462 de

546 4508 692 4564 cultu
745 4506 1087 4564 laminarum
1127 4506 1459 4574 conscripsit,
1500 4505 1553 4556 in
1605 4501 1784 4571 quibus
1855 4498 2071 4553 ostendit

542 4614 598 4654 se
623 4615 810 4670 corpus
835 4598 1024 4665 colere,
1056 4598 1191 4668 quod
1217 4596 1447 4651 omnibus
1472 4594 1739 4648 momentis
1757 4607 1849 4661 pro
1870 4589 2070 4647 Christo

544 4692 800 4762 perditum
821 4691 947 4746 velle
970 4690 1202 4745 debeant.
1243 4687 1392 4744 Unde
1420 4686 1658 4741 acerbum
1677 4685 1731 4740 in
1759 4683 1863 4739 illis
1883 4682 2066 4737 mulie-

540 4784 619 4838 bri
639 4784 832 4840 mundo
851 4783 1122 4851 repudium
1142 4781 1333 4836 scribit.

473 4874 744 4930 Nonnulla
792 4875 1036 4945 prwfalus
1075 4873 1139 4926 de
1165 4873 1315 4940 lapsu
1360 4871 1414 4923 in
1464 4866 1575 4923 Eva
1617 4866 1928 4933 mulierum,
1977 4865 2063 4918 in-

540 4969 703 5037 deque
767 4984 965 5023 summa
1026 4967 1153 5037 ipsis
1201 4963 1521 5018 incumbente
1582 4961 1902 5028 humilitate,
1957 4959 2070 5014 cul-

539 5069 649 5115 tum
677 5058 972 5115 muliebrem
1001 5056 1218 5114 ostendit
1240 5073 1273 5110 a
1296 5055 1526 5111 daemone
1548 5053 1894 5119 constitutum,
1919 5050 2068 5107 vani-

2246 4050 2496 4108 amantes,
2529 4039 2697 4094 odisse
2735 4039 3056 4101 castitatem;
3100 4052 3192 4091 nec
3236 4035 3396 4089 alium
3439 4031 3657 4087 ancillas
3685 4029 3781 4084 Dei

2245 4132 2421 4187 decere
2447 4134 2659 4197 cultum,
2683 4139 2866 4201 prater
2891 4129 3173 4199 simplicem
3193 4125 3489 4181 munditiem
3505 4143 3522 4190 ;
3539 4140 3699 4193 neque
3727 4124 3778 4177 in

2247 4240 2400 4279 carne
2422 4225 2770 4296 gloriandum,
2791 4222 2890 4278 nisi
2917 4237 3033 4276 cum
3059 4229 3267 4290 propter
3294 4217 3551 4272 Christum
3579 4216 3776 4270 lacera-

2249 4330 2353 4386 tur,
2377 4319 2584 4373 omnino
2615 4317 2817 4372 demum
2844 4320 2955 4387 {ore
2979 4313 3210 4369 vitandos
3253 4314 3396 4382 fucos
3421 4319 3467 4364 et
3498 4309 3776 4379 pigmenta,

2245 4412 2650 4482 capillorumque
2690 4409 3009 4463 calamistros
3049 4416 3095 4462 et
3133 4403 3438 4475 collgridas,
3463 4400 3668 4471 lapillos
3696 4414 3781 4452 ve-

2247 4504 2399 4558 stium
2423 4519 2485 4556 ac
2511 4503 2793 4573 variegatos
2837 4501 3052 4564 colores,
3087 4513 3148 4552 ne
3173 4496 3372 4568 spatha:
3401 4494 3565 4548 ullum
3612 4493 3782 4547 locum

2247 4598 2332 4652 det
2371 4611 2557 4668 corpus
2601 4593 3037 4666 margaritarum,‘
3059 4591 3546 4663 smaragdorumque
3584 4585 3781 4656 laqueis

2247 4696 2570 4758 occupatum.

2926 4778 3061 4834 Eon.
3095 4792 3164 4832 sx
3207 4775 3270 4832 υ.
3316 4775 3597 4834 δοιιιωηι.

2703 4935 2928 4994 CAPUT
2967 4933 3255 4992 PRIMUM.

2243 5054 2300 5114 Si
2332 5063 2474 5112 tanta
2509 5055 2559 5110 in
2592 5053 2747 5110 terris
2786 5061 3085 5109 moraretur
3125 5050 3292 5117 ﬁdes,
3324 5055 3520 5121 quanta
3573 5059 3782 5102 merces

546 5164 798 5225 talemque
851 5153 1086 5208 describit
1134 5151 1279 5218 auri,
1330 5150 1526 5222 argenti
1570 5161 1984 5220 gemmarumque
2019 5145 2073 5199 in
2172 5150 2292 5220 eius
2312 5149 2716 5220 esspectaturin
2735 5147 2909 5213 ctelis,
2934 5145 3080 5202 nulla
3102 5143 3326 5200 omnino
3351 5152 3783 5206 vestrum,soro-

547 5248 764 5305 vestibus
793 5247 1134 5303 rutilantium.

2093 5253 2149 5314 1)
2181 5257 2270 5299 res
2290 5241 2675 5308 dilectissimus,
2697 5255 2763 5296 ex
2794 5253 2902 5312 quo
2928 5239 3096 5294 Deum
3124 5237 3310 5292 vivum
3339 5233 3695 5306 cognovisset,
3724 5238 3784 5286 et

1847 5377 2408 5436 COMMENTARIUS.

555 5527 635 5598 (a)
675 5525 940 5598 Deﬁcultu
974 5525 1318 5598 (marinarum.
1351 5521 1620 5598 Hactenus
1653 5518 2076 5598 editio_nes_Tet_'-

476 5590 689 5654 tulliani
711 5639 728 5666 ,
767 5590 1152 5652 librum'nobis
1179 5609 1343 5650 unum
1365 5593 1438 5666 de
1475 5591 1677 5666 Habitu
1688 5591 1968 5666 muliebri,
1995 5590 2074 5645 al-

2181 5519 2378 5590 prioris
2407 5517 2527 5573 libri
2561 5528 2714 5590 parte
2742 5527 2948 5576 tantum
2999 5516 3240 5582 dimidia,
3275 5516 3544 5590 posterior
3568 5517 3781 5590 integer

2177 5587 2256 5663 sic
2280 5587 2595 5663 absolvitur,
2638 5591 2715 5646 De
2763 5592 2904 5663 cultu
2929 5587 3398 5663 rfceininarunt'lib.
3427 5587 3491 5653 ll,
3544 5587 3776 5663 erplicit.

469 5679 648 5726 ternm
671 5657 738 5724 de
755 5666 1272 5725 Cnltnlmminarum
1295 5663 1639 5721 exhibebant.
1661 5663 1768 5719 Nos
1789 5673 2074 5732 utrumque
2176 5661 2332 5720 Unde
2377 5660 2719 5718 manifestum
2761 5662 2821 5718 ﬁt
2857 5657 2958 5719 sub
2992 5661 3182 5716 eodem
3234 5659 3386 5732 titulo
3435 5657 3779 5732 przecessisse

469 5739 549 5794 De
568 5738 719 5794 Cultu
745 5738 1069 5808 {Geminorum
1096 5737 1488 5806 inscripsimus,
1508 5733 1858 5808 vetustissimi
1885 5748 2072 5790 exem-

2175 5735 2426 5804 primum.
2457 5733 2633 5803 Atque
2673 5735 2726 5789 in
2755 5735 2942 5790 libror.
2974 5733 3232 5804 catalogo
3271 5731 3350 5787 sic
3395 5729 3555 5787 ambo
3601 5728 3774 5785 citan-

471 5808 640 5878 plaris
663 5803 990 5875 Agbbardini
1019 5803 1388 5862 auctoritatem
1411 5805 1603 5873 secuti,
1647 5807 1700 5860 in
1726 5819 1834 5874 quo
1858 5814 2070 5860 servata
2173 5815 2261 5859 tur
2288 5821 2303 5864 :
2335 5803 2410 5858 De
2428 5805 2566 5860 cultu
2597 5805 2940 5877 feminarum.
2971 5803 3093 5860 Βία.
