4230 6256
338 333 480 393 1305

1431 328 1639 389 LIBER
1677 330 1698 388 I
1729 327 1818 389 DE
1853 324 2083 390 CUL'I‘U
2122 323 2589 392 FEMINARUM.

3506 334 3646 397 1506

337 447 407 506 de
432 461 551 517 sua,
581 445 635 504 id
659 450 742 505 est
764 444 831 503 de
849 445 1086 503 fmminte
1105 441 1412 502 conditione
1441 443 1737 513 didicisset,
1765 444 1940 502 laetio-
1968 443 2022 506 A
2048 444 2335 517 (siquidem
2377 459 2432 504 et
2477 447 2817 506 metallorum
2861 459 3026 522 opera
3064 448 3394 508 nudaverant
3444 450 3544 524 (ὁ),
3589 459 3649 510 et

338 557 452 598 rem
489 542 760 609 habitum,
791 556 859 598 ne
886 541 1060 598 dicam
1095 539 1469 612 gloriosiorem
1506 539 1846 611 appetiisset,
1881 548 1940 595 ut

341 651 448 692 non
471 635 640 708 magis
666 635 720 691 in
748 634 996 690 sordibus
1023 642 1228 703 ageret,
1255 640 1311 689 et
1335 613 1640 704 squalorem
1663 631 1840 703 potius
1868 630 1940 686 af.

339 727 591 793 fectaret,
625 727 792 798 ipsam
835 741 896 782 se
930 723 1318 782 circumferens
1364 723 1531 780 Evam
1577 725 1844 794 lugentem
1884 733 1940 779 et

337 826 720 898 pmnitcntem;
753 837 858 894 quo
875 821 1082 893 plenius
1107 819 1160 876 id
1180 818 1324 891 quod
1352 818 1420 875 de
1440 819 1549 875 Eva
1578 817 1741 874 trahit
1761 817 1939 891 (igno-

338 921 556 978 miniam
578 918 699 974 dico
723 916 882 988 primi
905 915 1108 980 delicti,
1141 923 1196 970 et
1221 913 1472 969 invidiam
1492 912 1808 982 perditionis
1837 911 1939 967 hu-

338 1011 532 1082 manae)
571 1009 717 1066 omni
764 1007 1148 1065 satisfactionis
1198 1006 1383 1060 habitu
1429 1007 1673 1075 expiaret
1700 1003 1936 1077 (Genet.

336 1103 428 1172 III,
448 1102 561 1176 16).
583 1101 606 1157 I
615 1120 647 1158 η
663 1099 922 1157 doloribus
937 1108 984 1154 et
999 1099 1336 1155 anxietatibus
1353 1097 1521 1168 paries
1541 1098 1591 1166 (i
1602 1094 1645 1170 ),
1664 1097 1866 1165 mulier,
1889 1105 1938 1152 et

336 1197 406 1253 ad
429 1199 591 1253 virum
617 1206 758 1251 tuum
779 1193 1037 1250 conversio
1057 1203 1167 1260 tua;
1185 1203 1230 1248 et
1256 1193 1346 1248 ille
1363 1192 1707 1248 dominabitur
1725 1192 1809 1263 (2)
1837 1193 1937 1256 tui;

335 1299 391 1347 et
426 1290 594 1347 Evam
631 1298 685 1345 te
726 1303 847 1345 esse
882 1287 1102 1343 nescis?
1144 1285 1289 1342 Vivit
1324 1285 1592 1342 sententia
1637 1285 1730 1341 Dei
1776 1299 1939 1354 super

335 1397 522 1440 sexum
550 1382 732 1447 istum,
765 1381 818 1436 in
841 1379 945 1434 hoc
973 1378 1212 1439 saeculo:
1241 1379 1387 1434 vivat
1411 1386 1466 1434 et
1494 1386 1676 1434 reatus
1715 1391 1937 1434 necesse

335 1484 440 1531 est.
474 1473 556 1528 Tu
599 1488 660 1530 es
687 1471 884 1527 diaboli
910 1470 1094 1540 janua,
1119 1479 1173 1526 tu
1196 1484 1256 1526 es
1283 1470 1492 1525 arboris
1518 1468 1662 1526 illius
1692 1471 1936 1541 resigna-

336 1566 440 1622 trix
461 1607 475 1632 ,
503 1574 558 1620 tn
601 1580 662 1621 es
689 1564 885 1620 divina:
923 1564 1056 1636 legis
1092 1564 1263 1635 prima
1303 1563 1602 1630 desertrix,
1642 1573 1696 1618 tu
1727 1577 1786 1618 es
1817 1578 1936 1634 qua:

333 1673 456 1714 eum
485 1656 796 1728 persuasisti
847 1657 952 1729 (ὅ),
981 1671 1140 1727 quem
1169 1653 1414 1712 diabolus
1447 1654 1664 1728 aggredi
1705 1670 1810 1712 non
1847 1671 1939 1712 va-

335 1748 454 1804 luit.
485 1747 565 1803 Tu
591 1748 880 1819 imaginem
915 1748 1031 1815 Dei,
1063 1747 1357 1813 hominem,
1383 1757 1492 1804 tam
1524 1747 1679 1805 facile
1699 1748 1890 1806 elisisti
1917 1765 1931 1804 :

2044 538 2331 597 herbarum
2365 543 2575 614 ingenia
2603 543 2675 617 (ε)
2716 542 3098 614 traduxerant,
3126 551 3182 600 et
3225 543 3642 603 incantationum

2043 632 2189 689 vires
2203 634 2642 706 provulgaverant
2660 635 2823 706 (6),et
2838 635 3454 702 omnem'curiositatem,
3474 652 3643 708 usque

2041 726 2110 780 ad
2169 725 2444 782 stellarum
2498 727 2993 798 interpretationem
3040 727 3142 799 (ἁ),
3187 727 3642 801 designaverant)

2042 820 2260 892 proprie
2287 831 2342 876 et
2372 807 2526 892 quasi
2576 821 2918 892 peculiariter
2949 821 3194 892 torminis,
3222 823 3638 880 instrumentum

2042 913 2184 968 istud
2223 914 2501 970 muliebris
2528 915 2714 986 gloriae
2744 913 2819 986 (e)
2847 915 3191 971 contulerunt
3237 914 3342 987 (f)
3377 933 3390 968 :
3442 916 3640 972 lumina

2040 1006 2343 1078 lapillorum
2373 1007 2451 1080 (g)
2482 1009 2675 1079 quibus
2698 1009 2918 1065 monilia
2966 1010 3244 1066 variantur
3276 1026 3290 1062 :
3333 1018 3386 1065 et
3411 1010 3642 1068 circulos

2040 1112 2107 1155 ex
2124 1114 2276 1166 auro,
2300 1100 2494 1171 quibus
2517 1100 2734 1156 brachia
2755 1109 3029 1157 arctantnr
3052 1121 3065 1156 :
3084 1109 3138 1157 et
3166 1101 3555 1158 medicamenta
3573 1117 3638 1156 ex

2039 1191 2162 1249 fuco
2191 1192 2292 1264 (It),
2319 1191 2514 1263 quibus
2543 1193 2681 1250 lanae
2714 1192 2795 1264 (7)
2833 1195 3141 1250 colorantur
3172 1203 3265 1251 :et
3290 1194 3435 1249 illum
3467 1195 3640 1264 ipsum

2040 1284 2251 1355 nigrum
2281 1283 2580 1354 pulverem,
2607 1299 2714 1359 quo
2743 1284 3022 1342 oculorum
3049 1286 3267 1342 exordia
3309 1285 3390 1358 (8)
3441 1285 3642 1357 produ-

2040 1384 2257 1431 cuntur.
2290 1375 2417 1430 Haec
2445 1375 2621 1446 qualia
2668 1376 2778 1432 sint
2829 1377 2933 1450 (9),
2976 1376 3316 1447 interimjam
3349 1392 3416 1432 ex
3448 1376 3639 1432 docto-

2040 1487 2159 1527 rum
2200 1486 2418 1528 suorum
2446 1473 2699 1543 qualitate
2734 1481 2789 1529 et
2815 1471 3122 1528 conditione
3149 1473 3482 1544 pronuntiari
3543 1488 3642 1544 po-

2042 1571 2165 1628 test,
2194 1564 2338 1636 quod
2366 1564 2498 1619 nihil
2525 1565 2592 1637 ad
2637 1565 2996 1638 integritatem
3024 1574 3335 1634 peccatores
3354 1605 3370 1632 ,
3400 1566 3529 1620 nihil
3571 1565 3636 1621 ad

2039 1659 2340 1714 caStitatem
2363 1657 2702 1715 adamatores
2728 1656 2867 1730 (i0).
2891 1657 3024 1712 nihil
3050 1657 3118 1713 ad
3141 1657 3385 1714 timorem
3419 1657 3512 1714 Dei
3542 1658 3644 1715 dc-

2039 1758 2277 1807 sertores
2320 1750 2574 1820 Spiritus,
2603 1755 2697 1806 aut
2722 1757 3024 1806 monstrare
3065 1758 3354 1820 potuerunt
3383 1759 3473 1804 aut
3498 1764 3640 1820 prte-

333 1853 554 1916 propter
580 1850 730 1898 tuum
767 1842 1048 1911 meritum,
1082 1842 1135 1898 id
1155 1853 1238 1898 est
1279 1850 1526 1906 mortem,
1565 1841 1726 1898 etiam
1768 1841 1935 1900 Filius
1963 1838 2012 1899 B
2041 1852 2203 1899 stare.
2243 1841 2300 1898 Si
2330 1840 2590 1898 doctrina:
2608 1841 2853 1899 dicenda:
2882 1849 3040 1906 sunt,
3066 1841 3192 1897 mali
3221 1841 3459 1913 magistri
3502 1843 3642 1897 male

335 1935 433 1991 Dei
487 1934 620 1989 mori
669 1933 895 2000 habuit;
952 1943 1007 1990 et
1057 1933 1310 1990 adornari
1360 1934 1453 1989 tibi
1509 1934 1562 1988 in
1619 1944 1802 1990 mente
1852 1943 1936 1990 est

331 2040 494 2098 super
520 2025 772 2097 pelliceas
817 2035 940 2083 tuas
976 2025 1231 2082 tunicas?
1257 2027 1371 2098 Age
1407 2041 1583 2096 nunc,
1611 2027 1656 2081 si
1688 2026 1757 2082 ab
1785 2026 1937 2083 initio

330 2133 512 2174 rerum
540 2128 593 2175 et
614 2118 805 2175 Milesii
834 2133 964 2175 oves
992 2119 1301 2184 tondet-ent,
1330 2128 1386 2175 ct
1407 2119 1570 2196 seres
1595 2119 1816 2188 arbores
1843 2135 1937 2175 ne-

331 2219 482 2278 rent,
529 2220 583 2266 et
612 2211 758 2284 Tyrii
799 2212 1102 2284 tinguerent
1125 2253 1139 2277 ,
1177 2222 1231 2267 et
1268 2209 1506 2284 Phryges
1546 2212 1850 2277 insuerent,
1881 2219 1937 2267 et

329 2298 610 2372 Babylonii
638 2301 973 2370 iutexerent,
999 2311 1061 2366 et
1090 2302 1392 2373 margarita:
1420 2300 1718 2358 canderent
1745 2310 1801 2356 et
1835 2317 1932 2358 ce-

329 2394 516 2448 raunia
554 2404 906 2452 coruscarent
943 2394 1049 2467 (a),
1080 2397 1124 2452 si
1154 2398 1326 2466 ipsum
1363 2410 1577 2468 quoque
1605 2410 1795 2451 aurum
1819 2394 1932 2464 jam

329 2485 399 2542 de
429 2494 569 2542 terra
606 2502 728 2542 cum
756 2487 1046 2558 cupiditate
1085 2487 1392 2559 prodisset;
1437 2486 1483 2540 si
1509 2486 1619 2556 jam
1656 2496 1711 2542 et
1736 2501 1930 2556 specu-

329 2575 382 2632 lo
411 2575 492 2648 (4)
521 2585 724 2632 tantum
753 2577 964 2633 mentiri
994 2578 1215 2634 liceret:
1243 2586 1298 2634 et
1349 2577 1462 2655 haec
1503 2577 1612 2633 Eva
1645 2577 1933 2647 concupis-

328 2676 414 2723 set
440 2668 520 2738 (5)
567 2667 633 2723 de
685 2668 934 2739 paradiso
990 2669 1232 2740 expulsa,
1260 2670 1371 2740 jam
1429 2678 1661 2735 mortua,
1715 2669 1928 2740 Opinor.

329 2757 472 2830 Ergo
492 2774 591 2814 nec
606 2775 747 2815 nunc
767 2769 1019 2830 appetere
1044 2760 1223 2827 debet,
1243 2770 1334 2816 aut
1359 2775 1538 2827 nosse,
1557 2763 1601 2816 si
1623 2762 1769 2832 cupit
1793 2763 1933 2818 revi-

327 2849 559 2917 viscere,
588 2866 707 2921 qua:
733 2866 832 2906 nec
847 2852 1127 2918 habuerat,
1159 2867 1258 2908 nec
1289 2860 1530 2919 noverat,
1553 2853 1769 2923 quando
1788 2855 1936 2909 vive-

330 2940 442 2996 bat.
465 2941 588 2996 Ideo
608 2943 787 2997 omnia
813 2943 912 2998 ista
941 2942 1208 2999 damnatae
1225 2953 1279 3000 et
1308 2954 1534 3000 mortua:
1563 2944 1805 3000 mulieris
1834 2945 1935 3000 im-

330 3029 634 3100 pedimenta
661 3042 805 3099 sunt,
829 3034 979 3104 quasi
1000 3035 1066 3089 ad
1094 3048 1342 3104 pompam
1383 3034 1584 3090 funeris
1623 3036 1930 3091 constituta.

965 3125 1194 3184 CAPUT
1233 3125 1302 3182 Il.

402 3213 534 3270 Nam
563 3226 615 3269 ct
642 3215 713 3271 illi
745 3217 835 3286 qui
867 3231 926 3270 ea
968 3219 1365 3274 constituerunt
1388 3262 1402 3286 ,
1435 3219 1675 3275 damnati
1724 3221 1778 3276 in
1809 3235 1925 3292 ptc-
1955 3196 2001 3260 C

329 3323 454 3364 nam
505 3310 693 3364 mortis
742 3308 1064 3379 deputantur
1107 3327 1121 3364 :
1175 3311 1249 3366 illi
1313 3311 1516 3368 scilicet
1569 3312 1782 3383 angeli,
1837 3313 1928 3384 qui

327 3401 396 3458 ad
446 3403 583 3458 tilias
612 3403 890 3461 hominum
933 3405 1001 3462 de
1053 3405 1192 3464 coelo
1225 3418 1479 3474 ruerunt,
1533 3422 1592 3465 ut
1632 3410 1748 3467 haec
1792 3426 1929 3480 quo-

329 3505 435 3565 Que
458 3497 743 3566 ignominia
762 3495 998 3554 Rumina:
1022 3499 1262 3556 accedat.
1294 3501 1427 3556 Nam
1451 3515 1573 3556 cum
1599 3512 1652 3558 et
1679 3505 1931 3559 materias

331 3586 590 3658 quasdam
624 3587 759 3643 bene
793 3590 1033 3645 occultas
1052 3631 1068 3656 ,
1098 3599 1150 3646 et
1175 3601 1318 3648 artes
1348 3593 1638 3664 plerasque
1663 3609 1768 3650 non
1794 3594 1932 3651 bene

331 3677 619 3745 revelatas,
651 3681 849 3736 saeculo
871 3681 1043 3738 multo
1078 3683 1250 3755 magis
1290 3685 1536 3756 imperito
1565 3686 1928 3757 prodidissent

2038 1933 2320 1989 docuerint
2347 1946 2570 1989 necesse
2593 1941 2694 1988 est.
2728 1933 2782 1989 Si
2814 1932 3089 1988 mercedes
3120 1947 3216 2002 pro
3242 1933 3494 1999 libidine,
3523 1934 3641 1987 nul-

2039 2025 2144 2081 lius
2181 2024 2260 2080 rei
2288 2023 2460 2095 turpis
2500 2038 2708 2080 merces
2734 2024 2927 2079 decora
2956 2034 3058 2080 est.
3101 2021 3239 2090 Quid
3282 2030 3462 2078 autem
3506 2023 3641 2078 tanti

2038 2119 2138 2174 fuit
2163 2119 2262 2175 ista
2293 2127 2596 2175 monstrare
2620 2119 2758 2174 sicut
2779 2119 2905 2190 (Η)
2933 2117 3221 2175 conferre?
3251 2127 3500 2174 utrumne
3526 2133 3642 2173 mu-

2038 2212 2233 2281 lieres,
2265 2212 2384 2268 sine
2424 2212 2662 2267 materiis
2698 2211 3039 2283 splendoris,
3069 2220 3123 2267 et
3150 2210 3267 2272 sine
3292 2211 3519 2282 ingeniis
3543 2210 3642 2265 de-

2037 2303 2200 2367 coris,
2231 2303 2440 2373 placere
2463 2318 2570 2358 non
2598 2312 2818 2374 possent
2843 2302 3168 2368 hominibus,
3198 2317 3319 2373 qua:
3341 2301 3519 2357 adhuc
3548 2302 3634 2356 in-

2038 2395 2197 2450 cultae
2225 2403 2281 2450 et
2325 2394 2692 2465 incompositae
2737 2403 2791 2450 et
2833 2394 2928 2467 (ut
2970 2395 3041 2450 ita
3078 2393 3340 2467 dixerim)
3366 2393 3547 2451 cruda:
3576 2410 3640 2450 ac

2038 2486 2200 2544 rudes
2218 2528 2233 2553 ,
2262 2486 2480 2557 angelos
2510 2486 2831 2542 moverant?
2859 2487 3013 2543 Anne
3056 2486 3174 2560 (l2)
3201 2485 3405 2542 sordidi
3425 2529 3440 2553 ,
3469 2494 3524 2542 et
3549 2502 3644 2557 per

2036 2579 2322 2650 gratuitum
2354 2592 2506 2634 usum
2537 2578 2912 2634 contumeliosi
2938 2588 3204 2632 amatores
3232 2578 3562 2643 viderentur,
3593 2578 3644 2633 si

2037 2669 2420 2726 nihill'oeminis
2442 2671 2494 2724 in
2521 2670 2848 2725 connnhium
2878 2669 3086 2723 allectis
3113 2669 3498 2724 contulissent?
3525 2668 3636 2722 Sed

2039 2761 2156 2817 haec
2184 2777 2289 2817 non
2318 2762 2461 2831 capit
2486 2762 2773 2825 mstimarc,
2808 2759 2936 2814 nihil
2966 2760 3085 2828 plus
3107 2758 3173 2830 (ἰ)
3202 2758 3512 2815 desiderare
3547 2774 3642 2830 po.

2037 2861 2234 2920 terant,
2257 2869 2376 2922 quae
2387 2853 2604 2921 angelos
2617 2851 2983 2923 possidebant,
3006 2867 3198 2923 magno
3220 2851 3426 2908 scilicet
3441 2868 3640 2923 nupse-

2037 2957 2176 3002 rant.
2207 2946 2529 3013 Enimvero,
2561 2947 2650 3017 qui
2675 2946 2858 3017 utique
2879 2945 3142 3002 interdum
3169 2946 3473 3018 cogitabant
3499 2948 3641 3002 unde

2038 3040 2380 3106 cecidissent,
2407 3049 2458 3095 et
2491 3049 2612 3110 post
2638 3037 2916 3095 libidinum
2945 3050 3196 3110 vaporata
3227 3050 3496 3095 momenta
3524 3055 3638 3096 ca:-

2039 3134 2148 3189 lum
2176 3131 2536 3203 suspirabant,
2570 3131 2702 3187 illud
2745 3132 2919 3203 ipsum
2951 3132 3148 3187 bonum
3181 3130 3521 3188 heminarum
3547 3147 3641 3186 na-

2036 3228 2221 3283 turalis
2242 3225 2475 3294 decoris,
2505 3235 2563 3281 ut
2590 3239 2834 3281 caussam
2857 3224 3004 3290 mali,
3031 3225 3108 3280 sic
3135 3232 3638 3288 remuneraverunt,

2037 3335 2104 3376 ne
2131 3321 2211 3375 eis
2239 3319 2528 3390 profuisset
2555 3316 2783 3374 felicitas
2810 3331 2905 3371 sua
2926 3357 2939 3382 ,
2979 3315 3074 3371 sed
3103 3327 3162 3371 ut
3198 3315 3481 3371 devectum
3509 3314 3634 3388 (l3)

2037 3413 2105 3469 de
2145 3412 2490 3484 simplicitate
2525 3419 2579 3468 et
2608 3411 2918 3468 sinceritate
2943 3424 3046 3464 una
3073 3424 3195 3464 cum
3227 3409 3358 3479 ipsis
3393 3409 3444 3464 in
3475 3409 3646 3464 ochn-

2037 3521 2151 3564 sam
2187 3506 2276 3561 Dei
2306 3506 2668 3577 pervenirent.
2699 3505 2841 3560 Certi
2871 3513 3024 3558 erant
3050 3518 3288 3567 omnem,
3316 3509 3373 3558 et
3394 3501 3640 3574 gloriam,

2038 3607 2092 3654 et
2119 3597 2489 3666 ambitionem,
2508 3606 2563 3653 et
2581 3597 2972 3653 allectationem
3005 3610 3101 3666 per
3141 3609 3360 3651 carnem
3396 3591 3647 3664 placendi

2033 3691 2144 3749 Deo
2155 3690 2460 3762 displicere.
2480 3690 2544 3746 Hi
2559 3698 2684 3746 sunt
2705 3704 2900 3761 nempe
2916 3687 3090 3762 angeli
3107 3687 3176 3760 (j)
3189 3703 3322 3760 quos
3345 3686 3640 3758 iudicaturi

1545 3842 1929 3906 LECTIONES
1968 3846 2381 3905 VARIANTES.

415 4038 469 4090 Ξ)
492 4038 778 4088 Dominatur
803 4041 924 4090 Par.

415 4099 468 4151 ὅ)
504 4100 708 4150 Suasisti
743 4099 896 4151 Sentl.

394 4162 470 4286 (4)
505 4162 576 4212 Ex
597 4163 800 4225 speculo
816 4166 938 4214 Jun.

417 4226 470 4286 5)
495 4223 709 4284 Liceret,
738 4227 842 4276 haec
865 4226 966 4277 Eva
988 4228 1301 4286 concupisset
1318 4236 1469 4279 Fran.
1490 4231 1707 4286 concupii

417 4223 709 4336 gkgccret,
738 4227 842 4276 haec
865 4226 966 4277 Eva
988 4228 1301 4290 concupisset
1318 4236 1469 4279 Fran.
1490 4231 1751 4294 concupiit.
1791 4230 1932 4283 Seml.

329 4289 592 4414 “ﬁliifilii
613 4348 1058 4412 promulgaverant,
1077 4349 1206 4413 quod
1228 4349 1429 4415 prafert
1443 4352 1565 4401 Jun.

421 3973 469 4159 1}
490 3975 632 4027 Paris
646 3974 846 4027 semter.

421 4039 444 4086 Ξ
492 4038 778 4088 Dominatur
803 4041 846 4089 Ρ

421 4103 445 4150 5
504 4100 708 4150 Suasisti
743 4102 846 4151 Sena

2110 3983 2185 4043 (7)
2207 3984 2362 4035 Gente
2399 3983 2522 4033 Jun.

2113 4046 2182 4106 [8)
2205 4046 2396 4096 Exodia
2419 4049 2542 4097 Jun.

2127 4106 2180 4170 9)
2205 4109 2331 4160 Sunt
2353 4109 2575 4166 interim,
2593 4106 2692 4170 jam
2714 4108 2836 4157 Jun.

2130 4114 2190 4222 92)
2205 4114 2331 4160 Sunt
2353 4114 2575 4166 interim,
2593 4114 2678 4170 jan

2130 4172 2211 4239 in)
2234 4173 2492 4239 amatores
2513 4173 2657 4239 Jun._
2669 4229 2678 4239 ⁸

2134 4228 2214 4342 tl)
2235 4236 2354 4283 Sive
2379 4242 2591 4292 Franeq.
2619 4228 2800 4300 itigalt.

2135 4294 2192 4342 12
2232 4295 2374 4342 Anne
2401 4303 2548 4342 [γαπ.
2571 4295 2679 4342 Rm.
2707 4291 2782 4339 An
2810 4303 2874 4340 ne
2896 4290 2998 4340 Jun

2108 4295 2192 4356 (12
2232 4295 2374 4343 Anne
2401 4303 2548 4342 [γαπ.
2571 4295 2679 4356 Rig.
2707 4295 2782 4339 An
2810 4303 2874 4340 ne
2896 4295 3016 4340 Jun.

2103 4295 2214 4419 (15}
2235 4353 2473 4404 Devecta:
2493 4361 2642 4404 Fran.
2669 4349 2834 4404 Paris.
2861 4351 2972 4419 Ilig.
2988 4352 3195 4404 devictae
3227 4351 3471 4405 Wouwer.

1705 4472 2264 4536 COMMENTARIUS.

390 4597 485 4668 CA
498 4609 770 4685 P.‘I._-—(a)
793 4611 1044 4685 Ceraunia
1068 4620 1412 4685 coruscarenl.
1442 4606 1706 4685 Cet‘aunia
1733 4625 1944 4683 gemma
1969 4615 2024 4676 D
2052 4619 2165 4668 tum
2191 4612 2384 4683 arguit,
2413 4625 2555 4685 qute,
2584 4611 2709 4666 licet
2747 4610 3288 4685 essentchristiante,
3317 4627 3424 4666 non
3471 4612 3650 4669 minus

330 4692 415 4739 est
433 4682 660 4738 candida
692 4681 758 4738 ct
777 4684 1024 4749 rutilans,
1049 4685 1128 4739 sic
1155 4683 1294 4737 dicta
1322 4685 1470 4749 quasi
1498 4697 1529 4737 a
1553 4681 1789 4746 tonitru;
1819 4700 1940 4738 nam

330 4754 564 4826 κεραυνός
583 4753 922 4826 fulmentcst.
945 4756 1166 4818 Plinius.
1201 4755 1292 4808 lih.
1323 4753 1588 4819 XXXVII,
1621 4769 1742 4826 cap.
1766 4755 1828 4809 9:
1849 4752 1940 4826 Est

330 4824 460 4880 inter
476 4824 724 4896 candidas
755 4835 802 4880 et
827 4842 939 4896 quw
984 4825 1237 4880 Ceraunia
1263 4835 1489 4896 vocatur.
1523 4824 1722 4896 Dicitur
1748 4835 1803 4880 et
1837 4825 1941 4880 Ce-

330 4895 579 4968 rauniutn
613 4897 664 4950 in
687 4895 915 4961 neutro;
950 4897 1046 4968 Ep.
1070 4898 1136 4950 ad
1163 4895 1554 4952 Demetriadem
1579 4897 1640 4950 Β.
1674 4895 1937 4968 Hierony-

331 4982 456 5023 mus
480 4965 900 5038 :i(.'er_auniorum
924 4965 1166 5038 ﬂammis.
1199 4968 1275 5023 LE
1315 4968 1411 5024 ΡΒ.

405 5037 562 5109 ΟΑΡ.
586 5036 808 5109 ll.—(h)
836 5036 1098 5108 Siquidem
1119 5051 1162 5093 et
1196 5039 1520 5092 metallorum
1543 5054 1697 5109 opera
1723 5038 1940 5094 nudave-

330 5119 471 5182 rant:
491 5108 557 5182 In
589 5108 869 5182 Escerplis
898 5111 1112 5181 Georgii
1146 5110 1379 5182 Syncclli
1406 5152 1420 5177 ,
1456 5109 1574 5166 haec
1616 5109 1882 5165 habentur
1909 5126 1942 5166 e

331 5181 427 5237 lib.
451 5178 723 5235 IEIIOCIL:
750 5178 917 5248 Εξαίλ
934 5188 958 5236 ὁ
979 5178 1168 5244 sua“;
1188 5178 1284 5239 Ῑτῶν
1307 5186 1543 5251 ἀσχόντων
1559 5185 1768 5248 ἐδίδαξεν
1789 5187 1940 5236 mnis

329 5262 579 5324 μαχαίρας
605 5256 687 5304 καὶ
715 5261 931 5323 θώρακας
958 5258 1038 5308 καὶ
1068 5263 1163 5308 πᾶν
1181 5261 1339 5316 σκεῦος
1367 5263 1640 5322 πολεμικὸν,
1660 5257 1743 5307 καὶ
1769 5262 1833 5308 τὰ
1851 5262 1940 5321 με·

331 5336 486 5381 ταλλα.
516 5338 598 5384 τῆς
625 5338 729 5389 γῆς.
763 5325 884 5380 HIC.

407 5395 484 5469 (ε)
528 5391 826 5450 Herbarum
852 5396 1060 5466 ingenia
1083 5437 1099 5462 ,
1139 5405 1188 5450 et
1220 5395 1625 5449 incantationum
1652 5397 1802 5451 vires.
1832 5397 1940 5452 Ibi-

332 5468 455 5594 gem
482 5478 836 5533 εφαιρμακιῑας.
864 5471 1137 5536 interdum
1161 5478 1324 5538 σοφίας
1351 5473 1432 5521 καὶ
1462 5473 1694 5522 laetatam
1717 5477 1918 5541 lui-13pm

385 5556 456 5594 IG.

385 5556 456 5597 IG.

405 5611 490 5679 (ἀ)
516 5605 798 5680 tellarum
813 5611 1227 5680 interpretatione
1235 5627 1302 5664 nt.
1313 5613 1708 5680 ‘o’ta-rpwxontav.
1737 5611 1862 5668 th.

407 5681 482 5751 (e)
528 5679 930 5809 Ingrumentum
997 5683 1256 5737 muliebris
1313 5679 1510 5754 gloriaz.
1564 5681 1783 5751 ’Κωμία
1830 5689 1936 5748 ταῖς

407 5764 570 5809 δακεῖν.
653 5769 722 5809 IG.

371 5764 570 5818 U‘Ju.t£/V.
601 5764 722 5809 ιίιο.

334 5778 761 5895 ’"iii‘iiuzﬁi'r'u
799 5823 1010 5894 gloriae;
1043 5823 1410 5882 Foeminarum
1457 5824 1684 5884 nitorem
1713 5823 1934 5884 allecta-

2049 4693 2230 4740 tamen
2261 4682 2577 4754 compesitzze
2606 4691 2662 4754 et
2705 4692 2907 4738 ornata:
2934 4682 3259 4739 incedebant
3285 4700 3443 4754 quam
3470 4686 3647 4739 ethni-

2045 4769 2162 4819 (ξτες
2195 4765 2275 4810 est
2303 4753 2448 4810 enim
2497 4753 2628 4809 illud
2658 4754 2857 4808 animal
2885 4755 3116 4812 maxime
3147 4753 3430 4826 φιλόκοᾱμον
3477 4764 3532 4812 ct
3559 4771 3648 4810 su-

2047 4828 2290 4896 perbum.
2324 4827 2400 4882 Le
2426 4826 2524 4881 Pn.
2875 4895 2888 4896 ί
3563 4831 3571 4838 ”

2043 4897 2192 5025 R(g)
2242 4897 2460 4952 Lumina
2501 4897 2814 4968 lapillorum.
2873 4895 2973 4951 Καὶ
3031 4904 3135 4960 ab;
3185 4904 3422 4962 ὶχλεκτοῦς
3472 4906 3644 4963 λίθους.

2095 4986 2165 5025 Ic.

2095 4986 2165 5028 1οο

2045 5111 2090 5168 R
2118 5040 2200 5114 (h)
2224 5040 2587 5097 Medicamenta
2605 5055 2666 5095 ea:
2683 5041 2819 5112 fuco.
2835 5052 2888 5096 τὸ
2906 5045 3112 5097 artissimi
3127 5046 3210 5096 καὶ
3229 5049 3283 5099 τὸ
3305 5049 3643 5108 καλλωπρςςιν.

2094 5128 2164 5168 to.

2094 5128 2164 5169 IG.

2117 5185 2178 5309 gi)
2213 5183 2362 5310 l‘Viit‘il
2388 5183 2524 5254 plus.
2576 5180 2665 5239 Sic
2708 5183 2842 5254 ipse.
2877 5181 3180 5240 Sacerdotes
3207 5184 3324 5238 'mei
3369 5199 3471 5239 nou
3525 5183 3642 5255 plus

2152 5271 2216 5309 un
2247 5299 2260 5310 .
2341 5271 2410 5310 IG.

2045 5266 2260 5312 nubunt.
2292 5266 2410 5311 lita.

2115 5326 2179 5398 (j)
2213 5326 2284 5380 lli
2330 5335 2450 5380 sunt
2477 5325 2686 5398 (angeli,
2729 5335 2834 5382 etc.
2864 5325 3016 5382 Hunc
3043 5325 3401 5383 execrationis
3444 5326 3645 5393 ritum,

2043 5396 2166 5468 quo
2197 5396 2495 5468 ingressuri
2537 5397 2587 5449 iu
2638 5411 2829 5467 aquam
2879 5399 3215 5467 baptismatis
3263 5398 3363 5452 sub
3390 5399 3648 5454 antistitis

2046 5467 2206 5522 manu
2238 5467 2682 5541 conlegstubantur
2707 5482 2765 5541 s_c
2782 5469 3100 5541 renuntiare
3118 5467 3351 5541 diabolo,
3375 5469 3650 5541 attingunt

2047 5555 2190 5610 saepe
2240 5539 2409 5594 sancti
2462 5538 2670 5592 Patres.
2718 5538 2882 5594 Basil.
2917 5540 3011 5594 lib.
3063 5539 3131 5595 de
3175 5539 3317 5609 Spir.
3369 5556 3485 5596 san.
3516 5538 3649 5597 ἆποτ

2039 5619 2296 5668 τέρπεσθαι
2315 5621 2379 5677 τῷ
2406 5617 2592 5678 σατανᾷ
2615 5617 2697 5663 καὶ
2726 5615 2829 5675 τοῖς
2858 5617 3074 5678 ἀγγέλοις
3099 5616 3265 5668 ciu-05.
3283 5611 3376 5666 Sic
3398 5622 3453 5667 et
3483 5613 3644 5668 Dion.

2041 5684 2134 5738 lib.
2155 5682 2222 5735 de
2242 5681 2389 5737 Eccl.
2426 5682 2695 5754 hierarch.
2726 5698 2846 5754 cap.
2876 5683 2932 5749 2,
2961 5683 3097 5739 hanc
3117 5683 3645 5754 abrenuntiationem

2040 5760 2290 5819 ἀποταγήν
2311 5753 2572 5813 nominat,
2600 5751 2778 5822 aitque
2796 5751 3148 5812 observatum
3173 5764 3230 5810 ut
3255 5753 3644 5812 abrenuntiatis

2037 5835 2122 5884 ter
2143 5827 2358 5882 Satanae
2383 5822 2700 5881 insufﬂat-et.
2727 5823 2860 5883 Lac.
