  <div class='ocr_page' id='page_1' title='image "/cluster/home/n/w/nwhite01/storage/ocr_20150623/1/hvd.32044054128335/675.png"; bbox 0 0 4230 6256; ppageno 0'>
   <div class='ocr_carea' id='block_1_1' title="bbox 628 284 768 346">
    <p class='ocr_par' dir='ltr' id='par_1_1' title="bbox 628 284 768 346">
     <span class='ocr_line' id='line_1_1' title="bbox 628 284 768 346; baseline -0.029 0"><span class='ocrx_word' id='word_1_1' title='bbox 628 284 768 346; x_wconf 78' lang='grc'><strong>1507</strong></span> 
     </span>
    </p>
   </div>
   <div class='ocr_carea' id='block_1_2' title="bbox 2056 282 2524 343">
    <p class='ocr_par' dir='ltr' id='par_1_2' title="bbox 2056 282 2524 343">
     <span class='ocr_line' id='line_1_2' title="bbox 2056 282 2524 343; baseline 0.009 -4"><span class='ocrx_word' id='word_1_2' title='bbox 2056 282 2524 343; x_wconf 79' lang='lat' dir='ltr'><strong>TERTULLIANI</strong></span> 
     </span>
    </p>
   </div>
   <div class='ocr_carea' id='block_1_3' title="bbox 2948 260 2973 291">
    <p class='ocr_par' dir='ltr' id='par_1_3' title="bbox 2948 260 2973 291">
     <span class='ocr_line' id='line_1_3' title="bbox 2948 260 2973 291; baseline 0 0"><span class='ocrx_word' id='word_1_3' title='bbox 2948 260 2973 291; x_wconf 63' lang='grc' dir='ltr'>δ</span> 
     </span>
    </p>
   </div>
   <div class='ocr_carea' id='block_1_4' title="bbox 3788 289 3942 351">
    <p class='ocr_par' dir='ltr' id='par_1_4' title="bbox 3788 289 3942 351">
     <span class='ocr_line' id='line_1_4' title="bbox 3788 289 3942 351; baseline 0 0"><span class='ocrx_word' id='word_1_4' title='bbox 3788 289 3942 351; x_wconf 72' lang='grc'><strong>1508</strong></span> 
     </span>
    </p>
   </div>
   <div class='ocr_carea' id='block_1_5' title="bbox 623 397 3938 480">
    <p class='ocr_par' dir='ltr' id='par_1_5' title="bbox 623 397 3938 480">
     <span class='ocr_line' id='line_1_5' title="bbox 623 397 3938 480; baseline 0.002 -20"><span class='ocrx_word' id='word_1_5' title='bbox 623 414 829 469; x_wconf 83' lang='lat' dir='ltr'><strong>sumus,</strong></span> <span class='ocrx_word' id='word_1_6' title='bbox 861 399 913 457; x_wconf 89' lang='lat' dir='ltr'><strong>bi</strong></span> <span class='ocrx_word' id='word_1_7' title='bbox 940 398 1250 473; x_wconf 77' lang='lat' dir='ltr'><strong>suntangeli</strong></span> <span class='ocrx_word' id='word_1_8' title='bbox 1277 397 1469 470; x_wconf 88' lang='lat' dir='ltr'><strong>quibus</strong></span> <span class='ocrx_word' id='word_1_9' title='bbox 1499 397 1554 455; x_wconf 92' lang='lat' dir='ltr'><strong>in</strong></span> <span class='ocrx_word' id='word_1_10' title='bbox 1579 397 1796 457; x_wconf 88' lang='lat' dir='ltr'><strong>lavacro</strong></span> <span class='ocrx_word' id='word_1_11' title='bbox 1827 399 2217 466; x_wconf 75' lang='lat' dir='ltr'><strong>renuntiamus;</strong></span> <span class='ocrx_word' id='word_1_12' title='bbox 2248 405 2302 463; x_wconf 81' lang='grc' dir='ltr'><strong>Α</strong></span> <span class='ocrx_word' id='word_1_13' title='bbox 2338 402 2391 457; x_wconf 83' lang='grc' dir='ltr'><strong>1η</strong></span> <span class='ocrx_word' id='word_1_14' title='bbox 2440 401 2836 472; x_wconf 68' lang='lat' dir='ltr'><strong>prmdicationis</strong></span> <span class='ocrx_word' id='word_1_15' title='bbox 2888 400 3221 474; x_wconf 75' lang='lat' dir='ltr'><strong>delegatione</strong></span> <span class='ocrx_word' id='word_1_16' title='bbox 3274 403 3630 472; x_wconf 84' lang='lat' dir='ltr'><strong>successisse,</strong></span> <span class='ocrx_word' id='word_1_17' title='bbox 3680 406 3765 464; x_wconf 79' lang='lat' dir='ltr'><strong>vel</strong></span> <span class='ocrx_word' id='word_1_18' title='bbox 3807 411 3938 480; x_wconf 86' lang='lat' dir='ltr'><strong>quia</strong></span> 
     </span>
    </p>
   </div>
   <div class='ocr_carea' id='block_1_6' title="bbox 623 490 2223 565">
    <p class='ocr_par' dir='ltr' id='par_1_6' title="bbox 623 490 2223 565">
     <span class='ocr_line' id='line_1_6' title="bbox 623 490 2223 565; baseline -0.001 -15"><span class='ocrx_word' id='word_1_19' title='bbox 623 490 742 552; x_wconf 63' lang='lat' dir='ltr'><strong>haec</strong></span> <span class='ocrx_word' id='word_1_20' title='bbox 769 501 893 551; x_wconf 90' lang='lat' dir='ltr'><strong>sunt</strong></span> <span class='ocrx_word' id='word_1_21' title='bbox 911 493 1112 565; x_wconf 87' lang='lat' dir='ltr'><strong>utique,</strong></span> <span class='ocrx_word' id='word_1_22' title='bbox 1147 507 1245 564; x_wconf 91' lang='lat' dir='ltr'><strong>per</strong></span> <span class='ocrx_word' id='word_1_23' title='bbox 1266 506 1387 563; x_wconf 75' lang='lat' dir='ltr'><strong>quae</strong></span> <span class='ocrx_word' id='word_1_24' title='bbox 1416 491 1484 548; x_wconf 89' lang='lat' dir='ltr'><strong>ab</strong></span> <span class='ocrx_word' id='word_1_25' title='bbox 1509 491 1729 550; x_wconf 87' lang='lat' dir='ltr'><strong>homine</strong></span> <span class='ocrx_word' id='word_1_26' title='bbox 1747 492 1978 564; x_wconf 90' lang='lat' dir='ltr'><strong>judicari</strong></span> <span class='ocrx_word' id='word_1_27' title='bbox 2007 508 2223 550; x_wconf 90' lang='lat' dir='ltr'><strong>merue-</strong></span> 
     </span>
    </p>
   </div>
   <div class='ocr_carea' id='block_1_7' title="bbox 623 584 2224 665">
    <p class='ocr_par' dir='ltr' id='par_1_7' title="bbox 623 584 2224 665">
     <span class='ocr_line' id='line_1_7' title="bbox 623 584 2224 665; baseline 0 -21"><span class='ocrx_word' id='word_1_28' title='bbox 623 596 768 665; x_wconf 86' lang='lat' dir='ltr'><strong>runt.</strong></span> <span class='ocrx_word' id='word_1_29' title='bbox 800 585 941 654; x_wconf 86' lang='lat' dir='ltr'><strong>Quid</strong></span> <span class='ocrx_word' id='word_1_30' title='bbox 989 599 1117 658; x_wconf 91' lang='lat' dir='ltr'><strong>ergo</strong></span> <span class='ocrx_word' id='word_1_31' title='bbox 1176 584 1375 642; x_wconf 84' lang='lat' dir='ltr'><strong>facient</strong></span> <span class='ocrx_word' id='word_1_32' title='bbox 1429 584 1511 659; x_wconf 90' lang='lat' dir='ltr'><strong>(l)</strong></span> <span class='ocrx_word' id='word_1_33' title='bbox 1551 585 1692 657; x_wconf 91' lang='lat' dir='ltr'><strong>apud</strong></span> <span class='ocrx_word' id='word_1_34' title='bbox 1722 585 1931 657; x_wconf 74' lang='lat' dir='ltr'><strong>iudices</strong></span> <span class='ocrx_word' id='word_1_35' title='bbox 1966 600 2092 643; x_wconf 92' lang='lat' dir='ltr'><strong>suos</strong></span> <span class='ocrx_word' id='word_1_36' title='bbox 2135 601 2224 644; x_wconf 88' lang='lat' dir='ltr'><strong>res</strong></span> 
     </span>
    </p>
   </div>
   <div class='ocr_carea' id='block_1_8' title="bbox 625 677 2225 754">
    <p class='ocr_par' dir='ltr' id='par_1_8' title="bbox 625 677 2225 754">
     <span class='ocr_line' id='line_1_8' title="bbox 625 677 2225 754; baseline -0.001 -17"><span class='ocrx_word' id='word_1_37' title='bbox 625 679 847 737; x_wconf 85' lang='lat' dir='ltr'><strong>eorum?</strong></span> <span class='ocrx_word' id='word_1_38' title='bbox 889 678 1031 751; x_wconf 91' lang='lat' dir='ltr'><strong>quod</strong></span> <span class='ocrx_word' id='word_1_39' title='bbox 1074 688 1158 735; x_wconf 90' lang='lat' dir='ltr'><strong>est</strong></span> <span class='ocrx_word' id='word_1_40' title='bbox 1181 678 1565 736; x_wconf 90' lang='lat' dir='ltr'><strong>commercium</strong></span> <span class='ocrx_word' id='word_1_41' title='bbox 1593 678 1926 735; x_wconf 77' lang='lat' dir='ltr'><strong>damnaturis</strong></span> <span class='ocrx_word' id='word_1_42' title='bbox 1974 677 2057 754; x_wconf 88' lang='lat' dir='ltr'><strong>(a)</strong></span> <span class='ocrx_word' id='word_1_43' title='bbox 2101 693 2225 736; x_wconf 89' lang='lat' dir='ltr'><strong>cum</strong></span> 
     </span>
    </p>
   </div>
   <div class='ocr_carea' id='block_1_9' title="bbox 624 767 2222 842">
    <p class='ocr_par' dir='ltr' id='par_1_9' title="bbox 624 767 2222 842">
     <span class='ocr_line' id='line_1_9' title="bbox 624 767 2222 842; baseline 0.001 -16"><span class='ocrx_word' id='word_1_44' title='bbox 624 769 975 827; x_wconf 84' lang='lat' dir='ltr'><strong>damnandis?</strong></span> <span class='ocrx_word' id='word_1_45' title='bbox 998 767 1223 842; x_wconf 84' lang='lat' dir='ltr'><strong>Opinor,</strong></span> <span class='ocrx_word' id='word_1_46' title='bbox 1241 769 1385 842; x_wconf 91' lang='lat' dir='ltr'><strong>quod</strong></span> <span class='ocrx_word' id='word_1_47' title='bbox 1411 770 1626 828; x_wconf 85' lang='lat' dir='ltr'><strong>Christo</strong></span> <span class='ocrx_word' id='word_1_48' title='bbox 1656 780 1709 828; x_wconf 91' lang='lat' dir='ltr'><strong>et</strong></span> <span class='ocrx_word' id='word_1_49' title='bbox 1733 770 1913 827; x_wconf 67' lang='lat' dir='ltr'><strong>Beli-ae.</strong></span> <span class='ocrx_word' id='word_1_50' title='bbox 1943 772 2058 841; x_wconf 83' lang='lat' dir='ltr'><strong>Qua</strong></span> <span class='ocrx_word' id='word_1_51' title='bbox 2088 785 2222 827; x_wconf 90' lang='lat' dir='ltr'><strong>cou-</strong></span> 
     </span>
    </p>
   </div>
   <div class='ocr_carea' id='block_1_10' title="bbox 623 859 2225 936">
    <p class='ocr_par' dir='ltr' id='par_1_10' title="bbox 623 859 2225 936">
     <span class='ocr_line' id='line_1_10' title="bbox 623 859 2225 936; baseline 0 -16"><span class='ocrx_word' id='word_1_52' title='bbox 623 862 816 920; x_wconf 84' lang='lat' dir='ltr'><strong>stantia</strong></span> <span class='ocrx_word' id='word_1_53' title='bbox 857 861 1091 919; x_wconf 83' lang='lat' dir='ltr'><strong>tribunal</strong></span> <span class='ocrx_word' id='word_1_54' title='bbox 1136 860 1266 918; x_wconf 90' lang='lat' dir='ltr'><strong>illud</strong></span> <span class='ocrx_word' id='word_1_55' title='bbox 1293 861 1634 919; x_wconf 86' lang='lat' dir='ltr'><strong>ascendimus</strong></span> <span class='ocrx_word' id='word_1_56' title='bbox 1676 859 1784 936; x_wconf 72' lang='lat'><strong>(2),</strong></span> <span class='ocrx_word' id='word_1_57' title='bbox 1825 862 2094 921; x_wconf 83' lang='lat' dir='ltr'><strong>decreturi</strong></span> <span class='ocrx_word' id='word_1_58' title='bbox 2130 863 2225 920; x_wconf 88' lang='lat' dir='ltr'><strong>ad-</strong></span> 
     </span>
    </p>
   </div>
   <div class='ocr_carea' id='block_1_11' title="bbox 624 936 2224 1026">
    <p class='ocr_par' dir='ltr' id='par_1_11' title="bbox 624 936 2224 1026">
     <span class='ocr_line' id='line_1_11' title="bbox 624 936 2224 1026; baseline 0.001 -15"><span class='ocrx_word' id='word_1_59' title='bbox 624 968 815 1012; x_wconf 89' lang='lat' dir='ltr'><strong>versus</strong></span> <span class='ocrx_word' id='word_1_60' title='bbox 834 968 950 1021; x_wconf 89' lang='lat' dir='ltr'><strong>eos,</strong></span> <span class='ocrx_word' id='word_1_61' title='bbox 973 968 1202 1026; x_wconf 90' lang='lat' dir='ltr'><strong>quorum</strong></span> <span class='ocrx_word' id='word_1_62' title='bbox 1222 969 1449 1012; x_wconf 90' lang='lat' dir='ltr'><strong>munera</strong></span> <span class='ocrx_word' id='word_1_63' title='bbox 1469 955 1769 1026; x_wconf 90' lang='lat' dir='ltr'><strong>appetimus</strong></span> <span class='ocrx_word' id='word_1_64' title='bbox 1785 936 1968 1011; x_wconf 56' lang='lat' dir='ltr'><strong>?&quot;Nam</strong></span> <span class='ocrx_word' id='word_1_65' title='bbox 1990 966 2049 1011; x_wconf 87' lang='lat' dir='ltr'><strong>et-</strong></span> <span class='ocrx_word' id='word_1_66' title='bbox 2071 956 2224 1013; x_wconf 87' lang='lat' dir='ltr'><strong>vobis</strong></span> 
     </span>
    </p>
   </div>
   <div class='ocr_carea' id='block_1_12' title="bbox 625 1047 2223 1121">
    <p class='ocr_par' dir='ltr' id='par_1_12' title="bbox 625 1047 2223 1121">
     <span class='ocr_line' id='line_1_12' title="bbox 625 1047 2223 1121; baseline 0.001 -17"><span class='ocrx_word' id='word_1_67' title='bbox 625 1048 815 1105; x_wconf 83' lang='lat' dir='ltr'><strong>eadem</strong></span> <span class='ocrx_word' id='word_1_68' title='bbox 859 1058 984 1104; x_wconf 91' lang='lat' dir='ltr'><strong>tunc</strong></span> <span class='ocrx_word' id='word_1_69' title='bbox 1032 1047 1329 1105; x_wconf 86' lang='lat' dir='ltr'><strong>substantia</strong></span> <span class='ocrx_word' id='word_1_70' title='bbox 1375 1049 1613 1121; x_wconf 80' lang='lat' dir='ltr'><strong>angelica</strong></span> <span class='ocrx_word' id='word_1_71' title='bbox 1661 1049 1985 1121; x_wconf 87' lang='lat' dir='ltr'><strong>repromissa</strong></span> <span class='ocrx_word' id='word_1_72' title='bbox 2018 1090 2032 1115; x_wconf 90' lang='lat'><strong>,</strong></span> <span class='ocrx_word' id='word_1_73' title='bbox 2080 1048 2223 1106; x_wconf 91' lang='lat' dir='ltr'><strong>idem</strong></span> 
     </span>
    </p>
   </div>
   <div class='ocr_carea' id='block_1_13' title="bbox 627 1138 2225 1223">
    <p class='ocr_par' dir='ltr' id='par_1_13' title="bbox 627 1138 2225 1223">
     <span class='ocr_line' id='line_1_13' title="bbox 627 1138 2225 1223; baseline 0.001 -26"><span class='ocrx_word' id='word_1_74' title='bbox 627 1154 787 1223; x_wconf 48' lang='lat' dir='ltr'><strong>scius</strong></span> <span class='ocrx_word' id='word_1_75' title='bbox 809 1138 889 1215; x_wconf 77' lang='grc' dir='ltr'><strong>(ὁ)</strong></span> <span class='ocrx_word' id='word_1_76' title='bbox 911 1141 1001 1215; x_wconf 87' lang='lat' dir='ltr'><strong>qui</strong></span> <span class='ocrx_word' id='word_1_77' title='bbox 1027 1149 1082 1215; x_wconf 82' lang='lat' dir='ltr'><strong>et</strong></span> <span class='ocrx_word' id='word_1_78' title='bbox 1100 1140 1251 1221; x_wconf 86' lang='lat' dir='ltr'><strong>viris,</strong></span> <span class='ocrx_word' id='word_1_79' title='bbox 1280 1141 1525 1198; x_wconf 85' lang='lat' dir='ltr'><strong>eamdem</strong></span> <span class='ocrx_word' id='word_1_80' title='bbox 1548 1140 1822 1213; x_wconf 72' lang='lat' dir='ltr'><strong>iudicandi</strong></span> <span class='ocrx_word' id='word_1_81' title='bbox 1851 1140 1924 1214; x_wconf 87' lang='lat' dir='ltr'><strong>(c)</strong></span> <span class='ocrx_word' id='word_1_82' title='bbox 1962 1141 2225 1213; x_wconf 89' lang='lat' dir='ltr'><strong>dignatio-</strong></span> 
     </span>
    </p>
   </div>
   <div class='ocr_carea' id='block_1_14' title="bbox 346 1214 2222 1313">
    <p class='ocr_par' dir='ltr' id='par_1_14' title="bbox 346 1214 2222 1313">
     <span class='ocr_line' id='line_1_14' title="bbox 346 1214 2222 1313; baseline -0.001 -22"><span class='ocrx_word' id='word_1_83' title='bbox 346 1214 485 1313; x_wconf 63' lang='grc' dir='ltr'><strong>’Ῐ</strong></span> <span class='ocrx_word' id='word_1_84' title='bbox 526 1282 557 1307; x_wconf 23' lang='grc' dir='ltr'><strong>η,</strong></span> <span class='ocrx_word' id='word_1_85' title='bbox 626 1214 761 1291; x_wconf 61' lang='lat' dir='ltr'><strong>item</strong></span> <span class='ocrx_word' id='word_1_86' title='bbox 780 1214 1064 1307; x_wconf 81' lang='lat' dir='ltr'><strong>pollicetur</strong></span> <span class='ocrx_word' id='word_1_87' title='bbox 1097 1254 1109 1289; x_wconf 91' lang='lat'><strong>:</strong></span> <span class='ocrx_word' id='word_1_88' title='bbox 1142 1218 1248 1291; x_wconf 85' lang='lat' dir='ltr'><strong>nisi</strong></span> <span class='ocrx_word' id='word_1_89' title='bbox 1269 1250 1398 1306; x_wconf 86' lang='lat' dir='ltr'><strong>ergo</strong></span> <span class='ocrx_word' id='word_1_90' title='bbox 1429 1234 1515 1291; x_wconf 92' lang='lat' dir='ltr'><strong>hic</strong></span> <span class='ocrx_word' id='word_1_91' title='bbox 1530 1234 1641 1306; x_wconf 86' lang='lat' dir='ltr'><strong>jam</strong></span> <span class='ocrx_word' id='word_1_92' title='bbox 1671 1233 2222 1305; x_wconf 65' lang='lat' dir='ltr'><strong>praejudicaverimus,</strong></span> 
     </span>
    </p>
   </div>
   <div class='ocr_carea' id='block_1_15' title="bbox 626 1324 2225 1398">
    <p class='ocr_par' dir='ltr' id='par_1_15' title="bbox 626 1324 2225 1398">
     <span class='ocr_line' id='line_1_15' title="bbox 626 1324 2225 1398; baseline 0.001 -15"><span class='ocrx_word' id='word_1_93' title='bbox 626 1341 716 1383; x_wconf 88' lang='lat' dir='ltr'><strong>res</strong></span> <span class='ocrx_word' id='word_1_94' title='bbox 732 1341 919 1383; x_wconf 86' lang='lat' dir='ltr'><strong>eorum</strong></span> <span class='ocrx_word' id='word_1_95' title='bbox 945 1325 1381 1398; x_wconf 64' lang='lat' dir='ltr'><strong>praedamuaudo,</strong></span> <span class='ocrx_word' id='word_1_96' title='bbox 1414 1342 1547 1398; x_wconf 91' lang='lat' dir='ltr'><strong>quas</strong></span> <span class='ocrx_word' id='word_1_97' title='bbox 1569 1326 1623 1381; x_wconf 90' lang='lat' dir='ltr'><strong>in</strong></span> <span class='ocrx_word' id='word_1_98' title='bbox 1642 1327 1748 1382; x_wconf 90' lang='lat' dir='ltr'><strong>illis</strong></span> <span class='ocrx_word' id='word_1_99' title='bbox 1771 1335 1897 1382; x_wconf 91' lang='lat' dir='ltr'><strong>tunc</strong></span> <span class='ocrx_word' id='word_1_100' title='bbox 1920 1324 2225 1386; x_wconf 83' lang='lat' dir='ltr'><strong>damnaturi</strong></span> 
     </span>
    </p>
   </div>
   <div class='ocr_carea' id='block_1_16' title="bbox 626 1419 2171 1493">
    <p class='ocr_par' dir='ltr' id='par_1_16' title="bbox 626 1419 2171 1493">
     <span class='ocr_line' id='line_1_16' title="bbox 626 1419 2171 1493; baseline 0.001 -17"><span class='ocrx_word' id='word_1_101' title='bbox 626 1434 835 1488; x_wconf 91' lang='lat' dir='ltr'><strong>sumus,</strong></span> <span class='ocrx_word' id='word_1_102' title='bbox 858 1419 933 1476; x_wconf 87' lang='lat' dir='ltr'><strong>illi</strong></span> <span class='ocrx_word' id='word_1_103' title='bbox 955 1419 1131 1493; x_wconf 87' lang='lat' dir='ltr'><strong>potius</strong></span> <span class='ocrx_word' id='word_1_104' title='bbox 1159 1435 1262 1477; x_wconf 88' lang='lat' dir='ltr'><strong>nos</strong></span> <span class='ocrx_word' id='word_1_105' title='bbox 1288 1419 1601 1491; x_wconf 76' lang='lat' dir='ltr'><strong>iudicabunt</strong></span> <span class='ocrx_word' id='word_1_106' title='bbox 1631 1430 1792 1491; x_wconf 89' lang='lat' dir='ltr'><strong>atque</strong></span> <span class='ocrx_word' id='word_1_107' title='bbox 1819 1419 2171 1478; x_wconf 86' lang='lat' dir='ltr'><strong>damnabunt.</strong></span> 
     </span>
    </p>
   </div>
   <div class='ocr_carea' id='block_1_17' title="bbox 1243 1554 1598 1612">
    <p class='ocr_par' dir='ltr' id='par_1_17' title="bbox 1243 1554 1598 1612">
     <span class='ocr_line' id='line_1_17' title="bbox 1243 1554 1598 1612; baseline -0.006 0"><span class='ocrx_word' id='word_1_108' title='bbox 1243 1554 1471 1612; x_wconf 83' lang='lat' dir='ltr'><strong>CAPUT</strong></span> <span class='ocrx_word' id='word_1_109' title='bbox 1508 1554 1598 1610; x_wconf 88' lang='lat' dir='ltr'><strong>III.</strong></span> 
     </span>
    </p>
   </div>
   <div class='ocr_carea' id='block_1_18' title="bbox 700 1692 2228 1769">
    <p class='ocr_par' dir='ltr' id='par_1_18' title="bbox 700 1692 2228 1769">
     <span class='ocr_line' id='line_1_18' title="bbox 700 1692 2228 1769; baseline -0.001 -16"><span class='ocrx_word' id='word_1_110' title='bbox 700 1693 824 1753; x_wconf 90' lang='lat' dir='ltr'><strong>Scio</strong></span> <span class='ocrx_word' id='word_1_111' title='bbox 849 1694 1167 1765; x_wconf 86' lang='lat' dir='ltr'><strong>scripturam</strong></span> <span class='ocrx_word' id='word_1_112' title='bbox 1194 1692 1404 1761; x_wconf 85' lang='lat' dir='ltr'><strong>Enoch,</strong></span> <span class='ocrx_word' id='word_1_113' title='bbox 1434 1709 1556 1766; x_wconf 86' lang='lat' dir='ltr'><strong>quae</strong></span> <span class='ocrx_word' id='word_1_114' title='bbox 1578 1696 1721 1751; x_wconf 88' lang='lat' dir='ltr'><strong>hunc</strong></span> <span class='ocrx_word' id='word_1_115' title='bbox 1753 1693 1998 1752; x_wconf 89' lang='lat' dir='ltr'><strong>ordinem</strong></span> <span class='ocrx_word' id='word_1_116' title='bbox 2023 1696 2228 1769; x_wconf 79' lang='lat' dir='ltr'><strong>angelis</strong></span> 
     </span>
    </p>
   </div>
   <div class='ocr_carea' id='block_1_19' title="bbox 2327 495 3941 560">
    <p class='ocr_par' dir='ltr' id='par_1_19' title="bbox 2327 495 3941 560">
     <span class='ocr_line' id='line_1_19' title="bbox 2327 495 3941 560; baseline 0.007 -12"><span class='ocrx_word' id='word_1_117' title='bbox 2327 502 2383 548; x_wconf 92' lang='lat' dir='ltr'><strong>et</strong></span> <span class='ocrx_word' id='word_1_118' title='bbox 2408 495 2538 551; x_wconf 85' lang='lat' dir='ltr'><strong>alias</strong></span> <span class='ocrx_word' id='word_1_119' title='bbox 2564 510 2669 552; x_wconf 91' lang='lat' dir='ltr'><strong>non</strong></span> <span class='ocrx_word' id='word_1_120' title='bbox 2707 495 2960 553; x_wconf 80' lang='lat' dir='ltr'><strong>tacuisset</strong></span> <span class='ocrx_word' id='word_1_121' title='bbox 2998 506 3104 551; x_wconf 92' lang='lat' dir='ltr'><strong>tam</strong></span> <span class='ocrx_word' id='word_1_122' title='bbox 3155 495 3223 553; x_wconf 89' lang='lat' dir='ltr'><strong>de</strong></span> <span class='ocrx_word' id='word_1_123' title='bbox 3269 496 3363 553; x_wconf 87' lang='lat' dir='ltr'><strong>Dei</strong></span> <span class='ocrx_word' id='word_1_124' title='bbox 3389 503 3798 558; x_wconf 82' lang='lat' dir='ltr'><strong>conservatoris</strong></span> <span class='ocrx_word' id='word_1_125' title='bbox 3847 504 3941 560; x_wconf 88' lang='lat' dir='ltr'><strong>sui</strong></span> 
     </span>
    </p>
   </div>
   <div class='ocr_carea' id='block_1_20' title="bbox 2328 586 3939 667">
    <p class='ocr_par' dir='ltr' id='par_1_20' title="bbox 2328 586 3939 667">
     <span class='ocr_line' id='line_1_20' title="bbox 2328 586 3939 667; baseline 0.006 -26"><span class='ocrx_word' id='word_1_126' title='bbox 2328 586 2711 657; x_wconf 85' lang='lat' dir='ltr'><strong>dispositione,</strong></span> <span class='ocrx_word' id='word_1_127' title='bbox 2741 602 2900 658; x_wconf 90' lang='lat' dir='ltr'><strong>quam</strong></span> <span class='ocrx_word' id='word_1_128' title='bbox 2950 587 3018 644; x_wconf 90' lang='lat' dir='ltr'><strong>de</strong></span> <span class='ocrx_word' id='word_1_129' title='bbox 3057 587 3174 657; x_wconf 90' lang='lat' dir='ltr'><strong>ipsa</strong></span> <span class='ocrx_word' id='word_1_130' title='bbox 3208 587 3407 644; x_wconf 87' lang='lat' dir='ltr'><strong>domus</strong></span> <span class='ocrx_word' id='word_1_131' title='bbox 3457 605 3569 646; x_wconf 65' lang='lat' dir='ltr'><strong>suat</strong></span> <span class='ocrx_word' id='word_1_132' title='bbox 3592 592 3784 667; x_wconf 85' lang='lat' dir='ltr'><strong>gloria.</strong></span> <span class='ocrx_word' id='word_1_133' title='bbox 3819 593 3939 652; x_wconf 80' lang='lat' dir='ltr'><strong>[Ioc</strong></span> 
     </span>
    </p>
   </div>
   <div class='ocr_carea' id='block_1_21' title="bbox 2327 678 3941 756">
    <p class='ocr_par' dir='ltr' id='par_1_21' title="bbox 2327 678 3941 756">
     <span class='ocr_line' id='line_1_21' title="bbox 2327 678 3941 756; baseline 0.007 -24"><span class='ocrx_word' id='word_1_134' title='bbox 2327 680 2373 733; x_wconf 91' lang='lat' dir='ltr'><strong>si</strong></span> <span class='ocrx_word' id='word_1_135' title='bbox 2411 693 2515 733; x_wconf 91' lang='lat' dir='ltr'><strong>non</strong></span> <span class='ocrx_word' id='word_1_136' title='bbox 2559 687 2663 734; x_wconf 86' lang='lat' dir='ltr'><strong>tam</strong></span> <span class='ocrx_word' id='word_1_137' title='bbox 2722 679 2970 751; x_wconf 82' lang='lat' dir='ltr'><strong>expedite</strong></span> <span class='ocrx_word' id='word_1_138' title='bbox 3016 678 3286 748; x_wconf 87' lang='lat' dir='ltr'><strong>haberet,</strong></span> <span class='ocrx_word' id='word_1_139' title='bbox 3337 680 3467 737; x_wconf 88' lang='lat' dir='ltr'><strong>illud</strong></span> <span class='ocrx_word' id='word_1_140' title='bbox 3498 699 3710 756; x_wconf 91' lang='lat' dir='ltr'><strong>quoque</strong></span> <span class='ocrx_word' id='word_1_141' title='bbox 3751 702 3941 744; x_wconf 79' lang='lat' dir='ltr'><strong>asser-</strong></span> 
     </span>
    </p>
   </div>
   <div class='ocr_carea' id='block_1_22' title="bbox 2326 770 3938 846">
    <p class='ocr_par' dir='ltr' id='par_1_22' title="bbox 2326 770 3938 846">
     <span class='ocr_line' id='line_1_22' title="bbox 2326 770 3938 846; baseline 0.006 -20"><span class='ocrx_word' id='word_1_142' title='bbox 2326 770 2527 826; x_wconf 87' lang='lat' dir='ltr'><strong>tionem</strong></span> <span class='ocrx_word' id='word_1_143' title='bbox 2548 773 2828 843; x_wconf 68' lang='lat' dir='ltr'><strong>scripturae</strong></span> <span class='ocrx_word' id='word_1_144' title='bbox 2866 771 3009 827; x_wconf 90' lang='lat' dir='ltr'><strong>illius</strong></span> <span class='ocrx_word' id='word_1_145' title='bbox 3039 781 3301 828; x_wconf 88' lang='lat' dir='ltr'><strong>tueretur.</strong></span> <span class='ocrx_word' id='word_1_146' title='bbox 3334 773 3557 831; x_wconf 86' lang='lat' dir='ltr'><strong>Perinde</strong></span> <span class='ocrx_word' id='word_1_147' title='bbox 3591 778 3768 846; x_wconf 87' lang='lat' dir='ltr'><strong>potuit</strong></span> <span class='ocrx_word' id='word_1_148' title='bbox 3796 779 3938 836; x_wconf 87' lang='lat' dir='ltr'><strong>abo-</strong></span> 
     </span>
    </p>
   </div>
   <div class='ocr_carea' id='block_1_23' title="bbox 2328 862 3940 941">
    <p class='ocr_par' dir='ltr' id='par_1_23' title="bbox 2328 862 3940 941">
     <span class='ocr_line' id='line_1_23' title="bbox 2328 862 3940 941; baseline 0.007 -23"><span class='ocrx_word' id='word_1_149' title='bbox 2328 862 2576 920; x_wconf 82' lang='lat' dir='ltr'><strong>lefaetam</strong></span> <span class='ocrx_word' id='word_1_150' title='bbox 2603 879 2724 920; x_wconf 91' lang='lat' dir='ltr'><strong>eam</strong></span> <span class='ocrx_word' id='word_1_151' title='bbox 2752 863 3007 921; x_wconf 81' lang='lat' dir='ltr'><strong>violentia</strong></span> <span class='ocrx_word' id='word_1_152' title='bbox 3036 865 3382 938; x_wconf 89' lang='lat' dir='ltr'><strong>cataclysmi,</strong></span> <span class='ocrx_word' id='word_1_153' title='bbox 3422 867 3475 922; x_wconf 90' lang='lat' dir='ltr'><strong>iu</strong></span> <span class='ocrx_word' id='word_1_154' title='bbox 3513 868 3706 941; x_wconf 86' lang='lat' dir='ltr'><strong>spiritu</strong></span> <span class='ocrx_word' id='word_1_155' title='bbox 3737 885 3940 928; x_wconf 77' lang='lat' dir='ltr'><strong>rursus</strong></span> 
     </span>
    </p>
   </div>
   <div class='ocr_carea' id='block_1_24' title="bbox 2329 955 3940 1037">
    <p class='ocr_par' dir='ltr' id='par_1_24' title="bbox 2329 955 3940 1037">
     <span class='ocr_line' id='line_1_24' title="bbox 2329 955 3940 1037; baseline 0.007 -27"><span class='ocrx_word' id='word_1_156' title='bbox 2329 955 2623 1012; x_wconf 82' lang='lat' dir='ltr'><strong>reformare</strong></span> <span class='ocrx_word' id='word_1_157' title='bbox 2653 976 2667 1013; x_wconf 89' lang='lat'><strong>:</strong></span> <span class='ocrx_word' id='word_1_158' title='bbox 2696 957 3146 1029; x_wconf 88' lang='lat' dir='ltr'><strong>quemadmodum</strong></span> <span class='ocrx_word' id='word_1_159' title='bbox 3167 969 3221 1015; x_wconf 91' lang='lat' dir='ltr'><strong>et</strong></span> <span class='ocrx_word' id='word_1_160' title='bbox 3241 959 3610 1033; x_wconf 75' lang='lat' dir='ltr'><strong>Hierosolymis</strong></span> <span class='ocrx_word' id='word_1_161' title='bbox 3625 962 3940 1037; x_wconf 74' lang='lat' dir='ltr'><strong>Babylonia</strong></span> 
     </span>
    </p>
   </div>
   <div class='ocr_carea' id='block_1_25' title="bbox 2329 1049 3942 1133">
    <p class='ocr_par' dir='ltr' id='par_1_25' title="bbox 2329 1049 3942 1133">
     <span class='ocr_line' id='line_1_25' title="bbox 2329 1049 3942 1133; baseline 0.006 -29"><span class='ocrx_word' id='word_1_162' title='bbox 2329 1050 2722 1120; x_wconf 81' lang='lat' dir='ltr'><strong>expugnatione</strong></span> <span class='ocrx_word' id='word_1_163' title='bbox 2739 1049 2953 1116; x_wconf 88' lang='lat' dir='ltr'><strong>deletis,</strong></span> <span class='ocrx_word' id='word_1_164' title='bbox 2977 1065 3153 1133; x_wconf 63' lang='lat' dir='ltr'><strong>omne</strong></span> <span class='ocrx_word' id='word_1_165' title='bbox 3161 1052 3567 1133; x_wconf 72' lang='lat' dir='ltr'><strong>instrumentum</strong></span> <span class='ocrx_word' id='word_1_166' title='bbox 3589 1055 3827 1131; x_wconf 57' lang='lat' dir='ltr'><strong>“Iudaica;</strong></span> <span class='ocrx_word' id='word_1_167' title='bbox 3845 1057 3942 1114; x_wconf 88' lang='lat' dir='ltr'><strong>lit-</strong></span> 
     </span>
    </p>
   </div>
   <div class='ocr_carea' id='block_1_26' title="bbox 2330 1132 3936 1229">
    <p class='ocr_par' dir='ltr' id='par_1_26' title="bbox 2330 1132 3936 1229">
     <span class='ocr_line' id='line_1_26' title="bbox 2330 1132 3936 1229; baseline 0.006 -30"><span class='ocrx_word' id='word_1_168' title='bbox 2330 1132 2577 1229; x_wconf 67' lang='lat' dir='ltr'><strong>teraturm</strong></span> <span class='ocrx_word' id='word_1_169' title='bbox 2596 1142 2667 1213; x_wconf 85' lang='lat' dir='ltr'><strong>(c)</strong></span> <span class='ocrx_word' id='word_1_170' title='bbox 2685 1158 2783 1215; x_wconf 89' lang='lat' dir='ltr'><strong>per</strong></span> <span class='ocrx_word' id='word_1_171' title='bbox 2804 1142 3030 1221; x_wconf 77' lang='lat' dir='ltr'><strong>Esdram</strong></span> <span class='ocrx_word' id='word_1_172' title='bbox 3048 1132 3269 1221; x_wconf 49' lang='lat' dir='ltr'><strong>constiti</strong></span> <span class='ocrx_word' id='word_1_173' title='bbox 3282 1132 3653 1229; x_wconf 44' lang='lat' dir='ltr'><strong>regnatum.</strong></span> <span class='ocrx_word' id='word_1_174' title='bbox 3668 1150 3774 1208; x_wconf 90' lang='lat' dir='ltr'><strong>Sed</strong></span> <span class='ocrx_word' id='word_1_175' title='bbox 3795 1167 3936 1209; x_wconf 86' lang='lat' dir='ltr'><strong>cum</strong></span> 
     </span>
    </p>
   </div>
   <div class='ocr_carea' id='block_1_27' title="bbox 2331 1222 3935 1325">
    <p class='ocr_par' dir='ltr' id='par_1_27' title="bbox 2331 1222 3935 1325">
     <span class='ocr_line' id='line_1_27' title="bbox 2331 1222 3935 1325; baseline 0.005 -35"><span class='ocrx_word' id='word_1_176' title='bbox 2331 1222 2514 1319; x_wconf 64' lang='grc' dir='ltr'><strong>Ερῥᾷιῖ</strong></span> <span class='ocrx_word' id='word_1_177' title='bbox 2542 1236 2729 1311; x_wconf 82' lang='lat' dir='ltr'><strong>eadem</strong></span> <span class='ocrx_word' id='word_1_178' title='bbox 2760 1238 3025 1311; x_wconf 74' lang='lat' dir='ltr'><strong>scriptura</strong></span> <span class='ocrx_word' id='word_1_179' title='bbox 3049 1239 3214 1295; x_wconf 85' lang='lat' dir='ltr'><strong>etiam</strong></span> <span class='ocrx_word' id='word_1_180' title='bbox 3243 1222 3313 1296; x_wconf 90' lang='lat' dir='ltr'><strong>de</strong></span> <span class='ocrx_word' id='word_1_181' title='bbox 3340 1222 3935 1325; x_wconf 47' lang='lat' dir='ltr'><strong>Domipg‘pﬂedicarit,</strong></span> 
     </span>
    </p>
   </div>
   <div class='ocr_carea' id='block_1_28' title="bbox 2329 1328 3939 1406">
    <p class='ocr_par' dir='ltr' id='par_1_28' title="bbox 2329 1328 3939 1406">
     <span class='ocr_line' id='line_1_28' title="bbox 2329 1328 3939 1406; baseline 0.006 -23"><span class='ocrx_word' id='word_1_182' title='bbox 2329 1344 2359 1383; x_wconf 92' lang='lat' dir='ltr'><strong>a</strong></span> <span class='ocrx_word' id='word_1_183' title='bbox 2382 1328 2535 1385; x_wconf 91' lang='lat' dir='ltr'><strong>nobis</strong></span> <span class='ocrx_word' id='word_1_184' title='bbox 2556 1330 2771 1400; x_wconf 89' lang='lat' dir='ltr'><strong>quidem</strong></span> <span class='ocrx_word' id='word_1_185' title='bbox 2797 1330 2926 1386; x_wconf 87' lang='lat' dir='ltr'><strong>nihil</strong></span> <span class='ocrx_word' id='word_1_186' title='bbox 2947 1331 3167 1386; x_wconf 88' lang='lat' dir='ltr'><strong>omnino</strong></span> <span class='ocrx_word' id='word_1_187' title='bbox 3188 1331 3540 1401; x_wconf 85' lang='lat' dir='ltr'><strong>rejicieudum</strong></span> <span class='ocrx_word' id='word_1_188' title='bbox 3559 1342 3642 1389; x_wconf 90' lang='lat' dir='ltr'><strong>est</strong></span> <span class='ocrx_word' id='word_1_189' title='bbox 3661 1335 3765 1406; x_wconf 77' lang='lat'><strong>(3),</strong></span> <span class='ocrx_word' id='word_1_190' title='bbox 3780 1336 3939 1406; x_wconf 81' lang='lat' dir='ltr'><strong>quod</strong></span> 
     </span>
    </p>
   </div>
   <div class='ocr_carea' id='block_1_29' title="bbox 2330 1420 3939 1499">
    <p class='ocr_par' dir='ltr' id='par_1_29' title="bbox 2330 1420 3939 1499">
     <span class='ocr_line' id='line_1_29' title="bbox 2330 1420 3939 1499; baseline 0.005 -22"><span class='ocrx_word' id='word_1_191' title='bbox 2330 1420 2566 1493; x_wconf 86' lang='lat' dir='ltr'><strong>pertinet</strong></span> <span class='ocrx_word' id='word_1_192' title='bbox 2592 1421 2661 1477; x_wconf 88' lang='lat' dir='ltr'><strong>ad</strong></span> <span class='ocrx_word' id='word_1_193' title='bbox 2682 1437 2799 1477; x_wconf 87' lang='lat' dir='ltr'><strong>nos.</strong></span> <span class='ocrx_word' id='word_1_194' title='bbox 2830 1421 2898 1478; x_wconf 87' lang='lat' dir='ltr'><strong>Et</strong></span> <span class='ocrx_word' id='word_1_195' title='bbox 2919 1423 3146 1494; x_wconf 81' lang='lat' dir='ltr'><strong>legimus</strong></span> <span class='ocrx_word' id='word_1_196' title='bbox 3174 1422 3251 1496; x_wconf 92' lang='grc'><strong>(11</strong></span> <span class='ocrx_word' id='word_1_197' title='bbox 3277 1422 3434 1489; x_wconf 86' lang='lat' dir='ltr'><strong>Tim.,</strong></span> <span class='ocrx_word' id='word_1_198' title='bbox 3463 1423 3551 1492; x_wconf 90' lang='lat' dir='ltr'><strong>Ill,</strong></span> <span class='ocrx_word' id='word_1_199' title='bbox 3586 1424 3701 1499; x_wconf 86' lang='grc'><strong>16),</strong></span> <span class='ocrx_word' id='word_1_200' title='bbox 3732 1444 3939 1485; x_wconf 78' lang='lat' dir='ltr'><strong>omnem</strong></span> 
     </span>
    </p>
   </div>
   <div class='ocr_carea' id='block_1_30' title="bbox 2331 1511 3935 1588">
    <p class='ocr_par' dir='ltr' id='par_1_30' title="bbox 2331 1511 3935 1588">
     <span class='ocr_line' id='line_1_30' title="bbox 2331 1511 3935 1588; baseline 0.004 -19"><span class='ocrx_word' id='word_1_201' title='bbox 2331 1511 2660 1583; x_wconf 85' lang='lat' dir='ltr'><strong>Scripturam</strong></span> <span class='ocrx_word' id='word_1_202' title='bbox 2709 1513 3041 1583; x_wconf 75' lang='lat' dir='ltr'><strong>wdiﬁcationi</strong></span> <span class='ocrx_word' id='word_1_203' title='bbox 3097 1514 3317 1569; x_wconf 83' lang='lat' dir='ltr'><strong>habilem</strong></span> <span class='ocrx_word' id='word_1_204' title='bbox 3371 1515 3614 1572; x_wconf 78' lang='lat' dir='ltr'><strong>divinitus</strong></span> <span class='ocrx_word' id='word_1_205' title='bbox 3663 1518 3935 1588; x_wconf 75' lang='lat' dir='ltr'><strong>inspirari.</strong></span> 
     </span>
    </p>
   </div>
   <div class='ocr_carea' id='block_1_31' title="bbox 2330 1594 3937 1686">
    <p class='ocr_par' dir='ltr' id='par_1_31' title="bbox 2330 1594 3937 1686">
     <span class='ocr_line' id='line_1_31' title="bbox 2330 1594 3937 1686; baseline 0.005 -24"><span class='ocrx_word' id='word_1_206' title='bbox 2330 1608 2377 1681; x_wconf 67' lang='grc' dir='ltr'>Α</span> <span class='ocrx_word' id='word_1_207' title='bbox 2405 1607 2605 1663; x_wconf 71' lang='lat' dir='ltr'><strong>Iudaeis</strong></span> <span class='ocrx_word' id='word_1_208' title='bbox 2636 1594 2811 1677; x_wconf 78' lang='lat' dir='ltr'><strong>potest</strong></span> <span class='ocrx_word' id='word_1_209' title='bbox 2839 1607 2921 1681; x_wconf 73' lang='grc'><strong>(4)</strong></span> <span class='ocrx_word' id='word_1_210' title='bbox 2946 1608 3058 1678; x_wconf 87' lang='lat' dir='ltr'><strong>jam</strong></span> <span class='ocrx_word' id='word_1_211' title='bbox 3090 1607 3258 1664; x_wconf 86' lang='lat' dir='ltr'><strong>videri</strong></span> <span class='ocrx_word' id='word_1_212' title='bbox 3289 1618 3573 1680; x_wconf 87' lang='lat' dir='ltr'><strong>propterea</strong></span> <span class='ocrx_word' id='word_1_213' title='bbox 3599 1611 3801 1681; x_wconf 88' lang='lat' dir='ltr'><strong>rejecta</strong></span> <span class='ocrx_word' id='word_1_214' title='bbox 3836 1614 3937 1686; x_wconf 85' lang='lat'><strong>(5),</strong></span> 
     </span>
    </p>
   </div>
   <div class='ocr_carea' id='block_1_32' title="bbox 2332 1698 3943 1779">
    <p class='ocr_par' dir='ltr' id='par_1_32' title="bbox 2332 1698 3943 1779">
     <span class='ocr_line' id='line_1_32' title="bbox 2332 1698 3943 1779; baseline 0.004 -24"><span class='ocrx_word' id='word_1_215' title='bbox 2332 1701 2470 1756; x_wconf 87' lang='lat' dir='ltr'><strong>sicut</strong></span> <span class='ocrx_word' id='word_1_216' title='bbox 2489 1709 2543 1755; x_wconf 92' lang='lat' dir='ltr'><strong>et</strong></span> <span class='ocrx_word' id='word_1_217' title='bbox 2564 1707 2761 1756; x_wconf 70' lang='lat' dir='ltr'><strong>caetera</strong></span> <span class='ocrx_word' id='word_1_218' title='bbox 2790 1699 2902 1756; x_wconf 86' lang='lat' dir='ltr'><strong>lere</strong></span> <span class='ocrx_word' id='word_1_219' title='bbox 2919 1715 3037 1771; x_wconf 76' lang='lat' dir='ltr'><strong>qua:</strong></span> <span class='ocrx_word' id='word_1_220' title='bbox 3063 1698 3337 1757; x_wconf 84' lang='lat' dir='ltr'><strong>Christum</strong></span> <span class='ocrx_word' id='word_1_221' title='bbox 3365 1711 3583 1759; x_wconf 89' lang='lat' dir='ltr'><strong>sonant.</strong></span> <span class='ocrx_word' id='word_1_222' title='bbox 3618 1702 3726 1761; x_wconf 82' lang='lat' dir='ltr'><strong>Nec</strong></span> <span class='ocrx_word' id='word_1_223' title='bbox 3752 1706 3943 1779; x_wconf 89' lang='lat' dir='ltr'><strong>utique</strong></span> 
     </span>
    </p>
   </div>
   <div class='ocr_carea' id='block_1_33' title="bbox 630 1775 3943 1870">
    <p class='ocr_par' dir='ltr' id='par_1_33' title="bbox 630 1775 3943 1870">
     <span class='ocr_line' id='line_1_33' title="bbox 630 1775 3943 1870; baseline 0.003 -24"><span class='ocrx_word' id='word_1_224' title='bbox 630 1790 797 1858; x_wconf 87' lang='lat' dir='ltr'><strong>dedit,</strong></span> <span class='ocrx_word' id='word_1_225' title='bbox 821 1804 926 1846; x_wconf 91' lang='lat' dir='ltr'><strong>non</strong></span> <span class='ocrx_word' id='word_1_226' title='bbox 954 1775 1120 1862; x_wconf 54' lang='lat' dir='ltr'><strong>rscipi</strong></span> <span class='ocrx_word' id='word_1_227' title='bbox 1149 1804 1180 1844; x_wconf 91' lang='lat' dir='ltr'><strong>a</strong></span> <span class='ocrx_word' id='word_1_228' title='bbox 1205 1789 1519 1861; x_wconf 89' lang='lat' dir='ltr'><strong>quibusdam</strong></span> <span class='ocrx_word' id='word_1_229' title='bbox 1538 1832 1553 1859; x_wconf 92' lang='lat'><strong>,</strong></span> <span class='ocrx_word' id='word_1_230' title='bbox 1581 1790 1704 1861; x_wconf 88' lang='lat' dir='ltr'><strong>quia</strong></span> <span class='ocrx_word' id='word_1_231' title='bbox 1731 1805 1833 1847; x_wconf 92' lang='lat' dir='ltr'><strong>nec</strong></span> <span class='ocrx_word' id='word_1_232' title='bbox 1858 1792 1910 1846; x_wconf 90' lang='lat' dir='ltr'><strong>in</strong></span> <span class='ocrx_word' id='word_1_233' title='bbox 1940 1794 2231 1852; x_wconf 86' lang='lat' dir='ltr'><strong>armarium</strong></span> <span class='ocrx_word' id='word_1_234' title='bbox 2258 1801 2308 1864; x_wconf 86' lang='lat' dir='ltr'><strong>B</strong></span> <span class='ocrx_word' id='word_1_235' title='bbox 2337 1792 2535 1848; x_wconf 90' lang='lat' dir='ltr'><strong>mirum</strong></span> <span class='ocrx_word' id='word_1_236' title='bbox 2563 1792 2696 1860; x_wconf 89' lang='lat' dir='ltr'><strong>hoc,</strong></span> <span class='ocrx_word' id='word_1_237' title='bbox 2728 1793 2775 1849; x_wconf 91' lang='lat' dir='ltr'><strong>si</strong></span> <span class='ocrx_word' id='word_1_238' title='bbox 2800 1794 3094 1864; x_wconf 86' lang='lat' dir='ltr'><strong>scripturas</strong></span> <span class='ocrx_word' id='word_1_239' title='bbox 3141 1795 3349 1866; x_wconf 83' lang='lat' dir='ltr'><strong>aliquas</strong></span> <span class='ocrx_word' id='word_1_240' title='bbox 3380 1812 3488 1854; x_wconf 90' lang='lat' dir='ltr'><strong>non</strong></span> <span class='ocrx_word' id='word_1_241' title='bbox 3516 1775 3943 1870; x_wconf 28' lang='lat' dir='ltr'><strong>receperunt’de</strong></span> 
     </span>
    </p>
   </div>
   <div class='ocr_carea' id='block_1_34' title="bbox 626 1882 2234 1956">
    <p class='ocr_par' dir='ltr' id='par_1_34' title="bbox 626 1882 2234 1956">
     <span class='ocr_line' id='line_1_34' title="bbox 626 1882 2234 1956; baseline 0.003 -16"><span class='ocrx_word' id='word_1_242' title='bbox 626 1884 898 1955; x_wconf 85' lang='lat' dir='ltr'><strong>judaicum</strong></span> <span class='ocrx_word' id='word_1_243' title='bbox 949 1882 1033 1956; x_wconf 76' lang='grc' dir='ltr'><strong>(ά)</strong></span> <span class='ocrx_word' id='word_1_244' title='bbox 1092 1883 1412 1939; x_wconf 88' lang='lat' dir='ltr'><strong>admittitur.</strong></span> <span class='ocrx_word' id='word_1_245' title='bbox 1472 1882 1712 1954; x_wconf 91' lang='lat' dir='ltr'><strong>Opinor,</strong></span> <span class='ocrx_word' id='word_1_246' title='bbox 1760 1898 1870 1940; x_wconf 91' lang='lat' dir='ltr'><strong>non</strong></span> <span class='ocrx_word' id='word_1_247' title='bbox 1910 1895 2234 1956; x_wconf 89' lang='lat' dir='ltr'><strong>putaverunt</strong></span> 
     </span>
    </p>
   </div>
   <div class='ocr_carea' id='block_1_35' title="bbox 629 1976 2234 2049">
    <p class='ocr_par' dir='ltr' id='par_1_35' title="bbox 629 1976 2234 2049">
     <span class='ocr_line' id='line_1_35' title="bbox 629 1976 2234 2049; baseline 0.001 -15"><span class='ocrx_word' id='word_1_248' title='bbox 629 1979 775 2035; x_wconf 91' lang='lat' dir='ltr'><strong>illam</strong></span> <span class='ocrx_word' id='word_1_249' title='bbox 802 1986 929 2034; x_wconf 88' lang='lat' dir='ltr'><strong>ante</strong></span> <span class='ocrx_word' id='word_1_250' title='bbox 960 1977 1344 2049; x_wconf 90' lang='lat' dir='ltr'><strong>cataclysmum</strong></span> <span class='ocrx_word' id='word_1_251' title='bbox 1374 1976 1589 2043; x_wconf 89' lang='lat' dir='ltr'><strong>editam,</strong></span> <span class='ocrx_word' id='word_1_252' title='bbox 1623 1984 1744 2047; x_wconf 89' lang='lat' dir='ltr'><strong>post</strong></span> <span class='ocrx_word' id='word_1_253' title='bbox 1784 1992 1908 2033; x_wconf 92' lang='lat' dir='ltr'><strong>eum</strong></span> <span class='ocrx_word' id='word_1_254' title='bbox 1936 1993 2118 2034; x_wconf 88' lang='lat' dir='ltr'><strong>casum</strong></span> <span class='ocrx_word' id='word_1_255' title='bbox 2145 1995 2234 2035; x_wconf 83' lang='lat' dir='ltr'><strong>or-</strong></span> 
     </span>
    </p>
   </div>
   <div class='ocr_carea' id='block_1_36' title="bbox 312 2042 2229 2159">
    <p class='ocr_par' dir='ltr' id='par_1_36' title="bbox 312 2042 2229 2159">
     <span class='ocr_line' id='line_1_36' title="bbox 312 2042 2229 2159; baseline 0.002 -36"><span class='ocrx_word' id='word_1_256' title='bbox 392 2080 397 2085; x_wconf 69' lang='lat'><strong>‘</strong></span> <span class='ocrx_word' id='word_1_257' title='bbox 438 2042 449 2055; x_wconf 54' lang='grc'><strong>’</strong></span> <span class='ocrx_word' id='word_1_258' title='bbox 474 2134 479 2139; x_wconf 28' lang='grc'><strong><em>¹</em></strong></span> <span class='ocrx_word' id='word_1_259' title='bbox 512 2074 515 2079; x_wconf 79' lang='lat'><em>‘</em></span> <span class='ocrx_word' id='word_1_260' title='bbox 532 2069 735 2159; x_wconf 17' lang='lat' dir='ltr'><strong>giliis,</strong></span> <span class='ocrx_word' id='word_1_261' title='bbox 758 2069 994 2125; x_wconf 92' lang='lat' dir='ltr'><strong>omnium</strong></span> <span class='ocrx_word' id='word_1_262' title='bbox 1026 2082 1206 2124; x_wconf 89' lang='lat' dir='ltr'><strong>rerum</strong></span> <span class='ocrx_word' id='word_1_263' title='bbox 1231 2066 1571 2135; x_wconf 90' lang='lat' dir='ltr'><strong>abolitorem,</strong></span> <span class='ocrx_word' id='word_1_264' title='bbox 1595 2060 1797 2122; x_wconf 82' lang='lat' dir='ltr'><strong>salvam</strong></span> <span class='ocrx_word' id='word_1_265' title='bbox 1823 2082 1943 2125; x_wconf 90' lang='lat' dir='ltr'><strong>esse</strong></span> <span class='ocrx_word' id='word_1_266' title='bbox 1972 2070 2229 2140; x_wconf 88' lang='lat' dir='ltr'><strong>potuisse.</strong></span> 
     </span>
    </p>
   </div>
   <div class='ocr_carea' id='block_1_37' title="bbox 632 2159 2234 2232">
    <p class='ocr_par' dir='ltr' id='par_1_37' title="bbox 632 2159 2234 2232">
     <span class='ocr_line' id='line_1_37' title="bbox 632 2159 2234 2232; baseline 0.002 -14"><span class='ocrx_word' id='word_1_267' title='bbox 632 2161 689 2219; x_wconf 88' lang='lat' dir='ltr'><strong>Si</strong></span> <span class='ocrx_word' id='word_1_268' title='bbox 711 2162 811 2217; x_wconf 92' lang='lat' dir='ltr'><strong>ista</strong></span> <span class='ocrx_word' id='word_1_269' title='bbox 833 2162 969 2217; x_wconf 90' lang='lat' dir='ltr'><strong>ratio</strong></span> <span class='ocrx_word' id='word_1_270' title='bbox 991 2168 1093 2228; x_wconf 91' lang='lat' dir='ltr'><strong>est,</strong></span> <span class='ocrx_word' id='word_1_271' title='bbox 1110 2159 1461 2216; x_wconf 88' lang='lat' dir='ltr'><strong>recordentur</strong></span> <span class='ocrx_word' id='word_1_272' title='bbox 1493 2169 1841 2231; x_wconf 89' lang='lat' dir='ltr'><strong>pronepotem</strong></span> <span class='ocrx_word' id='word_1_273' title='bbox 1861 2161 2029 2232; x_wconf 91' lang='lat' dir='ltr'><strong>ipsius</strong></span> <span class='ocrx_word' id='word_1_274' title='bbox 2045 2163 2234 2221; x_wconf 87' lang='lat' dir='ltr'><strong>Enoch</strong></span> 
     </span>
    </p>
   </div>
   <div class='ocr_carea' id='block_1_38' title="bbox 633 2254 2233 2329">
    <p class='ocr_par' dir='ltr' id='par_1_38' title="bbox 633 2254 2233 2329">
     <span class='ocr_line' id='line_1_38' title="bbox 633 2254 2233 2329; baseline 0.001 -16"><span class='ocrx_word' id='word_1_275' title='bbox 633 2258 802 2313; x_wconf 84' lang='lat' dir='ltr'><strong>fuisse</strong></span> <span class='ocrx_word' id='word_1_276' title='bbox 830 2256 1174 2329; x_wconf 89' lang='lat' dir='ltr'><strong>superstitem</strong></span> <span class='ocrx_word' id='word_1_277' title='bbox 1201 2255 1509 2327; x_wconf 84' lang='lat' dir='ltr'><strong>cataclysmi</strong></span> <span class='ocrx_word' id='word_1_278' title='bbox 1536 2254 1670 2323; x_wconf 77' lang='lat' dir='ltr'><strong>Noe,</strong></span> <span class='ocrx_word' id='word_1_279' title='bbox 1692 2255 1782 2326; x_wconf 90' lang='lat' dir='ltr'><strong>qui</strong></span> <span class='ocrx_word' id='word_1_280' title='bbox 1809 2256 1991 2328; x_wconf 89' lang='lat' dir='ltr'><strong>utique</strong></span> <span class='ocrx_word' id='word_1_281' title='bbox 2018 2258 2233 2316; x_wconf 90' lang='lat' dir='ltr'><strong>domes-</strong></span> 
     </span>
    </p>
   </div>
   <div class='ocr_carea' id='block_1_39' title="bbox 634 2346 2232 2408">
    <p class='ocr_par' dir='ltr' id='par_1_39' title="bbox 634 2346 2232 2408">
     <span class='ocr_line' id='line_1_39' title="bbox 634 2346 2232 2408; baseline 0.001 -2"><span class='ocrx_word' id='word_1_282' title='bbox 634 2352 741 2407; x_wconf 87' lang='lat' dir='ltr'><strong>tico</strong></span> <span class='ocrx_word' id='word_1_283' title='bbox 766 2349 983 2405; x_wconf 89' lang='lat' dir='ltr'><strong>nomine</strong></span> <span class='ocrx_word' id='word_1_284' title='bbox 1002 2358 1058 2404; x_wconf 93' lang='lat' dir='ltr'><strong>et</strong></span> <span class='ocrx_word' id='word_1_285' title='bbox 1082 2347 1420 2404; x_wconf 75' lang='lat' dir='ltr'><strong>ltmreditaria</strong></span> <span class='ocrx_word' id='word_1_286' title='bbox 1459 2346 1746 2403; x_wconf 87' lang='lat' dir='ltr'><strong>traditione</strong></span> <span class='ocrx_word' id='word_1_287' title='bbox 1769 2348 2012 2405; x_wconf 91' lang='lat' dir='ltr'><strong>audierat</strong></span> <span class='ocrx_word' id='word_1_288' title='bbox 2039 2359 2093 2406; x_wconf 93' lang='lat' dir='ltr'><strong>et</strong></span> <span class='ocrx_word' id='word_1_289' title='bbox 2112 2366 2232 2408; x_wconf 89' lang='lat' dir='ltr'><strong>me-</strong></span> 
     </span>
    </p>
   </div>
   <div class='ocr_carea' id='block_1_40' title="bbox 634 2441 2236 2514">
    <p class='ocr_par' dir='ltr' id='par_1_40' title="bbox 634 2441 2236 2514">
     <span class='ocr_line' id='line_1_40' title="bbox 634 2441 2236 2514; baseline 0.001 -14"><span class='ocrx_word' id='word_1_290' title='bbox 634 2445 886 2511; x_wconf 89' lang='lat' dir='ltr'><strong>minerat,</strong></span> <span class='ocrx_word' id='word_1_291' title='bbox 937 2442 1005 2499; x_wconf 91' lang='lat' dir='ltr'><strong>de</strong></span> <span class='ocrx_word' id='word_1_292' title='bbox 1037 2441 1222 2514; x_wconf 87' lang='lat' dir='ltr'><strong>proavi</strong></span> <span class='ocrx_word' id='word_1_293' title='bbox 1269 2441 1352 2496; x_wconf 90' lang='lat' dir='ltr'><strong>sui</strong></span> <span class='ocrx_word' id='word_1_294' title='bbox 1399 2456 1563 2511; x_wconf 90' lang='lat' dir='ltr'><strong>penes</strong></span> <span class='ocrx_word' id='word_1_295' title='bbox 1615 2441 1780 2497; x_wconf 90' lang='lat' dir='ltr'><strong>Deum</strong></span> <span class='ocrx_word' id='word_1_296' title='bbox 1827 2444 2019 2514; x_wconf 86' lang='lat' dir='ltr'><strong>gratia,</strong></span> <span class='ocrx_word' id='word_1_297' title='bbox 2067 2453 2121 2501; x_wconf 91' lang='lat' dir='ltr'><strong>et</strong></span> <span class='ocrx_word' id='word_1_298' title='bbox 2167 2444 2236 2501; x_wconf 87' lang='lat' dir='ltr'><strong>de</strong></span> 
     </span>
    </p>
   </div>
   <div class='ocr_carea' id='block_1_41' title="bbox 634 2532 2234 2606">
    <p class='ocr_par' dir='ltr' id='par_1_41' title="bbox 634 2532 2234 2606">
     <span class='ocr_line' id='line_1_41' title="bbox 634 2532 2234 2606; baseline 0 -14"><span class='ocrx_word' id='word_1_299' title='bbox 634 2534 884 2594; x_wconf 88' lang='lat' dir='ltr'><strong>omnibus</strong></span> <span class='ocrx_word' id='word_1_300' title='bbox 904 2533 1205 2606; x_wconf 73' lang='lat' dir='ltr'><strong>przedicatis</strong></span> <span class='ocrx_word' id='word_1_301' title='bbox 1228 2532 1374 2604; x_wconf 85' lang='lat' dir='ltr'><strong>ejus;</strong></span> <span class='ocrx_word' id='word_1_302' title='bbox 1403 2546 1525 2589; x_wconf 91' lang='lat' dir='ltr'><strong>cum</strong></span> <span class='ocrx_word' id='word_1_303' title='bbox 1555 2532 1741 2589; x_wconf 88' lang='lat' dir='ltr'><strong>Enoch</strong></span> <span class='ocrx_word' id='word_1_304' title='bbox 1763 2533 1874 2589; x_wconf 85' lang='lat' dir='ltr'><strong>lilio</strong></span> <span class='ocrx_word' id='word_1_305' title='bbox 1902 2549 2001 2591; x_wconf 93' lang='lat' dir='ltr'><strong>suo</strong></span> <span class='ocrx_word' id='word_1_306' title='bbox 2021 2534 2234 2593; x_wconf 86' lang='lat' dir='ltr'><strong>Mathu-</strong></span> 
     </span>
    </p>
   </div>
   <div class='ocr_carea' id='block_1_42' title="bbox 634 2624 2235 2696">
    <p class='ocr_par' dir='ltr' id='par_1_42' title="bbox 634 2624 2235 2696">
     <span class='ocr_line' id='line_1_42' title="bbox 634 2624 2235 2696; baseline -0.001 -11"><span class='ocrx_word' id='word_1_307' title='bbox 634 2629 763 2685; x_wconf 83' lang='lat' dir='ltr'><strong>salae</strong></span> <span class='ocrx_word' id='word_1_308' title='bbox 788 2626 922 2683; x_wconf 88' lang='lat' dir='ltr'><strong>nihil</strong></span> <span class='ocrx_word' id='word_1_309' title='bbox 942 2625 1084 2682; x_wconf 86' lang='lat' dir='ltr'><strong>aliud</strong></span> <span class='ocrx_word' id='word_1_310' title='bbox 1108 2624 1465 2691; x_wconf 82' lang='lat' dir='ltr'><strong>mandaverit,</strong></span> <span class='ocrx_word' id='word_1_311' title='bbox 1498 2640 1660 2696; x_wconf 89' lang='lat' dir='ltr'><strong>quam</strong></span> <span class='ocrx_word' id='word_1_312' title='bbox 1688 2633 1750 2681; x_wconf 91' lang='lat' dir='ltr'><strong>ut</strong></span> <span class='ocrx_word' id='word_1_313' title='bbox 1780 2627 2018 2684; x_wconf 88' lang='lat' dir='ltr'><strong>notitiam</strong></span> <span class='ocrx_word' id='word_1_314' title='bbox 2046 2642 2235 2684; x_wconf 90' lang='lat' dir='ltr'><strong>eorum</strong></span> 
     </span>
    </p>
   </div>
   <div class='ocr_carea' id='block_1_43' title="bbox 637 2716 2232 2794">
    <p class='ocr_par' dir='ltr' id='par_1_43' title="bbox 637 2716 2232 2794">
     <span class='ocr_line' id='line_1_43' title="bbox 637 2716 2232 2794; baseline 0.002 -16"><span class='ocrx_word' id='word_1_315' title='bbox 637 2720 869 2794; x_wconf 83' lang='lat' dir='ltr'><strong>posteris</strong></span> <span class='ocrx_word' id='word_1_316' title='bbox 889 2719 1009 2776; x_wconf 89' lang='lat' dir='ltr'><strong>suis</strong></span> <span class='ocrx_word' id='word_1_317' title='bbox 1041 2717 1299 2776; x_wconf 90' lang='lat' dir='ltr'><strong>traderet.</strong></span> <span class='ocrx_word' id='word_1_318' title='bbox 1346 2716 1512 2790; x_wconf 89' lang='lat' dir='ltr'><strong>Igitur</strong></span> <span class='ocrx_word' id='word_1_319' title='bbox 1550 2718 1671 2776; x_wconf 89' lang='lat' dir='ltr'><strong>sine</strong></span> <span class='ocrx_word' id='word_1_320' title='bbox 1708 2718 1873 2777; x_wconf 89' lang='lat' dir='ltr'><strong>dubio</strong></span> <span class='ocrx_word' id='word_1_321' title='bbox 1899 2723 2070 2792; x_wconf 90' lang='lat' dir='ltr'><strong>potuit</strong></span> <span class='ocrx_word' id='word_1_322' title='bbox 2098 2723 2232 2789; x_wconf 83' lang='lat' dir='ltr'><strong>Noé,</strong></span> 
     </span>
    </p>
   </div>
   <div class='ocr_carea' id='block_1_44' title="bbox 2334 1885 3945 1960">
    <p class='ocr_par' dir='ltr' id='par_1_44' title="bbox 2334 1885 3945 1960">
     <span class='ocr_line' id='line_1_44' title="bbox 2334 1885 3945 1960; baseline 0.004 -17"><span class='ocrx_word' id='word_1_323' title='bbox 2334 1900 2403 1943; x_wconf 89' lang='lat' dir='ltr'><strong>eo</strong></span> <span class='ocrx_word' id='word_1_324' title='bbox 2426 1885 2652 1952; x_wconf 91' lang='lat' dir='ltr'><strong>locutas,</strong></span> <span class='ocrx_word' id='word_1_325' title='bbox 2671 1900 2832 1955; x_wconf 89' lang='lat' dir='ltr'><strong>quem</strong></span> <span class='ocrx_word' id='word_1_326' title='bbox 2848 1893 2903 1941; x_wconf 92' lang='lat' dir='ltr'><strong>et</strong></span> <span class='ocrx_word' id='word_1_327' title='bbox 2921 1885 3095 1958; x_wconf 89' lang='lat' dir='ltr'><strong>ipsum</strong></span> <span class='ocrx_word' id='word_1_328' title='bbox 3116 1901 3297 1943; x_wconf 85' lang='lat' dir='ltr'><strong>coram</strong></span> <span class='ocrx_word' id='word_1_329' title='bbox 3319 1888 3624 1960; x_wconf 88' lang='lat' dir='ltr'><strong>loquentem</strong></span> <span class='ocrx_word' id='word_1_330' title='bbox 3648 1905 3753 1947; x_wconf 90' lang='lat' dir='ltr'><strong>non</strong></span> <span class='ocrx_word' id='word_1_331' title='bbox 3783 1902 3945 1949; x_wconf 82' lang='lat' dir='ltr'><strong>erant</strong></span> 
     </span>
    </p>
   </div>
   <div class='ocr_carea' id='block_1_45' title="bbox 2338 1976 3945 2053">
    <p class='ocr_par' dir='ltr' id='par_1_45' title="bbox 2338 1976 3945 2053">
     <span class='ocr_line' id='line_1_45' title="bbox 2338 1976 3945 2053; baseline 0.006 -19"><span class='ocrx_word' id='word_1_332' title='bbox 2338 1977 2627 2047; x_wconf 90' lang='lat' dir='ltr'><strong>recepturi.</strong></span> <span class='ocrx_word' id='word_1_333' title='bbox 2670 1976 2751 2032; x_wconf 87' lang='lat' dir='ltr'><strong>Eo</strong></span> <span class='ocrx_word' id='word_1_334' title='bbox 2778 1977 3026 2043; x_wconf 89' lang='lat' dir='ltr'><strong>accedit,</strong></span> <span class='ocrx_word' id='word_1_335' title='bbox 3058 1976 3201 2048; x_wconf 87' lang='lat' dir='ltr'><strong>quod</strong></span> <span class='ocrx_word' id='word_1_336' title='bbox 3228 1977 3414 2046; x_wconf 75' lang='lat' dir='ltr'><strong>Enoch</strong></span> <span class='ocrx_word' id='word_1_337' title='bbox 3458 1979 3531 2052; x_wconf 69' lang='grc' dir='ltr'><strong>(ί)</strong></span> <span class='ocrx_word' id='word_1_338' title='bbox 3575 1981 3714 2053; x_wconf 86' lang='lat' dir='ltr'><strong>apud</strong></span> <span class='ocrx_word' id='word_1_339' title='bbox 3738 1982 3945 2043; x_wconf 77' lang='lat' dir='ltr'><strong>ludam</strong></span> 
     </span>
    </p>
   </div>
   <div class='ocr_carea' id='block_1_46' title="bbox 2340 2068 3943 2161">
    <p class='ocr_par' dir='ltr' id='par_1_46' title="bbox 2340 2068 3943 2161">
     <span class='ocr_line' id='line_1_46' title="bbox 2340 2068 3943 2161; baseline 0.005 -35"><span class='ocrx_word' id='word_1_340' title='bbox 2340 2068 2656 2161; x_wconf 74' lang='lat' dir='ltr'><strong>Apostolum</strong></span> <span class='ocrx_word' id='word_1_341' title='bbox 2689 2069 3051 2127; x_wconf 91' lang='lat' dir='ltr'><strong>testimonium</strong></span> <span class='ocrx_word' id='word_1_342' title='bbox 3095 2070 3338 2142; x_wconf 89' lang='lat' dir='ltr'><strong>possidet</strong></span> <span class='ocrx_word' id='word_1_343' title='bbox 3387 2072 3523 2144; x_wconf 86' lang='lat' dir='ltr'><strong>(Ep.</strong></span> <span class='ocrx_word' id='word_1_344' title='bbox 3550 2073 3705 2145; x_wconf 80' lang='lat' dir='ltr'><strong>Jud.,</strong></span> <span class='ocrx_word' id='word_1_345' title='bbox 3733 2093 3786 2132; x_wconf 82' lang='grc' dir='ltr'><strong>υ.</strong></span> <span class='ocrx_word' id='word_1_346' title='bbox 3825 2078 3943 2151; x_wconf 68' lang='grc'><strong>14).</strong></span> 
     </span>
    </p>
   </div>
   <div class='ocr_carea' id='block_1_47' title="bbox 2948 2203 3309 2262">
    <p class='ocr_par' dir='ltr' id='par_1_47' title="bbox 2948 2203 3309 2262">
     <span class='ocr_line' id='line_1_47' title="bbox 2948 2203 3309 2262; baseline -0.003 -2"><span class='ocrx_word' id='word_1_347' title='bbox 2948 2203 3179 2262; x_wconf 85' lang='lat' dir='ltr'><strong>CAPUT</strong></span> <span class='ocrx_word' id='word_1_348' title='bbox 3216 2203 3309 2260; x_wconf 82' lang='lat' dir='ltr'><strong>IV.</strong></span> 
     </span>
    </p>
   </div>
   <div class='ocr_carea' id='block_1_48' title="bbox 2409 2344 3941 2423">
    <p class='ocr_par' dir='ltr' id='par_1_48' title="bbox 2409 2344 3941 2423">
     <span class='ocr_line' id='line_1_48' title="bbox 2409 2344 3941 2423; baseline 0.004 -22"><span class='ocrx_word' id='word_1_349' title='bbox 2409 2345 2562 2402; x_wconf 89' lang='lat' dir='ltr'><strong>Nulla</strong></span> <span class='ocrx_word' id='word_1_350' title='bbox 2603 2358 2746 2420; x_wconf 80' lang='lat' dir='ltr'><strong>nunc</strong></span> <span class='ocrx_word' id='word_1_351' title='bbox 2790 2344 3038 2402; x_wconf 89' lang='lat' dir='ltr'><strong>muliebri</strong></span> <span class='ocrx_word' id='word_1_352' title='bbox 3069 2359 3281 2417; x_wconf 61' lang='lat' dir='ltr'><strong>pompae</strong></span> <span class='ocrx_word' id='word_1_353' title='bbox 3307 2354 3436 2402; x_wconf 86' lang='lat' dir='ltr'><strong>nota</strong></span> <span class='ocrx_word' id='word_1_354' title='bbox 3463 2346 3640 2403; x_wconf 90' lang='lat' dir='ltr'><strong>inusta</strong></span> <span class='ocrx_word' id='word_1_355' title='bbox 3682 2349 3750 2405; x_wconf 90' lang='lat' dir='ltr'><strong>sit</strong></span> <span class='ocrx_word' id='word_1_356' title='bbox 3787 2366 3941 2423; x_wconf 73' lang='lat' dir='ltr'><strong>pra:-</strong></span> 
     </span>
    </p>
   </div>
   <div class='ocr_carea' id='block_1_49' title="bbox 2292 2432 3946 2513">
    <p class='ocr_par' dir='ltr' id='par_1_49' title="bbox 2292 2432 3946 2513">
     <span class='ocr_line' id='line_1_49' title="bbox 2292 2432 3946 2513; baseline 0.001 -15"><span class='ocrx_word' id='word_1_357' title='bbox 2292 2432 2301 2447; x_wconf 54' lang='lat'>‘</span> <span class='ocrx_word' id='word_1_358' title='bbox 2337 2439 2735 2507; x_wconf 89' lang='lat' dir='ltr'><strong>damnationis,</strong></span> <span class='ocrx_word' id='word_1_359' title='bbox 2779 2438 2849 2495; x_wconf 90' lang='lat' dir='ltr'><strong>de</strong></span> <span class='ocrx_word' id='word_1_360' title='bbox 2887 2439 3034 2494; x_wconf 85' lang='lat' dir='ltr'><strong>exitu</strong></span> <span class='ocrx_word' id='word_1_361' title='bbox 3071 2448 3377 2496; x_wconf 88' lang='lat' dir='ltr'><strong>auctorum.</strong></span> <span class='ocrx_word' id='word_1_362' title='bbox 3419 2439 3563 2497; x_wconf 85' lang='lat' dir='ltr'><strong>Nihil</strong></span> <span class='ocrx_word' id='word_1_363' title='bbox 3593 2443 3795 2513; x_wconf 80' lang='lat' dir='ltr'><strong>angelis</strong></span> <span class='ocrx_word' id='word_1_364' title='bbox 3830 2445 3946 2501; x_wconf 88' lang='lat' dir='ltr'><strong>illis</strong></span> 
     </span>
    </p>
   </div>
   <div class='ocr_carea' id='block_1_50' title="bbox 2338 2530 3940 2604">
    <p class='ocr_par' dir='ltr' id='par_1_50' title="bbox 2338 2530 3940 2604">
     <span class='ocr_line' id='line_1_50' title="bbox 2338 2530 3940 2604; baseline 0.002 -17"><span class='ocrx_word' id='word_1_365' title='bbox 2338 2532 2629 2604; x_wconf 88' lang='lat' dir='ltr'><strong>imputetur</strong></span> <span class='ocrx_word' id='word_1_366' title='bbox 2652 2573 2669 2601; x_wconf 91' lang='lat'><strong>,</strong></span> <span class='ocrx_word' id='word_1_367' title='bbox 2720 2540 2914 2601; x_wconf 87' lang='lat' dir='ltr'><strong>praeter</strong></span> <span class='ocrx_word' id='word_1_368' title='bbox 2941 2530 3020 2603; x_wconf 91' lang='lat'><strong>(6)</strong></span> <span class='ocrx_word' id='word_1_369' title='bbox 3064 2530 3345 2602; x_wconf 89' lang='lat' dir='ltr'><strong>repudium</strong></span> <span class='ocrx_word' id='word_1_370' title='bbox 3370 2534 3524 2599; x_wconf 57' lang='lat' dir='ltr'><strong>caeli.</strong></span> <span class='ocrx_word' id='word_1_371' title='bbox 3556 2543 3610 2589; x_wconf 90' lang='lat' dir='ltr'><strong>et</strong></span> <span class='ocrx_word' id='word_1_372' title='bbox 3647 2536 3940 2591; x_wconf 88' lang='lat' dir='ltr'><strong>matrimo-</strong></span> 
     </span>
    </p>
   </div>
   <div class='ocr_carea' id='block_1_51' title="bbox 2340 2624 3948 2697">
    <p class='ocr_par' dir='ltr' id='par_1_51' title="bbox 2340 2624 3948 2697">
     <span class='ocr_line' id='line_1_51' title="bbox 2340 2624 3948 2697; baseline 0.002 -16"><span class='ocrx_word' id='word_1_373' title='bbox 2340 2627 2486 2681; x_wconf 88' lang='lat' dir='ltr'><strong>nium</strong></span> <span class='ocrx_word' id='word_1_374' title='bbox 2514 2624 2717 2682; x_wconf 89' lang='lat' dir='ltr'><strong>carnis.</strong></span> <span class='ocrx_word' id='word_1_375' title='bbox 2748 2624 2954 2681; x_wconf 84' lang='lat' dir='ltr'><strong>Rerum</strong></span> <span class='ocrx_word' id='word_1_376' title='bbox 2972 2626 3212 2696; x_wconf 84' lang='lat' dir='ltr'><strong>ipsarum</strong></span> <span class='ocrx_word' id='word_1_377' title='bbox 3241 2626 3518 2697; x_wconf 70' lang='lat' dir='ltr'><strong>qualitates</strong></span> <span class='ocrx_word' id='word_1_378' title='bbox 3538 2628 3948 2697; x_wconf 80' lang='lat' dir='ltr'><strong>examinemus,</strong></span> 
     </span>
    </p>
   </div>
   <div class='ocr_carea' id='block_1_52' title="bbox 2340 2718 3950 2793">
    <p class='ocr_par' dir='ltr' id='par_1_52' title="bbox 2340 2718 3950 2793">
     <span class='ocr_line' id='line_1_52' title="bbox 2340 2718 3950 2793; baseline 0 -16"><span class='ocrx_word' id='word_1_379' title='bbox 2340 2730 2398 2777; x_wconf 93' lang='lat' dir='ltr'><strong>ut</strong></span> <span class='ocrx_word' id='word_1_380' title='bbox 2425 2718 2647 2777; x_wconf 89' lang='lat' dir='ltr'><strong>consilia</strong></span> <span class='ocrx_word' id='word_1_381' title='bbox 2675 2733 2891 2790; x_wconf 85' lang='lat' dir='ltr'><strong>quoque</strong></span> <span class='ocrx_word' id='word_1_382' title='bbox 2935 2719 3382 2790; x_wconf 66' lang='lat' dir='ltr'><strong>concupiscentia:</strong></span> <span class='ocrx_word' id='word_1_383' title='bbox 3417 2735 3598 2777; x_wconf 87' lang='lat' dir='ltr'><strong>earum</strong></span> <span class='ocrx_word' id='word_1_384' title='bbox 3625 2719 3950 2793; x_wconf 86' lang='lat' dir='ltr'><strong>deprehen-</strong></span> 
     </span>
    </p>
   </div>
   <div class='ocr_carea' id='block_1_53' title="bbox 1850 2835 2674 2902">
    <p class='ocr_par' dir='ltr' id='par_1_53' title="bbox 1850 2835 2674 2902">
     <span class='ocr_line' id='line_1_53' title="bbox 1850 2835 2674 2902; baseline 0 -10"><span class='ocrx_word' id='word_1_385' title='bbox 1850 2835 2229 2901; x_wconf 81' lang='lat' dir='ltr'><strong>LECTIONES</strong></span> <span class='ocrx_word' id='word_1_386' title='bbox 2262 2836 2674 2902; x_wconf 76' lang='lat' dir='ltr'><strong>VARIANTES.</strong></span> 
     </span>
    </p>
   </div>
   <div class='ocr_carea' id='block_1_54' title="bbox 701 2948 1382 3016">
    <p class='ocr_par' dir='ltr' id='par_1_54' title="bbox 701 2948 1382 3016">
     <span class='ocr_line' id='line_1_54' title="bbox 701 2948 1382 3016; baseline -0.006 -14"><span class='ocrx_word' id='word_1_387' title='bbox 701 2951 776 3016; x_wconf 83' lang='grc'><strong>(1)</strong></span> <span class='ocrx_word' id='word_1_388' title='bbox 800 2950 1008 3016; x_wconf 77' lang='lat' dir='ltr'><strong>Faciunt</strong></span> <span class='ocrx_word' id='word_1_389' title='bbox 1020 2959 1177 3016; x_wconf 56' lang='lat' dir='ltr'><strong>prun.</strong></span> <span class='ocrx_word' id='word_1_390' title='bbox 1204 2948 1382 3016; x_wconf 64' lang='lat' dir='ltr'><strong>Iiigatt.</strong></span> 
     </span>
    </p>
   </div>
   <div class='ocr_carea' id='block_1_55' title="bbox 728 3012 1333 3065">
    <p class='ocr_par' dir='ltr' id='par_1_55' title="bbox 728 3012 1333 3065">
     <span class='ocr_line' id='line_1_55' title="bbox 728 3012 1333 3065; baseline -0.003 -2"><span class='ocrx_word' id='word_1_391' title='bbox 728 3012 783 3065; x_wconf 75' lang='grc'><strong>2)</strong></span> <span class='ocrx_word' id='word_1_392' title='bbox 808 3012 1184 3065; x_wconf 77' lang='lat' dir='ltr'><strong>Adscendemus</strong></span> <span class='ocrx_word' id='word_1_393' title='bbox 1209 3012 1333 3062; x_wconf 76' lang='lat' dir='ltr'><strong>Jun.</strong></span> 
     </span>
    </p>
   </div>
   <div class='ocr_carea' id='block_1_56' title="bbox 704 3018 2236 3147">
    <p class='ocr_par' dir='ltr' id='par_1_56' title="bbox 704 3018 2236 3147">
     <span class='ocr_line' id='line_1_56' title="bbox 728 3018 1333 3065; baseline -0.003 -2"><span class='ocrx_word' id='word_1_394' title='bbox 728 3018 759 3063; x_wconf 77' lang='lat'><strong>2</strong></span> <span class='ocrx_word' id='word_1_395' title='bbox 808 3018 1184 3065; x_wconf 78' lang='lat' dir='ltr'><strong>Adscendemus</strong></span> <span class='ocrx_word' id='word_1_396' title='bbox 1209 3018 1333 3062; x_wconf 84' lang='lat' dir='ltr'><strong>Jun.</strong></span> 
     </span>
     <span class='ocr_line' id='line_1_57' title="bbox 704 3018 2236 3147; baseline 0.005 -22"><span class='ocrx_word' id='word_1_397' title='bbox 704 3018 783 3142; x_wconf 61' lang='lat' dir='ltr'><strong>lsi</strong></span> <span class='ocrx_word' id='word_1_398' title='bbox 805 3071 986 3147; x_wconf 73' lang='lat' dir='ltr'><strong>Junius</strong></span> <span class='ocrx_word' id='word_1_399' title='bbox 1007 3074 1133 3147; x_wconf 79' lang='lat' dir='ltr'><strong>hunc</strong></span> <span class='ocrx_word' id='word_1_400' title='bbox 1154 3070 1208 3147; x_wconf 73' lang='lat' dir='ltr'><strong>in</strong></span> <span class='ocrx_word' id='word_1_401' title='bbox 1230 3075 1428 3147; x_wconf 68' lang='lat' dir='ltr'><strong>modum</strong></span> <span class='ocrx_word' id='word_1_402' title='bbox 1450 3070 1705 3139; x_wconf 81' lang='lat' dir='ltr'><strong>distinguit</strong></span> <span class='ocrx_word' id='word_1_403' title='bbox 1727 3087 1744 3126; x_wconf 90' lang='lat'><em>:</em></span> <span class='ocrx_word' id='word_1_404' title='bbox 1766 3074 2092 3140; x_wconf 86' lang='lat' dir='ltr'><strong>rejiciendum</strong></span> <span class='ocrx_word' id='word_1_405' title='bbox 2129 3088 2236 3147; x_wconf 88' lang='lat' dir='ltr'><strong>est;</strong></span> 
     </span>
    </p>
   </div>
   <div class='ocr_carea' id='block_1_57' title="bbox 608 3136 1417 3204">
    <p class='ocr_par' dir='ltr' id='par_1_57' title="bbox 608 3136 1417 3204">
     <span class='ocr_line' id='line_1_58' title="bbox 608 3136 1417 3204; baseline -0.004 -16"><span class='ocrx_word' id='word_1_406' title='bbox 608 3154 617 3161; x_wconf 88' lang='grc'><strong>·</strong></span> <span class='ocrx_word' id='word_1_407' title='bbox 639 3154 691 3204; x_wconf 88' lang='lat' dir='ltr'><strong>q.</strong></span> <span class='ocrx_word' id='word_1_408' title='bbox 713 3136 774 3204; x_wconf 72' lang='lat' dir='ltr'><strong>&#39;p&#39;</strong></span> <span class='ocrx_word' id='word_1_409' title='bbox 793 3138 855 3189; x_wconf 90' lang='lat' dir='ltr'><strong>ad</strong></span> <span class='ocrx_word' id='word_1_410' title='bbox 869 3150 978 3199; x_wconf 89' lang='lat' dir='ltr'><strong>nos,</strong></span> <span class='ocrx_word' id='word_1_411' title='bbox 1008 3145 1061 3189; x_wconf 90' lang='lat' dir='ltr'><strong>et</strong></span> <span class='ocrx_word' id='word_1_412' title='bbox 1079 3162 1144 3173; x_wconf 91' lang='lat'><strong>—-</strong></span> <span class='ocrx_word' id='word_1_413' title='bbox 1169 3136 1417 3199; x_wconf 87' lang='lat' dir='ltr'><strong>inspirari.</strong></span> 
     </span>
    </p>
   </div>
   <div class='ocr_carea' id='block_1_58' title="bbox 2426 3013 2949 3077">
    <p class='ocr_par' dir='ltr' id='par_1_58' title="bbox 2426 3013 2949 3077">
     <span class='ocr_line' id='line_1_59' title="bbox 2426 3013 2949 3077; baseline -0.015 -8"><span class='ocrx_word' id='word_1_414' title='bbox 2426 3013 2478 3077; x_wconf 77' lang='grc'><strong>5)</strong></span> <span class='ocrx_word' id='word_1_415' title='bbox 2504 3015 2667 3077; x_wconf 83' lang='lat' dir='ltr'><strong>Idem,</strong></span> <span class='ocrx_word' id='word_1_416' title='bbox 2692 3013 2949 3077; x_wconf 73' lang='lat' dir='ltr'><strong>reiectam.</strong></span> 
     </span>
    </p>
   </div>
   <div class='ocr_carea' id='block_1_59' title="bbox 2402 2948 2903 3146">
    <p class='ocr_par' dir='ltr' id='par_1_59' title="bbox 2402 2948 2903 3146">
     <span class='ocr_line' id='line_1_60' title="bbox 2427 2948 2903 3004; baseline -0.015 1"><span class='ocrx_word' id='word_1_417' title='bbox 2427 2955 2455 3004; x_wconf 78' lang='grc'><strong>4</strong></span> <span class='ocrx_word' id='word_1_418' title='bbox 2500 2954 2680 3004; x_wconf 85' lang='lat' dir='ltr'><strong>Postea</strong></span> <span class='ocrx_word' id='word_1_419' title='bbox 2702 2948 2903 3001; x_wconf 71' lang='lat' dir='ltr'><strong>semier.</strong></span> 
     </span>
     <span class='ocr_line' id='line_1_61' title="bbox 2426 3013 2903 3077; baseline -0.017 -8"><span class='ocrx_word' id='word_1_420' title='bbox 2426 3020 2456 3069; x_wconf 77' lang='grc'><strong>5</strong></span> <span class='ocrx_word' id='word_1_421' title='bbox 2504 3015 2667 3077; x_wconf 83' lang='lat' dir='ltr'><strong>Idem,</strong></span> <span class='ocrx_word' id='word_1_422' title='bbox 2692 3013 2903 3075; x_wconf 74' lang='lat' dir='ltr'><strong>reiectam</strong></span> 
     </span>
     <span class='ocr_line' id='line_1_62' title="bbox 2402 2955 2903 3146; baseline -0.012 -16"><span class='ocrx_word' id='word_1_423' title='bbox 2402 2955 2481 3146; x_wconf 51' lang='grc' dir='ltr'><strong>Ξϐξ</strong></span> <span class='ocrx_word' id='word_1_424' title='bbox 2502 3079 2715 3141; x_wconf 81' lang='lat' dir='ltr'><strong>PrOpter</strong></span> <span class='ocrx_word' id='word_1_425' title='bbox 2738 3082 2826 3126; x_wconf 79' lang='lat' dir='ltr'><strong>Ms.</strong></span> <span class='ocrx_word' id='word_1_426' title='bbox 2859 3076 2903 3124; x_wconf 70' lang='grc' dir='ltr'>Π</span> 
     </span>
    </p>
   </div>
   <div class='ocr_carea' id='block_1_60' title="bbox 2429 3081 2459 3130">
    <p class='ocr_par' dir='ltr' id='par_1_60' title="bbox 2429 3081 2459 3130">
     <span class='ocr_line' id='line_1_63' title="bbox 2429 3081 2459 3130; baseline 0 0"><span class='ocrx_word' id='word_1_427' title='bbox 2429 3081 2459 3130; x_wconf 87' lang='grc'>6</span> 
     </span>
    </p>
   </div>
   <div class='ocr_carea' id='block_1_61' title="bbox 2502 3070 3180 3141">
    <p class='ocr_par' dir='ltr' id='par_1_61' title="bbox 2502 3070 3180 3141">
     <span class='ocr_line' id='line_1_64' title="bbox 2502 3070 3180 3141; baseline -0.012 -12"><span class='ocrx_word' id='word_1_428' title='bbox 2502 3070 2715 3141; x_wconf 83' lang='lat' dir='ltr'><strong>Propter</strong></span> <span class='ocrx_word' id='word_1_429' title='bbox 2738 3070 2826 3126; x_wconf 66' lang='lat' dir='ltr'><strong>its.</strong></span> <span class='ocrx_word' id='word_1_430' title='bbox 2859 3075 3048 3124; x_wconf 84' lang='lat' dir='ltr'><strong>Wouw.</strong></span> <span class='ocrx_word' id='word_1_431' title='bbox 3070 3070 3180 3137; x_wconf 82' lang='lat' dir='ltr'><strong>Rig.</strong></span> 
     </span>
    </p>
   </div>
   <div class='ocr_carea' id='block_1_62' title="bbox 2020 3248 2583 3312">
    <p class='ocr_par' dir='ltr' id='par_1_62' title="bbox 2020 3248 2583 3312">
     <span class='ocr_line' id='line_1_65' title="bbox 2020 3248 2583 3312; baseline 0.005 -6"><span class='ocrx_word' id='word_1_432' title='bbox 2020 3248 2583 3312; x_wconf 83' lang='lat' dir='ltr'><strong>COMMENTARIUS.</strong></span> 
     </span>
    </p>
   </div>
   <div class='ocr_carea' id='block_1_63' title="bbox 721 3358 3943 3440">
    <p class='ocr_par' dir='ltr' id='par_1_63' title="bbox 721 3358 3943 3440">
     <span class='ocr_line' id='line_1_66' title="bbox 721 3358 3943 3440; baseline 0.001 -24"><span class='ocrx_word' id='word_1_433' title='bbox 721 3360 980 3440; x_wconf 42' lang='lat' dir='ltr'><strong>(a)AQuod</strong></span> <span class='ocrx_word' id='word_1_434' title='bbox 1009 3368 1080 3440; x_wconf 65' lang='grc' dir='ltr'><strong>εει</strong></span> <span class='ocrx_word' id='word_1_435' title='bbox 1109 3359 1479 3440; x_wconf 58' lang='lat' dir='ltr'><strong>conmercium</strong></span> <span class='ocrx_word' id='word_1_436' title='bbox 1500 3358 1816 3440; x_wconf 65' lang='lat' dir='ltr'><strong>damnaturis</strong></span> <span class='ocrx_word' id='word_1_437' title='bbox 1850 3379 1972 3440; x_wconf 62' lang='lat' dir='ltr'><strong>eum</strong></span> <span class='ocrx_word' id='word_1_438' title='bbox 1993 3364 2245 3440; x_wconf 82' lang='lat' dir='ltr'><strong>damnaa-</strong></span> <span class='ocrx_word' id='word_1_439' title='bbox 2270 3369 2315 3432; x_wconf 88' lang='lat' dir='ltr'>C</span> <span class='ocrx_word' id='word_1_440' title='bbox 2349 3385 2471 3440; x_wconf 86' lang='lat' dir='ltr'><strong>cap.</strong></span> <span class='ocrx_word' id='word_1_441' title='bbox 2489 3366 2684 3425; x_wconf 79' lang='lat' dir='ltr'><strong>XXIII.</strong></span> <span class='ocrx_word' id='word_1_442' title='bbox 2714 3361 3081 3440; x_wconf 37' lang='lat' dir='ltr'><strong>IdemAliirXII</strong></span> <span class='ocrx_word' id='word_1_443' title='bbox 3098 3359 3594 3440; x_wconf 33' lang='lat' dir='ltr'><strong>contra-Faustum,</strong></span> <span class='ocrx_word' id='word_1_444' title='bbox 3626 3361 3716 3440; x_wconf 77' lang='lat' dir='ltr'><strong>ubi</strong></span> <span class='ocrx_word' id='word_1_445' title='bbox 3746 3362 3817 3419; x_wconf 86' lang='lat' dir='ltr'><strong>de</strong></span> <span class='ocrx_word' id='word_1_446' title='bbox 3838 3361 3943 3440; x_wconf 80' lang='lat' dir='ltr'><strong>Jt_t-_</strong></span> 
     </span>
    </p>
   </div>
   <div class='ocr_carea' id='block_1_64' title="bbox 647 3431 2243 3502">
    <p class='ocr_par' dir='ltr' id='par_1_64' title="bbox 647 3431 2243 3502">
     <span class='ocr_line' id='line_1_67' title="bbox 647 3431 2243 3502; baseline 0.001 -11"><span class='ocrx_word' id='word_1_447' title='bbox 647 3431 747 3491; x_wconf 64' lang='lat' dir='ltr'><strong>dis&#39;.</strong></span> <span class='ocrx_word' id='word_1_448' title='bbox 778 3431 962 3502; x_wconf 58' lang='lat' dir='ltr'><strong>&#39;Quasi</strong></span> <span class='ocrx_word' id='word_1_449' title='bbox 1007 3431 1314 3487; x_wconf 89' lang='lat' dir='ltr'><strong>christianis</strong></span> <span class='ocrx_word' id='word_1_450' title='bbox 1352 3431 1666 3486; x_wconf 88' lang='lat' dir='ltr'><strong>mulieribus</strong></span> <span class='ocrx_word' id='word_1_451' title='bbox 1717 3433 1861 3486; x_wconf 87' lang='lat' dir='ltr'><strong>omni</strong></span> <span class='ocrx_word' id='word_1_452' title='bbox 1917 3439 2243 3493; x_wconf 90' lang='lat' dir='ltr'><strong>commercio</strong></span> 
     </span>
    </p>
   </div>
   <div class='ocr_carea' id='block_1_65' title="bbox 646 3501 2243 3575">
    <p class='ocr_par' dir='ltr' id='par_1_65' title="bbox 646 3501 2243 3575">
     <span class='ocr_line' id='line_1_68' title="bbox 646 3501 2243 3575; baseline 0.001 -13"><span class='ocrx_word' id='word_1_453' title='bbox 646 3517 742 3563; x_wconf 87' lang='lat' dir='ltr'><strong>aut</strong></span> <span class='ocrx_word' id='word_1_454' title='bbox 788 3501 1039 3575; x_wconf 69' lang='lat' dir='ltr'><strong>eitemplo</strong></span> <span class='ocrx_word' id='word_1_455' title='bbox 1067 3502 1413 3575; x_wconf 82' lang='lat' dir='ltr'><strong>interdiceret</strong></span> <span class='ocrx_word' id='word_1_456' title='bbox 1469 3516 1592 3557; x_wconf 90' lang='lat' dir='ltr'><strong>cum</strong></span> <span class='ocrx_word' id='word_1_457' title='bbox 1644 3501 1876 3575; x_wconf 87' lang='lat' dir='ltr'><strong>ethnicis</strong></span> <span class='ocrx_word' id='word_1_458' title='bbox 1905 3507 2243 3564; x_wconf 90' lang='lat' dir='ltr'><strong>mulieribus.</strong></span> 
     </span>
    </p>
   </div>
   <div class='ocr_carea' id='block_1_66' title="bbox 646 3573 2245 3647">
    <p class='ocr_par' dir='ltr' id='par_1_66' title="bbox 646 3573 2245 3647">
     <span class='ocr_line' id='line_1_69' title="bbox 646 3573 2245 3647; baseline 0 -13"><span class='ocrx_word' id='word_1_459' title='bbox 646 3577 794 3635; x_wconf 84' lang='lat' dir='ltr'><strong>Nihil</strong></span> <span class='ocrx_word' id='word_1_460' title='bbox 841 3573 995 3647; x_wconf 81' lang='lat' dir='ltr'><strong>enim</strong></span> <span class='ocrx_word' id='word_1_461' title='bbox 1022 3573 1281 3647; x_wconf 21' lang='lat' dir='ltr'><strong>aliudﬂvad</strong></span> <span class='ocrx_word' id='word_1_462' title='bbox 1325 3574 1407 3647; x_wconf 90' lang='lat' dir='ltr'><strong>sui</strong></span> <span class='ocrx_word' id='word_1_463' title='bbox 1458 3574 1814 3647; x_wconf 85' lang='lat' dir='ltr'><strong>patrocinium</strong></span> <span class='ocrx_word' id='word_1_464' title='bbox 1874 3576 2245 3647; x_wconf 83' lang='lat' dir='ltr'><strong>adducebant,</strong></span> 
     </span>
    </p>
   </div>
   <div class='ocr_carea' id='block_1_67' title="bbox 648 3646 2241 3717">
    <p class='ocr_par' dir='ltr' id='par_1_67' title="bbox 648 3646 2241 3717">
     <span class='ocr_line' id='line_1_70' title="bbox 648 3646 2241 3717; baseline -0.001 -10"><span class='ocrx_word' id='word_1_465' title='bbox 648 3664 771 3707; x_wconf 89' lang='lat' dir='ltr'><strong>cum</strong></span> <span class='ocrx_word' id='word_1_466' title='bbox 802 3646 1122 3702; x_wconf 89' lang='lat' dir='ltr'><strong>immodicus</strong></span> <span class='ocrx_word' id='word_1_467' title='bbox 1144 3646 1236 3699; x_wconf 90' lang='lat' dir='ltr'><strong>ille</strong></span> <span class='ocrx_word' id='word_1_468' title='bbox 1262 3646 1436 3699; x_wconf 87' lang='lat' dir='ltr'><strong>cultus</strong></span> <span class='ocrx_word' id='word_1_469' title='bbox 1456 3660 1519 3717; x_wconf 83' lang='lat' dir='ltr'><strong>ac</strong></span> <span class='ocrx_word' id='word_1_470' title='bbox 1542 3646 1682 3700; x_wconf 90' lang='lat' dir='ltr'><strong>nitor</strong></span> <span class='ocrx_word' id='word_1_471' title='bbox 1712 3646 2241 3717; x_wconf 82' lang='lat' dir='ltr'><strong>reprehendebatur,</strong></span> 
     </span>
    </p>
   </div>
   <div class='ocr_carea' id='block_1_68' title="bbox 648 3715 2247 3789">
    <p class='ocr_par' dir='ltr' id='par_1_68' title="bbox 648 3715 2247 3789">
     <span class='ocr_line' id='line_1_71' title="bbox 648 3715 2247 3789; baseline 0.001 -15"><span class='ocrx_word' id='word_1_472' title='bbox 648 3733 824 3789; x_wconf 21' lang='lat' dir='ltr'><strong>quam“</strong></span> <span class='ocrx_word' id='word_1_473' title='bbox 836 3718 1219 3789; x_wconf 79' lang='lat' dir='ltr'><strong>necessitatem</strong></span> <span class='ocrx_word' id='word_1_474' title='bbox 1240 3715 1544 3789; x_wconf 80' lang='lat' dir='ltr'><strong>negotiandi</strong></span> <span class='ocrx_word' id='word_1_475' title='bbox 1562 3757 1576 3778; x_wconf 88' lang='lat'><strong>.</strong></span> <span class='ocrx_word' id='word_1_476' title='bbox 1600 3715 1897 3787; x_wconf 82' lang='lat' dir='ltr'><strong>agendique</strong></span> <span class='ocrx_word' id='word_1_477' title='bbox 1921 3734 2042 3775; x_wconf 91' lang='lat' dir='ltr'><strong>cum</strong></span> <span class='ocrx_word' id='word_1_478' title='bbox 2067 3715 2247 3776; x_wconf 61' lang='lat' dir='ltr'><strong>ethnié-</strong></span> 
     </span>
    </p>
   </div>
   <div class='ocr_carea' id='block_1_69' title="bbox 649 3786 2247 3862">
    <p class='ocr_par' dir='ltr' id='par_1_69' title="bbox 649 3786 2247 3862">
     <span class='ocr_line' id='line_1_72' title="bbox 649 3786 2247 3862; baseline 0.003 -18"><span class='ocrx_word' id='word_1_479' title='bbox 649 3786 751 3844; x_wconf 78' lang='lat' dir='ltr'><strong>eis.</strong></span> <span class='ocrx_word' id='word_1_480' title='bbox 781 3787 879 3842; x_wconf 80' lang='lat' dir='ltr'><strong>Hic</strong></span> <span class='ocrx_word' id='word_1_481' title='bbox 902 3797 1079 3841; x_wconf 86' lang='lat' dir='ltr'><strong>tamen</strong></span> <span class='ocrx_word' id='word_1_482' title='bbox 1120 3787 1267 3862; x_wconf 87' lang='lat' dir='ltr'><strong>licet_-</strong></span> <span class='ocrx_word' id='word_1_483' title='bbox 1297 3786 1351 3839; x_wconf 90' lang='lat' dir='ltr'><strong>id</strong></span> <span class='ocrx_word' id='word_1_484' title='bbox 1379 3786 1763 3862; x_wconf 62' lang='lat' dir='ltr'><strong>nondamnet,</strong></span> <span class='ocrx_word' id='word_1_485' title='bbox 1791 3786 1912 3862; x_wconf 80' lang='lat' dir='ltr'><strong>cum</strong></span> <span class='ocrx_word' id='word_1_486' title='bbox 1958 3791 2247 3862; x_wconf 87' lang='lat' dir='ltr'><strong>aliquando</strong></span> 
     </span>
    </p>
   </div>
   <div class='ocr_carea' id='block_1_70' title="bbox 650 3855 2252 3925">
    <p class='ocr_par' dir='ltr' id='par_1_70' title="bbox 650 3855 2252 3925">
     <span class='ocr_line' id='line_1_73' title="bbox 650 3855 2252 3925; baseline 0.002 -10"><span class='ocrx_word' id='word_1_487' title='bbox 650 3862 890 3925; x_wconf 77' lang='lat' dir='ltr'><strong>exigeret</strong></span> <span class='ocrx_word' id='word_1_488' title='bbox 914 3864 1006 3910; x_wconf 90' lang='lat' dir='ltr'><strong>aut</strong></span> <span class='ocrx_word' id='word_1_489' title='bbox 1046 3856 1297 3925; x_wconf 86' lang='lat' dir='ltr'><strong>cognatio</strong></span> <span class='ocrx_word' id='word_1_490' title='bbox 1324 3864 1416 3909; x_wconf 90' lang='lat' dir='ltr'><strong>aut</strong></span> <span class='ocrx_word' id='word_1_491' title='bbox 1441 3855 1601 3910; x_wconf 80' lang='lat' dir='ltr'><strong>ofﬁcii</strong></span> <span class='ocrx_word' id='word_1_492' title='bbox 1648 3859 1974 3925; x_wconf 89' lang='lat' dir='ltr'><strong>necessitas,</strong></span> <span class='ocrx_word' id='word_1_493' title='bbox 2030 3855 2122 3918; x_wconf 75' lang='lat' dir='ltr'><strong>aut</strong></span> <span class='ocrx_word' id='word_1_494' title='bbox 2149 3864 2252 3918; x_wconf 88' lang='lat' dir='ltr'><strong>ali-</strong></span> 
     </span>
    </p>
   </div>
   <div class='ocr_carea' id='block_1_71' title="bbox 651 3925 2245 4002">
    <p class='ocr_par' dir='ltr' id='par_1_71' title="bbox 651 3925 2245 4002">
     <span class='ocr_line' id='line_1_74' title="bbox 651 3925 2245 4002; baseline 0.003 -16"><span class='ocrx_word' id='word_1_495' title='bbox 651 3929 779 4002; x_wconf 86' lang='lat' dir='ltr'><strong>quid</strong></span> <span class='ocrx_word' id='word_1_496' title='bbox 800 3926 994 4002; x_wconf 81' lang='lat' dir='ltr'><strong>simile,</strong></span> <span class='ocrx_word' id='word_1_497' title='bbox 1024 3927 1274 4002; x_wconf 78' lang='lat' dir='ltr'><strong>prohibet</strong></span> <span class='ocrx_word' id='word_1_498' title='bbox 1293 3925 1652 4002; x_wconf 64' lang='lat' dir='ltr'><strong>damuabilem</strong></span> <span class='ocrx_word' id='word_1_499' title='bbox 1699 3928 1982 3998; x_wconf 86' lang='lat' dir='ltr'><strong>gentilium</strong></span> <span class='ocrx_word' id='word_1_500' title='bbox 2015 3932 2245 3991; x_wconf 91' lang='lat' dir='ltr'><strong>nitorem</strong></span> 
     </span>
    </p>
   </div>
   <div class='ocr_carea' id='block_1_72' title="bbox 651 3995 1521 4059">
    <p class='ocr_par' dir='ltr' id='par_1_72' title="bbox 651 3995 1521 4059">
     <span class='ocr_line' id='line_1_75' title="bbox 651 3995 1521 4059; baseline -0.011 0"><span class='ocrx_word' id='word_1_501' title='bbox 651 3995 705 4059; x_wconf 78' lang='lat' dir='ltr'><strong>in</strong></span> <span class='ocrx_word' id='word_1_502' title='bbox 734 3995 1042 4058; x_wconf 73' lang='lat' dir='ltr'><strong>christiana</strong></span> <span class='ocrx_word' id='word_1_503' title='bbox 1059 3997 1295 4054; x_wconf 80' lang='lat' dir='ltr'><strong>foemiua.</strong></span> <span class='ocrx_word' id='word_1_504' title='bbox 1330 3995 1406 4051; x_wconf 73' lang='lat' dir='ltr'><strong>Ls</strong></span> <span class='ocrx_word' id='word_1_505' title='bbox 1429 3996 1521 4053; x_wconf 77' lang='lat' dir='ltr'><strong>Pu.</strong></span> 
     </span>
    </p>
   </div>
   <div class='ocr_carea' id='block_1_73' title="bbox 723 4092 2243 4170">
    <p class='ocr_par' dir='ltr' id='par_1_73' title="bbox 723 4092 2243 4170">
     <span class='ocr_line' id='line_1_76' title="bbox 723 4092 2243 4170; baseline 0.002 -19"><span class='ocrx_word' id='word_1_506' title='bbox 723 4095 820 4170; x_wconf 89' lang='lat' dir='ltr'><strong>(b)_</strong></span> <span class='ocrx_word' id='word_1_507' title='bbox 831 4093 971 4170; x_wconf 72' lang='lat' dir='ltr'><strong>Non:</strong></span> <span class='ocrx_word' id='word_1_508' title='bbox 991 4093 1192 4170; x_wconf 71' lang='lat' dir='ltr'><strong>ei_vobi_s</strong></span> <span class='ocrx_word' id='word_1_509' title='bbox 1220 4092 1355 4170; x_wconf 71' lang='lat' dir='ltr'><strong>idem</strong></span> <span class='ocrx_word' id='word_1_510' title='bbox 1381 4107 1533 4170; x_wconf 55' lang='lat' dir='ltr'><strong>seiras</strong></span> <span class='ocrx_word' id='word_1_511' title='bbox 1547 4092 1635 4170; x_wconf 76' lang='lat' dir='ltr'><strong>qui</strong></span> <span class='ocrx_word' id='word_1_512' title='bbox 1662 4102 1708 4147; x_wconf 86' lang='lat' dir='ltr'><strong>et</strong></span> <span class='ocrx_word' id='word_1_513' title='bbox 1734 4092 1956 4170; x_wconf 74' lang='lat' dir='ltr'><strong>viria_._ld</strong></span> <span class='ocrx_word' id='word_1_514' title='bbox 1984 4105 2097 4164; x_wconf 89' lang='lat' dir='ltr'><strong>est,</strong></span> <span class='ocrx_word' id='word_1_515' title='bbox 2123 4099 2243 4154; x_wconf 88' lang='lat' dir='ltr'><strong>nul-</strong></span> 
     </span>
    </p>
   </div>
   <div class='ocr_carea' id='block_1_74' title="bbox 651 4163 2243 4236">
    <p class='ocr_par' dir='ltr' id='par_1_74' title="bbox 651 4163 2243 4236">
     <span class='ocr_line' id='line_1_77' title="bbox 651 4163 2243 4236; baseline 0 -13"><span class='ocrx_word' id='word_1_516' title='bbox 651 4163 758 4225; x_wconf 66' lang='lat' dir='ltr'><strong>lus&#39;.</strong></span> <span class='ocrx_word' id='word_1_517' title='bbox 786 4163 880 4223; x_wconf 89' lang='lat' dir='ltr'><strong>Sic</strong></span> <span class='ocrx_word' id='word_1_518' title='bbox 907 4166 1130 4222; x_wconf 91' lang='lat' dir='ltr'><strong>Ovidius</strong></span> <span class='ocrx_word' id='word_1_519' title='bbox 1158 4167 1209 4236; x_wconf 88' lang='lat' dir='ltr'><strong>in</strong></span> <span class='ocrx_word' id='word_1_520' title='bbox 1230 4164 1489 4236; x_wconf 81' lang='lat' dir='ltr'><strong>Convivia</strong></span> <span class='ocrx_word' id='word_1_521' title='bbox 1509 4163 1818 4236; x_wconf 80' lang='lat' dir='ltr'><strong>.iovisapud</strong></span> <span class='ocrx_word' id='word_1_522' title='bbox 1840 4163 2206 4225; x_wconf 83' lang='lat' dir='ltr'><strong>Philemonem</strong></span> <span class='ocrx_word' id='word_1_523' title='bbox 2226 4210 2243 4235; x_wconf 92' lang='lat'><strong>,</strong></span> 
     </span>
    </p>
   </div>
   <div class='ocr_carea' id='block_1_75' title="bbox 654 4233 2243 4310">
    <p class='ocr_par' dir='ltr' id='par_1_75' title="bbox 654 4233 2243 4310">
     <span class='ocr_line' id='line_1_78' title="bbox 654 4233 2243 4310; baseline 0.001 -16"><span class='ocrx_word' id='word_1_524' title='bbox 654 4248 937 4310; x_wconf 87' lang='lat' dir='ltr'><strong>postquam</strong></span> <span class='ocrx_word' id='word_1_525' title='bbox 959 4237 1092 4310; x_wconf 84' lang='lat' dir='ltr'><strong>dixit</strong></span> <span class='ocrx_word' id='word_1_526' title='bbox 1116 4235 1291 4310; x_wconf 87' lang='lat' dir='ltr'><strong>edulia</strong></span> <span class='ocrx_word' id='word_1_527' title='bbox 1310 4235 1488 4310; x_wconf 81' lang='lat' dir='ltr'><strong>omnia</strong></span> <span class='ocrx_word' id='word_1_528' title='bbox 1512 4233 1762 4292; x_wconf 77' lang='lat' dir='ltr'><strong>ﬁctilibus</strong></span> <span class='ocrx_word' id='word_1_529' title='bbox 1779 4236 1958 4306; x_wconf 86' lang='lat' dir='ltr'><strong>illata;</strong></span> <span class='ocrx_word' id='word_1_530' title='bbox 1986 4233 2243 4307; x_wconf 75' lang='lat' dir='ltr'><strong>Post/two,</strong></span> 
     </span>
    </p>
   </div>
   <div class='ocr_carea' id='block_1_76' title="bbox 650 4307 2248 4380">
    <p class='ocr_par' dir='ltr' id='par_1_76' title="bbox 650 4307 2248 4380">
     <span class='ocr_line' id='line_1_79' title="bbox 650 4307 2248 4380; baseline 0.002 -15"><span class='ocrx_word' id='word_1_531' title='bbox 650 4307 852 4380; x_wconf 82' lang='lat' dir='ltr'><strong>inquit,</strong></span> <span class='ocrx_word' id='word_1_532' title='bbox 885 4307 1092 4364; x_wconf 73' lang='lat' dir='ltr'><strong>cwlatus</strong></span> <span class='ocrx_word' id='word_1_533' title='bbox 1117 4308 1289 4363; x_wconf 86' lang='lat' dir='ltr'><strong>eodem</strong></span> <span class='ocrx_word' id='word_1_534' title='bbox 1314 4308 1510 4380; x_wconf 76' lang='lat' dir='ltr'><strong>sistitur</strong></span> <span class='ocrx_word' id='word_1_535' title='bbox 1548 4317 1760 4380; x_wconf 78' lang='lat' dir='ltr'><strong>argento</strong></span> <span class='ocrx_word' id='word_1_536' title='bbox 1788 4317 1954 4365; x_wconf 86' lang='lat' dir='ltr'><strong>crater</strong></span> <span class='ocrx_word' id='word_1_537' title='bbox 1985 4326 2004 4364; x_wconf 91' lang='lat'><strong><em>:</em></strong></span> <span class='ocrx_word' id='word_1_538' title='bbox 2039 4310 2142 4367; x_wconf 90' lang='lat' dir='ltr'><strong>hoc</strong></span> <span class='ocrx_word' id='word_1_539' title='bbox 2164 4320 2248 4368; x_wconf 86' lang='lat' dir='ltr'><strong>est</strong></span> 
     </span>
    </p>
   </div>
   <div class='ocr_carea' id='block_1_77' title="bbox 653 4378 2250 4451">
    <p class='ocr_par' dir='ltr' id='par_1_77' title="bbox 653 4378 2250 4451">
     <span class='ocr_line' id='line_1_80' title="bbox 653 4378 2250 4451; baseline 0.001 -15"><span class='ocrx_word' id='word_1_540' title='bbox 653 4378 831 4444; x_wconf 87' lang='lat' dir='ltr'><strong>nullo;</strong></span> <span class='ocrx_word' id='word_1_541' title='bbox 863 4393 987 4435; x_wconf 88' lang='lat' dir='ltr'><strong>nam</strong></span> <span class='ocrx_word' id='word_1_542' title='bbox 1037 4388 1152 4451; x_wconf 80' lang='lat' dir='ltr'><strong>erat</strong></span> <span class='ocrx_word' id='word_1_543' title='bbox 1191 4394 1402 4451; x_wconf 84' lang='lat' dir='ltr'><strong>quoque</strong></span> <span class='ocrx_word' id='word_1_544' title='bbox 1433 4378 1611 4451; x_wconf 82' lang='lat' dir='ltr'><strong>ﬁctilis</strong></span> <span class='ocrx_word' id='word_1_545' title='bbox 1641 4388 1835 4435; x_wconf 87' lang='lat' dir='ltr'><strong>crater.</strong></span> <span class='ocrx_word' id='word_1_546' title='bbox 1858 4380 2041 4451; x_wconf 88' lang='lat' dir='ltr'><strong>Itaque</strong></span> <span class='ocrx_word' id='word_1_547' title='bbox 2069 4382 2155 4439; x_wconf 89' lang='lat' dir='ltr'><strong>hic</strong></span> <span class='ocrx_word' id='word_1_548' title='bbox 2175 4384 2250 4438; x_wconf 89' lang='lat' dir='ltr'><strong>ait</strong></span> 
     </span>
    </p>
   </div>
   <div class='ocr_carea' id='block_1_78' title="bbox 654 4449 2248 4521">
    <p class='ocr_par' dir='ltr' id='par_1_78' title="bbox 654 4449 2248 4521">
     <span class='ocr_line' id='line_1_81' title="bbox 654 4449 2248 4521; baseline 0.003 -14"><span class='ocrx_word' id='word_1_549' title='bbox 654 4452 1046 4516; x_wconf 88' lang='lat' dir='ltr'><strong>Tertullianus,</strong></span> <span class='ocrx_word' id='word_1_550' title='bbox 1110 4449 1347 4521; x_wconf 72' lang='lat' dir='ltr'><strong>[muttinis</strong></span> <span class='ocrx_word' id='word_1_551' title='bbox 1391 4450 1531 4506; x_wconf 71' lang='lat' dir='ltr'><strong>caelo</strong></span> <span class='ocrx_word' id='word_1_552' title='bbox 1578 4451 1809 4521; x_wconf 88' lang='lat' dir='ltr'><strong>receptis</strong></span> <span class='ocrx_word' id='word_1_553' title='bbox 1844 4449 2092 4511; x_wconf 82' lang='lat' dir='ltr'><strong>eumdem</strong></span> <span class='ocrx_word' id='word_1_554' title='bbox 2132 4454 2248 4511; x_wconf 78' lang='lat' dir='ltr'><strong>fore</strong></span> 
     </span>
    </p>
   </div>
   <div class='ocr_carea' id='block_1_79' title="bbox 652 4510 2329 4593">
    <p class='ocr_par' dir='ltr' id='par_1_79' title="bbox 652 4510 2329 4593">
     <span class='ocr_line' id='line_1_82' title="bbox 652 4510 2329 4593; baseline 0.001 -15"><span class='ocrx_word' id='word_1_555' title='bbox 652 4539 839 4579; x_wconf 78' lang='lat' dir='ltr'><strong>sexum</strong></span> <span class='ocrx_word' id='word_1_556' title='bbox 856 4510 1119 4593; x_wconf 79' lang='lat' dir='ltr'><strong>quiviris,</strong></span> <span class='ocrx_word' id='word_1_557' title='bbox 1136 4520 1239 4577; x_wconf 88' lang='lat' dir='ltr'><strong>hoc</strong></span> <span class='ocrx_word' id='word_1_558' title='bbox 1251 4530 1359 4593; x_wconf 68' lang='lat' dir='ltr'><strong>est,</strong></span> <span class='ocrx_word' id='word_1_559' title='bbox 1372 4523 1612 4593; x_wconf 82' lang='lat' dir='ltr'><strong>nullum;</strong></span> <span class='ocrx_word' id='word_1_560' title='bbox 1642 4510 1765 4575; x_wconf 69' lang='lat' dir='ltr'><strong>na&#39;m</strong></span> <span class='ocrx_word' id='word_1_561' title='bbox 1785 4530 1840 4576; x_wconf 91' lang='lat' dir='ltr'><strong>et</strong></span> <span class='ocrx_word' id='word_1_562' title='bbox 1856 4524 1983 4579; x_wconf 86' lang='lat' dir='ltr'><strong>viris</strong></span> <span class='ocrx_word' id='word_1_563' title='bbox 2005 4510 2252 4580; x_wconf 47' lang='lat' dir='ltr'><strong>nonadeé</strong></span> <span class='ocrx_word' id='word_1_564' title='bbox 2274 4510 2329 4571; x_wconf 83' lang='lat' dir='ltr'><strong>D</strong></span> 
     </span>
    </p>
   </div>
   <div class='ocr_carea' id='block_1_80' title="bbox 652 4591 2244 4663">
    <p class='ocr_par' dir='ltr' id='par_1_80' title="bbox 652 4591 2244 4663">
     <span class='ocr_line' id='line_1_83' title="bbox 652 4591 2244 4663; baseline 0.001 -13"><span class='ocrx_word' id='word_1_565' title='bbox 652 4597 725 4650; x_wconf 91' lang='lat' dir='ltr'><strong>rit</strong></span> <span class='ocrx_word' id='word_1_566' title='bbox 752 4591 1157 4663; x_wconf 80' lang='lat' dir='ltr'><strong>suus.Uterque</strong></span> <span class='ocrx_word' id='word_1_567' title='bbox 1176 4591 1619 4663; x_wconf 88' lang='lat' dir='ltr'><strong>despoliabuntur</strong></span> <span class='ocrx_word' id='word_1_568' title='bbox 1642 4607 1783 4663; x_wconf 80' lang='lat' dir='ltr'><strong>sexu</strong></span> <span class='ocrx_word' id='word_1_569' title='bbox 1801 4607 1900 4649; x_wconf 89' lang='lat' dir='ltr'><strong>suo</strong></span> <span class='ocrx_word' id='word_1_570' title='bbox 1924 4611 1937 4646; x_wconf 92' lang='lat'><strong>:</strong></span> <span class='ocrx_word' id='word_1_571' title='bbox 1969 4605 2127 4650; x_wconf 89' lang='lat' dir='ltr'><strong>erunt</strong></span> <span class='ocrx_word' id='word_1_572' title='bbox 2172 4596 2244 4652; x_wconf 91' lang='lat' dir='ltr'><strong>si-</strong></span> 
     </span>
    </p>
   </div>
   <div class='ocr_carea' id='block_1_81' title="bbox 655 4662 2245 4736">
    <p class='ocr_par' dir='ltr' id='par_1_81' title="bbox 655 4662 2245 4736">
     <span class='ocr_line' id='line_1_84' title="bbox 655 4662 2245 4736; baseline -0.001 -13"><span class='ocrx_word' id='word_1_573' title='bbox 655 4675 749 4723; x_wconf 91' lang='lat' dir='ltr'><strong>cut</strong></span> <span class='ocrx_word' id='word_1_574' title='bbox 767 4666 939 4736; x_wconf 80' lang='lat' dir='ltr'><strong>angeli</strong></span> <span class='ocrx_word' id='word_1_575' title='bbox 957 4707 971 4729; x_wconf 93' lang='lat'><strong>,</strong></span> <span class='ocrx_word' id='word_1_576' title='bbox 996 4662 1101 4720; x_wconf 89' lang='lat' dir='ltr'><strong>non</strong></span> <span class='ocrx_word' id='word_1_577' title='bbox 1129 4665 1385 4736; x_wconf 79' lang='lat' dir='ltr'><strong>angelus,</strong></span> <span class='ocrx_word' id='word_1_578' title='bbox 1403 4677 1512 4736; x_wconf 79' lang='lat' dir='ltr'><strong>non</strong></span> <span class='ocrx_word' id='word_1_579' title='bbox 1538 4663 1745 4732; x_wconf 86' lang='lat' dir='ltr'><strong>angela.</strong></span> <span class='ocrx_word' id='word_1_580' title='bbox 1765 4662 1854 4719; x_wconf 92' lang='lat' dir='ltr'><strong>Sic</strong></span> <span class='ocrx_word' id='word_1_581' title='bbox 1884 4665 2029 4735; x_wconf 91' lang='lat' dir='ltr'><strong>ipse,</strong></span> <span class='ocrx_word' id='word_1_582' title='bbox 2055 4667 2245 4722; x_wconf 83' lang='lat' dir='ltr'><strong>adver-</strong></span> 
     </span>
    </p>
   </div>
   <div class='ocr_carea' id='block_1_82' title="bbox 655 4733 2243 4804">
    <p class='ocr_par' dir='ltr' id='par_1_82' title="bbox 655 4733 2243 4804">
     <span class='ocr_line' id='line_1_85' title="bbox 655 4733 2243 4804; baseline 0.001 -11"><span class='ocrx_word' id='word_1_583' title='bbox 655 4753 749 4794; x_wconf 92' lang='lat' dir='ltr'><strong>sus</strong></span> <span class='ocrx_word' id='word_1_584' title='bbox 797 4733 1229 4801; x_wconf 59' lang='lat' dir='ltr'><strong>valentinianosj</strong></span> <span class='ocrx_word' id='word_1_585' title='bbox 1253 4733 1534 4804; x_wconf 89' lang='lat' dir='ltr'><strong>utrobique</strong></span> <span class='ocrx_word' id='word_1_586' title='bbox 1561 4744 1762 4800; x_wconf 86' lang='lat' dir='ltr'><strong>autem,</strong></span> <span class='ocrx_word' id='word_1_587' title='bbox 1787 4733 2052 4792; x_wconf 82' lang='lat' dir='ltr'><strong>vocabulo</strong></span> <span class='ocrx_word' id='word_1_588' title='bbox 2081 4753 2243 4795; x_wconf 77' lang='lat' dir='ltr'><strong>sexus</strong></span> 
     </span>
    </p>
   </div>
   <div class='ocr_carea' id='block_1_83' title="bbox 655 4804 2243 4878">
    <p class='ocr_par' dir='ltr' id='par_1_83' title="bbox 655 4804 2243 4878">
     <span class='ocr_line' id='line_1_86' title="bbox 655 4804 2243 4878; baseline -0.001 -13"><span class='ocrx_word' id='word_1_589' title='bbox 655 4810 831 4865; x_wconf 83' lang='lat' dir='ltr'><strong>ofﬁcia</strong></span> <span class='ocrx_word' id='word_1_590' title='bbox 860 4821 1083 4863; x_wconf 82' lang='lat' dir='ltr'><strong>sexuum</strong></span> <span class='ocrx_word' id='word_1_591' title='bbox 1108 4804 1402 4878; x_wconf 88' lang='lat' dir='ltr'><strong>signiﬁcat,</strong></span> <span class='ocrx_word' id='word_1_592' title='bbox 1452 4820 1560 4878; x_wconf 82' lang='lat' dir='ltr'><strong>non</strong></span> <span class='ocrx_word' id='word_1_593' title='bbox 1590 4806 1790 4861; x_wconf 81' lang='lat' dir='ltr'><strong>formas</strong></span> <span class='ocrx_word' id='word_1_594' title='bbox 1818 4820 2044 4863; x_wconf 76' lang='lat' dir='ltr'><strong>sexuum</strong></span> <span class='ocrx_word' id='word_1_595' title='bbox 2086 4818 2243 4864; x_wconf 87' lang='lat' dir='ltr'><strong>uatu-</strong></span> 
     </span>
    </p>
   </div>
   <div class='ocr_carea' id='block_1_84' title="bbox 654 4875 2235 4949">
    <p class='ocr_par' dir='ltr' id='par_1_84' title="bbox 654 4875 2235 4949">
     <span class='ocr_line' id='line_1_87' title="bbox 654 4875 2235 4949; baseline -0.001 -12"><span class='ocrx_word' id='word_1_596' title='bbox 654 4881 816 4937; x_wconf 88' lang='lat' dir='ltr'><strong>rales.</strong></span> <span class='ocrx_word' id='word_1_597' title='bbox 872 4879 1087 4937; x_wconf 87' lang='lat' dir='ltr'><strong>Etenim</strong></span> <span class='ocrx_word' id='word_1_598' title='bbox 1117 4875 1386 4934; x_wconf 79' lang='lat' dir='ltr'><strong>redituras</strong></span> <span class='ocrx_word' id='word_1_599' title='bbox 1413 4875 1480 4932; x_wconf 91' lang='lat' dir='ltr'><strong>ad</strong></span> <span class='ocrx_word' id='word_1_600' title='bbox 1509 4890 1605 4932; x_wconf 90' lang='lat' dir='ltr'><strong>sua</strong></span> <span class='ocrx_word' id='word_1_601' title='bbox 1635 4891 1858 4949; x_wconf 88' lang='lat' dir='ltr'><strong>corpora</strong></span> <span class='ocrx_word' id='word_1_602' title='bbox 1881 4878 2235 4949; x_wconf 89' lang='lat' dir='ltr'><strong>demonstrat,</strong></span> 
     </span>
    </p>
   </div>
   <div class='ocr_carea' id='block_1_85' title="bbox 554 4945 1213 5008">
    <p class='ocr_par' dir='ltr' id='par_1_85' title="bbox 554 4945 1213 5008">
     <span class='ocr_line' id='line_1_88' title="bbox 554 4945 1213 5008; baseline -0.005 -2"><span class='ocrx_word' id='word_1_603' title='bbox 554 4945 573 4966; x_wconf 80' lang='grc'><strong><em>⁸</em></strong></span> <span class='ocrx_word' id='word_1_604' title='bbox 656 4953 747 5008; x_wconf 88' lang='lat' dir='ltr'><strong>lib.</strong></span> <span class='ocrx_word' id='word_1_605' title='bbox 779 4951 847 5007; x_wconf 87' lang='lat' dir='ltr'><strong>de</strong></span> <span class='ocrx_word' id='word_1_606' title='bbox 871 4951 1064 5007; x_wconf 81' lang='lat' dir='ltr'><strong>Resur.</strong></span> <span class='ocrx_word' id='word_1_607' title='bbox 1092 4949 1213 5006; x_wconf 83' lang='lat' dir='ltr'><strong>Rte.</strong></span> 
     </span>
    </p>
   </div>
   <div class='ocr_carea' id='block_1_86' title="bbox 2349 3432 3951 3510">
    <p class='ocr_par' dir='ltr' id='par_1_86' title="bbox 2349 3432 3951 3510">
     <span class='ocr_line' id='line_1_89' title="bbox 2349 3432 3951 3510; baseline -0.004 -14"><span class='ocrx_word' id='word_1_608' title='bbox 2349 3432 2592 3497; x_wconf 65' lang='lat' dir='ltr'><strong>dmorttm</strong></span> <span class='ocrx_word' id='word_1_609' title='bbox 2614 3447 2770 3510; x_wconf 84' lang='lat' dir='ltr'><strong>gente</strong></span> <span class='ocrx_word' id='word_1_610' title='bbox 2798 3458 2809 3492; x_wconf 90' lang='lat'><strong>:</strong></span> <span class='ocrx_word' id='word_1_611' title='bbox 2848 3434 3094 3510; x_wconf 64' lang='lat' dir='ltr'><strong>Quidest</strong></span> <span class='ocrx_word' id='word_1_612' title='bbox 3118 3432 3263 3510; x_wconf 82' lang='lat' dir='ltr'><strong>aliud</strong></span> <span class='ocrx_word' id='word_1_613' title='bbox 3288 3433 3439 3510; x_wconf 78' lang='lat' dir='ltr'><strong>hodie</strong></span> <span class='ocrx_word' id='word_1_614' title='bbox 3483 3449 3605 3510; x_wconf 74' lang='lat' dir='ltr'><strong>gens</strong></span> <span class='ocrx_word' id='word_1_615' title='bbox 3647 3434 3760 3510; x_wconf 61' lang='lat' dir='ltr'><strong>ipsa</strong></span> <span class='ocrx_word' id='word_1_616' title='bbox 3780 3475 3795 3499; x_wconf 93' lang='lat'><strong>,</strong></span> <span class='ocrx_word' id='word_1_617' title='bbox 3844 3434 3951 3489; x_wconf 74' lang='lat' dir='ltr'><strong>nisi</strong></span> 
     </span>
    </p>
   </div>
   <div class='ocr_carea' id='block_1_87' title="bbox 2351 3503 3951 3585">
    <p class='ocr_par' dir='ltr' id='par_1_87' title="bbox 2351 3503 3951 3585">
     <span class='ocr_line' id='line_1_90' title="bbox 2351 3503 3951 3585; baseline -0.006 -18"><span class='ocrx_word' id='word_1_618' title='bbox 2351 3513 2588 3585; x_wconf 63' lang='lat' dir='ltr'><strong>quietiam</strong></span> <span class='ocrx_word' id='word_1_619' title='bbox 2616 3503 2899 3585; x_wconf 57' lang='lat' dir='ltr'><strong>&#39;scriniaria</strong></span> <span class='ocrx_word' id='word_1_620' title='bbox 2941 3503 3867 3585; x_wconf 16' lang='lat' dir='ltr'><strong>Christianorum,‘heiulansiLegem</strong></span> <span class='ocrx_word' id='word_1_621' title='bbox 3899 3513 3951 3585; x_wconf 74' lang='lat' dir='ltr'><strong>et</strong></span> 
     </span>
    </p>
   </div>
   <div class='ocr_carea' id='block_1_88' title="bbox 2356 3575 3951 3655">
    <p class='ocr_par' dir='ltr' id='par_1_88' title="bbox 2356 3575 3951 3655">
     <span class='ocr_line' id='line_1_91' title="bbox 2356 3575 3951 3655; baseline -0.006 -16"><span class='ocrx_word' id='word_1_622' title='bbox 2356 3575 2682 3655; x_wconf 75' lang='lat' dir='ltr'><strong>Prophetas,</strong></span> <span class='ocrx_word' id='word_1_623' title='bbox 2721 3581 2790 3634; x_wconf 86' lang='lat' dir='ltr'><strong>ad</strong></span> <span class='ocrx_word' id='word_1_624' title='bbox 2838 3578 3185 3633; x_wconf 81' lang='lat' dir='ltr'><strong>testimonium</strong></span> <span class='ocrx_word' id='word_1_625' title='bbox 3225 3577 3524 3630; x_wconf 75' lang='lat' dir='ltr'><strong>asaertionis</strong></span> <span class='ocrx_word' id='word_1_626' title='bbox 3560 3575 3807 3655; x_wconf 56' lang='lat' dir='ltr'><strong>Ecclesiae</strong></span> <span class='ocrx_word' id='word_1_627' title='bbox 3832 3584 3951 3655; x_wconf 49' lang='lat' dir='ltr'><strong>,“ut</strong></span> 
     </span>
    </p>
   </div>
   <div class='ocr_carea' id='block_1_89' title="bbox 2342 3647 3953 3720">
    <p class='ocr_par' dir='ltr' id='par_1_89' title="bbox 2342 3647 3953 3720">
     <span class='ocr_line' id='line_1_92' title="bbox 2342 3647 3953 3720; baseline -0.006 -9"><span class='ocrx_word' id='word_1_628' title='bbox 2342 3674 2434 3711; x_wconf 82' lang='lat' dir='ltr'><strong>nos</strong></span> <span class='ocrx_word' id='word_1_629' title='bbox 2472 3647 2785 3709; x_wconf 57' lang='lat' dir='ltr'><strong>&#39;ltonoremns</strong></span> <span class='ocrx_word' id='word_1_630' title='bbox 2840 3666 2928 3720; x_wconf 79' lang='lat' dir='ltr'><strong>per</strong></span> <span class='ocrx_word' id='word_1_631' title='bbox 2978 3657 3394 3720; x_wconf 39' lang='lat' dir='ltr'><strong>sacramentum)</strong></span> <span class='ocrx_word' id='word_1_632' title='bbox 3441 3647 3579 3720; x_wconf 75' lang='lat' dir='ltr'><strong>quod</strong></span> <span class='ocrx_word' id='word_1_633' title='bbox 3617 3648 3820 3701; x_wconf 68' lang='lat' dir='ltr'><strong>numiui</strong></span> <span class='ocrx_word' id='word_1_634' title='bbox 3855 3647 3953 3720; x_wconf 75' lang='lat' dir='ltr'><strong>illa</strong></span> 
     </span>
    </p>
   </div>
   <div class='ocr_carea' id='block_1_90' title="bbox 2351 3716 3952 3795">
    <p class='ocr_par' dir='ltr' id='par_1_90' title="bbox 2351 3716 3952 3795">
     <span class='ocr_line' id='line_1_93' title="bbox 2351 3716 3952 3795; baseline -0.007 -14"><span class='ocrx_word' id='word_1_635' title='bbox 2351 3744 2439 3795; x_wconf 82' lang='lat' dir='ltr'><strong>per</strong></span> <span class='ocrx_word' id='word_1_636' title='bbox 2469 3724 2731 3780; x_wconf 82' lang='lat' dir='ltr'><strong>litteram?</strong></span> <span class='ocrx_word' id='word_1_637' title='bbox 2774 3716 2955 3795; x_wconf 57' lang='grc' dir='ltr'><strong>Μ’ρμ</strong></span> <span class='ocrx_word' id='word_1_638' title='bbox 2984 3719 3120 3795; x_wconf 75' lang='lat' dir='ltr'><strong>psal.</strong></span> <span class='ocrx_word' id='word_1_639' title='bbox 3146 3718 3261 3795; x_wconf 80' lang='lat' dir='ltr'><strong>LVi</strong></span> <span class='ocrx_word' id='word_1_640' title='bbox 3286 3736 3315 3795; x_wconf 34' lang='grc' dir='ltr'><strong>ξ.</strong></span> <span class='ocrx_word' id='word_1_641' title='bbox 3349 3716 3589 3795; x_wconf 69' lang='lat' dir='ltr'><strong>codicem</strong></span> <span class='ocrx_word' id='word_1_642' title='bbox 3622 3728 3805 3795; x_wconf 65' lang='lat' dir='ltr'><strong>portat</strong></span> <span class='ocrx_word' id='word_1_643' title='bbox 3843 3716 3952 3771; x_wconf 77' lang='lat' dir='ltr'><strong>Ju-</strong></span> 
     </span>
    </p>
   </div>
   <div class='ocr_carea' id='block_1_91' title="bbox 2349 3788 3952 3857">
    <p class='ocr_par' dir='ltr' id='par_1_91' title="bbox 2349 3788 3952 3857">
     <span class='ocr_line' id='line_1_94' title="bbox 2349 3788 3952 3857; baseline -0.007 -5"><span class='ocrx_word' id='word_1_644' title='bbox 2349 3788 2492 3852; x_wconf 73' lang='lat' dir='ltr'><strong>dazus</strong></span> <span class='ocrx_word' id='word_1_645' title='bbox 2520 3798 2656 3850; x_wconf 86' lang='lat' dir='ltr'><strong>unde</strong></span> <span class='ocrx_word' id='word_1_646' title='bbox 2679 3794 2849 3849; x_wconf 82' lang='lat' dir='ltr'><strong>credat</strong></span> <span class='ocrx_word' id='word_1_647' title='bbox 2873 3790 3213 3846; x_wconf 76' lang='lat' dir='ltr'><strong>Christianus.</strong></span> <span class='ocrx_word' id='word_1_648' title='bbox 3234 3788 3455 3843; x_wconf 83' lang='lat' dir='ltr'><strong>Librarii</strong></span> <span class='ocrx_word' id='word_1_649' title='bbox 3475 3789 3633 3841; x_wconf 83' lang='lat' dir='ltr'><strong>nostri</strong></span> <span class='ocrx_word' id='word_1_650' title='bbox 3657 3788 3780 3857; x_wconf 80' lang='lat' dir='ltr'><strong>facti</strong></span> <span class='ocrx_word' id='word_1_651' title='bbox 3796 3798 3952 3853; x_wconf 81' lang='lat' dir='ltr'><strong>sunt,</strong></span> 
     </span>
    </p>
   </div>
   <div class='ocr_carea' id='block_1_92' title="bbox 2349 3860 3957 3940">
    <p class='ocr_par' dir='ltr' id='par_1_92' title="bbox 2349 3860 3957 3940">
     <span class='ocr_line' id='line_1_95' title="bbox 2349 3860 3957 3940; baseline -0.006 -16"><span class='ocrx_word' id='word_1_652' title='bbox 2349 3867 2793 3940; x_wconf 71' lang='lat' dir='ltr'><strong>quomodo-solent</strong></span> <span class='ocrx_word' id='word_1_653' title='bbox 2826 3863 2956 3940; x_wconf 80' lang='lat' dir='ltr'><strong>serui</strong></span> <span class='ocrx_word' id='word_1_654' title='bbox 2970 3870 3093 3940; x_wconf 56' lang='lat' dir='ltr'><strong>post</strong></span> <span class='ocrx_word' id='word_1_655' title='bbox 3123 3861 3355 3940; x_wconf 72' lang='lat' dir='ltr'><strong>dominos</strong></span> <span class='ocrx_word' id='word_1_656' title='bbox 3383 3860 3584 3940; x_wconf 55' lang='lat' dir='ltr'><strong>(indices</strong></span> <span class='ocrx_word' id='word_1_657' title='bbox 3596 3863 3732 3940; x_wconf 59' lang='lat' dir='ltr'><strong>[ferre</strong></span> <span class='ocrx_word' id='word_1_658' title='bbox 3755 3876 3773 3913; x_wconf 92' lang='lat'><em>:</em></span> <span class='ocrx_word' id='word_1_659' title='bbox 3795 3871 3851 3940; x_wconf 53' lang='lat' dir='ltr'><strong>ut</strong></span> <span class='ocrx_word' id='word_1_660' title='bbox 3872 3861 3957 3940; x_wconf 61' lang='lat' dir='ltr'><strong>illi</strong></span> 
     </span>
    </p>
   </div>
   <div class='ocr_carea' id='block_1_93' title="bbox 2354 3927 3945 4008">
    <p class='ocr_par' dir='ltr' id='par_1_93' title="bbox 2354 3927 3945 4008">
     <span class='ocr_line' id='line_1_96' title="bbox 2354 3927 3945 4008; baseline -0.006 -14"><span class='ocrx_word' id='word_1_661' title='bbox 2354 3927 2607 4008; x_wconf 71' lang='lat' dir='ltr'><strong>portando</strong></span> <span class='ocrx_word' id='word_1_662' title='bbox 2638 3938 2909 4008; x_wconf 79' lang='lat' dir='ltr'><strong>deﬁciant,</strong></span> <span class='ocrx_word' id='word_1_663' title='bbox 2940 3927 3568 4008; x_wconf 69' lang='lat' dir='ltr'><strong>illiiegendoproﬁciant.</strong></span> <span class='ocrx_word' id='word_1_664' title='bbox 3594 3927 3659 3985; x_wconf 80' lang='lat' dir='ltr'><strong>Et</strong></span> <span class='ocrx_word' id='word_1_665' title='bbox 3682 3972 3697 3996; x_wconf 95' lang='lat'><strong>,</strong></span> <span class='ocrx_word' id='word_1_666' title='bbox 3719 3932 3769 3984; x_wconf 89' lang='lat' dir='ltr'><strong>in</strong></span> <span class='ocrx_word' id='word_1_667' title='bbox 3783 3932 3945 4008; x_wconf 78' lang='lat' dir='ltr'><strong>_P_saL</strong></span> 
     </span>
    </p>
   </div>
   <div class='ocr_carea' id='block_1_94' title="bbox 2353 4001 3953 4077">
    <p class='ocr_par' dir='ltr' id='par_1_94' title="bbox 2353 4001 3953 4077">
     <span class='ocr_line' id='line_1_97' title="bbox 2353 4001 3953 4077; baseline -0.008 -10"><span class='ocrx_word' id='word_1_668' title='bbox 2353 4001 2512 4067; x_wconf 80' lang='lat' dir='ltr'><strong>LVIII</strong></span> <span class='ocrx_word' id='word_1_669' title='bbox 2542 4026 2560 4064; x_wconf 92' lang='lat'><strong><em>:</em></strong></span> <span class='ocrx_word' id='word_1_670' title='bbox 2593 4001 2712 4077; x_wconf 77' lang='lat' dir='ltr'><strong>Ipsi</strong></span> <span class='ocrx_word' id='word_1_671' title='bbox 2734 4006 2916 4060; x_wconf 86' lang='lat' dir='ltr'><strong>habent</strong></span> <span class='ocrx_word' id='word_1_672' title='bbox 2942 4001 3139 4077; x_wconf 65' lang='lat' dir='ltr'><strong>codices</strong></span> <span class='ocrx_word' id='word_1_673' title='bbox 3160 4003 3295 4077; x_wconf 82' lang='lat' dir='ltr'><strong>unde</strong></span> <span class='ocrx_word' id='word_1_674' title='bbox 3324 4002 3651 4077; x_wconf 59' lang='lat' dir='ltr'><strong>map/retains</strong></span> <span class='ocrx_word' id='word_1_675' title='bbox 3677 4012 3751 4077; x_wconf 73' lang='lat' dir='ltr'><strong>est</strong></span> <span class='ocrx_word' id='word_1_676' title='bbox 3772 4001 3953 4077; x_wconf 62' lang='lat' dir='ltr'><strong>Cirris-</strong></span> 
     </span>
    </p>
   </div>
   <div class='ocr_carea' id='block_1_95' title="bbox 2354 4072 3955 4147">
    <p class='ocr_par' dir='ltr' id='par_1_95' title="bbox 2354 4072 3955 4147">
     <span class='ocr_line' id='line_1_98' title="bbox 2354 4072 3955 4147; baseline -0.005 -11"><span class='ocrx_word' id='word_1_677' title='bbox 2354 4092 2433 4137; x_wconf 77' lang='lat' dir='ltr'><strong>tua</strong></span> <span class='ocrx_word' id='word_1_678' title='bbox 2456 4122 2471 4147; x_wconf 87' lang='lat'><strong>,</strong></span> <span class='ocrx_word' id='word_1_679' title='bbox 2496 4091 2542 4136; x_wconf 88' lang='lat' dir='ltr'><strong>et</strong></span> <span class='ocrx_word' id='word_1_680' title='bbox 2567 4072 2660 4135; x_wconf 82' lang='lat' dir='ltr'><strong>nos</strong></span> <span class='ocrx_word' id='word_1_681' title='bbox 2682 4088 2906 4133; x_wconf 84' lang='lat' dir='ltr'><strong>tenemus</strong></span> <span class='ocrx_word' id='word_1_682' title='bbox 2929 4074 3207 4147; x_wconf 67' lang='lat' dir='ltr'><strong>Christiani.</strong></span> <span class='ocrx_word' id='word_1_683' title='bbox 3230 4072 3383 4147; x_wconf 73' lang='lat' dir='ltr'><strong>Quod</strong></span> <span class='ocrx_word' id='word_1_684' title='bbox 3414 4073 3489 4127; x_wconf 84' lang='lat' dir='ltr'><strong>ait</strong></span> <span class='ocrx_word' id='word_1_685' title='bbox 3518 4073 3861 4147; x_wconf 70' lang='lat' dir='ltr'><strong>Augustinus</strong></span> <span class='ocrx_word' id='word_1_686' title='bbox 3883 4072 3955 4147; x_wconf 75' lang='lat' dir='ltr'><strong>(ie</strong></span> 
     </span>
    </p>
   </div>
   <div class='ocr_carea' id='block_1_96' title="bbox 2351 4144 3952 4222">
    <p class='ocr_par' dir='ltr' id='par_1_96' title="bbox 2351 4144 3952 4222">
     <span class='ocr_line' id='line_1_99' title="bbox 2351 4144 3952 4222; baseline -0.007 -14"><span class='ocrx_word' id='word_1_687' title='bbox 2351 4144 2523 4208; x_wconf 78' lang='lat' dir='ltr'><strong>servis</strong></span> <span class='ocrx_word' id='word_1_688' title='bbox 2567 4152 2656 4222; x_wconf 92' lang='lat' dir='ltr'><strong>qui</strong></span> <span class='ocrx_word' id='word_1_689' title='bbox 2687 4157 2810 4222; x_wconf 83' lang='lat' dir='ltr'><strong>post</strong></span> <span class='ocrx_word' id='word_1_690' title='bbox 2827 4146 3076 4222; x_wconf 84' lang='lat' dir='ltr'><strong>dominos</strong></span> <span class='ocrx_word' id='word_1_691' title='bbox 3092 4144 3305 4200; x_wconf 89' lang='lat' dir='ltr'><strong>codices</strong></span> <span class='ocrx_word' id='word_1_692' title='bbox 3332 4144 3507 4222; x_wconf 72' lang='lat' dir='ltr'><strong>ferunt</strong></span> <span class='ocrx_word' id='word_1_693' title='bbox 3525 4187 3541 4211; x_wconf 93' lang='lat'><strong>,</strong></span> <span class='ocrx_word' id='word_1_694' title='bbox 3569 4146 3668 4199; x_wconf 85' lang='lat' dir='ltr'><strong>hoc</strong></span> <span class='ocrx_word' id='word_1_695' title='bbox 3683 4144 3952 4222; x_wconf 44' lang='grc' dir='ltr'><strong>(πέει-ἷξε</strong></span> 
     </span>
    </p>
   </div>
   <div class='ocr_carea' id='block_1_97' title="bbox 2352 4213 3950 4294">
    <p class='ocr_par' dir='ltr' id='par_1_97' title="bbox 2352 4213 3950 4294">
     <span class='ocr_line' id='line_1_100' title="bbox 2352 4213 3950 4294; baseline -0.008 -15"><span class='ocrx_word' id='word_1_696' title='bbox 2352 4213 2611 4294; x_wconf 78' lang='lat' dir='ltr'><strong>capsariis</strong></span> <span class='ocrx_word' id='word_1_697' title='bbox 2639 4213 3424 4294; x_wconf 40' lang='lat' dir='ltr'><strong>accipiendum‘esnt,hquorum</strong></span> <span class='ocrx_word' id='word_1_698' title='bbox 3446 4214 3508 4271; x_wconf 87' lang='lat' dir='ltr'><strong>ﬁt</strong></span> <span class='ocrx_word' id='word_1_699' title='bbox 3533 4215 3735 4294; x_wconf 79' lang='lat' dir='ltr'><strong>mentio</strong></span> <span class='ocrx_word' id='word_1_700' title='bbox 3754 4215 3851 4268; x_wconf 90' lang='lat' dir='ltr'><strong>lib.</strong></span> <span class='ocrx_word' id='word_1_701' title='bbox 3875 4213 3950 4294; x_wconf 72' lang='grc'><strong>111</strong></span> 
     </span>
    </p>
   </div>
   <div class='ocr_carea' id='block_1_98' title="bbox 2352 4284 3953 4351">
    <p class='ocr_par' dir='ltr' id='par_1_98' title="bbox 2352 4284 3953 4351">
     <span class='ocr_line' id='line_1_101' title="bbox 2352 4284 3953 4351; baseline -0.006 -1"><span class='ocrx_word' id='word_1_702' title='bbox 2352 4284 2781 4350; x_wconf 64' lang='grc' dir='ltr'><strong>(ἰδ’Μαιιυῐηὶεείὲ</strong></span> <span class='ocrx_word' id='word_1_703' title='bbox 2797 4289 2944 4344; x_wconf 88' lang='lat' dir='ltr'><strong>vind.</strong></span> <span class='ocrx_word' id='word_1_704' title='bbox 2967 4304 2981 4341; x_wconf 87' lang='lat'><strong>:</strong></span> <span class='ocrx_word' id='word_1_705' title='bbox 3001 4284 3056 4343; x_wconf 87' lang='lat' dir='ltr'><strong>Si</strong></span> <span class='ocrx_word' id='word_1_706' title='bbox 3081 4284 3454 4342; x_wconf 63' lang='lat' dir='ltr'><strong>Colldctaueus</strong></span> <span class='ocrx_word' id='word_1_707' title='bbox 3470 4328 3487 4351; x_wconf 89' lang='lat'><strong>,</strong></span> <span class='ocrx_word' id='word_1_708' title='bbox 3514 4287 3559 4341; x_wconf 89' lang='lat' dir='ltr'><strong>si</strong></span> <span class='ocrx_word' id='word_1_709' title='bbox 3588 4287 3847 4341; x_wconf 83' lang='lat' dir='ltr'><strong>educator</strong></span> <span class='ocrx_word' id='word_1_710' title='bbox 3862 4285 3953 4341; x_wconf 85' lang='lat' dir='ltr'><strong>vel</strong></span> 
     </span>
    </p>
   </div>
   <div class='ocr_carea' id='block_1_99' title="bbox 2352 4358 3689 4436">
    <p class='ocr_par' dir='ltr' id='par_1_99' title="bbox 2352 4358 3689 4436">
     <span class='ocr_line' id='line_1_102' title="bbox 2352 4358 3689 4436; baseline -0.009 -14"><span class='ocrx_word' id='word_1_711' title='bbox 2352 4366 2628 4436; x_wconf 87' lang='lat' dir='ltr'><strong>capsarius</strong></span> <span class='ocrx_word' id='word_1_712' title='bbox 2653 4406 2667 4428; x_wconf 86' lang='lat'><strong>,</strong></span> <span class='ocrx_word' id='word_1_713' title='bbox 2702 4362 2753 4418; x_wconf 88' lang='lat' dir='ltr'><strong>id</strong></span> <span class='ocrx_word' id='word_1_714' title='bbox 2782 4370 2893 4436; x_wconf 78' lang='lat' dir='ltr'><strong>est,</strong></span> <span class='ocrx_word' id='word_1_715' title='bbox 2923 4360 3012 4430; x_wconf 87' lang='lat' dir='ltr'><strong>qui</strong></span> <span class='ocrx_word' id='word_1_716' title='bbox 3044 4369 3218 4429; x_wconf 84' lang='lat' dir='ltr'><strong>portat</strong></span> <span class='ocrx_word' id='word_1_717' title='bbox 3243 4359 3424 4436; x_wconf 84' lang='lat' dir='ltr'><strong>libros.</strong></span> <span class='ocrx_word' id='word_1_718' title='bbox 3456 4358 3648 4436; x_wconf 75' lang='lat' dir='ltr'><strong>Juven.</strong></span> <span class='ocrx_word' id='word_1_719' title='bbox 3676 4375 3689 4409; x_wconf 93' lang='lat'><strong>:</strong></span> 
     </span>
    </p>
   </div>
   <div class='ocr_carea' id='block_1_100' title="bbox 2509 4426 3956 4496">
    <p class='ocr_par' dir='ltr' id='par_1_100' title="bbox 2509 4426 3956 4496">
     <span class='ocr_line' id='line_1_103' title="bbox 2509 4426 3956 4496; baseline -0.005 -11"><span class='ocrx_word' id='word_1_720' title='bbox 2509 4426 2668 4496; x_wconf 84' lang='lat' dir='ltr'><strong>Quem</strong></span> <span class='ocrx_word' id='word_1_721' title='bbox 2689 4434 2914 4496; x_wconf 87' lang='lat' dir='ltr'><strong>sequitur</strong></span> <span class='ocrx_word' id='word_1_722' title='bbox 2936 4426 3102 4481; x_wconf 81' lang='lat' dir='ltr'><strong>custos</strong></span> <span class='ocrx_word' id='word_1_723' title='bbox 3127 4435 3347 4496; x_wconf 70' lang='lat' dir='ltr'><strong>augustae</strong></span> <span class='ocrx_word' id='word_1_724' title='bbox 3363 4427 3583 4496; x_wconf 77' lang='lat' dir='ltr'><strong>vermula</strong></span> <span class='ocrx_word' id='word_1_725' title='bbox 3607 4440 3786 4496; x_wconf 58' lang='lat' dir='ltr'><strong>capsae.</strong></span> <span class='ocrx_word' id='word_1_726' title='bbox 3843 4426 3956 4478; x_wconf 70' lang='lat' dir='ltr'><strong>R13.</strong></span> 
     </span>
    </p>
   </div>
   <div class='ocr_carea' id='block_1_101' title="bbox 2426 4491 3957 4572">
    <p class='ocr_par' dir='ltr' id='par_1_101' title="bbox 2426 4491 3957 4572">
     <span class='ocr_line' id='line_1_104' title="bbox 2426 4491 3957 4572; baseline -0.007 -19"><span class='ocrx_word' id='word_1_727' title='bbox 2426 4498 2505 4572; x_wconf 72' lang='grc' dir='ltr'><strong>(ε)</strong></span> <span class='ocrx_word' id='word_1_728' title='bbox 2526 4491 2722 4553; x_wconf 59' lang='grc' dir='ltr'><strong>”οηιηε</strong></span> <span class='ocrx_word' id='word_1_729' title='bbox 2749 4491 3379 4572; x_wconf 64' lang='lat' dir='ltr'><strong>instrumentum_judaica:</strong></span> <span class='ocrx_word' id='word_1_730' title='bbox 3404 4491 3481 4572; x_wconf 80' lang='lat' dir='ltr'><strong>lit.</strong></span> <span class='ocrx_word' id='word_1_731' title='bbox 3509 4492 3590 4565; x_wconf 44' lang='lat' dir='ltr'><strong>5b</strong></span> <span class='ocrx_word' id='word_1_732' title='bbox 3615 4491 3957 4572; x_wconf 46' lang='lat' dir='ltr'><strong>Eisdrafetus</strong></span> 
     </span>
    </p>
   </div>
   <div class='ocr_carea' id='block_1_102' title="bbox 2356 4562 3958 4639">
    <p class='ocr_par' dir='ltr' id='par_1_102' title="bbox 2356 4562 3958 4639">
     <span class='ocr_line' id='line_1_105' title="bbox 2356 4562 3958 4639; baseline -0.007 -13"><span class='ocrx_word' id='word_1_733' title='bbox 2356 4562 2737 4639; x_wconf 73' lang='lat' dir='ltr'><strong>testamentum</strong></span> <span class='ocrx_word' id='word_1_734' title='bbox 2760 4568 3063 4639; x_wconf 83' lang='lat' dir='ltr'><strong>restitutum</strong></span> <span class='ocrx_word' id='word_1_735' title='bbox 3086 4562 3247 4619; x_wconf 75' lang='lat' dir='ltr'><strong>fuisse</strong></span> <span class='ocrx_word' id='word_1_736' title='bbox 3265 4562 3574 4639; x_wconf 35' lang='lat' dir='ltr'><strong>consla.t,_et</strong></span> <span class='ocrx_word' id='word_1_737' title='bbox 3600 4562 3858 4639; x_wconf 79' lang='lat' dir='ltr'><strong>nounuila</strong></span> <span class='ocrx_word' id='word_1_738' title='bbox 3885 4562 3958 4616; x_wconf 88' lang='lat' dir='ltr'><strong>ab</strong></span> 
     </span>
    </p>
   </div>
   <div class='ocr_carea' id='block_1_103' title="bbox 2352 4633 3955 4703">
    <p class='ocr_par' dir='ltr' id='par_1_103' title="bbox 2352 4633 3955 4703">
     <span class='ocr_line' id='line_1_106' title="bbox 2352 4633 3955 4703; baseline -0.006 -4"><span class='ocrx_word' id='word_1_739' title='bbox 2352 4634 2540 4699; x_wconf 79' lang='lat' dir='ltr'><strong>eodem</strong></span> <span class='ocrx_word' id='word_1_740' title='bbox 2568 4642 2681 4697; x_wconf 90' lang='lat' dir='ltr'><strong>sive</strong></span> <span class='ocrx_word' id='word_1_741' title='bbox 2710 4638 2917 4694; x_wconf 81' lang='lat' dir='ltr'><strong>aJosue</strong></span> <span class='ocrx_word' id='word_1_742' title='bbox 2942 4640 3248 4699; x_wconf 85' lang='lat' dir='ltr'><strong>immutata,</strong></span> <span class='ocrx_word' id='word_1_743' title='bbox 3278 4633 3578 4703; x_wconf 21' lang='lat' dir='ltr'><strong>attigaddita</strong></span> <span class='ocrx_word' id='word_1_744' title='bbox 3601 4676 3615 4700; x_wconf 95' lang='lat'><strong>,</strong></span> <span class='ocrx_word' id='word_1_745' title='bbox 3642 4634 3805 4689; x_wconf 85' lang='lat' dir='ltr'><strong>veluti</strong></span> <span class='ocrx_word' id='word_1_746' title='bbox 3827 4648 3955 4703; x_wconf 71' lang='lat' dir='ltr'><strong>qua:</strong></span> 
     </span>
    </p>
   </div>
   <div class='ocr_carea' id='block_1_104' title="bbox 2350 4698 3731 4777">
    <p class='ocr_par' dir='ltr' id='par_1_104' title="bbox 2350 4698 3731 4777">
     <span class='ocr_line' id='line_1_107' title="bbox 2350 4698 3731 4777; baseline -0.006 -9"><span class='ocrx_word' id='word_1_747' title='bbox 2350 4698 2419 4769; x_wconf 87' lang='lat' dir='ltr'><strong>de</strong></span> <span class='ocrx_word' id='word_1_748' title='bbox 2450 4712 2614 4769; x_wconf 83' lang='lat' dir='ltr'><strong>Mosis</strong></span> <span class='ocrx_word' id='word_1_749' title='bbox 2641 4719 2812 4775; x_wconf 88' lang='lat' dir='ltr'><strong>morte</strong></span> <span class='ocrx_word' id='word_1_750' title='bbox 2837 4718 2893 4764; x_wconf 91' lang='lat' dir='ltr'><strong>et</strong></span> <span class='ocrx_word' id='word_1_751' title='bbox 2921 4707 3196 4777; x_wconf 88' lang='lat' dir='ltr'><strong>sepultura</strong></span> <span class='ocrx_word' id='word_1_752' title='bbox 3223 4698 3507 4761; x_wconf 53' lang='lat' dir='ltr'><strong>habentur.</strong></span> <span class='ocrx_word' id='word_1_753' title='bbox 3534 4698 3612 4761; x_wconf 70' lang='lat' dir='ltr'><strong>Ls</strong></span> <span class='ocrx_word' id='word_1_754' title='bbox 3639 4707 3731 4762; x_wconf 81' lang='lat' dir='ltr'><strong>Pu.</strong></span> 
     </span>
    </p>
   </div>
   <div class='ocr_carea' id='block_1_105' title="bbox 2419 4800 3957 4884">
    <p class='ocr_par' dir='ltr' id='par_1_105' title="bbox 2419 4800 3957 4884">
     <span class='ocr_line' id='line_1_108' title="bbox 2419 4800 3957 4884; baseline -0.005 -22"><span class='ocrx_word' id='word_1_755' title='bbox 2419 4807 2485 4884; x_wconf 73' lang='lat' dir='ltr'><strong>(i)</strong></span> <span class='ocrx_word' id='word_1_756' title='bbox 2532 4807 2607 4884; x_wconf 81' lang='lat' dir='ltr'><strong>Eo</strong></span> <span class='ocrx_word' id='word_1_757' title='bbox 2633 4804 2986 4884; x_wconf 37' lang='lat' dir='ltr'><strong>accedit-quod</strong></span> <span class='ocrx_word' id='word_1_758' title='bbox 3000 4803 3193 4884; x_wconf 49' lang='lat' dir='ltr'><strong>Enoch</strong></span> <span class='ocrx_word' id='word_1_759' title='bbox 3229 4804 3371 4873; x_wconf 84' lang='lat' dir='ltr'><strong>apud</strong></span> <span class='ocrx_word' id='word_1_760' title='bbox 3412 4802 3611 4858; x_wconf 68' lang='lat' dir='ltr'><strong>ludam</strong></span> <span class='ocrx_word' id='word_1_761' title='bbox 3650 4800 3957 4884; x_wconf 62' lang='lat' dir='ltr'><strong>Apostolirin</strong></span> 
     </span>
    </p>
   </div>
   <div class='ocr_carea' id='block_1_106' title="bbox 2342 4872 3959 4947">
    <p class='ocr_par' dir='ltr' id='par_1_106' title="bbox 2342 4872 3959 4947">
     <span class='ocr_line' id='line_1_109' title="bbox 2342 4872 3959 4947; baseline -0.004 -13"><span class='ocrx_word' id='word_1_762' title='bbox 2342 4872 2685 4936; x_wconf 72' lang='lat' dir='ltr'><strong>tesiiinonium</strong></span> <span class='ocrx_word' id='word_1_763' title='bbox 2716 4872 2958 4947; x_wconf 78' lang='lat' dir='ltr'><strong>possidet.</strong></span> <span class='ocrx_word' id='word_1_764' title='bbox 2999 4875 3225 4947; x_wconf 81' lang='lat' dir='ltr'><strong>Paulum</strong></span> <span class='ocrx_word' id='word_1_765' title='bbox 3251 4872 3463 4947; x_wconf 86' lang='lat' dir='ltr'><strong>quoque</strong></span> <span class='ocrx_word' id='word_1_766' title='bbox 3505 4890 3570 4930; x_wconf 74' lang='lat' dir='ltr'><strong>ex</strong></span> <span class='ocrx_word' id='word_1_767' title='bbox 3624 4872 3959 4947; x_wconf 66' lang='lat' dir='ltr'><strong>apocryphis</strong></span> 
     </span>
    </p>
   </div>
   <div class='ocr_carea' id='block_1_107' title="bbox 2342 4943 3959 5020">
    <p class='ocr_par' dir='ltr' id='par_1_107' title="bbox 2342 4943 3959 5020">
     <span class='ocr_line' id='line_1_110' title="bbox 2342 4943 3959 5020; baseline 0 -17"><span class='ocrx_word' id='word_1_768' title='bbox 2342 4952 2585 5020; x_wconf 69' lang='lat' dir='ltr'><strong>qua:de</strong></span> <span class='ocrx_word' id='word_1_769' title='bbox 2636 4943 2829 5005; x_wconf 82' lang='lat' dir='ltr'><strong>citasse.</strong></span> <span class='ocrx_word' id='word_1_770' title='bbox 2854 4948 3110 5020; x_wconf 78' lang='lat' dir='ltr'><strong>observat</strong></span> <span class='ocrx_word' id='word_1_771' title='bbox 3144 4943 3507 5020; x_wconf 74' lang='lat' dir='ltr'><strong>Hieronymus</strong></span> <span class='ocrx_word' id='word_1_772' title='bbox 3545 4947 3596 4999; x_wconf 89' lang='lat' dir='ltr'><strong>in</strong></span> <span class='ocrx_word' id='word_1_773' title='bbox 3619 4943 3813 5020; x_wconf 58' lang='lat' dir='ltr'><strong>_Epis_t&#39;.</strong></span> <span class='ocrx_word' id='word_1_774' title='bbox 3848 4943 3959 5020; x_wconf 50' lang='lat' dir='ltr'><strong>Ad</strong></span> 
     </span>
    </p>
   </div>
   <div class='ocr_carea' id='block_1_108' title="bbox 730 5014 3959 5093">
    <p class='ocr_par' dir='ltr' id='par_1_108' title="bbox 730 5014 3959 5093">
     <span class='ocr_line' id='line_1_111' title="bbox 730 5014 3959 5093; baseline -0.002 -14"><span class='ocrx_word' id='word_1_775' title='bbox 730 5023 805 5093; x_wconf 91' lang='lat' dir='ltr'><strong>(c)</strong></span> <span class='ocrx_word' id='word_1_776' title='bbox 835 5022 981 5078; x_wconf 81' lang='lat' dir='ltr'><strong>Idem</strong></span> <span class='ocrx_word' id='word_1_777' title='bbox 1010 5037 1161 5093; x_wconf 75' lang='lat' dir='ltr'><strong>sexus</strong></span> <span class='ocrx_word' id='word_1_778' title='bbox 1199 5021 1427 5093; x_wconf 78' lang='lat' dir='ltr'><strong>eamdem</strong></span> <span class='ocrx_word' id='word_1_779' title='bbox 1444 5019 1718 5091; x_wconf 84' lang='lat' dir='ltr'><strong>judicandi</strong></span> <span class='ocrx_word' id='word_1_780' title='bbox 1748 5020 2093 5092; x_wconf 82' lang='lat' dir='ltr'><strong>dignationem</strong></span> <span class='ocrx_word' id='word_1_781' title='bbox 2118 5023 2234 5093; x_wconf 84' lang='lat' dir='ltr'><strong>pol-</strong></span> <span class='ocrx_word' id='word_1_782' title='bbox 2339 5014 2538 5093; x_wconf 79' lang='lat' dir='ltr'><strong>Epltes.</strong></span> <span class='ocrx_word' id='word_1_783' title='bbox 2588 5036 2708 5093; x_wconf 49' lang='lat' dir='ltr'><strong>cap:</strong></span> <span class='ocrx_word' id='word_1_784' title='bbox 2754 5020 2817 5074; x_wconf 74' lang='grc' dir='ltr'><strong>ν.</strong></span> <span class='ocrx_word' id='word_1_785' title='bbox 2853 5019 2972 5093; x_wconf 82' lang='lat' dir='ltr'><strong>Ipse</strong></span> <span class='ocrx_word' id='word_1_786' title='bbox 3019 5026 3197 5093; x_wconf 78' lang='lat' dir='ltr'><strong>autem</strong></span> <span class='ocrx_word' id='word_1_787' title='bbox 3234 5026 3292 5073; x_wconf 91' lang='lat' dir='ltr'><strong>et</strong></span> <span class='ocrx_word' id='word_1_788' title='bbox 3334 5014 3403 5093; x_wconf 67' lang='lat' dir='ltr'><strong>ei:</strong></span> <span class='ocrx_word' id='word_1_789' title='bbox 3431 5017 3569 5093; x_wconf 82' lang='lat' dir='ltr'><strong>libro</strong></span> <span class='ocrx_word' id='word_1_790' title='bbox 3619 5015 3810 5093; x_wconf 73' lang='lat' dir='ltr'><strong>Enoch</strong></span> <span class='ocrx_word' id='word_1_791' title='bbox 3847 5014 3959 5071; x_wconf 85' lang='lat' dir='ltr'><strong>his-</strong></span> 
     </span>
    </p>
   </div>
   <div class='ocr_carea' id='block_1_109' title="bbox 658 5091 2239 5161">
    <p class='ocr_par' dir='ltr' id='par_1_109' title="bbox 658 5091 2239 5161">
     <span class='ocr_line' id='line_1_112' title="bbox 658 5091 2239 5161; baseline 0.001 -12"><span class='ocrx_word' id='word_1_792' title='bbox 658 5091 856 5149; x_wconf 82' lang='lat' dir='ltr'><strong>lieetur.</strong></span> <span class='ocrx_word' id='word_1_793' title='bbox 888 5092 1016 5149; x_wconf 82' lang='lat' dir='ltr'><strong>Jure</strong></span> <span class='ocrx_word' id='word_1_794' title='bbox 1043 5092 1184 5147; x_wconf 76' lang='lat' dir='ltr'><strong>civili</strong></span> <span class='ocrx_word' id='word_1_795' title='bbox 1208 5091 1482 5161; x_wconf 88' lang='lat' dir='ltr'><strong>judicandi</strong></span> <span class='ocrx_word' id='word_1_796' title='bbox 1509 5105 1704 5147; x_wconf 88' lang='lat' dir='ltr'><strong>munus</strong></span> <span class='ocrx_word' id='word_1_797' title='bbox 1734 5092 1873 5148; x_wconf 91' lang='lat' dir='ltr'><strong>inter</strong></span> <span class='ocrx_word' id='word_1_798' title='bbox 1906 5093 2073 5147; x_wconf 90' lang='lat' dir='ltr'><strong>virilia</strong></span> <span class='ocrx_word' id='word_1_799' title='bbox 2110 5091 2239 5150; x_wconf 64' lang='lat' dir='ltr'><strong>cem</strong></span> 
     </span>
    </p>
   </div>
   <div class='ocr_carea' id='block_1_110' title="bbox 656 5163 2238 5234">
    <p class='ocr_par' dir='ltr' id='par_1_110' title="bbox 656 5163 2238 5234">
     <span class='ocr_line' id='line_1_113' title="bbox 656 5163 2238 5234; baseline -0.001 -12"><span class='ocrx_word' id='word_1_800' title='bbox 656 5176 826 5231; x_wconf 90' lang='lat' dir='ltr'><strong>setur,</strong></span> <span class='ocrx_word' id='word_1_801' title='bbox 859 5181 893 5221; x_wconf 88' lang='lat' dir='ltr'><strong>a</strong></span> <span class='ocrx_word' id='word_1_802' title='bbox 921 5163 1115 5234; x_wconf 85' lang='lat' dir='ltr'><strong>quibus</strong></span> <span class='ocrx_word' id='word_1_803' title='bbox 1157 5165 1328 5218; x_wconf 87' lang='lat' dir='ltr'><strong>arceri</strong></span> <span class='ocrx_word' id='word_1_804' title='bbox 1355 5163 1601 5234; x_wconf 69' lang='lat' dir='ltr'><strong>luaminas</strong></span> <span class='ocrx_word' id='word_1_805' title='bbox 1635 5163 1852 5232; x_wconf 85' lang='lat' dir='ltr'><strong>placuit.</strong></span> <span class='ocrx_word' id='word_1_806' title='bbox 1884 5163 2039 5232; x_wconf 86' lang='lat' dir='ltr'><strong>Apud</strong></span> <span class='ocrx_word' id='word_1_807' title='bbox 2071 5165 2238 5220; x_wconf 90' lang='lat' dir='ltr'><strong>Deum</strong></span> 
     </span>
    </p>
   </div>
   <div class='ocr_carea' id='block_1_111' title="bbox 655 5233 2241 5304">
    <p class='ocr_par' dir='ltr' id='par_1_111' title="bbox 655 5233 2241 5304">
     <span class='ocr_line' id='line_1_114' title="bbox 655 5233 2241 5304; baseline 0.001 -13"><span class='ocrx_word' id='word_1_808' title='bbox 655 5251 784 5294; x_wconf 90' lang='lat' dir='ltr'><strong>vero</strong></span> <span class='ocrx_word' id='word_1_809' title='bbox 803 5233 1104 5294; x_wconf 32' lang='lat' dir='ltr'><strong>curn’uulla</strong></span> <span class='ocrx_word' id='word_1_810' title='bbox 1135 5235 1242 5288; x_wconf 85' lang='lat' dir='ltr'><strong>sint</strong></span> <span class='ocrx_word' id='word_1_811' title='bbox 1269 5233 1693 5304; x_wconf 87' lang='lat' dir='ltr'><strong>hominibusjam</strong></span> <span class='ocrx_word' id='word_1_812' title='bbox 1716 5234 2026 5291; x_wconf 86' lang='lat' dir='ltr'><strong>coelestibus</strong></span> <span class='ocrx_word' id='word_1_813' title='bbox 2060 5236 2241 5293; x_wconf 78' lang='lat' dir='ltr'><strong>ofﬁcia</strong></span> 
     </span>
    </p>
   </div>
   <div class='ocr_carea' id='block_1_112' title="bbox 657 5306 2243 5377">
    <p class='ocr_par' dir='ltr' id='par_1_112' title="bbox 657 5306 2243 5377">
     <span class='ocr_line' id='line_1_115' title="bbox 657 5306 2243 5377; baseline -0.002 -12"><span class='ocrx_word' id='word_1_814' title='bbox 657 5323 913 5372; x_wconf 79' lang='lat' dir='ltr'><strong>sexuum,</strong></span> <span class='ocrx_word' id='word_1_815' title='bbox 942 5307 1213 5362; x_wconf 91' lang='lat' dir='ltr'><strong>communi</strong></span> <span class='ocrx_word' id='word_1_816' title='bbox 1241 5314 1550 5377; x_wconf 84' lang='lat' dir='ltr'><strong>sanctorum</strong></span> <span class='ocrx_word' id='word_1_817' title='bbox 1576 5306 1790 5376; x_wconf 64' lang='lat' dir='ltr'><strong>gloriae,</strong></span> <span class='ocrx_word' id='word_1_818' title='bbox 1823 5307 1936 5361; x_wconf 90' lang='lat' dir='ltr'><strong>sive</strong></span> <span class='ocrx_word' id='word_1_819' title='bbox 1974 5308 2243 5377; x_wconf 90' lang='lat' dir='ltr'><strong>quondam</strong></span> 
     </span>
    </p>
   </div>
   <div class='ocr_carea' id='block_1_113' title="bbox 656 5376 2243 5449">
    <p class='ocr_par' dir='ltr' id='par_1_113' title="bbox 656 5376 2243 5449">
     <span class='ocr_line' id='line_1_116' title="bbox 656 5376 2243 5449; baseline -0.002 -13"><span class='ocrx_word' id='word_1_820' title='bbox 656 5380 935 5445; x_wconf 80' lang='lat' dir='ltr'><strong>viro,’sive</strong></span> <span class='ocrx_word' id='word_1_821' title='bbox 968 5377 1238 5449; x_wconf 85' lang='lat' dir='ltr'><strong>quondam</strong></span> <span class='ocrx_word' id='word_1_822' title='bbox 1262 5376 1500 5434; x_wconf 64' lang='lat' dir='ltr'><strong>hemina:</strong></span> <span class='ocrx_word' id='word_1_823' title='bbox 1537 5391 1636 5448; x_wconf 88' lang='lat' dir='ltr'><strong>pro</strong></span> <span class='ocrx_word' id='word_1_824' title='bbox 1672 5378 1964 5449; x_wconf 84' lang='lat' dir='ltr'><strong>sanctitatis</strong></span> <span class='ocrx_word' id='word_1_825' title='bbox 1996 5376 2071 5434; x_wconf 89' lang='lat' dir='ltr'><strong>ac</strong></span> <span class='ocrx_word' id='word_1_826' title='bbox 2104 5379 2243 5449; x_wconf 64' lang='lat' dir='ltr'><strong>,bea-</strong></span> 
     </span>
    </p>
   </div>
   <div class='ocr_carea' id='block_1_114' title="bbox 658 5448 2247 5521">
    <p class='ocr_par' dir='ltr' id='par_1_114' title="bbox 658 5448 2247 5521">
     <span class='ocr_line' id='line_1_117' title="bbox 658 5448 2247 5521; baseline -0.001 -14"><span class='ocrx_word' id='word_1_827' title='bbox 658 5450 905 5507; x_wconf 91' lang='lat' dir='ltr'><strong>titudinis</strong></span> <span class='ocrx_word' id='word_1_828' title='bbox 957 5448 1313 5521; x_wconf 75' lang='lat' dir='ltr'><strong>praemgativa</strong></span> <span class='ocrx_word' id='word_1_829' title='bbox 1362 5449 1662 5504; x_wconf 87' lang='lat' dir='ltr'><strong>communis</strong></span> <span class='ocrx_word' id='word_1_830' title='bbox 1705 5448 1976 5519; x_wconf 87' lang='lat' dir='ltr'><strong>judicaudi</strong></span> <span class='ocrx_word' id='word_1_831' title='bbox 2010 5449 2247 5521; x_wconf 85' lang='lat' dir='ltr'><strong>dignatio</strong></span> 
     </span>
    </p>
   </div>
   <div class='ocr_carea' id='block_1_115' title="bbox 656 5522 1140 5581">
    <p class='ocr_par' dir='ltr' id='par_1_115' title="bbox 656 5522 1140 5581">
     <span class='ocr_line' id='line_1_118' title="bbox 656 5522 1140 5581; baseline -0.002 -2"><span class='ocrx_word' id='word_1_832' title='bbox 656 5522 988 5579; x_wconf 91' lang='lat' dir='ltr'><strong>conceditur.</strong></span> <span class='ocrx_word' id='word_1_833' title='bbox 1020 5522 1140 5581; x_wconf 69' lang='grc' dir='ltr'><strong>Βις.</strong></span> 
     </span>
    </p>
   </div>
   <div class='ocr_carea' id='block_1_116' title="bbox 726 5592 2250 5667">
    <p class='ocr_par' dir='ltr' id='par_1_116' title="bbox 726 5592 2250 5667">
     <span class='ocr_line' id='line_1_119' title="bbox 726 5592 2250 5667; baseline 0 -17"><span class='ocrx_word' id='word_1_834' title='bbox 726 5593 882 5650; x_wconf 81' lang='lat' dir='ltr'><strong>CAP.</strong></span> <span class='ocrx_word' id='word_1_835' title='bbox 900 5593 1066 5667; x_wconf 80' lang='lat' dir='ltr'><strong>IIl.-—</strong></span> <span class='ocrx_word' id='word_1_836' title='bbox 1081 5594 1163 5667; x_wconf 50' lang='lat' dir='ltr'><strong>(d‘)</strong></span> <span class='ocrx_word' id='word_1_837' title='bbox 1183 5593 1235 5648; x_wconf 87' lang='lat' dir='ltr'><em>N</em></span> <span class='ocrx_word' id='word_1_838' title='bbox 1240 5594 1364 5667; x_wconf 72' lang='lat' dir='ltr'><strong>eoin</strong></span> <span class='ocrx_word' id='word_1_839' title='bbox 1375 5594 1660 5667; x_wconf 75' lang='lat' dir='ltr'><strong>armarium</strong></span> <span class='ocrx_word' id='word_1_840' title='bbox 1670 5592 1929 5667; x_wconf 77' lang='lat' dir='ltr'><strong>iudaicunt</strong></span> <span class='ocrx_word' id='word_1_841' title='bbox 1944 5592 2250 5667; x_wconf 78' lang='lat' dir='ltr'><strong>admittitur.</strong></span> 
     </span>
    </p>
   </div>
   <div class='ocr_carea' id='block_1_117' title="bbox 654 5665 2250 5735">
    <p class='ocr_par' dir='ltr' id='par_1_117' title="bbox 654 5665 2250 5735">
     <span class='ocr_line' id='line_1_120' title="bbox 654 5665 2250 5735; baseline -0.001 -13"><span class='ocrx_word' id='word_1_842' title='bbox 654 5666 713 5722; x_wconf 88' lang='lat' dir='ltr'><strong>In</strong></span> <span class='ocrx_word' id='word_1_843' title='bbox 741 5681 807 5722; x_wconf 88' lang='lat' dir='ltr'><strong>eo</strong></span> <span class='ocrx_word' id='word_1_844' title='bbox 835 5665 1041 5721; x_wconf 88' lang='lat' dir='ltr'><strong>scilicet</strong></span> <span class='ocrx_word' id='word_1_845' title='bbox 1059 5665 1263 5723; x_wconf 79' lang='lat' dir='ltr'><strong>canone</strong></span> <span class='ocrx_word' id='word_1_846' title='bbox 1275 5665 1665 5735; x_wconf 89' lang='lat' dir='ltr'><strong>Scriptur.,qui</strong></span> <span class='ocrx_word' id='word_1_847' title='bbox 1696 5665 2006 5720; x_wconf 82' lang='lat' dir='ltr'><strong>servabatur</strong></span> <span class='ocrx_word' id='word_1_848' title='bbox 2032 5665 2084 5719; x_wconf 91' lang='lat' dir='ltr'><strong>in</strong></span> <span class='ocrx_word' id='word_1_849' title='bbox 2114 5674 2250 5722; x_wconf 89' lang='lat' dir='ltr'><strong>tem-</strong></span> 
     </span>
    </p>
   </div>
   <div class='ocr_carea' id='block_1_118' title="bbox 657 5735 2244 5806">
    <p class='ocr_par' dir='ltr' id='par_1_118' title="bbox 657 5735 2244 5806">
     <span class='ocr_line' id='line_1_121' title="bbox 657 5735 2244 5806; baseline 0.001 -15"><span class='ocrx_word' id='word_1_850' title='bbox 657 5738 747 5806; x_wconf 85' lang='lat' dir='ltr'><strong>plo</strong></span> <span class='ocrx_word' id='word_1_851' title='bbox 765 5737 975 5792; x_wconf 68' lang='lat' dir='ltr'><strong>Hebraei</strong></span> <span class='ocrx_word' id='word_1_852' title='bbox 992 5739 1167 5805; x_wconf 84' lang='lat' dir='ltr'><strong>pepuli</strong></span> <span class='ocrx_word' id='word_1_853' title='bbox 1181 5737 1581 5792; x_wconf 88' lang='lat' dir='ltr'><strong>succedentium</strong></span> <span class='ocrx_word' id='word_1_854' title='bbox 1596 5735 1864 5806; x_wconf 83' lang='lat' dir='ltr'><strong>diligentia</strong></span> <span class='ocrx_word' id='word_1_855' title='bbox 1881 5737 2159 5792; x_wconf 84' lang='lat' dir='ltr'><strong>sacerdotu</strong></span> <span class='ocrx_word' id='word_1_856' title='bbox 2170 5753 2244 5801; x_wconf 79' lang='lat' dir='ltr'><strong>m.</strong></span> 
     </span>
    </p>
   </div>
   <div class='ocr_carea' id='block_1_119' title="bbox 657 5807 2230 5881">
    <p class='ocr_par' dir='ltr' id='par_1_119' title="bbox 657 5807 2230 5881">
     <span class='ocr_line' id='line_1_122' title="bbox 657 5807 2230 5881; baseline 0.003 -19"><span class='ocrx_word' id='word_1_857' title='bbox 657 5810 748 5862; x_wconf 87' lang='lat' dir='ltr'><strong>Sic</strong></span> <span class='ocrx_word' id='word_1_858' title='bbox 768 5809 1144 5881; x_wconf 81' lang='lat' dir='ltr'><strong>interpretatur</strong></span> <span class='ocrx_word' id='word_1_859' title='bbox 1160 5808 1489 5881; x_wconf 74' lang='lat' dir='ltr'><strong>Augustinus</strong></span> <span class='ocrx_word' id='word_1_860' title='bbox 1504 5808 1600 5864; x_wconf 85' lang='lat' dir='ltr'><strong>lib.</strong></span> <span class='ocrx_word' id='word_1_861' title='bbox 1626 5807 1741 5865; x_wconf 74' lang='lat' dir='ltr'><strong>XV.</strong></span> <span class='ocrx_word' id='word_1_862' title='bbox 1765 5807 1834 5865; x_wconf 87' lang='lat' dir='ltr'><strong>de</strong></span> <span class='ocrx_word' id='word_1_863' title='bbox 1857 5809 2083 5867; x_wconf 82' lang='lat' dir='ltr'><strong>Civitate</strong></span> <span class='ocrx_word' id='word_1_864' title='bbox 2108 5811 2230 5881; x_wconf 83' lang='lat' dir='ltr'><strong>Dei,</strong></span> 
     </span>
    </p>
   </div>
   <div class='ocr_carea' id='block_1_120' title="bbox 2344 5082 3957 5162">
    <p class='ocr_par' dir='ltr' id='par_1_120' title="bbox 2344 5082 3957 5162">
     <span class='ocr_line' id='line_1_123' title="bbox 2344 5082 3957 5162; baseline -0.006 -13"><span class='ocrx_word' id='word_1_865' title='bbox 2344 5082 2533 5149; x_wconf 68' lang='lat' dir='ltr'><strong>tu&#39;riam</strong></span> <span class='ocrx_word' id='word_1_866' title='bbox 2584 5082 2790 5162; x_wconf 72' lang='lat' dir='ltr'><strong>profert</strong></span> <span class='ocrx_word' id='word_1_867' title='bbox 2817 5082 3128 5162; x_wconf 77' lang='lat' dir='ltr'><strong>angelorum</strong></span> <span class='ocrx_word' id='word_1_868' title='bbox 3154 5086 3592 5162; x_wconf 75' lang='lat' dir='ltr'><strong>descendentium</strong></span> <span class='ocrx_word' id='word_1_869' title='bbox 3622 5082 3957 5162; x_wconf 45' lang='lat' dir='ltr'><strong>iamautem</strong></span> 
     </span>
    </p>
   </div>
   <div class='ocr_carea' id='block_1_121' title="bbox 2346 5158 3958 5224">
    <p class='ocr_par' dir='ltr' id='par_1_121' title="bbox 2346 5158 3958 5224">
     <span class='ocr_line' id='line_1_124' title="bbox 2346 5158 3958 5224; baseline -0.006 -2"><span class='ocrx_word' id='word_1_870' title='bbox 2346 5158 2596 5223; x_wconf 60' lang='lat' dir='ltr'><strong>Hermou&#39;</strong></span> <span class='ocrx_word' id='word_1_871' title='bbox 2629 5162 2697 5221; x_wconf 86' lang='lat' dir='ltr'><strong>ad</strong></span> <span class='ocrx_word' id='word_1_872' title='bbox 2736 5162 2874 5223; x_wconf 83' lang='lat' dir='ltr'><strong>ﬁlias</strong></span> <span class='ocrx_word' id='word_1_873' title='bbox 2893 5158 3212 5224; x_wconf 81' lang='lat' dir='ltr'><strong>hominum,</strong></span> <span class='ocrx_word' id='word_1_874' title='bbox 3244 5158 3549 5216; x_wconf 86' lang='lat' dir='ltr'><strong>Comment.</strong></span> <span class='ocrx_word' id='word_1_875' title='bbox 3580 5159 3636 5213; x_wconf 92' lang='lat' dir='ltr'><strong>in</strong></span> <span class='ocrx_word' id='word_1_876' title='bbox 3682 5159 3827 5214; x_wconf 86' lang='lat' dir='ltr'><strong>Psal.</strong></span> <span class='ocrx_word' id='word_1_877' title='bbox 3861 5158 3958 5223; x_wconf 79' lang='lat' dir='ltr'><strong>I3.</strong></span> 
     </span>
    </p>
   </div>
   <div class='ocr_carea' id='block_1_122' title="bbox 2346 5231 3959 5303">
    <p class='ocr_par' dir='ltr' id='par_1_122' title="bbox 2346 5231 3959 5303">
     <span class='ocr_line' id='line_1_125' title="bbox 2346 5231 3959 5303; baseline -0.006 -9"><span class='ocrx_word' id='word_1_878' title='bbox 2346 5240 2454 5293; x_wconf 84' lang='lat' dir='ltr'><strong>no&#39;n</strong></span> <span class='ocrx_word' id='word_1_879' title='bbox 2477 5232 2539 5292; x_wconf 79' lang='lat' dir='ltr'><strong>in</strong></span> <span class='ocrx_word' id='word_1_880' title='bbox 2578 5236 2955 5291; x_wconf 84' lang='lat' dir='ltr'><strong>auctoritatem</strong></span> <span class='ocrx_word' id='word_1_881' title='bbox 2977 5274 2991 5298; x_wconf 90' lang='lat'><strong>,</strong></span> <span class='ocrx_word' id='word_1_882' title='bbox 3015 5232 3189 5303; x_wconf 89' lang='lat' dir='ltr'><strong>inquit</strong></span> <span class='ocrx_word' id='word_1_883' title='bbox 3210 5272 3225 5296; x_wconf 89' lang='lat'><strong>,</strong></span> <span class='ocrx_word' id='word_1_884' title='bbox 3248 5231 3354 5303; x_wconf 89' lang='lat' dir='ltr'><strong>sed</strong></span> <span class='ocrx_word' id='word_1_885' title='bbox 3384 5231 3438 5287; x_wconf 91' lang='lat' dir='ltr'><strong>iu</strong></span> <span class='ocrx_word' id='word_1_886' title='bbox 3482 5231 3959 5303; x_wconf 52' lang='lat' dir='ltr'><strong>commemoratio.</strong></span> 
     </span>
    </p>
   </div>
   <div class='ocr_carea' id='block_1_123' title="bbox 2347 5300 3960 5375">
    <p class='ocr_par' dir='ltr' id='par_1_123' title="bbox 2347 5300 3960 5375">
     <span class='ocr_line' id='line_1_126' title="bbox 2347 5300 3960 5375; baseline -0.006 -11"><span class='ocrx_word' id='word_1_887' title='bbox 2347 5324 2489 5364; x_wconf 86' lang='lat' dir='ltr'><strong>nem.</strong></span> <span class='ocrx_word' id='word_1_888' title='bbox 2514 5307 2579 5362; x_wconf 86' lang='lat' dir='ltr'><strong>Et</strong></span> <span class='ocrx_word' id='word_1_889' title='bbox 2609 5306 2660 5360; x_wconf 91' lang='lat' dir='ltr'><strong>iu</strong></span> <span class='ocrx_word' id='word_1_890' title='bbox 2690 5305 2862 5375; x_wconf 89' lang='lat' dir='ltr'><strong>Epist.</strong></span> <span class='ocrx_word' id='word_1_891' title='bbox 2882 5303 2949 5360; x_wconf 89' lang='lat' dir='ltr'><strong>ad</strong></span> <span class='ocrx_word' id='word_1_892' title='bbox 2978 5300 3293 5375; x_wconf 32' lang='lat' dir='ltr'><strong>Laetamtde</strong></span> <span class='ocrx_word' id='word_1_893' title='bbox 3315 5302 3647 5375; x_wconf 83' lang='lat' dir='ltr'><strong>institutione</strong></span> <span class='ocrx_word' id='word_1_894' title='bbox 3666 5300 3795 5358; x_wconf 62' lang='lat' dir='ltr'><strong>ﬁlia!</strong></span> <span class='ocrx_word' id='word_1_895' title='bbox 3829 5314 3960 5375; x_wconf 65' lang='lat' dir='ltr'><strong>apo;</strong></span> 
     </span>
    </p>
   </div>
   <div class='ocr_carea' id='block_1_124' title="bbox 2348 5369 3950 5448">
    <p class='ocr_par' dir='ltr' id='par_1_124' title="bbox 2348 5369 3950 5448">
     <span class='ocr_line' id='line_1_127' title="bbox 2348 5369 3950 5448; baseline -0.005 -13"><span class='ocrx_word' id='word_1_896' title='bbox 2348 5378 2549 5448; x_wconf 86' lang='lat' dir='ltr'><strong>crypba</strong></span> <span class='ocrx_word' id='word_1_897' title='bbox 2566 5377 2667 5448; x_wconf 86' lang='lat' dir='ltr'><strong>legi</strong></span> <span class='ocrx_word' id='word_1_898' title='bbox 2683 5369 2842 5446; x_wconf 77' lang='lat' dir='ltr'><strong>posse</strong></span> <span class='ocrx_word' id='word_1_899' title='bbox 2867 5376 2961 5442; x_wconf 89' lang='lat' dir='ltr'><strong>ait,</strong></span> <span class='ocrx_word' id='word_1_900' title='bbox 2984 5390 3090 5448; x_wconf 84' lang='lat' dir='ltr'><strong>non</strong></span> <span class='ocrx_word' id='word_1_901' title='bbox 3110 5373 3180 5448; x_wconf 85' lang='lat' dir='ltr'><strong>ad</strong></span> <span class='ocrx_word' id='word_1_902' title='bbox 3196 5369 3950 5448; x_wconf 13' lang='lat' dir='ltr'><strong>dogm_atu_miveritate_m,vsed</strong></span> 
     </span>
    </p>
   </div>
   <div class='ocr_carea' id='block_1_125' title="bbox 2352 5442 3953 5521">
    <p class='ocr_par' dir='ltr' id='par_1_125' title="bbox 2352 5442 3953 5521">
     <span class='ocr_line' id='line_1_128' title="bbox 2352 5442 3953 5521; baseline -0.006 -14"><span class='ocrx_word' id='word_1_903' title='bbox 2352 5442 2719 5521; x_wconf 65' lang='lat' dir='ltr'><strong>adsignor&#39;um</strong></span> <span class='ocrx_word' id='word_1_904' title='bbox 2753 5445 3130 5503; x_wconf 86' lang='lat' dir='ltr'><strong>reverentiam.</strong></span> <span class='ocrx_word' id='word_1_905' title='bbox 3150 5442 3307 5521; x_wconf 77' lang='lat' dir='ltr'><strong>idem</strong></span> <span class='ocrx_word' id='word_1_906' title='bbox 3349 5444 3601 5521; x_wconf 78' lang='lat' dir='ltr'><strong>in_Epist.</strong></span> <span class='ocrx_word' id='word_1_907' title='bbox 3630 5442 3700 5521; x_wconf 81' lang='lat' dir='ltr'><strong>ad</strong></span> <span class='ocrx_word' id='word_1_908' title='bbox 3727 5442 3953 5521; x_wconf 56' lang='lat' dir='ltr'><strong>Titum!</strong></span> 
     </span>
    </p>
   </div>
   <div class='ocr_carea' id='block_1_126' title="bbox 2353 5513 3953 5591">
    <p class='ocr_par' dir='ltr' id='par_1_126' title="bbox 2353 5513 3953 5591">
     <span class='ocr_line' id='line_1_129' title="bbox 2353 5513 3953 5591; baseline -0.006 -14"><span class='ocrx_word' id='word_1_909' title='bbox 2353 5537 2472 5591; x_wconf 84' lang='lat' dir='ltr'><strong>cap.</strong></span> <span class='ocrx_word' id='word_1_910' title='bbox 2492 5513 2549 5577; x_wconf 72' lang='grc' dir='ltr'><strong>ἱ.</strong></span> <span class='ocrx_word' id='word_1_911' title='bbox 2579 5539 2593 5575; x_wconf 92' lang='lat'><strong>:</strong></span> <span class='ocrx_word' id='word_1_912' title='bbox 2627 5520 2726 5587; x_wconf 83' lang='lat' dir='ltr'><strong>Qui</strong></span> <span class='ocrx_word' id='word_1_913' title='bbox 2760 5528 2936 5588; x_wconf 83' lang='lat' dir='ltr'><strong>putant</strong></span> <span class='ocrx_word' id='word_1_914' title='bbox 2957 5526 3119 5591; x_wconf 76' lang='lat' dir='ltr'><strong>totum</strong></span> <span class='ocrx_word' id='word_1_915' title='bbox 3141 5517 3325 5591; x_wconf 75' lang='lat' dir='ltr'><strong>librum</strong></span> <span class='ocrx_word' id='word_1_916' title='bbox 3348 5513 3528 5571; x_wconf 82' lang='lat' dir='ltr'><strong>debere</strong></span> <span class='ocrx_word' id='word_1_917' title='bbox 3554 5516 3694 5591; x_wconf 71' lang='lat' dir='ltr'><strong>sequi</strong></span> <span class='ocrx_word' id='word_1_918' title='bbox 3725 5513 3953 5591; x_wconf 51' lang='lat' dir='ltr'><strong>eumqui</strong></span> 
     </span>
    </p>
   </div>
   <div class='ocr_carea' id='block_1_127' title="bbox 2352 5583 3944 5664">
    <p class='ocr_par' dir='ltr' id='par_1_127' title="bbox 2352 5583 3944 5664">
     <span class='ocr_line' id='line_1_130' title="bbox 2352 5583 3944 5664; baseline -0.006 -16"><span class='ocrx_word' id='word_1_919' title='bbox 2352 5583 2470 5649; x_wconf 70' lang='lat' dir='ltr'><strong>libri</strong></span> <span class='ocrx_word' id='word_1_920' title='bbox 2491 5583 2846 5664; x_wconf 19' lang='lat' dir='ltr'><strong>parte‘usussit</strong></span> <span class='ocrx_word' id='word_1_921' title='bbox 2861 5631 2880 5659; x_wconf 91' lang='lat'><strong>,</strong></span> <span class='ocrx_word' id='word_1_922' title='bbox 2897 5588 3130 5664; x_wconf 68' lang='lat' dir='ltr'><strong>uidentur</strong></span> <span class='ocrx_word' id='word_1_923' title='bbox 3148 5589 3334 5664; x_wconf 63' lang='lat' dir='ltr'><strong>mihist</strong></span> <span class='ocrx_word' id='word_1_924' title='bbox 3361 5583 3718 5664; x_wconf 54' lang='lat' dir='ltr'><strong>apocrypha;</strong></span> <span class='ocrx_word' id='word_1_925' title='bbox 3738 5583 3944 5664; x_wconf 68' lang='lat' dir='ltr'><strong>Enoch,</strong></span> 
     </span>
    </p>
   </div>
   <div class='ocr_carea' id='block_1_128' title="bbox 2353 5656 3951 5733">
    <p class='ocr_par' dir='ltr' id='par_1_128' title="bbox 2353 5656 3951 5733">
     <span class='ocr_line' id='line_1_131' title="bbox 2353 5656 3951 5733; baseline -0.005 -14"><span class='ocrx_word' id='word_1_926' title='bbox 2353 5666 2416 5719; x_wconf 88' lang='lat' dir='ltr'><strong>de</strong></span> <span class='ocrx_word' id='word_1_927' title='bbox 2457 5656 2556 5732; x_wconf 72' lang='lat' dir='ltr'><strong>quo</strong></span> <span class='ocrx_word' id='word_1_928' title='bbox 2597 5656 2873 5733; x_wconf 72' lang='lat' dir='ltr'><strong>apostolus</strong></span> <span class='ocrx_word' id='word_1_929' title='bbox 2899 5660 3068 5715; x_wconf 74' lang='lat' dir='ltr'><strong>ludas</strong></span> <span class='ocrx_word' id='word_1_930' title='bbox 3102 5664 3157 5716; x_wconf 87' lang='lat' dir='ltr'><strong>in</strong></span> <span class='ocrx_word' id='word_1_931' title='bbox 3187 5656 3422 5729; x_wconf 79' lang='lat' dir='ltr'><strong>Epistola</strong></span> <span class='ocrx_word' id='word_1_932' title='bbox 3464 5656 3557 5713; x_wconf 74' lang='lat' dir='ltr'><strong>sua</strong></span> <span class='ocrx_word' id='word_1_933' title='bbox 3595 5656 3951 5733; x_wconf 64' lang='lat' dir='ltr'><strong>testimonitiiu</strong></span> 
     </span>
    </p>
   </div>
   <div class='ocr_carea' id='block_1_129' title="bbox 2352 5726 3961 5809">
    <p class='ocr_par' dir='ltr' id='par_1_129' title="bbox 2352 5726 3961 5809">
     <span class='ocr_line' id='line_1_132' title="bbox 2352 5726 3961 5809; baseline -0.006 -19"><span class='ocrx_word' id='word_1_934' title='bbox 2352 5726 2541 5808; x_wconf 75' lang='lat' dir='ltr'><strong>posuit,</strong></span> <span class='ocrx_word' id='word_1_935' title='bbox 2573 5726 2703 5809; x_wconf 73' lang='lat' dir='ltr'><strong>inter</strong></span> <span class='ocrx_word' id='word_1_936' title='bbox 2734 5734 2973 5809; x_wconf 58' lang='lat' dir='ltr'><strong>Eeclesire</strong></span> <span class='ocrx_word' id='word_1_937' title='bbox 3004 5726 3303 5809; x_wconf 70' lang='lat' dir='ltr'><strong>Scriptuqu</strong></span> <span class='ocrx_word' id='word_1_938' title='bbox 3318 5732 3540 5809; x_wconf 71' lang='lat' dir='ltr'><strong>recipere</strong></span> <span class='ocrx_word' id='word_1_939' title='bbox 3557 5774 3571 5795; x_wconf 91' lang='lat'><strong>,</strong></span> <span class='ocrx_word' id='word_1_940' title='bbox 3592 5743 3636 5785; x_wconf 82' lang='lat' dir='ltr'><strong>et</strong></span> <span class='ocrx_word' id='word_1_941' title='bbox 3653 5729 3821 5809; x_wconf 44' lang='lat' dir='ltr'><strong>multa</strong></span> <span class='ocrx_word' id='word_1_942' title='bbox 3840 5726 3961 5809; x_wconf 50' lang='lat' dir='ltr'><strong>ag;</strong></span> 
     </span>
    </p>
   </div>
   <div class='ocr_carea' id='block_1_130' title="bbox 2352 5800 3964 5881">
    <p class='ocr_par' dir='ltr' id='par_1_130' title="bbox 2352 5800 3964 5881">
     <span class='ocr_line' id='line_1_133' title="bbox 2352 5800 3964 5881; baseline -0.004 -16"><span class='ocrx_word' id='word_1_943' title='bbox 2352 5800 2464 5879; x_wconf 69' lang='lat' dir='ltr'><strong>qua:</strong></span> <span class='ocrx_word' id='word_1_944' title='bbox 2493 5800 2754 5881; x_wconf 74' lang='lat' dir='ltr'><strong>apostolus</strong></span> <span class='ocrx_word' id='word_1_945' title='bbox 2778 5806 2977 5862; x_wconf 79' lang='lat' dir='ltr'><strong>Paulus</strong></span> <span class='ocrx_word' id='word_1_946' title='bbox 3005 5807 3069 5862; x_wconf 84' lang='lat' dir='ltr'><strong>de</strong></span> <span class='ocrx_word' id='word_1_947' title='bbox 3091 5804 3364 5862; x_wconf 74' lang='lat' dir='ltr'><strong>reconditis</strong></span> <span class='ocrx_word' id='word_1_948' title='bbox 3389 5812 3461 5860; x_wconf 70' lang='lat' dir='ltr'><strong>est</strong></span> <span class='ocrx_word' id='word_1_949' title='bbox 3482 5802 3706 5860; x_wconf 77' lang='lat' dir='ltr'><strong>locutus.</strong></span> <span class='ocrx_word' id='word_1_950' title='bbox 3733 5800 3911 5861; x_wconf 36' lang='lat' dir='ltr'><strong>R16.”</strong></span> <span class='ocrx_word' id='word_1_951' title='bbox 3946 5848 3964 5872; x_wconf 76' lang='grc'><em>,</em></span> 
     </span>
    </p>
   </div>
  </div>
