4230 6256
618 259 756 322 1511

2018 246 2483 310 TERTULLIANI

3792 251 3943 314 ιδιι

621 375 848 436 subdole
873 373 1279 444 substrunntur,
1302 378 1362 431 ut
1394 374 1642 438 ﬂoreant,
1671 375 1727 427 et
1759 369 1924 426 anxie
1951 367 2216 436 forantur,
2245 368 2298 432 Α
2323 381 2565 434 suorum,
2597 379 2778 425 coram
2805 365 3063 425 matronis
3085 366 3504 427 erubescentem
3529 369 3637 444 (6),
3664 371 3766 428 nisi
3789 373 3941 444 quod

624 479 684 526 ut
713 468 999 540 pendeant,
1026 477 1082 524 et
1121 481 1254 523 auro
1294 463 1617 523 lenocinium
1648 470 1894 520 mutuum
1937 470 2218 532 praestant.

624 561 732 619 Sed
767 561 847 633 (l)
878 560 922 616 si
953 559 1079 630 quid
1100 558 1170 616 de
1198 559 1333 615 mari
1365 558 1674 614 Britannico
1709 564 1802 611 aut
1831 555 2012 612 Indico
2047 553 2226 610 ambi-

627 654 706 710 tio
748 653 1006 725 piscator,
1039 652 1262 726 conchae
1299 667 1468 726 genus
1496 660 1602 719 est,
1651 665 1758 706 non
1796 649 1918 706 dico
1946 647 2229 720 conchylio

628 751 726 800 aut
764 752 967 810 ostreo,
1007 743 1102 800 sed
1133 759 1233 800 nec
1274 741 1516 814 peloride
1555 741 1756 814 gratius
1781 741 1850 797 de
1893 755 2104 812 sapore.
2145 737 2231 795 Ad

631 831 737 891 hoc
761 832 905 890 enim
935 833 1170 890 conchas
1192 833 1432 889 noverim
1459 831 1625 888 maris
1648 847 1824 904 poma.
1849 830 2006 899 Quod
2035 831 2080 885 si
2101 843 2232 886 con-

632 925 867 993 chailla
921 925 1122 998 aliquid
1174 925 1496 982 intrinsecus
1559 924 1792 995 pustulat
1831 921 1946 996 (2)
1979 963 1994 988 ,
2041 921 2230 977 vitium

633 1017 753 1089 ejus
791 1016 961 1088 magis
1001 1016 1162 1073 debet
1193 1031 1336 1084 esse,
1371 1030 1531 1088 quam
1571 1016 1775 1088 glorise.
1815 1011 1888 1072 Et
1926 1014 2052 1071 licet
2086 1028 2236 1070 mar-

633 1111 865 1184 garitttm
916 1117 1138 1166 vocetur
1167 1151 1184 1178 ,
1232 1125 1340 1168 non
1385 1110 1529 1166 aliud
1583 1119 1763 1166 tamen
1806 1108 2233 1182 intelligendum,

637 1187 800 1274 quam
837 1200 1059 1258 conchae
1088 1200 1230 1258 illius
1273 1201 1448 1272 aliqua
1474 1201 1607 1258 dura
1635 1209 1690 1257 et
1715 1200 1944 1257 rotunda
1987 1215 2234 1258 verruca.

637 1293 805 1350 Aiunt
833 1303 887 1350 et
910 1291 979 1350 de
1004 1291 1269 1350 frontibus
1309 1293 1604 1350 draconum
1643 1307 1884 1365 gemmas
1928 1293 2066 1358 erui,
2097 1293 2239 1348 sicut

639 1394 695 1442 et
719 1386 772 1441 in
812 1385 1039 1456 piscium
1071 1385 1314 1442 cerebris
1347 1385 1661 1458 lapidositas
1700 1386 1946 1457 quaedam
1997 1394 2098 1441 est.
2127 1384 2242 1443 Hoc

641 1491 854 1548 quoque
869 1476 1040 1533 deerit
1055 1476 1135 1551 (ὅ)
1155 1477 1482 1544 christianae,
1499 1486 1557 1546 ut
1572 1477 1638 1533 de
1655 1487 1905 1549 serpente
1917 1477 2115 1534 cultior
2127 1478 2239 1533 fiat.

641 1569 732 1628 Sic
760 1570 986 1626 calcabit
1005 1571 1084 1644 (ο)
1115 1570 1312 1627 diaboli
1329 1571 1642 1641 caput,dum
1664 1571 1731 1627 de
1753 1572 1928 1642 capite
1951 1571 2092 1642 ejus,
2117 1585 2239 1628 cer-

644 1661 854 1719 vicibus
884 1664 1008 1728 _suis
1057 1672 1150 1720 aut
1196 1663 1298 1735 ipsi
1337 1663 1498 1735 capiti
1529 1671 1843 1720 ornamenta
1873 1662 1958 1736 (4)
1986 1663 2182 1720 struit?

1254 1818 1480 1876 CAPUT
1518 1817 1631 1875 VII.

718 1929 846 1986 Harc
870 1931 1049 1986 omnia
1075 1931 1144 1988 de
1165 1932 1384 1988 raritate
1407 1942 1461 1990 et
1483 1933 1864 2005 peregrinitatc
1888 1933 2001 1989 sola
2020 1933 2247 2005 gratiam

649 2021 947 2095 possident.
980 2025 1241 2097 Denique,
1275 2027 1412 2082 intra
1458 2027 1717 2082 terminos
1751 2041 1880 2082 suos
1911 2027 2112 2097 patrios
2140 2041 2247 2083 non

583 2161 586 2165 .
651 2119 784 2173 tanti
815 2117 1101 2175 habentur.
1131 2119 1356 2192 Semper
1382 2119 1710 2177 abundantia
1739 2121 2130 2178 contumeliosa
2171 2119 2249 2196 (b)

652 2207 707 2264 in
735 2209 1077 2282 semetipsam
1112 2210 1195 2284 (5)
1223 2221 1326 2268 est.
1360 2211 1513 2282 Apud
1541 2213 1799 2268 barbaros
1821 2213 2102 2284 quosdam,
2125 2214 2250 2284 quia

632 2301 998 2357 .vernaculum
1029 2312 1113 2358 est
1138 2319 1325 2359 aurum
1358 2314 1412 2360 et
1449 2306 1749 2376 copiosum,
1790 2320 1922 2361 auro
1951 2307 2159 2362 vinctos
2195 2305 2251 2362 in

654 2393 940 2464 ergastulis
970 2393 1192 2462 habent,
1222 2405 1276 2451 et
1299 2395 1500 2472 divitiis
1527 2396 1698 2452 malos
1727 2410 1976 2466 onerant,
1999 2407 2146 2476 tanto
2174 2399 2255 2454 lo-

655 2489 1020 2562 cupletiores,
1064 2498 1268 2562 quanto
1304 2491 1668 2548 nocentiores.
1716 2492 2017 2564 Aliquando
2066 2507 2250 2550 revera

656 2581 931 2637 inventum
955 2591 1064 2660 est,
1083 2583 1367 2681 quomodo
1392 2592 1444 2638 ct
1467 2597 1656 2638 aurum
1684 2597 1791 2639 non
1827 2592 2057 2640 ametur.
2086 2583 2251 2641 Gem-

658 2688 867 2740 marum
892 2672 1120 2745 quoque'
1129 2672 1460 2730 nobilitatem
1488 2675 1719 2730 vidimus
1739 2675 1926 2731 Romae
1950 2675 2020 2732 de
2043 2675 2255 2733 fastidio

661 2765 982 2823 Parthorum
1035 2775 1090 2822 et
1152 2765 1428 2822 Medorum
1483 2776 1912 2840 cteterorumque
1973 2767 2252 2839 gentilium

2332 477 2432 521 nec
2457 463 2524 519 ad
2553 463 2919 520 ostensionem
2951 463 3032 538 (7)
3064 466 3172 520 fere
3199 464 3488 521 habentur.
3517 464 3711 523 Latent
3739 468 3789 522 in
3822 470 3936 523 eir-

2331 556 2468 612 culis
2495 555 2578 629 (8)
2607 555 2682 630 (c)
2711 555 3003 628 smaragdi,
3032 565 3087 611 et
3111 555 3388 628 cylindros
3413 557 3622 628 vaginae
3647 573 3757 614 suae
3784 559 3940 615 solus

2331 648 2540 720 gladius
2565 649 2666 706 sub
2692 649 2811 705 sinu
2834 649 3001 716 novit,
3030 658 3085 705 et
3105 649 3158 704 in
3184 650 3472 720 peronibus
3496 652 3726 708 uniones
3753 667 3940 708 emer-

2332 755 2463 813 gere
2511 739 2580 796 de
2623 739 2734 797 luto
2782 741 3021 812 cupiunt.
3052 739 3196 796 Nihil
3224 737 3306 815 (9)
3353 740 3605 814 denique,
3631 751 3742 798 tam
3785 758 3943 815 gem-

2334 842 2539 889 matum
2566 833 2787 899 habent,
2816 848 2975 905 quam
3005 833 3126 908 (10)
3157 837 3299 905 quod
3326 845 3647 906 gemmatum
3675 853 3802 896 esse
3829 855 3940 896 non

2336 923 2519 991 debet,
2576 926 2622 980 si
2679 940 2785 981 non
2833 934 3149 997 comparet;
3196 935 3290 982 aut
3337 927 3456 986 ideo
3502 939 3826 1002 comparet,
3883 943 3947 989 ut

2337 1018 2640 1090 neglectum
2665 1033 2879 1092 quoque
2899 1019 3232 1076 ostendatur.

2939 1151 3168 1211 CAPUT
3206 1152 3340 1210 VIII.

2414 1289 2648 1347 Proinde
2691 1298 2749 1346 et
2796 1289 3022 1346 vestium
3069 1289 3138 1347 de
3180 1289 3453 1347 coloribus
3498 1289 3754 1348 honorem
3795 1295 3944 1351 servi

2342 1384 2504 1441 etiam
2531 1397 2717 1440 eorum
2743 1390 2943 1439 terunt.
2967 1380 3080 1439 Sed
3099 1392 3154 1438 ct
3175 1382 3405 1454 parietes
3455 1383 3610 1456 tyriis
3637 1393 3691 1440 et
3717 1386 3946 1457 hyacin-

2344 1475 2509 1532 thinis
2534 1484 2589 1532 et
2617 1474 2724 1531 illis
2744 1474 2908 1546 regiis
2939 1475 3092 1543 velis,
3127 1490 3256 1546 quae
3300 1491 3399 1532 vos
3424 1491 3660 1550 operose
3709 1478 3948 1536 resoluta

2347 1566 2782 1640 transiiguratis,
2822 1581 2921 1639 pro
2970 1567 3176 1638 pictura
3259 1568 3578 1626 abutuntur.
3641 1570 3805 1626 Vilior
3865 1581 3951 1628 est

2347 1661 2490 1732 apud
2515 1662 2637 1718 illos
2668 1675 2923 1733 purpura,
2956 1675 3118 1731 quam
3139 1660 3373 1717 rubrica.
3397 1661 3529 1731 Quis
3563 1663 3708 1719 enim
3739 1672 3822 1719 est
3850 1680 3952 1720 ve-

2276 1767 2326 1832 B
2354 1753 2516 1810 stium
2547 1753 2914 1824 honorjustus
2943 1752 3012 1808 de
3031 1752 3294 1810 adulterio
3318 1752 3403 1828 (ά)
3433 1753 3675 1811 colorum
3724 1757 3956 1827 injuste-

2351 1861 2470 1902 rum
2490 1847 2515 1900 7
2539 1845 2656 1902 Non
2683 1847 2859 1917 placet
2888 1845 3019 1914 Deo,
3069 1845 3211 1917 quod
3241 1861 3347 1902 non
3376 1847 3492 1917 ipse
3522 1847 3802 1918 produxit,
3849 1850 3954 1905 nisi

2349 1941 2396 1995 si
2418 1955 2525 1996 non
2549 1940 2724 2012 potuit
2751 1953 3050 2012 purpureas
3085 1947 3142 1996 et
3166 1940 3378 1996 aerinas
3401 1939 3521 2012 (ll)
3548 1956 3676 1998 oves
3703 1941 3780 2015 (ε)
3803 1943 3956 1998 nasci

2347 2029 2557 2101 jubere.
2585 2030 2639 2087 Si
2662 2031 2856 2102 potuit,
2881 2045 3009 2101 ergo
3024 2029 3135 2100 jam
3164 2028 3368 2096 noluit;
3406 2030 3550 2100 quod
3581 2032 3719 2088 Deus
3756 2033 3953 2097 noluit,

2354 2121 2537 2192 utique
2581 2137 2687 2176 non
2719 2121 2845 2177 licet
2887 2120 3033 2193 fingi.
3064 2120 3181 2176 Non
3211 2135 3341 2192 ergo
3368 2131 3560 2177 natura
3587 2123 3784 2192 optima
3826 2133 3959 2179 sunt

2355 2213 2479 2280 ista,
2509 2227 2628 2284 qua:
2657 2227 2684 2266 a
2710 2212 2822 2268 Deo
2848 2227 2954 2268 non
2982 2221 3128 2278 sunt,
3157 2222 3381 2269 auctore
3407 2223 3646 2279 naturae;
3678 2215 3758 2271 sic
3781 2231 3810 2270 a
3837 2216 3954 2269 dia-

2355 2305 2484 2362 bolo
2505 2320 2624 2362 esse
2651 2305 3044 2376 intelliguntur,
3064 2305 3133 2362 ab
3149 2306 3538 2376 interpolatore
3559 2315 3780 2362 naturae.
3804 2309 3958 2364 Alte-

2355 2396 2469 2452 rius
2509 2397 2654 2452 enim
2681 2411 2802 2453 esse
2846 2412 2950 2452 non
2992 2404 3236 2468 possunt.
3278 2396 3324 2452 si
3379 2396 3472 2452 Dei
3502 2413 3606 2454 non
3632 2409 3756 2454 sunt
3785 2416 3797 2452 :
3824 2400 3954 2468 quia

2357 2487 2535 2544 :emuli
2601 2489 2707 2544 sint
2758 2503 2977 2546 necesse
3016 2500 3119 2557 est,
3165 2505 3287 2561 quae
3331 2489 3424 2547 Dei
3463 2505 3568 2547 non
3607 2499 3772 2557 sunt;
3815 2492 3960 2548 alius

2358 2591 2562 2647 autem,
2586 2592 2783 2653 prater
2805 2581 3078 2638 diabolum
3119 2591 3175 2638 et
3198 2582 3412 2654 angelos
3432 2583 3566 2654 ejus,
3593 2584 3826 2639 aemulus
3854 2585 3958 2640 Dei

2362 2687 2470 2728 non
2499 2683 2601 2730 est.
2632 2672 2922 2742 Cancrum,
2953 2673 2997 2728 si
3043 2675 3281 2730 materia:
3317 2690 3381 2730 ex
3427 2674 3535 2729 Deo
3572 2684 3699 2730 sunt
3722 2673 3816 2748 (δ’).
3847 2691 3960 2730 non

2360 2765 2540 2822 statim
2560 2775 2616 2822 et
2641 2764 2947 2836 hujusmodi
2970 2763 3175 2828 fructus
3200 2766 3408 2821 illarum
3441 2763 3583 2837 (l2);
3611 2780 3735 2822 nam
3761 2775 3819 2822 et
3842 2779 3963 2821 om-

1891 2904 2272 2965 LECTIONES
2310 2902 2720 2962 VARIANTES.

727 3081 804 3144 (2⁷)
827 3081 1050 3137 Postulat
1073 3083 1274 3135 seinter.
1296 3081 1449 3136 Rhea.
1501 3099 1514 3112 ·

725 3022 770 3088 (1
833 3022 912 3082 Ει,
930 3021 1147 3074 inserth
1160 3018 1266 3072 alii.

727 3087 781 3144 (2
827 3085 1050 3137 Postulat
1073 3083 1266 3135 seinter.

726 3023 804 3214 (3}
823 3147 1014 3214 Deerat
1033 3149 1154 3198 Jun.
1174 3145 1266 3214 Βία

749 3151 778 3199 3

823 3147 1014 3216 Deerat
1033 3149 1154 3198 Jun.
1174 3145 1292 3216 Βία...

755 3208 805 3271 t')
827 3209 1196 3271 Ornamentum,
1223 3208 1328 3260 alii.

753 3272 806 3335 5)
829 3272 1112 3335 Semetipsa
1140 3275 1280 3335 Parit.

752 3329 806 3406 ρ)
829 3332 1011 3406 grumi
1189 3329 1440 3406 distinguit
1461 3333 1587 3384 Jun.

732 3396 808 3458 (7)
842 3396 1260 3458 Ostentatlonem,
1283 3396 1389 3448 alii.

732 3401 783 3458 (7
842 3401 1260 3457 Ostentatlonem,
1283 3401 1389 3448 alii.

731 3401 808 3527 (δέ
829 3458 1051 3523 Cingulis
1094 3455 1247 3511 Seml.
1270 3455 1478 3523 singulis
1498 3458 1644 3508 Pam.

726 3145 748 3386 ξ

2455 3081 2536 3142 10)
2563 3083 2717 3142 Quam
2739 3081 2889 3134 omitt.
2911 3083 3111 3134 seinter.

2463 3140 2540 3209 ll)
2563 3140 2639 3209 Sic
2659 3144 2711 3195 iu
2728 3144 2852 3209 libro
2866 3145 3180 3197 vetustissimo
3201 3141 3338 3209 ,‘alii,
3357 3147 3534 3195 aerias.
3553 3140 3732 3209 Rigalt.
3755 3147 3970 3209 aerinas.

2371 3205 2591 3273 Rh‘enan.
2611 3207 3038 3273 legebatgearinas,
3058 3205 3339 3273 sna-“Lac
3362 3209 3517 3273 Eran.
3545 3205 3713 3258 Paris.
3754 3207 3843 3259 alii
3871 3213 3974 3261 sri-

2374 3284 2482 3343 ιιιις)ἰ
2495 3267 2769 3343 grauique
2791 3271 2914 3343 Jun.
2938 3275 3001 3320 de
3192 3267 3354 3343 quare
3369 3268 3733 3343 interpretatur.

2439 3332 2546 3397 (12)
2575 3330 2791 3384 Latinius
2821 3331 2963 3384 aliter
2986 3333 3130 3384 voluit
3153 3333 3447 3397 :_Cteterum
3471 3330 3510 3397 si
3535 3333 3753 3397 materiae
3775 3330 3981 3397 expet)

2378 3393 2642 3461 sunt,_’non
2666 3399 2907 3461 statim_et
2943 3395 3218 3461 hujusmodi
3263 3394 3451 3446 fructus
3494 3393 3620 3445 latet
3639 3395 3691 3444 in
3727 3395 3980 3458 omnibus,

2381 3457 2646 3521 quaeritur;
2669 3464 2722 3509 et
2746 3458 2894 3508 unde.

2287 3018 2332 3082 C
2428 3019 2503 3210 ξ)
2523 3017 2656 3070 Nihil
2675 3017 2836 3090 omina
2854 3018 3004 3071 Seml.

2455 3084 2514 3133 10
2563 3083 2717 3142 Quam
2739 3089 2889 3134 0mm.
2911 3092 3004 3134 Sen;

2425 3208 2433 3210 _
2463 3083 2540 3210 lli
2563 3145 2639 3210 sic
2659 3144 2711 3195 iu
2727 3144 2852 3210 libro
2866 3152 3004 3195 vetus

2022 3591 2394 3651 COMMENTA
2403 3592 2583 3651 RIUS.

676 3695 786 3770 Sic.
813 3712 910 3768 lib.
938 3711 1004 3769 ad
1027 3711 1348 3782 Nationes]!
1378 3729 1391 3766 :
1425 3711 1673 3782 Slupores
1696 3711 1908 3767 Atticos.
1936 3707 2026 3767 Sic
2047 3709 2268 3781 Cypria-

679 3799 782 3840 nus
803 3824 820 3849 ,
848 3781 1022 3852 Epist.
1047 3781 1189 3853 XLII
1218 3799 1232 3835 :
1259 3781 1330 3853 Si
1346 3783 1459 3853 quis
1484 3783 1636 3853 aliter
1654 3783 1822 3846 docet,
1845 3791 2021 3853 etnon
2038 3782 2268 3850 acquies-

677 3856 745 3908 cit
773 3851 913 3908 sanis
937 3853 1100 3906 verbis
1128 3851 1334 3906 Domini
1360 3851 1537 3906 nostri
1572 3851 1701 3907 Iesu
1730 3852 1919 3906 Christi
1938 3862 1984 3905 et
2027 3853 2273 3907 doctrina

679 3925 790 3995 ejus
812 3965 830 3990 ,
859 3933 1065 3995 stupore
1085 3923 1374 3995 elatusest.
1399 3921 1592 3995 “RBEN.

698 3990 715 3995 ⁷
754 3995 834 4069 (a)
864 3990 954 4050 Sic
981 3993 1196 4076 calt-alii!
1236 3992 1426 4076 diaboli
1445 4002 1620 4062 caput.
1651 3990 2158 4074 Hinc’manifestum
2189 4001 2272 4048 est

679 4065 1071 4123 Tertullianum
1097 4079 1177 4120 src
1225 4065 1418 4134 legisse
1467 4063 1663 4121 Genes.
1695 4064 1730 4120 ὅ
1763 4078 1778 4120 :
1813 4063 1878 4116 Et
1904 4079 2017 4130 ipsa
2049 4073 2271 4118 conteret

681 4147 834 4208 caput
861 4148 1025 4192 tuum.
1047 4135 1168 4193 Btc.

699 4278 736 4291 υ
937 4208 1124 4290 Vll.—
1137 4207 1220 4281 (b)
1233 4203 1611 4291 contumeliosa
1639 4208 1693 4263 in
1715 4207 2066 4291 “semetipsam.
2083 4205 2270 4291 nsupra

682 4278 839 4348 dixit,
878 4275 1160 4336 Dominum
1191 4275 1434 4334 nostrum
1461 4279 1908 4336 contumeliosum
1941 4277 2042 4332 sibi
2081 4275 2269 4333 fuisse.

1931 4348 2055 4405 th.

757 4421 836 4494 (cf)
852 4421 1113 4494 Larentia
1148 4421 1354 4494 circulis
1380 4422 1658 4494 smaragdi.
1698 4420 1788 4494 Sic
1813 4421 1976 4494 habet
2001 4419 2278 4490 exemplar
2303 4432 2358 4493 ι)

687 4491 1385 4564 Αεοδτιτᾱίὢίιθουιίενιιοο
1428 4491 1886 4557 εει,ἰιιοιιί1ἰ1)ιιε.
1929 4491 2049 4564 Ipse
2099 4506 2280 4562 supra,

688 4561 918 4621 Circulos
936 4581 1000 4618 ea:
1017 4579 1145 4618 auro
1163 4563 1344 4632 quibus
1371 4563 1576 4617 brachia
1601 4573 1881 4617 arctantur.
1947 4561 2068 4617 th.

761 4633 1217 4706 CAP.Vlll.—(d)
1235 4633 1361 4700 Quis
1381 4643 1454 4689 est
1478 4635 1685 4689 vestiunt
1703 4635 2042 4706 honorjustus
2059 4633 2121 4687 de
2139 4632 2288 4688 adul-

690 4706 817 4778 terio
831 4707 1058 4761 colorum
1072 4704 1407 4778 injustorum.
1419 4707 1645 4760 Accusat
1660 4705 1842 4760 luxum
1855 4704 2288 4778 mulierum,qtta:

691 4777 746 4832 in
767 4778 1080 4832 vestimenta
1095 4775 1302 4832 colores
1323 4775 1635 4832 inducerent
1651 4791 1756 4831 non
1777 4775 1984 4832 nativos
1999 4775 2182 4830 velleri
2198 4783 2291 4829 aut

693 4847 1106 4913 lante,videlicet
1128 4862 1444 4917 purpureos,
1468 4845 1863 4916 hyacinthinos,
1885 4847 2168 4917 coccineos
2193 4861 2208 4911 ;
2235 4855 2291 4900 et

697 4918 796 4974 hos
824 4934 944 4975 esse
973 4919 1046 4973 ait
1087 4915 1297 4974 colores
1328 4915 1556 4988 injustas
1587 4959 1601 4982 ,
1636 4927 1690 4974 et
1718 4917 2002 4973 adulteria.
2031 4915 2157 4988 Non
2175 4917 2289 4983 pla-

695 5000 772 5060 cet
797 4989 901 5045 Deo
922 5032 936 5056 ,
966 4989 1169 5057 inquit,
1195 4988 1332 5059 quod
1350 5005 1450 5043 non
1479 4989 1740 5060 produxit.
1763 4989 1964 5044 Deinde
1979 4987 2285 5060 subridens:

700 5059 822 5132 Nisi
845 5061 1005 5115 sinon
1023 5063 1183 5132 potuit
1209 5058 1505 5132 purpureas
1517 5068 1562 5114 et
1583 5061 1783 5114 aeriuas
1801 5075 1913 5114 oves
1929 5059 2070 5132 nasci
2087 5058 2276 5132 jubere.

698 5131 838 5204 Tum
866 5129 1339 5204 serio’pergitrSi
1365 5131 1529 5204 potuit
1555 5171 1571 5196 ,
1601 5148 1725 5204 ergo
1743 5132 1860 5202 jam
1901 5129 2088 5204 uoluit.
2138 5130 2291 5204 Quod

702 5203 844 5260 Deus
874 5200 1074 5269 noluit,
1120 5200 1222 5257 non
1248 5203 1364 5256 licet
1393 5202 1540 5272 ﬁngi.
1584 5200 1972 5272 Argttmentuttr
2011 5201 2184 5272 etiam?
2221 5200 2287 5255 ad

702 5276 944 5346 graviora
968 5273 1204 5329 notabile
1216 5289 1278 5329 ac
1299 5271 1871 5346 fortissimumfltaque
1888 5271 2091 5342 colligit
2116 5271 2288 5341 injus-

707 5345 791 5420 tos
817 5360 939 5420 esse
964 5346 1224 5420 colores,
1245 5359 1382 5414 quos
1399 5345 1597 5400 habent
1624 5346 1759 5399 lana:
1775 5358 1879 5420 non
1908 5357 2056 5407 suos,
2085 5357 2152 5420 ac
2169 5357 2291 5420 pro:

705 5416 830 5473 inde
859 5415 1153 5472 adulteros.
1179 5415 1296 5470 Mox
1326 5428 1702 5486 argumentum
1726 5415 1988 5486 explicat,
2021 5422 2107 5478 et,
2140 5414 2290 5486 lanas

703 5487 1013 5558 hujusmodi
1039 5529 1054 5554 ,
1097 5486 1329 5558 imbutas
1373 5485 1645 5558 coloribus
1690 5501 1796 5558 non
1850 5485 1997 5550 suis,
2060 5485 2287 5558 vestium

707 5555 968 5613 honorem
992 5558 1235 5628 praebere
1257 5557 1330 5611 ait
1353 5571 1456 5612 non
1466 5557 1690 5628 justum.
1713 5556 1905 5614 Vestes
1923 5563 2100 5628 autem
2117 5555 2293 5628 alieno

705 5640 763 5698 et
787 5626 1072 5685 ambitioso
1111 5628 1294 5683 colore
1319 5626 1508 5683 fucatas
1534 5627 1792 5686 honorem
1820 5643 1916 5684 seu
1948 5626 2290 5698 splendorem

706 5699 1034 5772 fulgoremve
1060 5699 1357 5772 injustum,
1391 5699 1458 5752 ad
1489 5698 1824 5772 honestatem
1872 5699 2294 5768 modestiamque

703 5770 1054 5826 christianam
1081 5785 1186 5825 non
1212 5770 1500 5841 pertinere.
1557 5770 1678 5828 Bis.

2445 3709 2526 3784 (ε)
2566 3709 2685 3784 Nisi
2710 3712 2755 3767 si
2781 3728 2882 3767 non
2904 3713 3066 3779 potuit
3089 3727 3372 3783 purpureas
3392 3721 3439 3767 et
3459 3712 3660 3767 acrinus
3688 3726 3804 3764 oves
3833 3710 3981 3784 nasci

2343 3819 2346 3822 ~
2372 3780 2569 3855 iubere.
2620 3783 2693 3839 lla
2753 3785 2976 3855 omnino
3019 3780 3211 3855 legitur
3255 3784 3307 3838 in
3355 3784 3722 3855 vetustissimo
3749 3780 3979 3855 codice.

2377 3869 2482 3909 non
2531 3863 2588 3910 ιιι
2631 3855 2890 3910 hactenus
2916 3853 3118 3910 editum
3170 3853 3306 3914 fuit.
3350 3856 3538 3908 aerias.
3567 3853 3795 3908 Aerinas
3849 3853 3984 3907 dicit

2378 3941 2509 3981 ores
2553 3925 2735 3981 colore
2777 3926 2962 3995 aerino
2983 3967 2996 3988 ,
3021 3941 3181 3995 quem
3205 3935 3267 3978 ut
3294 3924 3563 3980 femineis
3591 3925 3834 3979 vestibus
3854 3937 3985 3995 grse

2378 3997 2645 4052 tissimum
2679 3997 2856 4051 laudat
2880 3994 3138 4065 Ovidius,
3172 3997 3303 4061 ubi,
3348 3995 3489 4052 facta
3537 3996 3816 4052 mentione
3859 3994 3985 4066 tyrii

2377 4069 2597 4124 muricis
2615 4109 2632 4136 ,
2664 4069 2842 4123 statim
2871 4067 3053 4138 adjicit
3077 4086 3089 4122 :

2503 4207 2622 4259 Cum
2645 4212 2719 4257 tot
2742 4205 3013 4268 prodierint
3036 4205 3194 4268 pretio
3215 4203 3405 4254 leviore
3427 4202 3640 4268 colores.

2597 4269 2716 4340 Quis
2737 4265 2883 4340 furor_
2899 4275 2978 4319 est
2988 4265 3176 4340 census
3194 4279 3401 4340 corpore
3424 4266 3558 4340 ferre
3582 4278 3698 4316 suos
3711 4265 3735 4314 ?

2503 4333 2652 4384 Aeris
2675 4345 2795 4383 ecce
2811 4329 2962 4390 color.
2982 4337 3101 4380 tunc
3121 4343 3230 4378 cum
3254 4329 3365 4379 sine
3388 4330 3598 4378 nubibus
3619 4340 3726 4386 aer,

2596 4394 2702 4446 Nec
2725 4393 2920 4459 tepidus
2949 4391 3139 4458 pluvias
3160 4393 3372 4442 concitat
3395 4390 3573 4442 Auster
3595 4401 3764 4454 aquas.

2460 4544 2528 4630 (ί)
2568 4545 2814 4630 σωςρναενι
2857 4544 2902 4630 ξε
2937 4541 3162 4630 maestis
3189 4557 3253 4596 επ
3281 4535 3999 4630 ’ξρέξι,ξιξε,κοξ,ξεαξίπι,ξξ

2390 4608 2685 4690 hujusmodi
2714 4687 2724 4690 _
2751 4619 2946 4690 fructus
3002 4615 3230 4670 illarum.
3309 4611 3597 4690 Postquam
3621 4680 3635 4690 .
3657 4609 3760 4663 sub
3809 4608 3999 4678 elogio

2391 4680 2558 4744 atroci
2580 4680 2929 4762 gravissimus
2951 4699 3146 4741 censor
3168 4693 3344 4762 vestes
3365 4680 3759 4762 hyacittlhinas,
3782 4693 3999 4762 purpuo

2395 4775 2517 4815 reas
2539 4802 2552 4824 ,
2582 4751 2640 4813 Et
2683 4759 2928 4822 aerinas,
2955 4767 3010 4812 et
3047 4764 3243 4812 cmtera
3275 4751 3520 4826 idige'nus
3539 4751 3771 4826 lusoria:
3790 4751 4005 4826 instru-

2395 4821 2576 4886 menta
2609 4821 2955 4900 proscripsit,
2986 4826 3221 4882 occurrit
3263 4821 3551 4900 objectioni
3593 4821 4000 4885 dictitantium,

2395 4917 2461 4958 ea
2486 4897 2665 4956 omnia
2695 4897 2831 4969 quae
2859 4906 3138 4969 tantopere
3166 4897 3588 4969 exagitarentur,
3615 4909 3721 4969 non
3745 4907 3918 4969 secus
3940 4906 4007 4945 ac

2395 4981 2586 5028 eastern
2616 4988 2646 5027 a
2669 4963 2780 5028 Deo
2803 4984 2923 5027 esse
2943 4963 3161 5031 creata;
3190 4963 3400 5023 colores
3424 4967 3545 5023 illos
3571 4963 3847 5020 mirabiles
3869 4979 4009 5019 con-

2395 5043 2480 5100 fici
2508 5059 2540 5100 e
2566 5043 2740 5098 succis
2783 5042 3068 5096 herbarum
3095 5051 3149 5094 et
3176 5040 3503 5094 concharum
3545 5035 3764 5099 salivis;
3798 5033 4008 5090 herbas

2393 5125 2572 5171 autem
2595 5123 2648 5170 ct
2667 5112 2903 5188 conchas
2921 5114 3058 5166 inter
3080 5126 3169 5166 res
3194 5125 3224 5164 a
3256 5111 3366 5188 Deo
3384 5117 3594 5188 creatas
3613 5107 3731 5188 jure
3754 5106 4010 5188 censeri,

2394 5196 2447 5241 et
2476 5195 2684 5241 creatas
2715 5185 2989 5240 hominum
3020 5196 3231 5237 caussa.
3261 5181 3440 5250 Itaque
3454 5178 3796 5235 distinctione
3827 5175 4011 5250 cava-

2393 5258 2646 5313 lationem
2689 5256 2873 5318 diluit.
2907 5263 2963 5310 ct
3000 5253 3256 5308 materias
3293 5247 3507 5320 quidem
3537 5265 3600 5305 ex
3631 5249 3740 5304 Deo
3771 5261 3901 5303 esse
3927 5247 4009 5300 fa-

2392 5339 2540 5385 tetur
2562 5368 2576 5392 ,
2610 5327 2806 5382 herbas
2831 5367 2846 5390 ,
2877 5325 3094 5394 inquam
3119 5366 3134 5388 ,
3163 5331 3220 5378 et
3252 5323 3501 5394 conchas
3523 5329 3626 5394 ,‘ct
3670 5332 3870 5374 succos
3900 5359 3916 5382 ,
3957 5323 4017 5372 et

2395 5401 2516 5455 illas
2559 5397 2889 5471 concharum
2934 5391 3132 5451 salivas
3177 5392 3418 5471 n_obiles._
3449 5391 3565 5471 Sed
3609 5405 3793 5471 earum
3822 5401 4017 5444 rerum

2397 5486 2552 5526 usum
2585 5470 2924 5538 fructumque
2949 5507 2964 5532 ,
2994 5481 3114 5522 cum
3155 5465 3220 5538 ad
3261 5464 3513 5533 nequitiis
3543 5463 3879 5538 luxnritrque
3917 5473 4020 5528 ap-

2393 5550 2610 5614 paratus
2642 5533 3047 5614 convertuntur,
3082 5551 3147 5590 ex
3181 5536 3302 5614 Deo.
3315 5549 3436 5590 esse
3467 5543 3621 5604 negat
3653 5548 3669 5594 ;
3703 5533 4018 5614 probach

2396 5600 2646 5683 Exemplo
2685 5608 3148 5683 spectaculorum,
3178 5607 3342 5671 circi,
3373 5600 3561 5661 arente
3576 5644 3592 5670 ,
3619 5617 3817 5683 scenae.
3869 5600 4016 5656 Nam

2398 5694 2453 5739 et
2492 5672 2661 5755 eq'uos
2681 5723 2695 5748 ,
2715 5672 2771 5738 et
2791 5678 3080 5755 pantheras
3102 5719 3120 5746 ,
3141 5688 3197 5733 et
3217 5692 3402 5734 vocem
3427 5717 3443 5745 ,
3468 5684 3686 5755 ut_res.a
3710 5672 3824 5728 Deo
3850 5685 4021 5755 crea-

2399 5766 2480 5810 tas
2509 5740 2566 5811 εἰ
2595 5740 2815 5811 munera
2859 5752 3038 5808 divina
3061 5791 3078 5820 ,
3105 5740 3354 5822 spectare
3403 5740 3495 5804 aut
3535 5743 3756 5802 laudare
3784 5740 4020 5815 quidem
