4230 6256
307 361 450 420 1515

1375 354 1584 424 uasa
1625 308 1658 412 ἰ
1706 353 1796 412 DE
1831 323 2059 413 cuiae
2087 353 2547 415 FOEMINARUM.
2751 381 2754 384 -
2840 358 2861 392 ν

3463 363 3607 423 15η

307 493 404 534 nes
423 478 540 533 istac
568 474 808 549 profana:
835 471 1260 546 spectaculorum
1289 471 1630 528 stccularium
1658 469 1908 545 volupta,
1925 474 1980 534 Α
2004 469 2290 539 ordinavit,
2330 473 2548 529 maritas
2597 481 2652 530 et
2705 473 3080 547 peregrinitas,
3132 475 3274 546 apud
3311 487 3602 536 extraneos

308 569 423 636 tes,
468 569 607 626 sicut
654 568 722 623 de
747 567 878 638 ipsis
930 581 1088 623 suum
1129 565 1380 620 volumen
1439 563 1736 632 edidimus,
1792 563 1907 635 ipsa

307 662 470 718 etiam
500 658 798 716 idololatria
843 673 915 715 ex
955 658 1119 714 rebus
1165 655 1261 712 Dei
1288 664 1544 712 conStat:
1591 670 1697 710 non
1728 665 1905 711 tamen

309 751 433 810 ideo
458 753 585 809 circi
613 751 907 818 furoribus,
935 759 1028 806 aut
1069 763 1248 806 arente
1262 748 1652 816 atrocitatibus,
1678 755 1772 805 aut
1790 761 1908 804 sce-

310 863 395 903 na:
444 844 880 918 turpitudinibus,
929 842 1278 900 christianum
1323 839 1464 898 allici
1506 847 1736 912 oportet,
1783 839 1906 911 quia

309 941 451 998 Deus
480 950 536 995 et
561 955 779 1012 equum,
808 947 865 995 et
900 938 1237 1009 pantheram,
1277 943 1334 994 et
1361 950 1546 992 vocem
1584 935 1786 993 homini
1814 935 1908 990 de-

310 1033 391 1090 dit
423 1047 560 1089 :nec
588 1030 713 1089 ideo
739 1031 1095 1088 idololatriam
1123 1030 1342 1100 impune
1375 1029 1536 1086 faciet
1561 1029 1908 1096 christianus,

311 1125 435 1196 quia
464 1124 557 1181 Dei
594 1123 829 1180 conditio
849 1130 932 1179 est
959 1131 1013 1179 et
1038 1121 1163 1178 thus
1187 1121 1288 1194 (a),
1339 1131 1394 1177 et
1422 1136 1651 1188 merum,
1697 1129 1751 1176 et
1776 1119 1912 1192 ignis

312 1218 401 1290 qui
430 1217 662 1275 vescitur
689 1215 788 1288 (b),
838 1224 893 1272 et
929 1214 1180 1271 animalia
1207 1229 1326 1286 qua:
1350 1213 1582 1269 victimae
1610 1213 1760 1277 fiunt,
1789 1228 1911 1269 cum

312 1319 369 1364 et
394 1309 507 1380 ipsa
537 1307 782 1374 materia,
804 1322 924 1379 quae
949 1306 1222 1373 adoratur,
1250 1306 1346 1363 Dei
1367 1308 1459 1362 sit.
1482 1304 1571 1362 Sic
1595 1320 1724 1376 ergo
1753 1303 1836 1378 (1)
1861 1313 1918 1361 et

313 1401 457 1457 circa
477 1410 653 1456 actum
683 1401 1023 1455 materiarum
1052 1412 1247 1456 census
1273 1413 1303 1452 a
1324 1397 1438 1454 Deo
1457 1398 1528 1469 (ε)
1554 1396 1911 1465 descendens,

315 1501 533 1550 accusat
590 1491 700 1548 Deo
738 1500 1075 1559 extraneum,
1107 1500 1166 1547 ut
1187 1505 1342 1548 reum
1372 1489 1578 1547 scilicet
1600 1487 1784 1562 glorias
1814 1501 1918 1544 ste-

316 1586 535 1642 cularis.

2010 577 2228 636 semper
2251 567 2476 637 gratiam
2505 566 2806 637 inveniens,
2832 567 2900 624 de
2921 567 3150 640 simplici
3177 585 3337 626 causa
3367 587 3474 628 non
3505 572 3610 629 ha-

2011 656 2194 724 bendi,
2235 673 2353 729 qua:
2402 659 2546 715 Deus
2596 659 2722 716 alibi
2761 661 3068 728 collocavit,
3119 663 3610 734 concupiscentiam

2012 750 2246 806 concitat
2271 748 2350 824 (7)
2375 749 2627 808 habendi.
2653 753 2732 808 Ex
2760 751 2860 808 hac
2891 753 3080 808 vitium
3106 751 3252 809 aliud
3279 753 3610 824 extenditur,

2012 841 2366 899 immoderate
2395 843 2624 900 habendi
2649 861 2662 910 ;
2691 843 2837 915 quod
2862 851 2918 900 et
2942 844 2986 899 si
3023 844 3164 901 forte
3189 844 3495 902 habendum
3517 846 3609 912 sit,

2014 935 2209 991 modus
2235 945 2408 992 tamen
2435 935 2680 993 debetur.
2708 935 2836 994 Haec
2859 937 2964 992 erit
2990 934 3070 1011 (8)
3103 936 3346 1006 ambitio,
3388 938 3531 994 unde
3558 946 3615 995 et

2015 1043 2214 1086 nomen
2241 1027 2359 1100 ejus
2396 1029 2857 1100 interpretandum
2895 1038 2978 1086 est
3006 1027 3112 1104 (9),
3153 1029 3318 1100 quod,
3358 1033 3615 1103 concupi-

2017 1123 2219 1179 scentia
2269 1122 2411 1195 apud
2439 1123 2676 1178 animum
2704 1123 2973 1180 ambiente
2991 1165 3008 1192 ,
3045 1133 3312 1191 nascatur,
3338 1118 3408 1180 ad
3427 1124 3614 1196 glorias

2018 1224 2238 1280 votum;
2267 1213 2471 1286 grande
2491 1214 2699 1272 scilicet
2715 1224 2922 1284 votum,
2951 1215 3117 1288 quod,
3147 1224 3207 1286 ut
3229 1215 3482 1284 diximus,
3505 1231 3615 1273 non

2019 1315 2232 1376 natura,
2262 1319 2363 1363 nec
2387 1307 2606 1376 veritas,
2639 1307 2735 1364 sed
2766 1308 2958 1364 vitiosa
2988 1309 3150 1366 animi
3185 1308 3381 1380 passio,
3413 1323 3618 1365 concu-

2018 1398 2300 1470 piscentia,
2340 1399 2758 1457 commendavit.
2794 1399 2864 1456 Et
2887 1400 3005 1472 (ίῦ)
3026 1401 3131 1477 alia
3158 1402 3284 1457 vitia
3307 1401 3620 1458 ambitionis

2018 1500 2077 1548 et
2133 1491 2342 1562 gloriaa.
2392 1491 2484 1548 Sic
2535 1502 2589 1549 et
2615 1492 2784 1562 pretia
2831 1492 2992 1549 rebus
3047 1492 3417 1560 inﬂammavit,
3449 1502 3508 1549 ut
3559 1506 3623 1550 se

2020 1598 2233 1655 quoque
2252 1583 2595 1641 accenderet.
2623 1583 2744 1640 Non
2765 1583 2882 1671 (11)
2904 1592 3052 1640 tanto
3081 1584 3256 1656 major
3285 1583 3345 1640 fit
3363 1583 3622 1655 concupi-

959 1677 1187 1747 CAPU'I‘
1225 1677 1323 1734 IX.
2022 1676 2226 1733 scentia
2251 1718 2266 1744 ,
2290 1685 2492 1748 quanto
2519 1692 2716 1750 magno
2743 1677 2868 1735 fecit
2894 1677 3038 1750 quod
3067 1679 3380 1751 concupiit?
3402 1679 3478 1736 De
3503 1678 3622 1754 (12)

389 1771 520 1828 Nam
553 1781 610 1828 ut
639 1786 865 1843 quaeque
903 1770 985 1845 (2)
1019 1786 1222 1837 rerum,
1259 1785 1357 1842 per
1399 1769 1636 1842 singulas
1677 1781 1920 1840 quasque
1947 1790 1998 1853 Β
2023 1769 2356 1828 brevissimis
2411 1771 2601 1827 loculis
2641 1771 3026 1843 patrimonium
3073 1771 3275 1842 grande
3329 1772 3622 1842 profertur.

317 1877 491 1925 terras
514 1876 569 1924 et
594 1882 1024 1939 unamquamque
1060 1867 1332 1938 regionem
1361 1866 1599 1922 materiis
1629 1863 1713 1938 (5)
1743 1880 1774 1921 a
1807 1865 1920 1920 Deo
2024 1860 2145 1920 Uno
2176 1863 2288 1920 lino
2313 1861 2394 1935 (ά)
2419 1863 2599 1920 decies
2626 1864 2935 1920 sestertium
2959 1863 3232 1919 inseritur.
3259 1863 3437 1920 Saltus
3464 1873 3518 1920 et
3545 1864 3627 1920 in-

317 1959 598 2016 distributa
614 1969 760 2028 sunt,
782 1959 1010 2016 invicem
1031 1959 1133 2017 sibi
1165 1959 1467 2031 peregrina,
1490 1958 1630 2030 apud
1662 1955 1742 2031 (4)
1765 1965 1920 2015 exte-
2026 1957 2170 2014 sulas
2214 1964 2397 2012 tenera
2423 1956 2602 2012 cervix
2635 1954 2737 2012 fert
2761 1955 2904 2029 (l3),
2936 1957 3164 2028 graciles
3218 1958 3426 2012 aurium
3471 1964 3623 2014 cutes

318 2067 411 2110 ros
436 2063 621 2109 mutuo
646 2069 788 2120 rara,
812 2054 950 2126 apud
996 2069 1092 2111 vos
1131 2052 1215 2127 (5)
1242 2054 1387 2126 jure,
1416 2055 1460 2111 si
1486 2052 1566 2127 (6)
1595 2054 1800 2125 utique,
1832 2054 1924 2109 vel
2027 2047 2394 2106 calendarium
2422 2048 2755 2120 expendunt,
2785 2058 2841 2106 et
2865 2050 2918 2106 in
2938 2049 3056 2121 (14)
3081 2050 3303 2106 sinistra
3337 2064 3432 2121 per
3455 2052 3629 2121 singu-

318 2153 663 2216 appetuntur,
711 2146 795 2203 vel
837 2147 1197 2219 negliguntur,
1249 2147 1373 2218 quia
1412 2161 1522 2203 non
1552 2154 1732 2202 tantus
1759 2153 1841 2203 est
1871 2145 1925 2201 in
2029 2141 2111 2198 los
2137 2140 2335 2212 digitos
2376 2139 2446 2197 de
2475 2141 2650 2196 saccis
2695 2140 2918 2212 singulis
2962 2141 3114 2196 ludit.
3168 2140 3263 2196 llas
3307 2150 3435 2197 sunt
3485 2142 3628 2197 vires

319 2235 428 2291 illis
457 2235 640 2294 fervor
668 2237 1032 2310 glorim,inter
1059 2237 1384 2295 domesticos
1400 2235 1623 2310 frigidae.
1647 2235 1757 2293 Sed
1784 2236 1927 2291 enim
2032 2232 2363 2302 ambitionis,
2389 2241 2660 2288 tantarum
2693 2247 2978 2288 usurarum
3021 2233 3375 2290 substantiam
3419 2233 3489 2306 (e)
3520 2247 3629 2290 uno

321 2343 388 2386 ex
416 2331 821 2403 possessionum
841 2331 1239 2402 distributione,
1263 2347 1423 2404 quam
1452 2333 1615 2398 Deus,
1649 2340 1710 2388 ut
1733 2330 1924 2397 voluit,
2031 2339 2085 2385 et
2109 2326 2359 2383 muliebri
2384 2325 2708 2398 corpusculo
2736 2324 2996 2396 baiulare.

1557 2443 1942 2502 LECTIONES
1975 2438 2389 2498 VARIANTES.

321 2565 324 2580 ‘
386 2562 462 2628 (t)
486 2563 568 2614 Sic
588 2575 684 2615 nec
700 2562 852 2628 Men.
878 2563 956 2613 hic
978 2573 1103 2628 ergo
1123 2589 1186 2628 -τ
1229 2585 1289 2600 --
1301 2567 1602 2628 excusatus;
1627 2558 1738 2628 D_eo
1760 2563 1925 2608 extra-
2091 2551 2168 2628 (Ζ)
2191 2551 2392 2628 Excitat
2407 2555 2529 2628 Jun.

2181 2807 2202 3054 ἒ

322 2615 472 2685 neum
496 2631 550 2676 ut
585 2652 645 2663 —
675 2625 864 2688 gloriae,
889 2615 1123 2674 saecule
1147 2627 1270 2674 Jun.
1294 2624 1377 2688 Sic
1402 2635 1498 2688 ego
1540 2615 1598 2677 et
1630 2623 1759 2673 circa
1782 2634 1826 2671 a.
1853 2634 1920 2672 tn.
2093 2615 2169 2688 (ξ)
2191 2615 2310 2688 Erat
2334 2615 2491 2688 Rhea.
2512 2615 2656 2666 Seml.

322 2621 472 2685 neum
496 2631 550 2676 ut
585 2652 645 2663 —
675 2625 864 2688 gloriae,
889 2621 1123 2674 saeculum
1147 2627 1270 2674 Jun.
1294 2624 1377 2674 Sic
1402 2635 1498 2688 ego
1540 2630 1594 2677 et
1630 2623 1759 2673 circa
1782 2634 1826 2671 a.
1853 2634 1920 2672 tn.
2117 2621 2146 2668 8
2195 2621 2310 2666 Erat
2334 2621 2491 2687 tmen.
2512 2621 2656 2666 Semt.

322 2700 367 2738 c.
391 2700 436 2736 a.
461 2688 513 2738 d.
537 2688 585 2737 d.
615 2693 880 2752 propterea
904 2694 1171 2740 excusatus
1190 2684 1394 2742 semier.
2093 2621 2177 2803 ἑή)
2191 2677 2277 2729 Est
2293 2712 2308 2738 ,
2332 2691 2383 2728 tn
2402 2677 2515 2748 alus
2530 2691 2624 2730 non
2643 2682 2826 2731 exstat.

391 2748 466 2803 f2)
491 2749 721 2803 Quaedam
750 2751 916 2800 Venet.
2123 2742 2139 2790 ί
2180 2738 2198 2803 )
2226 2739 2290 2803 Ψ
2315 2741 2469 2792 [dum
2580 2799 2589 2803 -

415 2749 466 2813 2)
491 2749 721 2809 Quaedam
750 2751 916 2800 Venet.
2123 2749 2198 2803 πυ)
2229 2749 2290 2790 Ut
2315 2749 2469 2792 ωιτη·
2861 2797 2871 2808 .
3001 2798 3011 2808 .

413 2812 467 2938 ii
491 2811 838 2924 ἓῖἳδιιὲῗῧῖῖ
1892 2884 1898 2889 -
2091 2749 2202 2938 ἷξΞῇ
2222 2799 2746 2914 malm?“
2773 2805 2922 2852 Lm
2950 2801 3134 2864 ⁸³9⁸⁸⁸·
3208 2816 3228 2831 ”

607 2889 635 2934 ι)
818 2907 830 2921 ·
2127 2927 2175 2938 .-
2228 2925 2274 2938 η.
2336 2937 2339 2938 ν
2498 2930 2510 2938 .
2597 2899 2647 2938 .:.

416 2923 468 2986 ὃ)
488 2923 619 2984 Suos
636 2932 742 2986 alii.
800 2923 805 2924 ν
2095 2923 2201 2986 (15)
2227 2925 2536 2984 Circumfert,
2559 2923 2666 2976 alii.

488 2939 616 2984 Suos
636 2939 742 2986 alii.
2125 2939 2178 2975 to
2227 2939 2536 2984 urcunnert,
2559 2939 2666 2976 aut.

414 2939 468 3064 δῖ
500 2995 622 3050 Jure
642 2998 714 3051 sic
737 2999 856 3050 Jun.
2094 2939 2202 3054 tu)
2225 2987 2284 3040 In
2304 2986 2436 3039 abest
2452 2997 2602 3040 Fran.
2624 2985 2803 3054 Rigalt.

1685 3121 2246 3188 COMMENTARIUS.

332 3266 540 3326 homini
571 3269 649 3326 fas
677 3285 835 3336 esse;
869 3285 976 3326 non
1021 3279 1208 3347 tamen
1249 3268 1374 3326 inde
1420 3268 1601 3325 statim
1649 3266 1850 3347 sequi,-
1868 3271 1926 3319 ut
1951 3282 1997 3347 ρ
2034 3270 2093 3347 ut
2119 3260 2269 3347 fratri
2296 3257 3534 3347 laborantiadsitvelocius,Aut‘vulneratttma
3564 3259 3634 3347 la-

333 3355 527 3414 earurn
552 3357 730 3398 rerum
769 3330 899 3414 usus
932 3358 997 3398 ex
1031 3343 1139 3398 Deo
1165 3342 1270 3414 sit,
1300 3350 1424 3409 puta
1449 3330 1810 3414 equorum'ad
1837 3336 1923 3414 ἱητ
1953 3330 1997 3347 “
2031 3333 2274 3414 tronibus
2317 3331 2368 3387 in
2409 3330 2696 3413 hospitium
2744 3332 2942 3414 portari
2989 3339 3144 3387 curet
3163 3331 3522 3414 commodius.
3559 3333 3634 3389 At

334 3425 494 3482 sanas
515 3411 567 3466 in
591 3413 734 3468 circo
761 3413 1018 3469 factiones
1044 3455 1059 3481 ,
1083 3400 1462 3482 pantherarum
1493 3400 1587 3467 seu
1612 3410 1823 3465 leonum
1841 3405 1926 3482 ad
2028 3402 2697 3482 ge_ntilis_equum_.carius
2723 3409 2882 3482 _e_rnet
2923 3415 3082 3482 quam
3135 3400 3541 3482 paedagogum_,
3568 3417 3633 3482 a_c

335 3481 508 3537 fmdas
533 3484 915 3540 viscerationes
948 3493 1004 3540 et
1028 3471 1238 3539 atroces
1269 3484 1505 3554 lanienas
1525 3523 1539 3550 ,
1559 3495 1730 3554 voces
1753 3478 1925 3554 artifi-
2030 3471 2345 3554 diligentius
2365 3472 2564 3554 erudiri
2589 3472 2800 3554 curabit
2819 3471 2982 3554 quam
3003 3473 3171 3528 filium
3194 3515 3208 3539 ,
3233 3471 3459 3554 .ut‘notis
3485 3471 3636 3554 flexi-

333 3565 458 3607 cum
480 3555 816 3610 scenicorum
839 3555 907 3611 ad
928 3569 1092 3611 vanas
1117 3564 1209 3609 aut
1235 3543 1538 3623 impudicas
1551 3551 1774 3606 fabulas.
1801 3550 1926 3623 Haec
2032 3543 2228 3623 bus'ad
2274 3554 2443 3600 metas
2474 3545 2526 3598 in
2555 3544 2702 3623 circo
2739 3543 3021 3608 decurrat,
3056 3544 3314 3623 opposita
3341 3543 3590 3623 effundat
3616 3586 3632 3610 ,

337 3623 483 3678 enim
526 3641 590 3680 ex
640 3625 747 3680 Deo
793 3641 900 3681 non
945 3640 1100 3690 esse,
1131 3626 1206 3680 uti
1257 3621 1357 3680 nec
1402 3623 1792 3689 idololatriam,
1825 3621 1924 3677 etsi

339 3694 466 3749 thus
491 3736 506 3761 ,
534 3704 593 3769 et
618 3711 824 3764 merum
842 3739 857 3764 ,
889 3707 943 3753 et
972 3697 1110 3769 ignis
1128 3738 1143 3761 ,
1168 3696 1359 3767 quibus
1390 3692 1688 3769 idololatria
1709 3693 1925 3769 confici-

339 3774 447 3840 tur,
469 3781 500 3822 a
531 3767 639 3824 Deo
654 3769 763 3824 sint
787 3767 1264 3824 creataJtherum
1287 3811 1302 3834 ,
1328 3768 1499 3840 inquit
1521 3809 1536 3832 ,
1557 3769 1602 3822 si
1623 3768 1849 3840 materia!
1869 3784 1931 3822 ac

343 3836 454 3892 Deo
497 3848 642 3905 sunt,
677 3856 778 3894 non
822 3841 990 3894 statim
1020 3849 1066 3894 et
1106 3836 1416 3910 hujusmodi
1450 3838 1643 3909 fructus
1683 3839 1935 3906 illarum;

342 3925 462 3982 nam
491 3919 535 3963 et
561 3927 733 3966 anates
768 3912 881 3966 istte
927 3910 1159 3982 profanae
1185 3912 1586 3982 spectaculorum
1612 3910 1938 3982 strcularimn

341 3979 620 4052 tto‘lttptutes
640 4023 655 4044 ,
685 3982 810 4037 sicut
835 3983 899 4037 de
928 3979 1053 4052 ipsis
1080 3979 1228 4038 suum
1253 3983 1487 4038 volumen
1511 3981 1762 4036 edidimus
1781 4023 1796 4049 ,
1825 3982 1940 4052 ipsa

344 4050 493 4104 etiam
522 4052 844 4118 idololatria,
876 4050 1109 4109 ex‘rebus
1134 4053 1230 4109 Dei
1259 4063 1479 4118 constat,
1511 4062 1614 4108 etc.
1640 4050 1940 4109 RIc.——’De

343 4123 470 4200 ipsis
500 4123 654 4200 (alias
684 4124 756 4200 de
774 4126 902 4196 illis)
931 4142 1076 4181 suum
1099 4125 1353 4200 volumen.
1385 4125 1605 4181 Scilicet
1650 4126 1846 4181 librum
1877 4125 1941 4180 de

345 4193 685 4261 Spectaculis.
715 4195 851 4252 Eoo.

420 4263 500 4336 (a)
540 4264 637 4320 Dei
678 4268 900 4323 conditio
942 4277 1014 4322 est
1058 4268 1192 4323 thus.
1235 4267 1384 4323 Thus
1421 4282 1453 4322 a
1489 4267 1599 4322 Deo
1663 4266 1942 4322 conditum

345 4346 448 4391 est.
478 4337 729 4393 Conditio
753 4380 769 4404 ,
797 4345 1068 4394 creatura.
1097 4338 1216 4394 llic.

423 4405 505 4480 (b)
548 4407 693 4480 Ignis
732 4411 820 4480 qui
869 4408 1101 4463 vescitur.
1166 4409 1268 4476 Qui
1316 4407 1628 4534 depascli‘tur
1675 4407 1942 4464 victimas.

1552 4495 1621 4534 ια.

1552 4495 1621 4536 IG.

424 4551 501 4625 (ο)
543 4551 635 4608 Sic
661 4568 777 4623 ergo
798 4561 844 4608 et
864 4552 1002 4606 circa
1030 4560 1199 4625 actum
1223 4550 1552 4625 materiarum
1574 4567 1756 4625 census
1781 4568 1812 4605 a
1838 4549 1946 4606 Deo

352 4621 678 4680 descendens.
716 4621 817 4679 llic
852 4624 1014 4678 etiam
1038 4623 1238 4694 aliquid
1257 4622 1576 4694 indulsimus
1596 4621 1944 4692 conjectum),

353 4696 432 4751 sic
459 4705 634 4750 tamen
661 4706 717 4750 ut
755 4695 890 4750 ratio
917 4693 1171 4750 constare
1196 4693 1391 4750 debeat
1413 4693 1555 4764 apud
1571 4694 1781 4764 judices
1803 4694 1946 4751 haud

356 4767 586 4835 iniquos.
607 4769 798 4824 Actum
821 4775 974 4822 vocat
996 4764 1359 4822 Tertullianus
1378 4807 1392 4829 ,
1418 4781 1594 4820 rerum
1613 4780 1641 4819 a
1665 4766 1774 4821 Deo
1793 4781 1944 4821 crea.

355 4845 530 4892 tarum
561 4854 713 4894 usum
740 4881 754 4904 ,
785 4854 904 4896 cum
926 4839 1080 4894 exiis
1105 4837 1308 4908 aliquid
1337 4837 1577 4908 agimus,
1603 4851 1726 4892 cum
1752 4837 1818 4893 iis
1843 4838 1947 4893 uti-

357 4923 481 4980 mur
522 4909 588 4964 ad
635 4919 808 4965 actum
856 4912 968 4966 sive
996 4907 1265 4966 actionem
1294 4907 1828 4980 cujusmodicumque
1855 4911 1943 4965 sit.

358 4977 699 5035 Materiarum
729 4997 888 5046 vero,
915 4995 1011 5038 seu
1057 4995 1242 5049 rerum
1284 4977 1587 5035 creatarum
1633 4977 1826 5049 duplex
1867 4990 1952 5037 est

359 5063 554 5106 census
580 5093 595 5116 ,
631 5051 734 5107 hoc
773 5062 856 5107 est
880 5093 895 5117 ,
939 5048 1136 5122 duplici
1183 5049 1618 5122 consideratione
1665 5048 1953 5108 censentur

362 5123 819 5194 mstiinanturque.
846 5121 1162 5194 Nam_aliter
1195 5137 1395 5194 equum
1418 5121 1742 5178 christianus
1768 5139 1954 5180 cense-

362 5193 466 5256 bit,
493 5193 648 5248 aliter
689 5194 923 5264 gentilis.
961 5192 1114 5264 Equo
1157 5192 1485 5264 cltristianus
1534 5201 1746 5260 utetur,
1779 5207 1835 5250 ut
1862 5211 1957 5251 na-

363 5272 499 5319 tura:
523 5265 610 5321 vel
639 5263 814 5320 aetatis
843 5263 1266 5322 imbecillitatem
1291 5263 1574 5332 sublevet,
1605 5274 1665 5321 ut
1693 5267 1956 5322 maturius

2031 3617 2557 3700 palmamoccupet',
2583 3613 2724 3700 unde
2761 3624 3017 3700 sequam:
3057 3613 3201 3700 aliud
3244 3615 3407 3682 nihil,
3443 3616 3546 3672 nisi
3579 3624 3639 3671 ut

2031 3684 2347 3746 insanientis
2379 3685 2562 3756 populi
2583 3684 2912 3741 clamoribus
2935 3684 3191 3742 ell‘eratur
3216 3703 3231 3740 :

2160 3807 2299 3861 Clara
2321 3804 2436 3869 fuga
2459 3811 2576 3857 ante
2599 3805 2735 3867 alios,
2761 3811 2814 3857 et.
2835 3805 3024 3870 primus
3045 3807 3096 3883 in
3117 3818 3316 3871 mquore
3341 3805 3520 3870 pulvis.

2112 3915 2201 3971 Ait
2228 3914 2391 3986 igitur
2431 3912 2826 3986 Tertullianus,
2867 3912 3026 3986 unius
3072 3911 3424 3986 ejusdemque
3471 3923 3643 3968 mate-

2042 3986 2170 4052 riae,
2203 3984 2358 4042 unius
2401 3984 2751 4056 ejusdemque
2793 3984 3072 4056 animalis,
3106 3984 3242 4056 duos
3267 3998 3414 4056 esse
3444 3998 3642 4056 census

2042 4051 2456 4114 diversissimos.
2488 4051 2679 4122 Illum;
2707 4068 2866 4126 quem
2888 4053 2956 4108 de
2978 4051 3195 4126 homine
3233 4053 3528 4126 christiano
3546 4055 3642 4109 deo

2045 4131 2501 4192 monstravimus,
2525 4123 2746 4181 censum
2792 4140 2913 4180 esse
2957 4139 3082 4180 vere
3129 4123 3481 4191 laudabilem,
3511 4138 3643 4179 san-

2044 4208 2190 4256 ctum
2213 4242 2228 4268 ,
2258 4216 2288 4254 a
2319 4200 2430 4254 Deo
2474 4197 2890 4254 descendentem
2919 4211 2936 4261 ;
2965 4193 3190 4268 athunc
3219 4208 3379 4268 quem
3417 4194 3485 4250 de
3511 4210 3644 4265 gcn-

2047 4271 2126 4325 tili
2148 4313 2162 4335 ,
2205 4265 2528 4326 extraneum
2554 4309 2569 4334 ,
2599 4269 2830 4322 alienum
2863 4307 2877 4333 ,
2923 4265 3244 4322 adulterum.
3304 4266 3368 4320 Et
3419 4282 3599 4321 census
3623 4309 3640 4334 ,

2048 4341 2221 4410 inquit
2243 4381 2257 4404 ,
2277 4357 2309 4393 a
2326 4337 2436 4393 Deo
2461 4338 2764 4393 descendens
2778 4381 2794 4406 ,
2813 4344 3334 4410 proptereaaccusat
3355 4346 3409 4390 et
3423 4337 3645 4410 damnat

2053 4407 2164 4467 Deo
2185 4421 2498 4466 extraneum
2525 4451 2539 4474 ,
2575 4420 2632 4465 ut
2661 4407 3040 4466 reum’scilicet
3069 4407 3256 4480 gloriae
3279 4408 3551 4464 sacularis
3589 4417 3646 4464 et

2052 4483 2272 4538 minime
2293 4480 2619 4537 christianus.
2648 4480 2765 4536 th.

2121 4553 2277 4610 CAP.
2311 4551 2597 4622 lX.——(d)
2641 4550 2754 4606 Uno
2799 4552 2903 4605 lino
2935 4551 3097 4605 decies
3139 4548 3422 4622 sestertium
3458 4548 3646 4604 inseri-

2052 4634 2152 4681 tur.
2177 4623 2416 4680 Uniones
2448 4621 2696 4693 intelligit
2719 4665 2734 4688 ,
2765 4623 2957 4692 quibus
2983 4621 3214 4693 pertusis
3237 4621 3290 4693 in
3318 4621 3458 4693 linea
3486 4629 3648 4693 utun-

2052 4705 2140 4752 tur
2164 4697 2420 4751 fmrninm.
2454 4691 2672 4750 Lineain
2702 4691 3116 4762 margaritarum
3139 4691 3274 4762 dixit
3294 4692 3535 4747 Scaevola
3558 4735 3573 4759 ,
3605 4692 3644 4748 l.

1969 4776 2023 4836 1)
2049 4769 2119 4823 26
2146 4768 2210 4822 ad
2235 4767 2272 4822 l.
2300 4767 2503 4823 Falcid.
2525 4765 2602 4821 De
2629 4761 2917 4822 unionibus
2944 4765 2998 4819 in
3025 4763 3164 4819 linea
3187 4761 3274 4818 lex
3301 4773 3383 4820 est
3412 4762 3646 4835 Ulpiani,

2049 4838 2119 4894 27
2151 4838 2217 4894 ad
2245 4837 2307 4909 L.
2345 4838 2522 4909 Aquil.
2557 4837 2679 4894 Btc.

2126 4911 2205 4980 (ρ)
2244 4903 2528 4965 Tantarum
2570 4925 2845 4980 usurarum
2873 4905 3230 4980 substantiam.
3285 4903 3650 4980 Substantiam

2053 4975 2333 5038 usurarum
2355 4981 2490 5036 dixit
2508 5023 2522 5042 .
2545 4979 3002 5042 quemadmodum
3026 4975 3265 5034 Scaevola
3301 4977 3654 5033 substantiam

2053 4997 2333 5038 usurarum
2355 4997 2522 5042 αιιιι,
2585 4997 3002 5035 nemaumouum
3027 4997 3265 5034 acmvuia
3301 4997 3653 5033 substantiam

2053 5052 2364 5114 calendar-ii.
2385 4997 2600 5108 LXXQI
2620 5051 2737 5107 Vde
2755 5051 2891 5121 lega.
2922 5066 3004 5107 ιιι.
3035 5046 3344 5121 substantia
3367 5063 3653 5106 usurarmn

2055 5133 2138 5181 est
2167 5139 2284 5179 sors
2328 5132 2382 5179 et
2409 5133 2608 5194 caput;
2657 5120 2826 5178 οὖσίαί
2844 5121 3019 5194 Graeci
3059 5120 3360 5194 dicunttet
3389 5123 3660 5194 sinuin

2057 5204 2113 5252 et
2151 5199 2372 5267 αρχσιῖον.
2402 5188 2494 5251 Sic
2516 5209 2663 5267 pag.
2704 5209 2820 5267 seq.
2851 5193 3026 5260 dicet,
3058 5191 3240 5267 Tgtam
3277 5188 3401 5267 ﬁdei
3422 5188 3658 5267 substan-

2058 5262 2225 5330 tiam',
2238 5262 2301 5323 et
2329 5267 2422 5321 lib.
2464 5262 2724 5320 adversus
2768 5262 3063 5330 Praxeam,
3097 5262 3280 5330 Totam
3321 5262 3656 5318 substantiam

364 5334 431 5389 ad
479 5337 865 5421 sacgificiorum
899 5335 1205 5421 oblationes
1240 5329 1592 5421 celebrandas
1615 5378 1632 5403 ,
1665 5337 1749 5393 vel
1771 5337 1836 5391 ad
1865 5338 1960 5393 Dei
2059 5329 2352 5421 quaestionis
2379 5351 2399 5401 ,°
2423 5336 2603 5421 et‘lib.
2628 5335 2696 5418 de
2741 5334 2967 5421 Exhort.
2998 5329 3319 5421 ‘tiastitatis,
3348 5332 3660 5406 Negotiabe-

364 5405 685 5474 sermonem
711 5407 1197 5467 administrandum
1241 5405 1634 5466 audiendumve
1672 5418 1956 5479 occurrat,

2061 5405 2132 5464 ris
2156 5424 2394 5481 magnam
2419 5407 2752 5464 substantiam
2772 5406 3077 5463 sanctitatis.
3107 5405 3229 5464 lite.

1747 5764 1751 5766 '
1768 5748 1829 5803 Χ
1847 5791 1862 5799 ς.
1876 5726 2029 5803 sed";
2044 5786 2045 5789 η
2058 5682 2228 5799 ξέβέί
2250 5740 2255 5745 ᾔ
