4230 6256
652 362 796 428 1315

2069 358 2530 426 TERTULLIANI

3819 339 3978 432 ista

656 497 3904 537 ————————————————————————————————————-————————————1r————-—————-—-———----—----——-——————-

1432 593 1914 704 LIBER
1988 593 2816 705 SECUNDUS
2891 595 2978 678 (ί)
3012 595 3142 705 (α).

1729 819 2247 854 ——-——-=

2253 807 2306 864 {XI

2311 817 2884 855 €====--———-————-

671 937 1422 1009 ABGUIENTUI.—-‘Ejttsdem
1449 953 1575 1009 pene
1600 933 1883 1008 argumenti
1913 939 1985 988 est
2018 929 2144 984 liber
2168 929 2262 984 iste
2286 931 2340 993 Α
2361 929 2483 1001 jure
2509 930 2742 1003 deputor
2769 933 3070 1004 vobiscum,
3105 936 3554 1008 postremissimus
3586 939 3666 1013 (ι)
3704 942 3967 1014 equidem

727 1052 843 1092 cum
889 1033 1214 1107 praecedenti,
1249 1042 1584 1104 praeterquam
1617 1030 1752 1101 quod
1781 1029 1861 1083 hic
1885 1042 2060 1082 curant
2085 1023 2262 1096 capilli

727 1137 774 1183 et
802 1129 932 1183 cutis
957 1128 1118 1198 magis
1143 1127 1464 1196 peculiariter
1483 1125 1731 1196 reprobat.
1967 1112 1975 1120 κ

654 1221 696 1277 I.
741 1219 1052 1275 Pudicitiam
1097 1234 1212 1291 quo:
1253 1218 1470 1273 ancillas
1500 1216 1597 1271 Dei
1635 1215 1796 1281 decet,
1825 1223 1879 1267 ut
1919 1229 1948 1266 a
1991 1210 2262 1283 gentilibus

729 1312 994 1383 diﬁerant,
1019 1321 1178 1369 totam
1205 1330 1314 1369 esse
1343 1313 1488 1368 docet
1519 1313 1570 1367 in
1597 1311 1820 1381 simplici
1848 1309 2114 1364 munditie.
2143 1323 2191 1361 c.
2215 1307 2257 1362 l.

656 1409 724 1468 II.
759 1409 1001 1465 Studium
1026 1409 1263 1479 placendi
1290 1424 1378 1479 per
1399 1416 1632 1462 ornatum
1658 1407 1870 1460 nimium
1895 1402 2262 1458 tentationibus

730 1504 865 1556 viam
895 1503 1092 1574 aperire
1117 1511 1163 1555 et
1190 1501 1557 1562 spectatoribus
1585 1517 1692 1555 esse
1732 1498 1976 1567 periculo.
2111 1515 2159 1552 c.
2193 1496 2257 1553 II.

660 1592 746 1649 III.
775 1593 897 1647 Non
919 1595 970 1646 in
988 1608 1144 1648 carne
1158 1593 1504 1664 gloriandum,
1525 1592 1620 1646 nisi
1644 1607 1756 1645 cum
1782 1600 1987 1662 propter
2002 1587 2259 1648 Christum

739 1687 963 1741 lacerata
978 1686 1233 1740 duraverit
1255 1695 1307 1739 ut
1324 1686 1377 1740 iu
1398 1702 1456 1739 ea
1475 1686 1684 1756 spiritus
1707 1693 1989 1738 coronetur.
2102 1699 2148 1735 c.
2170 1681 2258 1737 III.

661 1777 752 1833 IV.
781 1777 951 1832 Fideli
979 1779 1159 1833 marito
1187 1778 1408 1848 formant
1433 1794 1534 1832 non
1558 1780 1665 1848 fore
1693 1775 2038 1846 spectabilem,
2063 1774 2262 1844 inﬁdeli

731 1881 1036 1940 suspectam.
2077 1887 2123 1922 c.
2169 1867 2260 1922 IV.

661 1961 726 2016 γ.
759 1961 927 2016 Deum
969 1979 1088 2016 uero
1139 1963 1386 2032 artificem
1434 1963 1734 2032 reprehendi
1759 1962 1821 2016 ab
1864 1963 1928 2016 iis
1967 1963 2053 2032 qui
2096 1970 2260 2015 cutem

734 2053 1156 2109 medicaminibus
1183 2063 1403 2125 ungunt,
1431 2070 1586 2125 genas
1630 2055 1908 2121 maculant,
1942 2054 2116 2108 oculos
2155 2053 2260 2107 col-

737 2145 925 2200 linuut.
2111 2164 2158 2199 c.
2195 2145 2256 2200 V.

660 2236 748 2292 VI.
797 2237 936 2292 Male
977 2238 1074 2292 sibi
1123 2239 1402 2307 auspicari,
1440 2238 1811 2310 perniciemque
1849 2254 2121 2293 reseruare.
2154 2236 2260 2291 Eas

732 2346 864 2400 quce,
901 2329 974 2383 uti
1001 2328 1271 2385 Germana:
1297 2339 1345 2385 et
1373 2329 1558 2396 Gallic,
1583 2331 1826 2401 capillum
1866 2347 2012 2385 croco
2039 2339 2258 2396 vertunt,

731 2423 807 2477 vel
833 2422 1152 2476 calamistros
1179 2423 1333 2476 alieni
1359 2423 1540 2493 capitis
1566 2433 1798 2476 assuuut.

669 2514 781 2570 VII.
819 2514 937 2569 Non
967 2532 998 2568 (ι
1028 2515 1157 2583 Deo,
1182 2515 1270 2569 sed
1299 2517 1362 2569 ab
1387 2517 1581 2585 angelis
1637 2515 1985 2585 peccatoribus
2029 2531 2136 2569 esse
2172 2529 2260 2567 ve-

731 2608 885 2660 stium
914 2607 1130 2673 colores,
1159 2607 1372 2676 aurique
1391 2623 1544 2678 Opera
1574 2616 1618 2660 et
1646 2605 1876 2678 lapillos.
1960 2599 2025 2660 ἐ.
2055 2603 2256 2661 ΙΧ-ΧΙ.

664 2696 798 2752 VIII.
842 2697 958 2753 Imo
1004 2697 1254 2753 lenocinia
1274 2702 1456 2769 [omne
1491 2713 1608 2754 cum
1636 2697 1932 2767 corporibus
1975 2698 2259 2768 prostitutis

731 2793 1003 2863 conjuncta
1032 2809 1136 2847 esse
1161 2809 1224 2848 ea:
1244 2791 1514 2861 Scriptura
1539 2803 1792 2848 constare.
2057 2808 2104 2846 c.
2135 2786 2256 2848 XII.

662 2885 757 2940 IX.
791 2886 1018 2954 Denique
1044 2886 1211 2940 lucere
1239 2885 1416 2939 debere
1459 2903 1614 2955 opera
1667 2902 1864 2954 eorum,
1917 2885 2260 2940 discutiendas

735 2979 942 3032 delicias
986 2978 1166 3048 quibus
1195 2977 1314 3047 fidei
1360 2979 1518 3033 virtus
1563 2978 1867 3045 cﬂwntinari
1916 2989 2109 3048 potest,
2143 2995 2259 3043 cum

730 3081 954 3141 tempore
979 3069 1385 3126 Christianorum
1409 3079 1530 3126 tunc
1550 3071 1628 3126 uel
1661 3072 1879 3126 maxime
1905 3075 2041 3144 ferro
2073 3073 2258 3127 transi-

729 3175 989 3237 gerentur.

1651 3258 1785 3316 Enn.
1819 3275 1891 3316 ex
1917 3258 2180 3318 Pueuo.

1173 3413 1402 3474 CAPUT
1441 3415 1728 3475 PRIMUM.

723 3529 943 3588 Ancilla:
979 3529 1074 3587 Dei
1102 3529 1241 3596 vivi,
1288 3545 1569 3587 conservae
1604 3539 1658 3587 et
1683 3545 1899 3588 sorores
1941 3547 2110 3601 mete,
2144 3547 2248 3604 quo

2367 1037 2489 1077 meo
2510 1022 2633 1092 jure
2658 1027 2967 1083 conservitii
2997 1037 3053 1085 et
3072 1028 3437 1096 fraternitatis,
3459 1030 3624 1088 audeo
3652 1033 3719 1088 ad
3749 1049 3847 1090 vos
3878 1035 3971 1090 fa-

2366 1129 2489 1170 cere
2517 1129 2824 1174 sermonem
2868 1120 2986 1191 (2),
3018 1135 3152 1194 non
3197 1121 3380 1193 utique
3428 1121 3801 1193 allectationis,
3861 1126 3972 1183 sed

2365 1207 2632 1265 aﬂ'ectioni
2668 1227 2962 1282 procurans
3013 1214 3066 1270 in
3095 1230 3281 1272 caussa
3310 1225 3508 1272 vestra:
3527 1217 3726 1275 salutis.
3756 1219 3833 1275 Ea
3866 1236 3972 1276 sa-

2367 1299 2451 1356 lus
2473 1315 2573 1357 nec
2599 1302 2940 1362 heminarum
2959 1307 3140 1376 modo,
3163 1308 3258 1365 sed
3274 1308 3436 1365 etiam
3459 1309 3715 1376 virorum,
3738 1313 3790 1366 in
3804 1313 3973 1368 exhi-

2367 1395 2570 1452 bitione
2614 1399 2883 1469 prmcipue
2954 1399 3220 1472 pudicitia:
3277 1410 3476 1458 statuta
3525 1413 3630 1460 est.
3677 1402 3806 1458 Nam
3839 1420 3968 1462 cum

2367 1504 2555 1546 omnes
2583 1492 2834 1562 templum
2863 1492 2958 1548 Dei
2975 1494 3166 1563 simus,
3187 1495 3334 1551 illato
3355 1496 3405 1550 in
3438 1510 3538 1552 nos
3565 1507 3622 1552 et
3641 1509 3967 1554 consecrato

2366 1582 2568 1652 Spiritu
2596 1583 2815 1653 Sancto,
2848 1585 2965 1657 ejus
3019 1581 3470 1658 templi'mdituus
3519 1597 3575 1645 et
3627 1592 3854 1646 antistes
3883 1591 3965 1663 (5)

2366 1675 2618 1742 pudicitia
2647 1685 2748 1743 est,
2777 1679 3058 1747 quagnihil
3088 1679 3419 1736 immundum
3449 1680 3522 1752 (c)
3550 1696 3649 1736 nec
3678 1681 3969 1753 profanum

2367 1765 2550 1822 inferri
2596 1768 2778 1834 sinat,
2813 1784 2880 1825 ne
2912 1771 3052 1825 Deus
3093 1771 3185 1827 ille
3209 1814 3224 1839 ,
3253 1772 3345 1842 qui
3399 1771 3680 1839 inhabitat,
3712 1773 3969 1846 inquina-

2367 1867 2472 1911 tam
2495 1858 2678 1914 scdem
2707 1858 2942 1916 offensus
2987 1861 3343 1932 derelinquat.
3378 1862 3484 1919 Sed
3529 1863 3689 1920 modo
3722 1880 3822 1922 nos
3853 1882 3963 1922 non

2364 1949 2432 2004 de
2464 1949 2715 2020 pudicitia
2745 1991 2759 2017 ,
2811 1953 2897 2008 cui
2945 1953 3348 2027 indicendae(d)
3401 1963 3457 2010 et
3509 1955 3786 2028 exigenda:
3815 1958 3971 2013 sufﬁ-

2363 2031 2514 2097 ciunt
2549 2042 2796 2099 instantia
2843 2045 3044 2116 ubiqtte
3086 2045 3269 2101 divina
3313 2056 3580 2118 praecepta
3607 2089 3623 2115 ,
3676 2063 3864 2104 verum
3894 2051 3964 2106 de

2366 2134 2757 2202 pertinentibus
2806 2135 2873 2190 ad
2899 2152 3015 2192 eam
3040 2178 3056 2204 ,
3107 2137 3159 2193 id
3189 2148 3273 2194 est
3298 2139 3530 2209 qualiter
3592 2155 3681 2195 vos
3705 2141 3960 2198 incedere

2365 2235 2637 2295 Oporteat;
2679 2227 2958 2301 Plerthue
3004 2229 3182 2297 enim,
3226 2231 3368 2302 quod
3417 2232 3590 2302 ipsum
3618 2235 3745 2290 mihi
3776 2236 3962 2306 utique

2366 2315 2838 2388 [reprehendendo
2861 2322 2912 2375 in
2935 2320 3204 2394 omnibus]
3237 2322 3635 2394 reprehendere
3663 2327 3803 2382 Deus
3828 2343 3959 2398 per-

1926 2438 1972 2476 c.
2024 2388 2256 2476 νι-νιιιξ
2291 2388 2337 2448 Β
2367 2412 2576 2479 minati,
2628 2421 2721 2466 aut
2763 2414 3069 2484 ignorantes
3105 2388 3422 2486 simpliciter
3448 2388 3957 2476 autdissimulantes

2364 2502 2618 2571 audacter
2666 2506 2738 2560 ita
2769 2506 3171 2578 ingrediuntur,
3224 2510 3376 2579 quasi
3425 2510 3676 2580 pudicitia
3730 2516 3788 2567 in
3839 2513 3956 2569 sola

2365 2594 2542 2651 carnis
2572 2596 2877 2667 integritate
2906 2607 2960 2653 et
3003 2599 3176 2668 stupri
3206 2600 3478 2656 aversione
3501 2604 3762 2659 consistat
3787 2642 3806 2670 ,
3851 2618 3956 2662 nec

2365 2687 2650 2756 quicquam
2701 2689 3031 2746 intrinsecus
3061 2705 3197 2762 opus
3225 2691 3314 2760 sit,
3340 2692 3405 2748 de
3431 2693 3600 2748 cultus
3645 2702 3701 2749 et
3727 2705 3957 2752 ornatus

2363 2778 2738 2848 dispositione.
2793 2781 2900 2839 Sed
2937 2783 3083 2838 enim
3129 2794 3473 2854 perseverant
3496 2788 3553 2841 in
3599 2787 3843 2858 pristinis
3874 2789 3952 2862 (4)

2362 2875 2553 2930 studiis
2582 2874 2768 2930 forma:
2788 2885 2840 2932 et
2867 2877 3078 2943 nitoris,
3101 2879 3344 2936 eamdem
3367 2880 3451 2936 sui
3477 2879 3712 2951 speciem
3743 2879 3824 2952 (5)
3851 2883 3956 2938 cir-

2364 2967 2749 3034 cumferentes,
2795 2984 2952 3039 quam
2983 2969 3219 3026 fmminte
3262 2972 3542 3028 nationum
3566 2972 3636 3044 (c)
3663 3013 3679 3039 ,
3705 2988 3739 3028 a
3758 2972 3952 3044 quibus

2361 3058 2509 3115 abest
2537 3059 2862 3116 conscientia
2889 3077 3029 3117 Verae
3056 3061 3326 3132 pudicitiae
3349 3104 3366 3130 ,
3423 3063 3549 3135 quia
3579 3062 3713 3119 nihil
3764 3080 3953 3121 verum

2361 3153 2415 3208 in
2445 3153 2562 3218 his,
2609 3154 2698 3225 qui
2749 3153 2919 3210 Deum
2969 3155 3218 3211 nesciunt
3243 3155 3529 3226 praesidem
3557 3166 3612 3212 et
3638 3157 3951 3228 magistrum

2359 3249 2617 3304 veritatis.
2648 3247 2782 3304 Nam
2825 3249 2932 3306 etsi
2968 3264 3072 3319 qua
3101 3249 3156 3305 in
3179 3249 3468 3321 gentilibus
3497 3249 3751 3321 pudicitia
3793 3251 3944 3309 Credi

2357 3351 2572 3417 potest,
2613 3357 2782 3412 usque
2821 3342 2958 3398 adeo
2984 3357 3102 3398 eam
3132 3341 3499 3412 imperfectam
3543 3352 3600 3397 et
3625 3341 3954 3399 inconditam

2355 3443 2587 3503 constat,
2617 3443 2676 3490 ut
2701 3433 2826 3490 licet
2854 3435 2903 3490 in
2928 3435 3108 3490 animo
3153 3434 3489 3506 aliquatenus
3515 3444 3671 3491 tenax
3700 3435 3783 3490 sui
3806 3444 3951 3506 agat,

2353 3530 2406 3585 in
2430 3528 2642 3583 habitus
2674 3537 2851 3584 tamen
2895 3526 3106 3584 licentia
3140 3526 3209 3601 (ί)
3233 3541 3353 3584 sese
3373 3525 3664 3593 dissolvat,
3697 3541 3794 3597 pro
3823 3540 3955 3596 per-

1879 3643 2254 3705 LECTIONES
2291 3643 2703 3703 VARIANTES.

706 3734 779 3805 (1)
820 3735 990 3805 Hujus
1025 3733 1138 3786 libri
1181 3741 1243 3805 tot
1271 3735 1376 3805 loci
1405 3751 1434 3786 a
1479 3734 1687 3805 Rigaltio
1708 3751 1772 3790 ea:
1803 3735 2085 3805 auctoritate
2123 3741 2232 3791 cod.
2263 3743 2307 3805 ο
2340 3752 2430 3805 nos
2449 3738 2603 3805 verba
2628 3738 2722 3788 ista
2740 3736 2924 3798 facere,
2951 3751 3046 3787 non
3072 3739 3241 3802 utique
3257 3736 3554 3790 aﬂ'ectationi
3573 3735 3703 3803 (Εἰς.
3725 3735 3950 3791 affectio-

641 3794 792 3868 ég‘ob.
815 3794 992 3866 mutati
1012 3805 1139 3855 sunt,
1155 3804 1215 3865 .ut
1237 3797 1455 3868 videatur
1481 3794 1568 3868 iste
1590 3814 1751 3868 prope
1770 3813 1918 3853 nouus
1934 3801 2090 3868 factus
2112 3816 2234 3854 esse.

640 3859 770 3928 Iride
809 3859 985 3928 insqq.
1012 3859 1311 3928 principth
1341 3859 1603 3928 scriptura?
1642 3859 2018 3928 varietatem'ita
2039 3871 2239 3928 annota:

638 3920 808 3990 vimus,
832 3926 883 3971 ttt
907 3920 1117 3990 Itigaltio
1146 3934 1315 3990 novam
1337 3920 1661 3990 recensionem
1682 3921 2022 3990 tribueremus,
2038 3926 2242 3979 semleri

635 3982 826 4048 nomine
840 3982 1132 4048 scripturam
1152 3989 1398 4048 receptant
1421 3983 1763 4038 iudicaremus.
1871 3982 2113 4039 Leonum.

699 4046 771 4111 (‘2)
792 4043 1376 4111 Seml.'postremissitnns
1399 4049 1631 4110 omnium,
1657 4051 1741 4112 qui
1763 4049 1826 4100 de
1850 4063 1964 4101 meo
1974 4054 2091 4113 jure
2108 4051 2240 4102 -—ad

2343 3803 2440 3863 nis)
2469 3801 2581 3863 sed,
2607 3807 2706 3850 etc.

2403 3860 2478 3988 13)
2502 3860 2611 3928 Rig.
2634 3863 2815 3912 aeditua
2841 3869 2894 3911 et
2910 3862 3172 3935 antistita.
3366 3922 3377 3933 ν
3470 3922 3482 3934 .

2428 3926 2480 3988 4)
2512 3935 2587 3974 W.
2613 3924 2732 3975 Sed.
2759 3939 2807 3975 e.
2838 3939 2885 3988 p.
2912 3939 2965 3974 tn
2983 3931 3203 3988 pristinis
3219 3923 3398 3988 delevit
3421 3927 3480 3976 Rt

2428 3923 2480 4000 ἑ)
2613 3924 2732 4000 Sai-
2759 3939 2807 4000 ετ
2838 3939 2885 4000 ρτ
2912 3925 3203 4000 uberrimis
3219 3923 3398 4000 (ἐειευίε
3421 3923 3535 4000 eis:
3649 3983 3703 4000 -.

2405 3985 2481 4052 (5)
2509 3989 2590 4036 Ita
2619 3985 2882 4048 wouwcrl;
2927 3985 3068 4038 seinl.
3112 3987 3339 4040 eamdem
3382 3985 3752 4053 sui
3779 3989 3941 4040 eamd.

2342 4049 2654 4114 superﬁciem
2679 4051 2794 4100 circ.

2001 4156 2561 4216 COMMENTARIUS.

705 4247 782 4324 (ξι)
827 4247 937 4324 ῌοα
988 4249 1224 4324 secundo
1267 4250 1332 4306 de
1377 4251 1524 4324 cultu
1569 4250 1908 4309 heminarum
1962 4253 2219 4324 opusculo

629 4323 794 4374 tnulta
823 4320 892 4376 de
936 4321 1110 4390 primo
1139 4330 1432 4379 tractantur
1470 4323 1690 4380 uberius
1713 4365 1728 4389 ,
1759 4340 1894 4380 nova
1917 4320 2082 4381 etiam
2109 4340 2216 4380 non

633 4407 796 4465 pauca
831 4394 1173 4465 proteruntur
1204 4394 1412 4458 utilius,
1439 4395 1594 4463 plena
1621 4395 1801 4450 omnia
1831 4397 2052 4465 spiritus
2067 4396 2213 4452 chri-

629 4461 808 4538 Stiani
834 4462 1181 4538 sublimioris.
1231 4465 1306 4519 Ea
1345 4461 1473 4520 vero
1501 4467 1710 4521 mendis
1734 4461 2005 4538 hactenus
2043 4467 2222 4538 inqui-

628 4543 754 4588 nata
796 4533 1234 4608 Vin_spleudorcm
1281 4538 1516 4591 nativum
1550 4539 1626 4592 sic
1655 4537 1915 4602 redeunt,
1949 4548 2009 4593 ut
2056 4533 2224 4608 prope

626 4619 764 4678 nova
793 4604 1253 4678 haberidebeant.
1285 4608 1420 4678 Sunt
1443 4615 1618 4663 tamen
1647 4609 1700 4664 in
1731 4609 1858 4678 ipsis
1884 4604 2222 4666 emendatio-

625 4676 783 4749 nibus
808 4676 1130 4749 pervidenda
1155 4677 1401 4747 quaedam
1423 4722 1438 4747 ,
1462 4694 1583 4749 quae
1613 4676 1823 4736 nonnisi
1877 4681 2223 4737 attentissimi

625 4745 956 4820 disceritant.
981 4745 1431 4820 Itaqueindicinte
1470 4745 1698 4820 pretium
1728 4751 1905 4807 fuerit.
1934 4752 2054 4808 RIG.

2324 4261 2494 4309 uerent
2519 4267 2538 4316 ,°
2565 4261 2620 4308 et
2648 4268 2660 4304 :
2693 4252 2873 4318 {omne
2915 4261 2964 4306 et
3003 4252 3184 4307 nitoris
3215 4252 3336 4318 sui,
3363 4266 3488 4308 cum
3515 4250 3730 4307 Latinio
3749 4291 3765 4319 ,
3794 4266 3938 4306 eant-

2323 4325 2437 4379 dem
2455 4337 2658 4393 nempe
2685 4323 2914 4378 formam
2942 4323 3380 4393 circumferentes.
3414 4323 3550 4380 Pu.

2393 4392 2474 4468 (e)
2513 4392 2773 4468 Fremitus
2807 4394 3091 4468 nationum.
3116 4392 3357 4468 Quidde
3383 4394 3502 4468 istis
3532 4393 3762 4465 loquar?
3791 4407 3935 4468 anne

2326 4463 2433 4522 illa:
2455 4463 2667 4539 pudica:
2693 4466 2716 4520 ‘i
2746 4465 2971 4539 Angylae
2994 4465 3164 4539 (natio
3183 4463 3290 4539 est)
3321 4465 3570 4522 heminas
3595 4463 3720 4520 suas
3739 4465 3936 4535 primis

2327 4533 2578 4593 noctibus
2627 4533 2933 4606 nuptiar'u'm
2987 4533 3278 4602 adulteriis
3311 4545 3513 4606 cogunt
3543 4533 3768 4606 parere,
3799 4550 3930 4591 mox

2329 4610 2395 4664 ad
2439 4609 2748 4679 pudicitiam
2791 4607 3000 4679 legibus
3027 4608 3332 4679 astringunt
3354 4606 3565 4679 (narrat
3613 4607 3834 4662 Solinus
3861 4608 3936 4679 in

2329 4676 2637 4806 polyhiit.).
2669 4676 2914 4752 Longum
2943 4689 3088 4736 esset
3129 4676 3464 4750 de'reliquis
3504 4693 3816 4735 sermonem
3855 4676 3939 4732 fa-

2332 4766 2478 4806 cere.
2558 4766 2644 4806 AC.

2332 4766 2478 4808 cere.
2512 4766 2644 4808 LAC.

695 4819 849 4905 (ΖΑΒ.
868 4817 1098 4905 .I,—'(b)
1121 4817 1970 4905 fostrentissimus..Superlativus
1998 4836 2226 4905 usurpa-
2252 4826 2305 4887 D
2406 4822 2539 4905 (0.1
2548 4840 2581 4877 n
2613 4821 3001 4905 habitus‘tamen
3030 4821 3236 4905 licentia
3260 4837 3368 4877 sese
3693 4817 3754 4905 In
3789 4819 3940 4876 anti—

624 4899 710 4966 tus
731 4906 760 4944 a
786 4889 978 4966 Gellio.
1007 4889 1159 4966 Legit
1197 4902 1380 4966 postea
1407 4889 1924 4966 Rigaltiusequidem
1957 4910 2066 4950 meo
2081 4889 2223 4966 jure,

622 4961 675 5016 id
707 4961 948 5032 est,jure
991 4963 1132 5032 quod
1177 4961 1227 5017 ei
1271 4961 1606 5034 competebat
1647 4975 1706 5019 ut
1734 4961 2006 5022 scriberet
2032 4961 2099 5020 ad
2128 4964 2228 5022 fte-

623 5034 817 5104 minas,
851 5035 1111 5104 quoniam
1145 5035 1308 5090 frater
1331 5045 1446 5090 erat
1469 5044 1524 5091 et
1564 5050 1877 5092 conservus.
1911 5036 1988 5092 Le
2028 5037 2124 5092 Pu.
2155 5066 2226 5079 —-

623 5102 811 5180 Melius
832 5102 1065 5180 forsitan
1090 5105 1291 5180 legeris
1319 5125 1332 5162 :
1361 5104 1430 5180 Et
1450 5107 1653 5179 quidem
1683 5125 1792 5164 meo
1813 5109 1953 5180 jure.
1978 5109 2114 5180 Enn.

696 5175 773 5248 (c)
817 5176 944 5244 Qua:
990 5178 1120 5231 nihil
1166 5175 1482 5232 immundum
1532 5196 1621 5234 nec
1669 5175 1965 5250 profanum.
2022 5179 2135 5235 Hoc
2165 5181 2217 5235 in

621 5260 789 5323 suum
805 5257 1092 5323 tractatum
1127 5250 1394 5304 transtulit
1417 5249 1720 5323 Cyprianus
1741 5249 1972 5323 martyr.
2003 5250 2220 5306 Demus-

619 5334 716 5385 que
734 5362 749 5386 ,
777 5320 980 5392 inquit,
1012 5337 1250 5390 cperam,
1278 5339 1339 5376 ne
1367 5320 1841 5392 quidimmundum
1867 5320 1913 5377 et
1943 5326 2219 5392 profanum

622 5392 807 5462 templo
836 5390 932 5443 Dei
954 5392 1204 5464 inferatur
1227 5409 1246 5458 ,°
1275 5410 1338 5448 ne
1372 5390 1596 5460 olfensus
1626 5394 1817 5463 sedem,
1847 5390 1998 5464 quam
2020 5390 2220 5448 inhabi-

621 5468 692 5514 tat
710 5504 742 5534 ,ί
759 5463 1095 5534 derelinquat.
1149 5463 1301 5519 Enen
1315 5502 1328 5518 .

692 5533 773 5607 (d)
800 5533 897 5607 Qui
925 5533 1208 5590 indicendo:
1234 5545 1277 5590 et
1299 5535 1588 5606 exigendis,
1620 5544 1726 5592 etc.
1755 5535 1960 5605 Quibus
1985 5537 2212 5606 scriptu-

619 5604 917 5660 ris'indicta
947 5607 1012 5659 sit
1038 5607 1288 5676 pudicitia
1311 5650 1326 5675 ,
1362 5604 1548 5664 videre
1577 5618 1656 5663 est
1697 5604 1792 5662 lib.
1816 5607 1883 5662 de
1911 5604 2169 5662 Pudicitia
2192 5650 2207 5676 ,

617 5685 732 5730 tum
760 5676 1010 5750 Auctoris
1033 5687 1189 5750 ,Atum,
1218 5679 1280 5732 B.
1313 5679 1582 5750 Cypriani.
1617 5679 1773 5749 Atqui
1806 5679 1934 5734 illud
1971 5680 2098 5750 mihi
2125 5696 2209 5734 re-

620 5746 974 5816 prehendendo
996 5790 1010 5813 ,
1036 5748 1193 5802 dandi
1217 5764 1343 5804 casu
1358 5746 1568 5805 dictum
1595 5746 1716 5805 esse
1745 5758 1967 5806 annotat
1990 5749 2208 5806 Rhena-

620 5819 1032 5903 all-5.,110ti'9-SI,
1062 5819 1224 5903 digno
1261 5821 1366 5903 qui
1391 5820 1774 5902 reprehendar.
1805 5820 1920 5892 Ego
1969 5837 2098 5875 vero
2143 5835 2209 5876 ex

621 5893 755 5941 mss.
780 5885 832 5936 3.
868 5883 1034 5940 Vatic.
1067 5883 1185 5956 lego
1214 5906 1226 5941 ί
1261 5883 1366 5943 Sed
1386 5883 1518 5945 enim
1549 5883 1899 5960 perseverant;
1925 5906 2020 5961 pro
2045 5907 2209 5960 perse-

2331 4892 2594 4964 qnisSimo
2626 4894 2918 4963 exemplari
2963 4893 3180 4963 legitur,
3209 4892 3278 4948 In
3302 4893 3529 4964 ambitus,
3563 4892 3797 4964 liceuts'as
3825 4907 3938 4964 sese

2330 4960 2596 5020 dissolvat.
2624 4960 3062 5033 Quod'explicari
3089 4980 3198 5018 non
3227 4963 3569 5020 incommode
3588 4960 3863 5033 videatur.
3883 4961 3936 5018 si

2327 5037 2447 5108 quis
2475 5036 2563 5092 hic
2588 5031 2834 5090 ambitum
2858 5031 2962 5091 dici
3003 5035 3162 5100 velit,
3193 5037 3350 5108 quod
3374 5049 3537 5108 supra
3564 5031 3936 5108 Tertullianns

2327 5103 2441 5178 ipse
2472 5108 2789 5178 superﬁciem
2831 5108 3002 5174 dixit,
3030 5103 3229 5176 corpus
3266 5103 3516 5162 videlicet
3535 5146 3550 5170 ,
3575 5113 3740 5178 atque
3757 5103 3938 5174 ipsius

2326 5177 2568 5248 corporis
2609 5189 2924 5234 ornamenta
2951 5219 2964 5240 .
2993 5192 3112 5249 quas
3158 5178 3398 5249 animum
3444 5177 3693 5232 ambiunt
3729 5185 3788 5232 et
3815 5189 3939 5249 veg:

2327 5244 2486 5306 tiunt.
2516 5251 2590 5305 De
2618 5249 2872 5320 pudicitia
2895 5244 3187 5306 christiana
3203 5247 3458 5314 disserit,
3479 5261 3710 5320 eamque
3735 5244 3936 5320 gentili

2297 5317 2701 5392 'perl‘ectiorem
2757 5336 2880 5377 esse
2925 5331 3177 5392 oportere
3215 5320 3491 5392 ostendit._
3519 5317 3707 5392 Itaque
3747 5317 3938 5392 genti;-

2324 5387 2429 5449 Iem
2460 5393 2770 5468 pudicitiam
2800 5387 3270 5468 adceperversam
3301 5405 3423 5468 esse
3443 5390 3522 5468 ait
3539 5431 3566 5468 ,ι
3588 5387 3648 5444 ut
3669 5387 3800 5444 licet
3817 5387 3940 5468 aui-

2323 5481 2443 5520 mns
2461 5460 2624 5519 icn'ax
2652 5463 2704 5518 in
2736 5460 3005 5535 pudicitia:
3053 5477 3326 5535 nunquam
3354 5460 3616 5535 violandae
3642 5460 3934 5535 proposito

2314 5545 2662 5607 perseveret,
2681 5528 2796 5607 ipsa
2814 5545 2990 5590 tamen
3007 5528 3270 5604 pudicitia
3291 5534 3346 5607 in
3369 5533 3617 5607 corporis
3638 5528 3934 5607 eucolendi

2313 5602 2719 5676 e'xornandiqué
2755 5602 3099 5662 Iicentias‘ita
3124 5620 3252 5676 sese
3293 5602 3560 5676 dissolvat
3585 5610 3640 5658 et
3667 5603 3877 5676 frangat
3905 5641 3928 5668 ,

2313 5688 2371 5734 ut
2397 5693 2509 5734 rem
2537 5671 2754 5748 appetat
2776 5674 3471 5753 cujusdevitateﬂectum,
3509 5675 3612 5729 hoc
3638 5680 3763 5753 est_,
3799 5671 3928 5753 pla-

2312 5764 2436 5826 cere
2469 5746 2684 5826 appetat
2704 5789 2720 5816 ,
2749 5757 2803 5804 et
2839 5746 3263 5826 adolescentium
3302 5756 3427 5826 post
3451 5759 3515 5826 se
3536 5746 3778 5826 suspiria
3803 5752 3930 5826 tra-

2315 5821 2444 5876 here
2470 5816 2728 5890 gaudeat,
2762 5835 2884 5878 cum
2911 5828 3090 5876 tamen
3119 5816 3551 5876 alienail'tbidini
3569 5856 3586 5887 ,
3611 5827 3776 5886 quam
3801 5816 3930 5886 ipsa

2312 5891 2600 5960 excitavit,
2633 5893 2980 5952 succumbere
3010 5891 3162 5950 nolit.
3197 5891 3323 5948 Itte.
