4230 6256
315 326 456 407 isti

888 406 923 439 ο

1371 332 1580 396 LIBER
1613 330 1660 396 Il
1704 335 1793 395 DE
1832 326 2063 398 CULTU
2100 328 2567 397 FCEMINARUM.

3470 308 3613 396 ista

313 457 571 515 versitate
596 452 874 528 gentilium
902 449 1203 524 appetendo
1234 449 1352 525 (l),
1397 446 1549 524 cujus
1574 451 1652 508 rei
1704 451 1909 508 devitat
1936 451 1991 514 A
2013 450 2146 508 Nam
2199 451 2287 523 qui
2314 449 2617 523 praesumit,
2641 447 2818 507 minus
2840 443 3099 519 'veretur,
3124 450 3301 508 minus
3321 460 3615 526 praecavet,

319 549 591 607 effectum.
634 547 803 615 Quota
851 544 1083 617 denique
1109 552 1194 602 est
1241 541 1356 616 (a),
1409 559 1530 616 quae
1574 559 1676 601 nec
1702 546 1915 616 placere

317 643 533 715 quidem
563 640 830 697 extraneis
866 637 1251 709 concupiscat?
1277 652 1397 709 qua:
1434 652 1543 694 non
1573 637 1704 694 velit
1748 636 1916 693 idcir-

322 751 389 793 co
416 750 476 793 se
521 737 810 807 expingere
838 732 939 807 (b),
970 744 1029 789 ut
1056 741 1215 804 neget
1252 732 1548 803 appetitum
1577 732 1656 805 (2)
1677 730 1702 785 Ἰ
1727 731 1914 801 Quan-

319 845 480 902 quam
523 841 577 886 et
604 828 708 886 hoc
730 829 916 900 gentili
947 827 1213 898 pudicitia:
1239 826 1502 884 familiare
1522 828 1595 883 sit
1619 870 1634 896 ,
1681 842 1793 884 non
1815 826 1915 884 ἀθά

327 922 840 993 linquere,attamen
868 919 1039 987 velle;
1060 919 1147 975 vel
1171 919 1334 975 etiam
1361 918 1525 987 nolle,
1544 927 1778 993 attamen
1808 933 1914 974 non

324 1012 611 1084 denegare.
657 1011 799 1081 Quid
829 1012 1067 1067 mirum?
1095 1024 1354 1081 perversa
1377 1020 1503 1067 sunt
1529 989 1708 1067 dmnia
1734 1053 1748 1078 ,
1797 1026 1916 1083 qua:

326 1124 356 1163 a
382 1108 622 1164 Deo‘non
651 1115 796 1163 sunt.
838 1106 1070 1163 Videant
1090 1105 1252 1179 igitur
1271 1147 1286 1174 ,
1340 1121 1460 1177 qum
1487 1120 1593 1173 non
1624 1114 1794 1162 totum
1819 1106 1916 1160 bo-

322 1218 449 1258 num
484 1200 776 1258 obtinendo
804 1198 962 1257 facile
1010 1210 1063 1256 et
1083 1199 1226 1272 quod
1251 1199 1497 1256 obtinent
1524 1199 1666 1255 malo
1694 1200 1919 1257 commi-

322 1304 492 1351 scent.
527 1293 632 1350 Vos
658 1292 873 1361 abillis,
898 1300 958 1348 ut
1002 1293 1058 1347 in
1105 1292 1338 1362 caeteris,
1368 1292 1578 1348 incessu
1601 1307 1813 1365 quoque
1835 1291 1920 1349 de~

326 1396 540 1443 vertere
570 1385 934 1442 necessarium
963 1393 1079 1452 est,
1106 1385 1359 1455 quoniam
1392 1383 1642 1455 perfectae
1684 1400 1804 1442 esse
1829 1382 1924 1441 de-

323 1478 484 1548 betis,
515 1478 653 1535 sicut
665 1477 823 1535 Pater
845 1483 1022 1533 vester
1042 1477 1130 1547 qui
1161 1484 1244 1532 est
1271 1476 1324 1531 iu
1351 1474 1523 1533 caelis.

959 1568 1188 1626 CAPUT
1212 1567 1275 1623 II.

397 1661 656 1719 Perfecta:
701 1669 912 1727 autem,
963 1660 1016 1717 id
1056 1670 1169 1728 est,
1201 1660 1532 1717 christiana:
1567 1660 1773 1733 pudica:
1800 1652 1917 1734 (5),

2019 545 2140 618 plus
2162 544 2495 615 periclitatur
2523 542 2628 619 (4).
2658 543 2843 601 Timor
2863 542 3270 601 fundamentum
3293 545 3481 603 salutis
3509 553 3619 619 est,

2019 639 2369 713 ιπωευιηριῑο
2397 638 2839 711 impedimentum
2894 638 3102 695 timoris
3132 637 3214 714 (ά)
3246 637 3443 696 Utilius
3463 653 3615 712 ergo,

2017 732 2067 791 si
2093 747 2373 805 speremus
2425 748 2534 789 non
2581 747 2741 803 posse
2783 732 3101 803 delinquere
3125 773 3139 799 ,
3197 747 3360 804 quam
3409 732 3456 789 si
3482 747 3622 804 prae-

2020 842 2293 884 sumamus
2333 841 2442 883 non
2472 840 2664 899 posse;
2689 826 2960 899 sperando
3004 826 3150 883 enim
3180 826 3518 895 timebimus,
3552 826 3622 883 ti.
3680 812 3693 825 ’

2019 922 2216 978 mendo
2258 921 2601 988 cavebimus,
2636 919 2876 977 cavendo
2913 920 3049 976 salvi
3083 920 3324 987 erimus;
3352 928 3537 976 contra
3576 918 3626 976 si

2019 1028 2410 1086 praesumamus
2434 1029 2609 1084 neque
2636 1013 2873 1069 timendo
2903 1028 3089 1085 neque,
3107 1012 3368 1082 cavendo,
3409 1012 3626 1070 diflicile

2019 1107 2150 1163 salvi
2176 1107 2395 1163 erimus.
2430 1105 2530 1174 Qui
2557 1119 2780 1162 securus
2808 1106 2937 1176 agit,
2966 1121 3075 1162 non
3100 1113 3184 1162 est
3206 1104 3486 1173 sollicitus,
3519 1118 3628 1160 non

2023 1198 2262 1270 possidet
2296 1207 2463 1253 tutam
2488 1207 2543 1254 et
2572 1196 2780 1254 firmam
2809 1197 3178 1254 securitatem.
3212 1202 3279 1254 At
3308 1195 3398 1267 qui
3428 1195 3631 1253 sollici-

2025 1301 2109 1347 tus
2134 1299 2251 1358 est,
2280 1291 2326 1347 is
2355 1305 2483 1347 vere
2511 1290 2709 1362 poterit
2743 1305 2864 1347 esse
2904 1304 3149 1347 securus.
3181 1289 3252 1346 Et
3274 1289 3343 1348 de
3371 1289 3485 1345 suis
3514 1290 3633 1360 qui—
3687 1271 3694 1278 ’

2027 1385 2148 1441 dem
2186 1386 2357 1442 servis
2388 1384 2644 1440 Dominus
2687 1399 2784 1454 pro
2833 1383 3202 1441 misericordia
3241 1398 3338 1440 sua
3379 1392 3549 1452 curet,
3576 1393 3634 1440 ut
3677 1425 3687 1437 .

2027 1479 2187 1534 etiam
2228 1488 2570 1554 praesumere
2612 1476 2720 1532 illis
2760 1476 2828 1531 de
2869 1476 3015 1532 bono
3045 1491 3144 1533 suo
3176 1475 3406 1533 feliciter
3451 1478 3629 1532 liceat.

2027 1569 2165 1639 Quid
2195 1579 2373 1625 autem
2396 1570 2550 1625 alteri
2581 1568 2819 1640 periculo
2844 1569 3069 1625 sumus?
3095 1570 3223 1641 quid
3253 1570 3409 1629 alteri
3433 1584 3637 1626 concu-

2031 1665 2343 1735 piscentiam
2390 1663 2782 1733 importamus?
2825 1676 2984 1733 quam
3032 1663 3077 1718 si
3107 1662 3183 1733 (e)
3222 1662 3480 1719 Dominus
3514 1678 3633 1731 am:

326 1756 706 1827 appetitionem
752 1756 854 1821 sui,
880 1769 1007 1810 non
1031 1762 1237 1812 tantum
1265 1770 1370 1810 nou
1403 1754 1758 1826 appetendam
1786 1798 1801 1825 ,
1829 1755 1925 1812 sed
1956 1821 1997 1827 _
2032 1755 2253 1827 pliando
2277 1756 2452 1827 legem
2480 1754 2552 1827 (ι’)
2583 1769 2614 1809 a
2636 1754 2779 1811 facto
2798 1754 2968 1824 stupri
2994 1769 3100 1811 non
3123 1753 3637 1825 discernitinxpaana

326 1850 487 1905 etiam
512 1846 901 1903 exsecrandam
925 1845 1077 1902 vobis
1101 1847 1284 1903 sciatis
1317 1865 1330 1902 :
1360 1847 1534 1918 primo
1555 1845 1698 1921 quod
1720 1863 1827 1903 non
1855 1846 1923 1904 de
1956 1821 2004 1881 Β
2035 1846 2140 1921 (5),
2172 1828 2353 1904 nescio
2379 1863 2448 1902 an
2476 1848 2693 1917 impune
2710 1846 2925 1913 habeat,
2955 1862 3075 1917 qua:
3112 1846 3273 1902 alicui
3302 1845 3464 1902 fuerit
3487 1861 3643 1902 caus-

327 1940 533 2011 iutcgra
553 1939 881 1996 conscientia
927 1940 1076 1995 venit
1094 1939 1330 1995 studium
1354 1940 1598 2011 placendi
1641 1955 1736 2012 per
1762 1940 1925 1998 deco-

330 2047 465 2098 rem,
494 2047 650 2103 quem
678 2031 991 2088 naturaliter
1031 2031 1379 2089 invitatorem
1426 2032 1663 2090 libidinis
1691 2035 1926 2105 scimus;

333 2124 459 2195 quid
508 2123 668 2195 igitur
690 2124 815 2181 inte
840 2125 1041 2180 excitas
1082 2125 1282 2181 malum
1314 2126 1493 2183 istud?
1541 2126 1928 2198 Quidiuvitas,

333 2214 486 2286 cujus
509 2225 561 2271 te
581 2215 851 2285 profiteris
879 2219 1225 2273 extraneam?
1255 2218 1392 2275 Tum
1447 2220 1588 2291 quod
1618 2221 1928 2277 tentationi-

334 2308 436 2362 bus
462 2306 599 2361 viam
628 2310 840 2378 aperire
882 2324 993 2364 non
1022 2309 1281 2367 debemus
1305 2355 1320 2377 ,
1372 2327 1492 2383 qum
1552 2328 1932 2386 nonnunquam

336 2398 477 2469 quod
499 2399 638 2454 Deus
664 2414 693 2455 a
724 2401 837 2477 suis
863 2401 1040 2471 abigat
1063 2402 1311 2458 instando
1333 2403 1617 2474 perficiunt
1634 2448 1650 2474 ,
1681 2415 1829 2462 certe
1852 2405 1935 2461 vel

336 2488 583 2560 spiritum
610 2490 860 2545 seandalo
901 2502 1237 2560 permovent.
1285 2492 1381 2565 (c).
1431 2494 1697 2551 Debemus
1719 2496 1936 2566 quidem

338 2581 411 2636 ita
441 2588 624 2636 sancte
652 2592 705 2637 et
731 2590 838 2637 tota
861 2580 985 2638 fidei
1005 2582 1307 2640 substantia
1332 2585 1607 2654 incedere,
1642 2599 1699 2643 ut
1722 2588 1939 2646 confes-

340 2686 415 2728 sae
435 2682 489 2729 et
516 2686 720 2729 securae
771 2673 941 2730 simus
972 2675 1040 2731 de
1065 2676 1395 2732 conscientia
1451 2688 1636 2735 nostra
1681 2691 1933 2752 optantes

342 2778 687 2858 perseverare
716 2764 771 2821 id
815 2766 872 2821 iu
920 2766 1112 2834 nobis,
1172 2783 1281 2824 non
1314 2778 1491 2825 tamen
1525 2785 1937 2842 praesumentes.

2030 1958 2088 1998 sa
2120 1940 2456 2013 perditionis.
2488 1940 2635 1995 Perit
2663 1938 2810 1994 enim
2849 1939 2938 1993 ille
2967 1937 3130 1994 simul
3161 1939 3216 1994 in
3249 1947 3338 1994 tua
3366 1937 3562 2006 forma,
3594 1938 3644 1994 si

2032 2032 2364 2105 concupierit
2393 2030 2499 2104 (6),
2540 2041 2596 2088 et
2624 2020 2840 2087 admisit
2863 2030 2977 2102 jam
3004 2031 3063 2086 in
3088 2031 3268 2086 animo
3287 2072 3303 2099 ,
3331 2030 3473 2101 quod
3513 2044 3646 2087 con-

2035 2127 2268 2198 cupivit,
2298 2133 2352 2181 et
2372 2124 2511 2181 facta
2536 2139 2595 2180 es
2628 2133 2682 2179 tu
2712 2123 2923 2196 gladius
2949 2123 3027 2179 illi
3071 2123 3172 2196 (g).
3217 2123 3283 2180 Ut
3312 2122 3394 2196 (7)
3432 2139 3463 2179 a
3492 2123 3649 2194 culpa

2037 2234 2213 2283 vaces.
2244 2217 2312 2274 ab
2339 2216 2539 2275 invidia
2570 2230 2676 2272 non
2707 2216 3059 2284 liberaberis;
3090 2225 3151 2273 ut
3169 2231 3291 2273 cum
3327 2219 3380 2270 in
3425 2214 3651 2286 alicujus

2039 2326 2168 2382 agro
2185 2307 2521 2364 latrocinium
2548 2316 2755 2377 gestum
2779 2314 2880 2373 est,
2905 2306 3109 2361 crimen
3133 2306 3350 2377 quidem
3373 2306 3652 2369 dominum

2040 2418 2147 2460 non
2175 2398 2436 2471 contingit
2473 2399 2589 2470 (8);
2620 2397 2746 2452 dum
2779 2412 2872 2453 rus
2900 2407 3079 2455 tamen
3103 2399 3220 2470 ejus
3242 2400 3530 2479 ignominia
3555 2414 3654 2456 no-

2042 2504 2214 2563 tatur,
2249 2492 2365 2564 ipse
2406 2506 2620 2564 quoque
2659 2490 2876 2547 infamia
2920 2492 3246 2564 aspergitur.
3291 2492 3655 2566 EXpingamus

2045 2602 2164 2657 nos,
2198 2595 2258 2643 ut
2280 2586 2436 2642 alteri
2467 2585 2734 2656 pereant?
2763 2583 2868 2640 Ubi
2905 2592 2988 2640 est
3025 2600 3156 2657 ergo
3185 2602 3199 2640 :
3230 2586 3429 2656 Diliges
3471 2587 3657 2658 proxi-

2042 2698 2188 2739 mum
2242 2690 2390 2737 tuum
2447 2681 2586 2736 sicut
2643 2685 2695 2734 te
2741 2677 2957 2748 ipsum;
2999 2679 3165 2735 nolite
3211 2688 3390 2736 vestra
3450 2690 3657 2740 tantum

2043 2791 2233 2832 curare
2261 2773 2391 2845 (9),
2434 2772 2527 2829 sed
2575 2771 2837 2828 alterius?
2881 2771 3040 2829 Nulla
3084 2773 3379 2830 enuntiatio
3426 2772 3659 2846 Spiritus

1600 2904 1988 2969 LECTIONES
2031 2905 2440 2966 VARIANTES.

410 3035 662 3108 (l)_Seml.
684 3035 917 3108 dissolvat
930 3037 1419 3108 propter_ver_itatem
1445 3036 1534 3102 (al.
1562 3052 1636 3103 pr.
1661 3042 1953 3108 vanitatem)

347 3098 630 3165 gentilium,
651 3098 874 3150 solatium
897 3098 1179 3165 appetendo
1203 3106 1303 3150 etc.

413 3161 747 3275 quae
769 3174 866 3212 non
893 3161 972 3212 vel
996 3162 1177 3214 idcirco
1200 3175 1257 3214 se
1284 3164 1489 3227 expingi
1522 3166 1698 3216 curet?
1720 3174 1774 3218 et
1795 3173 1954 3231 neget

351 3239 659 3274 aDDPIllum?
978 3250 985 3253 τ

382 3240 884 3358 pgﬁ'l‘t‘iglfquoniam
901 3250 1142 3355 perfecta:
1160 3288 1194 3336 i.
1224 3300 1272 3345 e,
1297 3288 1405 3339 chr.
1429 3288 1698 3354 pudicitiae,
1722 3303 1835 3357 app.
1855 3300 1954 3345 etc.

352 3347 541 3400 caeteris
563 3347 721 3400 verbis
750 3347 959 3399 omissis.

417 3411 494 3475 (4)
521 3411 631 3486 Riq.
656 3409 786 3485 Nam
803 3411 886 3473 qui
913 3413 1182 3486 praesumit,
1207 3414 1367 3485 minus
1386 3415 1488 3486 jam
1504 3422 1743 3477 veretur;
1765 3417 1851 3486 qui
1867 3419 1962 3486 mi-

356 3474 700 3588 nusivletraitur,
724 3474 886 3525 minus
923 3474 1187 3536 praecavet,
1212 3475 1297 3538 qui
1336 3474 1498 3527 minus
1540 3474 1804 3543 praecavet,
1853 3479 1964 3544 plus

356 3550 447 3588 per
470 3550 533 3588 ct
606 3549 682 3587 ur.

354 3544 682 3600 periclitatur.

2125 3041 2195 3108 (5)
2222 3041 2339 3094 Cod.
2364 3040 2516 3108 Agob.
2543 3041 2682 3108 quasi
2715 3040 2971 3108 Deusnon
2994 3041 3264 3108 ampliaudo
3289 3039 3459 3106 legem
3481 3058 3510 3095 a
3533 3012 3663 3101 facto

2059 3103 2690 3176 stupricuncupisceritiam
2712 3116 2811 3154 non
2827 3103 3077 3155 discernat
3079 3106 3148 3176 _in
3170 3118 3326 3176 pretia.

1979 3202 2025 3266 Ο
2126 3166 2195 3232 (ii)
2220 3167 2375 3218 Simul
2399 3166 2454 3218 ut
2476 3175 2608 3217 tuam
2623 3166 2830 3241 formam
2848 3180 3053 3230 concup.
3074 3166 3206 3241 ﬂigi,
3326 3168 3470 3221 etiam
3491 3168 3668 3222 delevit

2058 3244 2132 3282 vv.
2177 3242 2287 3282 aure
2301 3236 2584 3282 sequuntur.
2637 3236 2691 3280 et
2704 3228 2900 3280 admisit
2916 3257 2977 3267 -—
2992 3236 3287 3282 concupivit.

2121 3228 2691 3305 -'..'£7“£‘E’.§eq‘.‘“’.‘.‘“.'2...el
2704 3228 2900 3305 admisit
2916 3228 3289 3305 —.<‘=9nc'frivit;
3334 3295 3346 3305 .
3535 3292 3567 3305 ..

2129 3289 2201 3366 (η
2235 3291 2342 3359 Rig.
2361 3289 2553 3356 gladius
2568 3289 2656 3353 illi,
2676 3297 2732 3342 ut
2749 3293 2842 3342 etsi
2858 3306 2889 3342 a
2911 3289 3051 3355 culpa
3066 3289 3228 3354 vaces,
3249 3294 3310 3344 ab
3332 3295 3433 3345 inv.
3460 3306 3509 3344 n.
3535 3292 3666 3345 libe-

2059 3369 2207 3482 missi
2241 3414 2350 3480 Rig.
2389 3416 2679 3480 continget;
2728 3414 2880 3468 Seml.
2931 3415 3264 3482 constringit,
3306 3417 3429 3470 dum
3473 3430 3558 3473 res
3599 3423 3670 3471 ta-

2065 3493 2183 3531 men
2208 3486 2303 3529 etc.

2132 3542 2206 3603 (9)
2242 3538 2393 3592 Seml.
2419 3539 2573 3592 nolite
2596 3544 2762 3593 vestra
2783 3552 2979 3592 curare.

1712 3670 1901 3729 COMM
1909 3622 2269 3731 ΕΝΤᾸΒωε.

438 3785 516 3859 (a)
559 3785 730 3861 Quota
754 3783 969 3861 denique
987 3793 1094 3853 est,
1117 3800 1233 3861 qute
1255 3802 1319 3841 ne
1342 3787 1543 3861 placere
1565 3787 1768 3861 quidem
1794 3798 1962 3861 extra-

360 3856 467 3915 neis
489 3856 831 3925 concupiscat.
879 3856 1055 3923 Quota
1076 3866 1192 3924 est,
1214 3856 1422 3928 inquit,
1444 3856 1759 3929 pudicarum
1800 3860 1960 3918 hodie

361 3929 777 4002 christianarum
797 3941 963 4002 ,‘qna:
1009 3935 1115 3981 tam
1147 3938 1360 4002 austera
1390 3931 1460 3984 sit
1486 3939 1540 3986 et
1564 3931 1707 3987 serio
1734 3930 1922 4002 pudica
1941 3975 1957 4002 ,

362 4009 422 4057 ut
436 4016 503 4055 ne
525 3997 970 4072 placere_qu_idem
1000 4000 1277 4072 extraneis
1303 4002 1685 4072 concupiscat?
1705 3997 1824 4072 q'ute
1851 3997 1959 4059 non

364 4068 601 4146 curet'se
626 4068 842 4146 expiugi
858 4077 923 4146 _et
958 4070 1244 4137 exornari,
1269 4071 1355 4125 vel
1396 4068 1600 4146 idcirco
1624 4115 1639 4139 ,
1671 4068 1735 4128 ut'
1755 4073 1821 4129 iis
1842 4075 1960 4146 pla-

364 4151 484 4199 ceat
505 4141 529 4194 ‘l
552 4139 723 4208 Quota
748 4139 982 4208 denique
1002 4148 1113 4207 est,
1136 4156 1257 4210 quae
1282 4157 1477 4214 negare
1497 4143 1662 4209 velit,
1685 4154 1777 4200 aut
1801 4139 1961 4214 quam

367 4227 473 4268 non
512 4215 711 4283 pudeat
761 4225 960 4285 negare
1007 4225 1067 4265 se
1093 4227 1352 4285 “unquam
1377 4212 1575 4285 _fuisse
1618 4212 1962 4285 appetitam?

405 4280 669 4356 uanquam
697 4297 760 4337 ea
788 4280 858 4336 sit
884 4290 939 4335 et
965 4280 1242 4349 gentilium
1288 4282 1541 4356 pudicitia
1561 4323 1576 4348 ,
1611 4280 1818 4356 utjnon
1843 4288 1960 4356 qui-

407 4368 491 4409 em
519 4351 871 4421 delinquant,
903 4359 1139 4405 attamen
1168 4364 1233 4405 eo
1260 4367 1319 4406 se
1344 4351 1530 4406 habitu
1557 4351 1876 4418 exhibeant;
1906 4360 1964 4409 ut

368 4425 511 4481 velle
536 4420 816 4478 videantur
840 4420 982 4491 quod
1011 4421 1221 4486 nolint;
1254 4421 1333 4477 sic
1357 4421 1629 4486 incedant,
1660 4431 1720 4477 ut
1748 4425 1961 4481 incessu

2068 3788 2176 3845 cilii
2210 3788 2459 3845 Patribus
2501 3801 2835 3859 cereosgper
2861 3784 3004 3844 diem
3031 3787 3084 3844 in
3115 3789 3428 3846 coemeterio
3452 3804 3559 3846 non
3590 3789 3675 3847 in-

1994 3917 2003 3925 ,
2070 3859 2225 3917 cendi
2247 3900 2261 3925 ,
2289 3875 2411 3916 can.
2451 3875 2657 3915 xxxm:
2694 3857 3023 3928 Inquietaudi
3059 3861 3194 3915 enim
3232 3860 3441 3928 spiritus
3466 3872 3676 3917 sancto-

2069 3949 2181 3985 rum
2227 3948 2327 3987 non
2375 3939 2513 3985 sunt.
2564 3928 2949 4001 lnquietantur
2977 3938 3156 3985 autem
3203 3930 3307 3986 ritu
3357 3931 3580 3999 profano
3620 3941 3677 3988 et

2067 4001 2439 4075 gentili.;Nam
2466 4016 2561 4075 per
2586 3999 2798 4075 noctem
2827 3999 3042 4075 quidem
3072 4001 3206 4055 nulli
3236 4041 3251 4066 ,
3275 4002 3485 4075 opinor,
3514 4017 3675 4075 grave

2069 4070 2159 4130 aut
2186 4070 2483 4129 molestum'
2504 4072 2664 4129 fuerit
2685 4115 2700 4139 ,
2731 4070 2861 4129 cum
2885 4072 2954 4126 sit
2978 4070 3137 4141 plane
3162 4111 3178 4136 ,
3207 4079 3259 4125 et
3289 4070 3674 4141 luminis_'sola-

2072 4147 2145 4200 tio
2165 4187 2179 4208 ,
2208 4154 2261 4201 et
2282 4144 2552 4215 pudicitiae
2581 4142 2889 4215 testimonio
2913 4140 3404 4215 necessarium.De
3430 4144 3599 4215 cereis
3621 4152 3676 4200 et

2069 4210 2304 4272 lucernis
2345 4231 2440 4281 per
2481 4215 2625 4269 diem
2669 4212 2914 4268 accensis
2948 4210 3217 4281 nonnulla
3270 4211 3676 4272 observabimus
3702 4262 3714 4271 .

2068 4284 2164 4341 lib.
2215 4285 2257 4338 Il
2301 4279 2365 4338 ad
2409 4283 2680 4348 Uxorem,
2719 4281 2786 4335 ad
2832 4280 2994 4352 illud,
3032 4279 3095 4335 Et
3134 4282 3369 4352 procedet
3414 4283 3478 4338 de
3518 4286 3679 4351 ianua

2070 4356 2302 4408 laureata
2324 4363 2371 4407 et
2399 4353 2694 4420 lucernula,
2726 4361 2783 4406 ut
2808 4351 2872 4407 de
2900 4368 3029 4407 novo
3074 4354 3374 4409 consistorio
3412 4354 3680 4414 libidinum

2070 4424 2411 4496 “publicarum.
2445 4422 2564 4479 Rw.

371 4497 491 4622 ipso
519 4495 775 4563 cultuque
806 4507 910 4547 non
953 4492 1221 4561 denegeut
1263 4491 1406 4560 quod
1442 4494 1762 4564 promittunt
1787 4495 1963 4565 impn-
1989 4491 2080 4572 θ’
2144 4493 2225 4566 (d)
2265 4493 2608 4565 Prtesumptio
2650 4495 3064 4568 impedimentum
3113 4496 3327 4552 timoris.
3376 4497 3679 4569 Argumen-

411 4568 531 4622 icae.
562 4564 699 4620 Tum
721 4563 916 4622 ingerit
945 4579 960 4615 :
991 4562 1128 4622 Quid
1153 4563 1394 4618 mirum?
1422 4579 1671 4622 perversa
1696 4575 1821 4621 sunt
1845 4581 1967 4622 om-
2081 4575 2192 4622 tum
2236 4565 2371 4622 hoc.
2401 4582 2559 4622 uuam
2592 4566 2928 4622 necessarius
2951 4568 3020 4622 sit
3051 4568 3207 4622 timor
3236 4568 3328 4622 Dei
3355 4569 3422 4622 ad
3449 4569 3677 4622 salutem

431 4581 531 4622 cae.
562 4562 699 4620 Tum
721 4563 916 4633 ingerit
945 4579 960 4615 :
991 4562 1128 4634 Quid
1153 4563 1394 4618 mirum?
1422 4562 1671 4634 perversa
1696 4575 1821 4621 sunt
1845 4562 1967 4622 om-

375 4638 464 4693 nia
491 4652 610 4693 uuae
638 4635 731 4690 Dei
761 4648 870 4690 non
899 4642 1043 4689 sunt.
1088 4633 1208 4691 Rm.

450 4706 534 4783 (b)
577 4706 705 4783 Qum
728 4722 830 4761 non
853 4715 970 4761 sunt
995 4706 1125 4783 petit
1149 4706 1340 4764 idcirco
1367 4708 1738 4783 seexpingere.
1785 4710 1980 4783 Arguit

380 4778 472 4836 hic
494 4778 886 4835 medicamenta
917 4786 971 4833 et
992 4778 1170 4832 fucum
1194 4792 1354 4848 quem
1376 4778 1704 4835 adhibebant
1723 4778 1981 4838 mulieres

380 4860 440 4921 ut
488 4852 715 4907 nitorem
764 4849 865 4921 sibi
901 4848 1286 4921 conciliarent,
1316 4859 1476 4921 atque
1506 4850 1560 4905 in
1590 4864 1656 4906 eo
1684 4894 1698 4919 ,
1734 4861 1789 4907 ut
1820 4852 1997 4909 liabet‘

379 4920 633 4993 Clemens
661 4918 868 4993 Alex.,)
900 4918 1112 4993 Paedag.
1145 4920 1232 4993 Ill,
1256 4918 1475 4993 cap.’2,
1512 4936 1693 4977 rerum
1742 4924 1982 4980 omnium

381 4992 631 5066 opificem
661 4991 1083 5066 reprehendere
1103 4991 1385 5066 _videntur,
1413 4993 1502 5063 qui
1549 5008 1656 5048 non
1700 4995 1831 5052 satis
1861 4995 1982 5066 pul-

381 5008 417 5047 o
456 5008 631 5048 lucem
675 5008 1074 5062 reprenenuere
1117 5008 1300 5048 vruent

381 5008 704 5132 egritudinis
734 5062 958 5132 largitus
983 5063 1072 5118 sit.
1099 5062 1178 5118 Le
1208 5063 1304 5119 Pa.

461 5130 617 5191 CAP.
648 5130 900 5260 II.—§c)
936 5133 1080 5189 Certe
1103 5134 1181 5189 uel
1208 5135 1393 5203 spiritu
1430 5136 1731 5192 scandalum
1769 5153 1983 5260 lgerma-

461 5205 800 5260 rtlitaRittJ.
859 5206 1071 5260 niritum
1090 5207 1751 5260 concutiunt.inuuietant.
1818 5209 1980 5260 tenim

384 5206 610 5280 uent(ita
627 5205 805 5280 Ριῇε.)ἶ
816 5205 1418 5280 Spiritumconcutiunt,
1434 5207 1751 5280 inquietant.
1769 5205 1981 5280 Etenim

372 5276 637 5351 spiritum
669 5277 763 5332 Dei
791 5276 992 5351 habent
1019 5276 1202 5351 fideles
1231 5294 1323 5351 seu
1347 5276 1535 5334 sancti.
1565 5281 1752 5351 Itaque
1782 5281 1825 5335 si
1852 5279 1979 5351 quid

388 5349 677 5422 admittant
698 5363 727 5401 a
754 5348 918 5422 malo,
950 5348 1196 5417 spiritum
1229 5350 1323 5406 Dei
1346 5348 1681 5422 permovent,
1707 5348 1979 5422 spiritum,

390 5436 550 5492 quem
570 5435 608 5492 a
622 5419 851 5475 Domino
879 5434 1177 5492 sumpsere,
1196 5421 1471 5477 saecularis
1487 5423 1563 5477 rei
1590 5419 1758 5492 gratia
1788 5419 1987 5478 concu-

393 5489 553 5549 t'iunt.
582 5491 712 5546 Lata
740 5500 892 5558 atque
919 5489 1111 5563 diffusa
1142 5502 1214 5546 est
1237 5493 1464 5563 operatio
1502 5489 1646 5562 mali,
1684 5494 1990 5563 multiplicia

393 5565 604 5636 spiritus
627 5563 956 5636 incitamenta
966 5561 1280 5636 jaculantis;
1301 5561 1378 5636 sic
1400 5563 1513 5636 ipse
1527 5561 1893 5620 Tertullianus
1911 5566 1990 5620 to-

395 5633 598 5707 quitur.
626 5633 718 5707 lib.
736 5633 805 5707 de
824 5633 1107 5707 Patientia,
1137 5643 1192 5690 et
1211 5635 1302 5690 lib.
1322 5634 1391 5690 de
1410 5634 1740 5707 Spectaculis
1770 5652 1787 5692 :
1824 5636 1987 5703 Deus,

396 5704 591 5776 inquit,
624 5704 872 5774 Spiritum
900 5706 1168 5771 Sanctum,
1190 5714 1362 5772 utpote
1386 5704 1479 5777 pro
1500 5716 1698 5761 natura:
1723 5722 1830 5762 sua:
1858 5707 1991 5762 bona

400 5787 625 5831 tenerum
648 5786 692 5829 et
708 5777 999 5841 delicatum,
1023 5777 1408 5849 tranquillitate,
1427 5786 1475 5831 et
1491 5778 1714 5845 leuitate,
1734 5788 1780 5833 et
1799 5778 1989 5849 quiete,

400 5856 449 5903 et
470 5863 593 5918 pace
606 5856 822 5905 tractare
841 5848 1095 5919 praecepit.
1120 5847 1326 5909 Idcirco
1352 5847 1547 5920 placuit
1569 5847 1822 5909 Eliberini
1845 5847 1989 5909 Con-

2081 4565 2210 4623 tum
2236 4565 2371 4635 hoc,
2401 4582 2559 4638 quam
2592 4566 2928 4638 necessarius
2951 4568 3020 4622 sit
3051 4565 3328 4638 timorDei
3355 4569 3422 4624 ad
3449 4565 3678 4626 salutem

2082 4636 2551 4708 consequendam,
2582 4646 2775 4694 tractat
2815 4637 3048 4707 Prosper
3090 4636 3341 4708 Aquitan.
3383 4639 3478 4695 lib.
3520 4640 3586 4696 Ill
3613 4641 3684 4698 de

2083 4709 2205 4766 Vita
2233 4709 2526 4777 eontempl.
2556 4724 2677 4781 cap.
2709 4709 2769 4765 ll
2800 4725 2815 4777 ;
2841 4709 2930 4765 ubi
2956 4709 3114 4764 etiam
3142 4709 3377 4781 loquitur
3403 4711 3469 4766 de
3490 4711 3684 4767 timore

2084 4796 2206 4837 cum
2234 4781 2572 4852 oppositione
2603 4780 2682 4852 ad
2727 4780 3234 4851 prtesumptiouem,
3267 4791 3325 4836 ut
3353 4783 3441 4837 hic
3463 4781 3684 4847 Tertul-

2085 4853 2260 4908 lianus
2285 4850 2399 4918 {ait
2430 4851 2575 4908 enim
2601 4850 2849 4907 homines
2876 4850 3141 4923 cesSarega
3172 4853 3362 4909 timore
3395 4853 3487 4909 Dei
3513 4895 3528 4923 ,
3562 4853 3684 4912 ille-

2087 4932 2205 4995 ctos
2232 4938 2330 4995 spe
2360 4933 2700 4995 praesumpta:
2725 4923 3076 4995 impunitatis.
3099 4921 3232 4979 Lac.

2160 4993 2449 5073 (c)‘:Q_uam
2479 4995 2524 5048 si
2544 4993 2715 5073 licus,
2747 4993 3042 5073 amplianda
3061 4995 3264 5073 legem,
3292 5011 3325 5049 a
3353 4995 3489 5073 facta
3522 4996 3689 5067 stupri

2087 5065 2190 5121 non
2218 5065 2503 5136 distinguat
2540 5067 2592 5119 in
2635 5082 2788 5138 paena
2801 5065 3026 5138 [nescio
3041 5065 3109 5120 (in
3127 5065 3342 5137 impune
3369 5065 3689 5138 habeat

2086 5138 2243 5192 alicui
2268 5135 2431 5209 fuerit
2455 5152 2611 5209 causa
2637 5135 3293 5209 perditionis.VAmplia'vit
3319 5138 3491 5209 legem
3527 5135 3690 5193 Chri-

2087 5217 2203 5265 stus
2229 5206 2352 5280 curm
2386 5207 2462 5263 ait
2481 5216 2512 5280 ξ
2532 5206 2758 5263 Audistis
2787 5208 2905 5277 quia
2943 5207 3135 5280 dictum
3160 5220 3234 5280 est
3265 5206 3487 5280 antiquis
3511 5224 3530 5264 :
3562 5209 3690 5265 Non

2087 5279 2433 5353 mmchaberis.
2468 5278 2578 5353 Ego
2616 5296 2733 5335 vero
2773 5276 2887 5333 dico
2933 5278 3114 5353 voltis:
3151 5276 3467 5352 Quicumque
3503 5281 3689 5352 aspicit

2088 5352 2345 5422 ritu/ierant
2375 5359 2430 5405 ut
2457 5348 2776 5422 concupiscat
2800 5392 2817 5420 ,
2847 5358 2952 5407 etc.
2982 5348 3102 5407 Rto.

2166 5421 2233 5496 (Γ)
2274 5420 2399 5496 lYon
2420 5420 2716 5496 amplianda
2737 5422 2925 5496 legent.
2965 5422 3055 5477 Sic
3077 5422 3172 5496 lib.
3215 5423 3285 5480 de
3318 5424 3466 5481 Orat.
3487 5423 3693 5485 Exinde

2093 5492 2267 5566 aperte
2290 5492 2571 5562 Dominus,
2603 5492 2859 5566 ampliatus
2883 5494 3073 5565 legem,
3101 5494 3231 5550 iram
3265 5496 3318 5550 in
3355 5500 3566 5566 fratrem
3591 5496 3693 5551 hac

2094 5565 2659 5638 inicidioAsuperponit.
2693 5562 3009 5638 Eodemque
3050 5578 3217 5622 sensu
3246 5562 3441 5624 libide
3471 5567 3686 5638 Monog.

2094 5637 2263 5693 dixit:
2296 5634 2424 5706 Quae
2448 5636 2516 5690 ad
2531 5635 2789 5708 justitiam
2809 5634 3076 5708 spectant,
3098 5653 3198 5693 non
3221 5648 3419 5694 tantum
3438 5634 3694 5696 reservata

2095 5702 2424 5779 permaneant
2451 5748 2466 5775 ,
2495 5702 2665 5763 verum
2693 5718 2738 5764 et
2763 5702 3029 5779 ampliata.
3056 5702 3176 5765 Βια.

2167 5779 2245 5850 (gl
2287 5778 2451 5852 lfacta
2472 5789 2601 5852 esrtu
2620 5780 2819 5851 gladius
2845 5779 2940 5834 illi.
2970 5778 3302 5852 Cyprianus,
3334 5780 3427 5837 lib.
3455 5780 3524 5836 de
3554 5780 3690 5837 llab.

2095 5849 2273 5922 virg.:
2310 5849 2378 5909 Ut
2407 5851 2498 5909 etsi
2519 5849 2635 5924 ipsa
2677 5866 2778 5908 non
2806 5849 3030 5924 pereas,
3065 5851 3195 5912 alios
3243 5862 3413 5914 tamen
3469 5852 3695 5927 perdas,
