4184 6258
651 287 796 348 1319

2061 290 2105 348 Τ
2111 289 2527 350 ERTULLIANI

3825 297 3964 356 «15Ξο

652 405 836 470 Sancti
857 409 924 467 ad
967 418 1285 482 prrcsentem
1308 416 1515 466 tantum
1541 405 1822 468 materiam
1843 418 2031 468 etnon
2052 404 2118 467 ad
2140 425 2258 466 om-
2286 413 2340 474 Α
2367 409 2684 467 humilitatis
2712 424 2780 468 ex
2809 410 3131 482 praescriptis
3155 411 3269 468 Dei.
3298 409 3516 470 Deinde
3535 411 3583 469 si
3598 414 3963 489 omnisfgloria

656 520 780 561 nem
808 503 1049 560 utilitatis
1077 501 1416 559 occasionem
1449 500 1605 572 dirigi
1641 510 1696 558 et
1721 502 1920 573 suscipi
1949 501 2110 559 debet
2154 501 2258 574 (l).

653 601 788 656 Cum
835 599 993 669 igitur
1031 607 1086 654 et
1112 606 1294 653 nostra
1331 604 1386 653 et
1411 595 1638 652 aliorum
1687 610 1874 652 caussa
1914 605 2160 652 versetur
2205 597 2259 652 in

655 691 834 748 studio
863 688 1304 762 periculosissimi
1335 689 1568 756 decoris,
1593 689 1704 759 jam
1734 703 1842 744 non
1885 697 2090 744 tantum
2133 703 2259 744 con-

655 783 798 839 ﬁcta:
825 792 880 838 et
909 781 1198 838 elaborata:
1244 780 1656 853 pulchritudinis
1703 778 1782 850 (2)
1824 791 2133 852 suggestum
2182 779 2260 853 (a)

655 877 1014 934 recusandum
1042 890 1072 930 a
1097 874 1252 931 vobis
1281 875 1484 942 sciatis,
1527 873 1621 930 scd
1661 873 1822 929 etiam
1859 873 2114 930 naturalis
2139 889 2261 943 spe-

656 972 918 1028 ciositatis
945 967 1340 1027 ohliterandum
1371 967 1806 1025 dissimulatione
1841 976 1896 1024 et
1941 967 2168 1034 incuria,
2203 973 2265 1022 ut

656 1064 882 1137 proinde
909 1065 1186 1120 oculorum
1214 1061 1515 1118 incursibus
1545 1060 1851 1117 molestum.
1881 1059 2013 1116 Nam
2035 1061 2138 1118 etsi
2167 1075 2263 1116 ac-

656 1157 926 1214 cnsandus
951 1157 1117 1213 decor
1141 1172 1246 1212 non
1273 1164 1378 1218 est,
1409 1164 1464 1210 ut
1495 1155 1720 1211 felicitas
1739 1155 2002 1226 corporis,
2037 1163 2093 1210 ut
2118 1155 2260 1211 divi-

658 1267 740 1307 nae
765 1251 1001 1322 plasticte
1021 1250 1262 1306 accessio
1291 1247 1455 1319 (b),ut
1483 1247 1684 1305 animae
1703 1248 1878 1320 aliqua
1911 1249 2073 1304 vestis
2105 1248 2265 1305 urba-

658 1360 724 1400 na
754 1343 833 1416 (5)
861 1361 876 1410 ;
922 1343 1214 1399 timendum
1246 1351 1422 1398 tamen
1461 1351 1543 1398 est
1571 1341 1654 1398 vel
1683 1352 1900 1414 pr0pter
1923 1342 2174 1413 iniuriam
2209 1352 2266 1399 et

658 1436 970 1492 violentiam
1015 1444 1398 1506 spectatorum,
1439 1449 1557 1504 qua:
1604 1434 1682 1507 (4)
1738 1435 1900 1491 etiam
1957 1444 2108 1505 pater
2141 1416 2263 1490 fidei

658 1525 934 1584 Abraham
961 1525 1014 1580 in
1045 1525 1226 1580 uxoris
1246 1539 1358 1579 sua:
1380 1525 1559 1593 specie
1586 1525 1886 1594 pertimuit,
1917 1533 1970 1580 et
2002 1522 2075 1596 (c)
2106 1537 2263 1580 soro-

655 1630 774 1675 rem
818 1617 1074 1674 mentitus
1110 1615 1300 1673 Saram
1352 1613 1434 1687 (5)
1490 1615 1596 1688 (ά).
1668 1615 1900 1674 salutem
1939 1615 2262 1673 contumelia

655 1709 904 1768 redemit.
1615 1741 1623 1749 -

1277 1800 1506 1860 CAPUT
1546 1801 1633 1859 III.

729 1895 884 1952 Nunc
922 1911 1029 1952 non
1061 1897 1128 1953 sit
1155 1896 1393 1953 timenda
1414 1895 1645 1967 dignitas
1672 1895 1883 1963 formae,
1912 1906 1969 1952 ut
1995 1911 2093 1954 nec
2131 1911 2257 1968 pos-

657 1986 960 2044 sidentibus
978 1989 1178 2059 gravis,
1211 2003 1312 2044 nec
1335 1987 1709 2058 appetentibus
1725 1987 1976 2056 exitiosa,
1999 2003 2100 2044 nec
2127 2004 2258 2045 con-

655 2080 858 2152 junctis
901 2080 1242 2150 periculosa;
1274 2095 1382 2137 non
1421 2079 1664 2152 exposita
1709 2080 2114 2148 tentationibns,
2148 2095 2256 2137 non

658 2171 988 2230 circumdata
1029 2172 1303 2230 scandalis
1330 2173 1666 2229 existimetur
1698 2190 1712 2228 :
1744 2171 1962 2238 sufﬁcit,
1991 2173 2132 2242 quod
2159 2188 2254 2228 an—

663 2266 797 2337 gelis
825 2265 917 2323 Dei
952 2265 1021 2337 (e)
1047 2280 1152 2321 non
1179 2275 1263 2322 est
1282 2264 1757 2322 necessaria.Nam
1781 2265 1870 2321 ubi
1899 2265 2262 2337 pudicitia,ibi

656 2377 825 2418 vacua
857 2361 1216 2432 pulchritudo,
1245 2360 1371 2431 quia
1403 2360 1620 2432 proprie
1647 2375 1776 2416 usus
1801 2370 1855 2416 et
1887 2360 2091 2417 fructus
2133 2362 2252 2433 pul-

657 2452 975 2510 chritudinis
1000 2453 1230 2519 luxuria,
1269 2450 1371 2506 nisi
1405 2450 1452 2506 si
1481 2451 1602 2520 quis
1626 2450 1788 2506 aliam
1811 2466 2044 2508 messem
2071 2453 2265 2510 decori

658 2545 900 2616 corporis
926 2545 1237 2600 arbitratur.
1270 2541 1383 2598 Illa:
1407 2541 1510 2598 sibi
1542 2541 1934 2600 formositatem
1973 2553 2029 2600 et
2075 2543 2260 2600 datam

657 2636 952 2695 extendant
980 2645 1034 2692 et
1063 2651 1172 2693 non
1197 2635 1376 2691 datam
1401 2635 1741 2706 conquirant,
1771 2650 1892 2706 quae
1911 2635 2054 2706 quod
2075 2637 2144 2692 ab
2170 2637 2261 2694 illa

659 2727 951 2802 ﬁagitatur,
980 2727 1083 2785 sibi
1119 2741 1332 2799 quoque
1366 2736 1627 2797 praestare
1655 2741 1714 2783 se
1735 2736 1942 2798 putant,
1965 2742 2086 2783 cum
2114 2728 2266 2785 alteri

659 2819 1032 2894 prmstant(f).
1064 2819 1216 2875 Dicet
1243 2817 1437 2890 aliquis
1466 2817 1636 2886 :Quid
1662 2833 1790 2889 ergo
1812 2833 1940 2886 non,
1969 2829 2024 2876 et
2049 2821 2266 2877 exclusa

660 2914 894 2980 luxuria,
919 2922 975 2970 et
998 2911 1232 2968 admissa
1255 2911 1522 2977 castitate,
1545 2909 1701 2966 laude
1721 2910 1908 2968 formae
1933 2911 2050 2969 sola
2082 2913 2183 2969 frui
2213 2923 2269 2970 et

661 3003 730 3062 de
759 3005 902 3062 bono
935 3003 1180 3076 corporis
1204 3002 1423 3075 gloriari
1450 3002 1576 3058 licet
1595 3000 1713 3075 (6)?
1736 3001 1962 3070 Viderit,
1995 3019 2152 3074 quem
2179 3005 2268 3076 ju-

657 3107 751 3156 vat
785 3098 855 3155 de
893 3112 1058 3154 carne
1097 3095 1337 3167 gloriari.
1383 3093 1550 3151 Nobis
1598 3102 1775 3151 autem
1823 3095 1998 3166 primo
2045 3096 2264 3167 quidem

2287 1805 2336 1868 B

2364 517 2500 558 vana
2527 511 2584 558 et
2625 512 2902 572 stuporata
2929 503 3033 577 (g),
3071 515 3271 574 quanto
3313 504 3491 575 magis
3533 521 3654 578 qua:
3694 509 3749 563 in
3803 524 3961 567 carne

2365 594 2522 652 nobis
2547 595 2806 652 duntaxat
2831 598 2845 651 Ξ
2872 595 3005 652 Nam
3034 596 3136 652 etsi
3161 595 3503 666 gloriandum
3525 608 3630 668 εει,
3662 599 3716 656 in
3741 599 3962 670 spiritus

2364 689 2542 754 bonis,
2569 705 2676 745 non
2715 691 2766 745 in
2793 704 2956 745 carne
2985 688 3204 760 placere
3226 687 3368 745 velle
3394 687 3675 759 debemus,
3702 691 3827 763 quia
3853 693 3961 763 spi-

2365 780 2642 837 ritualium
2685 789 2982 838 sectatores
3046 794 3272 844 sumus;
3321 780 3377 836 in
3413 781 3606 852 quibus
3625 796 3960 860 toperamur,

2364 874 2471 930 illis
2496 885 2550 930 et
2575 875 2938 946 gaudeamus;
2965 872 3033 930 de
3061 871 3146 928 his
3166 873 3394 944 gloriam
3414 889 3716 946 carpamus,
3741 875 3816 934 de
3837 878 3960 948 qui-

2365 966 2465 1024 bus
2495 967 2722 1024 salutent
2749 981 3050 1038 speramus.
3093 965 3260 1022 Plane
3282 966 3588 1038 gloriabitur
3613 969 3964 1028 Christianus

2365 1062 2527 1118 etiam
2575 1062 2630 1116 in
2655 1075 2840 1124 carne.
2871 1058 2969 1116 sed
3005 1073 3128 1114 cum
3157 1068 3382 1130 propter
3411 1057 3672 1116 Christum
3717 1060 3963 1118 lacerata

2367 1151 2663 1220 duraverit,
2708 1159 2766 1207 ut
2793 1159 2849 1207 et
2877 1147 3096 1221 spiritus
3127 1149 3180 1204 iu
3203 1164 3267 1205 ea
3291 1160 3601 1216 coronetur,
3628 1166 3729 1208 non
3747 1162 3804 1210 ιιι
3825 1167 3962 1209 ocu-

2366 1242 2448 1300 los
2474 1254 2528 1300 et
2547 1243 2778 1314 suspiria
2807 1241 3232 1298 adolescentium
3257 1249 3376 1312 post
3401 1257 3462 1298 se
3483 1241 3677 1298 trahat.
3702 1242 3774 1298 Ita
3810 1245 3962 1315 quod

2365 1350 2432 1392 ex
2464 1335 2612 1390 omni
2643 1344 2793 1406 parte
2846 1335 2900 1390 in
2934 1333 3089 1390 vobis
3115 1345 3288 1400 vacat,
3314 1334 3511 1390 merito
3535 1344 3592 1392 et
3621 1349 3727 1392 non
3751 1336 3962 1393 haben-

2369 1436 2450 1483 tes
2487 1426 2772 1483 fastidiatis
2810 1434 2864 1483 et
2893 1424 3155 1483 habentes
3184 1425 3489 1497 negligatis.
3518 1428 3718 1484 Sancta
3747 1428 3959 1487 femina

2365 1515 2437 1573 sit
2456 1516 2773 1573 naturaliter
2797 1516 3064 1588 speciosa,
3095 1530 3204 1572 non
3227 1516 3364 1574 adeo
3386 1518 3458 1572 sit
3479 1519 3792 1586 occasioni;
3819 1531 3960 1577 certe

2364 1608 2412 1665 si
2468 1608 2664 1676 fuerit,
2715 1623 2824 1667 nou
2883 1609 3134 1680 ignorare
3160 1649 3178 1678 ,
3232 1609 3328 1667 sed
3373 1608 3535 1668 etiam
3591 1610 3854 1683 impedire
3904 1628 3962 1671 se

2366 1701 2527 1760 debet
2550 1701 2657 1774 (7).

2979 1792 3208 1853 CAPUT
3246 1793 3338 1851 IV.

2437 1889 2599 1958 Quasi
2627 1886 2919 1960 gentilibus
2939 1885 3136 1954 dicam,
3156 1887 3339 1959 gentili
3355 1896 3410 1944 et
3431 1890 3705 1945 communi
3731 1889 3960 1947 omnium

2364 1989 2632 2052 praecepto
2659 1981 2940 2052 alloquens
2965 1993 3083 2046 vos,
3111 1980 3244 2036 solis
3287 1981 3494 2036 maritis
3529 1983 3729 2038 vestris
3756 1983 3960 2053 placere

2364 2075 2576 2132 debetis
2599 2076 2701 2147 (It).
2723 2074 2780 2130 In
2800 2083 3003 2131 tantum
3023 2083 3199 2131 autem
3226 2073 3504 2145 placebitis
3521 2074 3623 2140 eis,
3641 2075 3694 2132 in
3713 2085 3958 2148 quantum

2365 2169 2553 2226 alteris
2589 2169 2923 2241 placerenon
2945 2167 3284 2224 curaveritis.
3317 2168 3536 2224 Secura:
3559 2179 3772 2236 estote,
3803 2171 3959 2227 bene-

2366 2263 2558 2331 dictae;
2591 2279 2727 2319 uxor
2747 2263 2888 2319 nulla
2920 2262 3179 2318 deformis
3203 2271 3285 2318 est
3311 2263 3504 2318 marito
3534 2278 3633 2319 suo
3657 2281 3672 2328 ;
3701 2265 3831 2320 satis
3849 2263 3955 2335 pla-

2367 2357 2498 2424 cuit,
2521 2371 2642 2412 cutn
2665 2355 2832 2412 electa
2853 2365 2957 2424 est,
2973 2371 3068 2411 seu
3096 2355 3360 2423 moribus,
3375 2369 3472 2411 seu
3500 2354 3673 2410 forma
3697 2371 3960 2413 commen-

2365 2448 2512 2505 data.
2543 2449 2622 2506 Ne
2644 2463 2748 2520 qua
2781 2458 3017 2505 vestrum
3061 2456 3229 2516 putet,
3267 2448 3311 2504 si
3342 2450 3725 2520 temperaverit
3750 2466 3781 2506 a
3816 2465 3958 2507 com-

2365 2543 2635 2614 positione
2650 2542 2762 2606 sui,
2796 2556 2856 2596 se
2874 2539 2957 2613 (8)
2993 2541 3174 2596 odium
3201 2553 3257 2597 et
3280 2543 3613 2598 aversionem
3644 2544 3957 2599 maritorum

2371 2643 2798 2709 prosecuturam.
2829 2631 3017 2688 Omnis
3049 2633 3277 2688 maritus
3318 2633 3568 2688 castitatis
3593 2642 3821 2688 exactor
3844 2642 3958 2697 est;

2371 2728 2600 2784 formam
2629 2741 2757 2782 vero
2784 2722 2956 2780 ﬁdelis
2994 2739 3102 2782 non
3133 2724 3457 2796 expostulat,
3487 2724 3606 2795 quia
3634 2740 3744 2780 non
3770 2726 3959 2781 iisdem

2371 2821 2550 2887 bonis,
2581 2834 2700 2890 qua:
2740 2818 2968 2890 gentiles
3009 2825 3216 2888 putant,
3251 2817 3526 2887 capimur;
3566 2816 3796 2872 inﬁdelis
3825 2833 3958 2872 con-

2373 2923 2454 2970 tra
2475 2913 2639 2969 etiam
2659 2921 2964 2982 suspectam
2989 2910 3173 2976 habet,
3200 2910 3283 2964 vel
3307 2918 3528 2980 propter
3557 2909 3700 2964 illam
3725 2909 3957 2966 scelera-

2374 3017 2481 3064 tam
2510 3007 2562 3062 in
2607 3020 2707 3063 nos
2743 3005 3054 3075 opinionem
3085 3004 3166 3074 (9)
3200 3002 3501 3074 gentilium.
3543 3001 3644 3058 Cui
3689 3017 3815 3074 ergo
3844 3002 3958 3073 pul-

2373 3100 2738 3158 chritudinem
2783 3108 2926 3154 tuam
2975 3097 3186 3153 nutris?
3228 3096 3283 3154 Si
3319 3096 3514 3164 ﬁdelis,
3550 3113 3658 3153 non
3697 3097 3891 3170 exigit;
3916 3098 3956 3153 si

659 3191 866 3250 nullum
895 3190 1083 3263 gloriae
1103 3165 1370 3256 studium,
1397 3190 1521 3259 quia
1545 3187 1713 3260 gloria
1741 3165 2084 3245 exaltationis
2115 3190 2267 3261 inge-
2292 3165 2338 3228 Ο
2373 3193 2606 3266 gentilis,
2642 3207 2748 3248 non
2774 3191 2946 3247 credit
2967 3189 3109 3262 (10).
3140 3189 3278 3258 Quid
3301 3191 3468 3263 gestis
3493 3201 3583 3248 aut
3604 3165 3853 3263 suspecto
3873 3200 3959 3246 aut

661 3285 814 3343 nium
837 3290 941 3340 est.
971 3281 1142 3340 Porro
1167 3280 1425 3340 exaltatio
1446 3296 1554 3339 non
1577 3282 1829 3354 congruit
1860 3280 2262 3352 professoribus

2371 3303 2479 3344 non
2505 3284 2830 3342 desideranti
2858 3283 3111 3357 placere?

1921 3399 2306 3480 LECTlQNES
2347 3401 2760 3462 vitaturus.

830 3577 1229 3653 Serua-libidinis,
1256 3589 1342 3653 ξτ.
1589 3577 1874 3653 fppidinis:

747 3641 1115 3728 gelen.
1155 3641 1305 3695 et'ed.
1347 3652 1536 3728 Fraus;
1584 3641 1695 3708 Rig’.
1746 3644 1898 3692 vestis
1923 3641 2084 3707 bona;
2112 3641 2262 3694 Semt.

661 3712 874 3758 vestitus
904 3709 1050 3756 bona.
1507 3720 1513 3728 κ

751 3769 800 3832 ι)
827 3769 934 3832 Rig.
963 3767 1081 3818 viol.
1104 3768 1450 3825 sectationem,
1469 3778 1616 3828 quam
1640 3773 1738 3816 etc.

751 3832 804 3893 ὅ)
840 3830 960 3880 Cod.
995 3827 1149 3893 Agob.
1178 3837 1229 3877 et
1257 3828 1388 3877 Isaac
1409 3839 1634 3876 sororem
1665 3840 1738 3876 em

747 3893 800 3956 6)
836 3888 944 3958 Εἰς.
968 3892 1215 3951 castitate,
1234 3888 1408 3942 laudes
1429 3889 1649 3952 corporis
1669 3888 1738 3953 glt

724 3521 802 3709 μζ
827 3517 1166 3653 ἓῗληίηιῦἰῗιξὲἒξς

747 3647 798 3706 5)
825 3648 908 3697 Su:
951 3645 1115 3696 Geten.
1155 3659 1166 3694 ι

789 3827 804 3893 )
840 3827 960 3893 Cod.
995 3827 1149 3893 Agob.
1178 3828 1388 3893 et‘lsaac
1409 3827 1634 3893 sororem
1665 3828 1936 3893 ementitus
1975 3829 2266 3893 Rebeccam.

747 3888 800 3956 6)
836 3888 944 3958 Εἰς.
968 3888 1215 3951 castitate,
1234 3888 1408 3942 laudes
1429 3889 1649 3952 corporis
1669 3888 1874 3953 gloriam
1899 3889 2052 3942 licet?

2367 3515 2512 3589 1L(7)
2539 3514 2646 3589 Rig.
2672 3515 2889 3589 Sanctae.
2909 3514 3136 3589 firmi-nm,
3161 3515 3201 3565 si
3235 3519 3394 3589 natur.
3421 3515 3801 3589 specio_se,_non
3821 3517 3961 3588 ⁵ιιιιξιι

2369 3577 2661 3653 sitoc'casio,
2685 3586 2826 3629 certe
2851 3580 2893 3629 si
2926 3577 3096 3637 fuerit,
3117 3591 3213 3628 non
3237 3577 3491 3640 adjuvare,
3515 3579 3605 3628 sed
3645 3579 3793 3629 etiam
3819 3581 3961 3642 impe-

2369 3642 2837 3768 d'li‘i)diiiii§cutmn
2857 3715 2914 3768 se
2932 3700 3012 3752 hic
3034 3698 3341 3768 malum:
3364 3699 3649 3768 pulrpirnus.
3672 3702 3810 3766 Leop.

2430 3764 2508 3889 (θ)
2534 3766 2643 3838 Βία.
2669 3765 2748 3838 vel
2769 3778 2836 3837 ex
2862 3764 2948 3837 illa.
2966 3764 3209 3849 scelerata
3228 3765 3276 3812 in
3299 3776 3389 3812 nos
3410 3765 3662 3834 opinione.

2465 3830 2543 3889 10)
2568 3831 2679 3889 Rtg.
2705 3841 2746 3878 ει
2766 3825 2980 3889 inﬁdeli,
3004 3825 3276 3889 simplicem
3299 3838 3398 3876 non
3418 3825 3598 3878 credit.

2465 3825 2543 3894 lO)
2568 3825 2679 3893 Rig.
2705 3828 2746 3878 si
2766 3825 2980 3889 inﬁdeli,
3004 3825 3276 3890 simplicem
3299 3838 3398 3876 non
3418 3825 3598 3878 credit.

2021 3993 2583 4058 COMMENTARIUS.

662 4119 798 4175 velut
835 4116 1062 4189 gladium
1097 4124 1145 4171 te
1176 4123 1224 4170 et
1261 4128 1509 4170 venenum
1549 4113 1662 4184 ejus
1691 4111 1976 4189 videntibus
2013 4113 2262 4184 praebeas.

739 4259 816 4333 (a)
847 4257 1150 4340 Elaborutte
1183 4256 1577 4340 pulchritudinis
1603 4183 2062 4340 suggestmltifltﬁon
2089 4257 2264 4313 solum

663 4329 732 4414 de
749 4327 913 4388 'coma
947 4331 1104 4388 verba
1137 4327 1254 4385 huic
1279 4328 1586 4400 accipienda
1610 4369 1625 4395 ,
1656 4327 1753 4384 sed
1780 4327 1860 4414 de.
1877 4329 2043 4410 totius
2067 4343 2264 4414 corpo-

663 4404 739 4530 [is
768 4412 960 4528 (ἰςιιηιιι
980 4444 994 4471 ,
1019 4417 1117 4473 per
1143 4411 1435 4472 suggestum
1475 4414 1608 4456 vero
1643 4408 1957 4470 apparatum
2007 4401 2264 4472 intellige.

710 4491 742 4529 ε
827 4492 879 4530 ιι.

2367 4117 2511 4191 quod
2545 4118 2611 4191 ab
2637 4134 2698 4191 ea
2723 4116 3112 4191 pulchritudine
3139 4118 3427 4191 ﬁagitatur,
3461 4133 3661 4190 nempe
3676 4119 3955 4176 vehemen-

2370 4189 2525 4263 tioris
2553 4189 2792 4263 libidinis
2821 4190 3126 4246 incendium
3147 4232 3163 4258 ,
3193 4189 3255 4244 ac
3283 4206 3383 4261 per
3414 4191 3516 4248 hoc
3559 4189 3754 4263 animae
3781 4192 3951 4263 pernis

2369 4261 2543 4326 ciem,
2575 4262 2677 4316 sibi
2703 4277 2929 4333 quoque
2973 4273 3230 4332 praestare
3268 4277 3326 4333 se
3370 4271 3597 4332 putant,
3633 4262 3752 4332 quia
3786 4261 3950 4333 alteri

2370 4333 2670 4402 prmstant?
2695 4331 2909 4388 sane‘si
2935 4331 3062 4387 vere
3097 4341 3222 4387 sunt
3249 4331 3593 4401 chriStianm,
3629 4331 3767 4387 haud
3806 4331 3953 4386 aliter

2369 4417 2551 4458 secum
2571 4402 3128 4473 puutbunt.th.—-Ut
3148 4404 3277 4458 tuihi
3293 4419 3418 4460 vero
3437 4404 3664 4470 videtur,
3683 4405 3859 4460 locum
3877 4404 3954 4457 hic

2287 4501 2342 4562 D
2370 4488 2477 4562 {'29
2497 4473 3047 4562 ,hebetrintwsrio
3066 4516 3086 4562 ί»
3110 4475 3204 4562 sed
3237 4489 3302 4562 ea
3325 4490 3444 4562 φινκε
3468 4490 3518 4562 ει,
3534 4474 3950 4562 ωιείιεξιῑὶιξεῑέρὲ·

744 4545 827 4618 (ιι)
872 4544 939 4600 Ut
968 4545 1155 4618 divina:
1195 4542 1424 4618 plasticte
1453 4539 2038 4618 _accessig..Cyprianus
2061 4551 2265 4618 martyr
2287 4539 2341 4562 ν
2366 4544 2506 4618 citur
2535 4546 2816 4600 Concessio
2840 4562 2852 4601 :
2888 4539 3033 4600 solas
3050 4539 3258 4618 nempe
3285 4539 3443 4616 posse
3491 4546 3838 4618 formositatis
3868 4544 3951 4599 ha-

662 4617 732 4672 de
752 4611 940 4673 habitu
968 4617 1232 4686 virginum
1260 4630 1274 4667 :
1301 4612 1463 4686 Quod
1477 4629 1623 4686 opus
1645 4611 1736 4666 Dei
1763 4611 1808 4686 et
1837 4612 2040 4680 factura
2065 4613 2177 4684 ejus
2203 4611 2263 4667 ἐι

665 4682 1178 4760 plasticqadultérari
1199 4685 1340 4740 mtllo
1356 4682 1530 4760 modo
1542 4682 1946 4760 debeat._But-:N.

735 4758 811 4831 (ρ)
853 4757 926 4831 Et
949 4773 1173 4831 sororem
1211 4757 1448 4810 mentitus
1477 4753 1686 4831 Surum.
1724 4753 1809 4831 In
1854 4755 2148 4831 exemplari
2180 4755 2260 4813 le-

659 4824 805 4902 gitur
832 4848 844 4885 :
869 4828 946 4902 (Et
977 4828 1128 4884 Isaac
1163 4842 1388 4902 sororem
1417 4825 1683 4902 ementitus
1709 4824 2012 4902 Bebeccattt.
2048 4828 2166 4882 lito.

656 4895 689 4947 ἶ
735 4899 816 4972 (tl)
859 4901 922 4955 Et
949 4915 1173 4972 sororem
1203 4898 1440 4972 mentitus
1466 4895 1676 4972 Soram.
1709 4895 1991 4972 Multorum
2018 4899 2261 4972 exercuit

663 4967 875 5042 ingenia
915 4973 1065 5028 locus
1093 4971 1194 5042 (hic
1219 4984 1235 5036 ;
1263 4971 1353 5039 qui
1393 4968 1535 5024 enim
1586 4967 1848 5042 mendacii
1899 4969 2255 5042 patrocinium

661 5038 1046 5114 susceperunt,
1091 5041 1194 5096 hoc
1240 5038 1358 5114 loco
1403 5054 1530 5114 vere
1568 5038 1880 5114 abntun_tur,_
1909 5049 1964 5093 et
1983 5039 2060 5114 _in
2090 5055 2256 5114 suum

660 5109 878 5171 sensum
905 5115 1244 5171 detorquent.
1276 5110 1386 5166 Hac
1411 5110 1480 5166 de
1505 5125 1565 5166 re
1589 5110 1950 5166 c0nsulendus
1979 5109 2042 5165 Β.
2073 5111 2257 5171 Augu-

661 5189 837 5241 stinus
861 5187 950 5242 lib.
979 5185 1046 5241 de
1075 5179 1354 5240 Mcndacio
1379 5182 1448 5238 ad
1469 5181 1818 5238 Consentium
1844 5223 1859 5250 ,
1886 5190 1942 5236 et
1966 5180 2061 5236 lib.
2088 5179 2255 5250 XXII,

659 5260 783 5314 adv.
813 5257 1088 5313 Faustum.
1122 5254 1201 5311 Ls
1240 5254 1336 5310 Pu.

732 5330 885 5401 CAP,
906 5328 997 5386 III.
1017 5323 1171 5401 —(e)
1193 5325 1398 5401 Angelis
1425 5322 1536 5378 Dei.
1557 5321 1854 5401 Fidelibus,
1870 5323 2104 5401 Sanctis.
2131 5322 2254 5380 th.

731 5400 801 5472 (ί)
849 5399 962 5455 Illa:
991 5400 1086 5454 sibi
1100 5394 1513 5472 formositatem,
1565 5404 1614 5472 et
1653 5394 1826 5472 datum
1861 5394 2144 5472 extendant
2167 5437 2182 5462 ,
2210 5405 2257 5472 et

655 5464 758 5528 non
783 5464 963 5526 'datam
990 5464 1250 5542 requirant
1267 5511 1282 5534 ,
1306 5483 1421 5539 qua:
1437 5508 1453 5534 ,
1475 5465 1618 5542 quod
1637 5465 1698 5542 ait
1727 5464 1820 5542 illa
1843 5466 2255 5542 ﬂagitatur,_sibi

653 5560 852 5615 quoque
893 5537 1134 5615 prwsture
1169 5557 1220 5594 se
1242 5537 1454 5615 putant,
1480 5537 1618 5615 quod
1646 5538 1794 5595 alteri
1824 5537 2086 5615 proruunt.
2120 5538 2253 5604 Quae

651 5609 732 5670 sic
759 5609 1136 5681 interrogantis
1159 5609 1382 5668 accentu
1407 5609 1628 5681 legenda
1654 5618 1778 5681 sunt
1793 5650 1814 5681 ν.
1840 5619 1900 5681 ιιι
1920 5610 1965 5663 si
1992 5609 2205 5681 diceret
2232 5626 2247 5665 ε

650 5684 842 5740 Nonne
871 5677 1068 5756 pudeat
1095 5683 1415 5756 christianas
1433 5677 1712 5756 [nativum
1740 5680 1841 5736 sibi
1869 5677 2058 5756 formae
2081 5679 2252 5738 decus

651 5751 885 5826 augere,
910 5755 995 5814 vel
1021 5755 1070 5813 si
1093 5753 1263 5824 desit,
1292 5763 1407 5811 arte
1432 5752 1819 5823 mendacioque
1844 5751 2099 5824 supplere
2129 5766 2250 5823 quae

2366 4613 2496 4671 bere
2523 4631 2708 4671 curam
2729 4658 2744 4681 ,
2767 4632 2888 4687 qua:
2912 4617 3093 4671 carnis
3118 4613 3297 4687 Opera
3311 4632 3418 4672 non
3439 4616 3629 4687 minus
3655 4616 3777 4681 sibi,
3798 4629 3951 4686 quant

2365 4687 2523 4774 alteri
2554 4686 2809 4774 ιιι-ἐκδιαιιρ
2837 4688 3000 4774 velint
3018 4730 3033 4754 ,
3059 4688 3111 4743 id
3137 4686 3386 4774 concedit
3408 4686 3792 4774 Terwll‘i‘attus.
3823 4687 3948 4774 Eam

2406 4829 2416 4840 _
2440 4751 2526 4840 (β)
2554 4751 2628 4814 ἐἰ
2655 4759 2819 4839 omnis
2854 4751 3029 4829 gloria'
3056 4775 3185 4841 naua
3216 4768 3262 4811 et
3287 4768 3574 4841 stuporem.
3614 4758 3951 4838 Stuporatan

2364 4826 2495 4911 dicit
2522 4845 2616 4911 ςινο
2647 4829 2841 4885 stolida
2865 4839 2924 4911 et
2951 4829 3302 4911 ιιεὺεξιιηῼιιο
3325 4845 3488 4911 sensu
3515 4831 3655 4911 dixit
3677 4827 3949 4911 gstullns.

2363 4898 2632 4966 Talist’iste
2665 4917 2807 4955 meus
2827 4910 3006 4971 stupor
3031 4901 3104 4955 nil
3131 4900 3296 4967 videt,
3325 4900 3457 4971 nihil
3484 4902 3652 4954 audit.
3685 4898 3802 4970 Ipse
3828 4898 3956 4954 Ter-

2367 4971 2618 5026 tullianns
2643 5013 2657 5037 ,
2689 4973 2825 5028 libro
2851 4969 3130 5040 superiore
3151 5013 3168 5037 ,
3198 4971 3285 5026 ubi
3312 4969 3380 5026 de
3410 4972 3602 5040 lapillis
3633 4982 3688 5026 et
3714 4969 3953 5033 talentis.

2364 5041 2546 5096 Solum
2590 5043 2726 5098 hunc
2770 5043 3040 5099 mulierum
3089 5053 3348 5114 stuporem
3385 5043 3952 5168 wdiﬁcarenuovmt.

3707 5127 3779 5168 to.

3707 5127 3779 5168 ω’.

2433 5183 2586 5259 CAP.
2616 5184 2703 5240 IV.
2736 5183 2892 5259 -—(h)
2932 5183 3072 5240 Solis
3091 5185 3289 5239 maritis
3314 5185 3500 5259 vestris
3519 5185 3720 5259 placere
3747 5183 3956 5238 debetis.

2361 5253 2591 5310 Ironiatn
2621 5259 2708 5311 hic
2737 5253 2842 5310 non
2865 5253 3098 5326 agnoseo
3117 5271 3277 5326 quam
3302 5265 3452 5326 putat
3471 5253 3768 5312 Rhenanus
3791 5272 3818 5326 τί
3834 5269 3958 5326 sen-

2361 5341 2480 5381 sum
2530 5342 2652 5382 esse
2701 5325 2986 5393 existimo,
3014 5325 3403 5382 Tertullianutn
3451 5326 3741 5384 severioris
3791 5325 3954 5382 disci-

2363 5397 2524 5468 plina:
2549 5398 2774 5455 oblitum
2794 5399 3102 5468 permittere
3125 5397 3358 5456 immittis
3375 5406 3434 5454 ιιι
3454 5399 3756 5455 ornatiora
3767 5395 3959 5469 paulis-

2357 5483 2457 5540 per
2487 5470 2754 5536 incedant,
2776 5469 2938 5525 modo
2959 5486 3027 5526 ne
3056 5469 3109 5524 id
3129 5470 3234 5524 alio
3257 5472 3442 5525 animo
3465 5471 3868 5540 faciant,me
3897 5475 3956 5540 ut

2358 5536 2565 5596 inaritis
2601 5541 2866 5610 placeant.
2888 5540 2979 5597 Sic
3003 5541 3146 5610 enim
3187 5540 3440 5597 Clemens
3466 5536 3759 5597 Alexandt‘.
3783 5536 3956 5594 ind-l-

2354 5625 2483 5684 gere
2511 5609 2740 5678 videtur,
2770 5611 2986 5682 Paedag.
3013 5609 3102 5684 lli,
3131 5611 3198 5684 ii_s
3218 5626 3338 5682 quia
3365 5612 3575 5671 maritis
3593 5612 3792 5684 .minus
3817 5623 3954 5670 colt-

2355 5680 2646 5742 tinentibus
2671 5680 2992 5755 nupserunt.
3048 5681 3128 5742 Ls
3155 5680 3256 5740 Pu;
