4230 6256
368 369 393 432 1
405 372 510 433 325

958 478 1183 539 CAPUT
1230 480 1363 537 Vill.

442 580 702 639 Videlicet
731 586 872 634 nunc
898 582 953 631 et
995 574 1077 629 vir
1129 581 1185 629 et
1231 589 1394 629 sexus
1441 574 1665 629 tumulus
1713 573 1963 630 foeminas

371 687 402 729 a
423 673 533 729 suis
560 670 773 742 depello
796 665 896 741 (a).
927 668 1008 722 An
1040 674 1092 723 et
1116 666 1272 723 nobis
1298 666 1544 737 quaedam
1573 673 1822 736 respectu
1836 665 1966 721 ohe-

368 763 576 820 diendte
602 760 878 833 gravitatis
904 756 985 831 (Ι)
1015 757 1094 831 (b)
1119 766 1341 829 propter
1367 768 1569 814 metum
1597 758 1835 814 debitum
1866 758 1967 813 Do-

369 857 517 913 mino
531 854 889 910 detrahuntur
917 850 1183 922 siquidem
1211 859 1266 906 et
1294 850 1423 906 viris
1455 859 1673 921 prepter
1694 849 1966 919 laminas,

368 956 427 1004 ut
457 946 692 1003 fremiuis
737 951 961 1016 propter
999 943 1168 1011 viros,
1195 942 1329 998 vitio
1374 951 1580 997 natura:
1625 941 1858 1013 ingenita
1885 948 1970 997 est

368 1037 609 1111 placendi
631 1037 900 1103 voluntas,
932 1034 1287 1105 propriasque
1327 1033 1627 1105 praestigias
1675 1032 1865 1089 forma:
1914 1040 1969 1089 et

368 1131 457 1188 hic
501 1143 668 1187 sexus
707 1129 810 1184 sibi
837 1127 1103 1199 agnoscit,
1157 1126 1378 1183 barbam
1427 1127 1606 1181 acrius
1634 1125 1865 1192 caedere,
1895 1126 1971 1179 in-

365 1222 650 1280 tervellere
675 1220 773 1295 (c),
802 1218 1204 1276 circumradere
1230 1216 1337 1292 (ά),
1365 1218 1617 1290 capillum
1655 1218 1970 1289 disponere,

374 1316 539 1373 etiam
565 1294 809 1370 colorare
830 1309 914 1387 (2)
937 1310 1211 1378 canitiem,
1239 1311 1469 1381 primam
1487 1326 1756 1382 quamque
1780 1294 1973 1366 subdu-

368 1422 493 1466 cere
540 1407 706 1463 totius
755 1406 1001 1478 corporis
1047 1405 1384 1477 lanuginem,
1435 1406 1712 1476 pigmento
1756 1421 1972 1477 quoque

368 1499 619 1557 muliebri
663 1498 998 1570 distinguere
1026 1498 1135 1571 (5),
1165 1507 1365 1554 cratera
1406 1498 1648 1569 pulveris
1690 1485 1971 1569 cujusdam

372 1591 739 1665 asperitudine
766 1588 1040 1664 laevigare,
1072 1601 1184 1647 tum
1215 1591 1493 1661 speculum
1511 1591 1658 1646 omni
1690 1591 1976 1647 occasione

378 1685 684 1753 consulere,
721 1683 881 1740 anxie
910 1684 1202 1754 inspicere,
1232 1698 1359 1738 cum
1389 1693 1589 1749 tamen,
1615 1683 1833 1754 cognito
1860 1682 1978 1738 Deo

376 1777 622 1849 adempta
655 1775 901 1848 placendi
929 1776 1229 1845 voluntate,
1257 1791 1357 1847 per
1382 1775 1610 1832 luxuria:
1636 1776 1975 1831 vacationem

1395 363 1600 421 LIBER
1638 362 1682 419 ll
1736 360 1827 419 DE
1861 356 2089 417 CULTU
2127 357 2593 420 FUEMINARUM.

1988 475 2383 549 Apomparltm
2455 488 2509 534 et
2559 477 2876 534 deliciarum
2925 477 3143 550 ineptiis
3209 476 3516 548 occupare?
3573 477 3668 533 liae

3524 355 3665 418 159.6

2070 586 2280 641 pompae
2306 587 2466 642 quam
2497 571 2565 628 de
2588 572 3038 641 proximocurent
3058 571 3283 626 luxurim
3313 571 3585 641 negotium
3613 576 3671 624 et

2070 664 2381 732 obstrepant
2408 662 2682 734 pudicitia:
2723 663 3042 733 disciplinis,
3074 662 3393 732 dignoscere
3438 662 3491 715 in
3523 660 3667 716 facili

2070 767 2174 822 est,
2189 757 2332 828 quod
2347 758 2575 829 gratiam
2601 757 2817 812 decoris
2836 757 3012 813 cultus
3034 757 3292 811 societate
3319 754 3672 825 prostituam;

2070 850 2228 917 adeo,
2277 852 2323 906 si
2372 851 2584 919 desint,
2616 851 2823 906 irritam
2853 859 2908 906 et
2939 852 3202 923 ingratam
3234 849 3487 915 reddunt,
3524 848 3673 903 velut

2072 953 2403 1000 exarmatam
2431 943 2514 1018 (5)
2543 953 2599 1019 et
2623 936 2959 1016 naufragum.
2986 943 3185 1001 Contra
3225 945 3268 999 si
3308 943 3482 998 forma
3525 942 3674 998 defe-

2072 1040 2166 1105 cit,
2196 1038 2806 1095 adminiculum-nitoris
2832 1040 2985 1109 quasi
3015 1039 3083 1095 de
3125 1054 3224 1094 suo
3261 1040 3487 1108 gratiam
3534 1052 3668 1108 sup-

2073 1134 2203 1204 plet.
2238 1133 2449 1188 }Etates
2470 1133 2704 1205 denique
2727 1136 2999 1205 requietas
3021 1114 3206 1203 jamet
3234 1136 3287 1187 in
3306 1142 3516 1204 portum
3548 1146 3670 1187 meo

2074 1227 2261 1282 destize
2278 1226 2342 1301 (i)
2357 1227 2647 1282 subductas
2662 1227 2917 1298 splendor
2931 1236 2985 1282 ct
3001 1227 3233 1297 dignitas
3247 1228 3423 1283 cultus
3438 1233 3669 1281 avocant

2075 1331 2126 1376 et
2149 1322 2487 1376 severitatem
2511 1321 2930 1392 appetitionibus
2948 1320 3243 1391 inquietant
3264 1361 3279 1384 ,
3310 1334 3671 1388 compensanv

2080 1413 2219 1467 tibus
2268 1413 2473 1468 scilicet
2513 1414 2726 1468 habitus
2773 1414 3167 1469 irritamentum
3213 1428 3313 1483 pro
3358 1413 3553 1483 frigore
3593 1412 3666 1482 (j)

2078 1507 2268 1561 aetatis.
2302 1507 2469 1578 Ergo,
2500 1508 2816 1574 benedictae,
2842 1508 3019 1579 primo
3044 1507 3258 1578 quidem
3290 1516 3348 1561 ut
3375 1506 3597 1562 lenones
3619 1511 3675 1559 et

2077 1601 2459 1673 prostitutores
2481 1602 2708 1656 vestitus
2734 1609 2789 1655 et
2818 1601 2992 1655 cultus
3017 1615 3089 1654 ne
3111 1601 3162 1653 in
3194 1614 3291 1654 vos
3320 1598 3675 1661 admiseritis;

2080 1703 2191 1748 tum
2222 1694 2267 1749 si
2291 1709 2424 1765 quas
2449 1692 2533 1748 vel
2559 1693 2866 1748 divitiarum
2887 1692 3153 1767 [suarum]
3184 1692 3268 1748 vel
3304 1693 3559 1747 natalium
3583 1692 3671 1746 vel

2079 1797 2225 1845 retro
2251 1788 2571 1859 dignitatum
2600 1789 2740 1844 ratio
2765 1787 3044 1859 compellit
3073 1789 3142 1842 ita
3184 1787 3516 1858 pompaticas
3546 1800 3675 1854 pro-

372 1869 554 1927 omnia
592 1869 686 1925 illa
715 1878 774 1926 ut
799 1870 993 1937 otiosa,
1036 1877 1095 1926 ut
1138 1870 1355 1926 hostilia
1404 1871 1675 1941 pudicitiae
1701 1870 1783 1941 (ti)
1812 1882 1969 1927 recu-

2078 1880 2245 1953 gredi,
2278 1890 2335 1937 ut
2360 1882 2674 1951 sapientiam
2700 1879 2784 1956 (6)
2818 1889 3123 1937 consecuta:
3155 1891 3457 1949 temperare
3486 1879 3675 1934 saltem

378 1975 587 2021 santur.
619 1962 752 2019 Nam
782 1962 874 2020 ubi
902 1964 1068 2031 Deus,
1097 1963 1169 2019 ibi
1207 1962 1486 2035 pudicitia,
1511 1964 1586 2020 ibi
1614 1965 1849 2035 gravitas
1877 1964 1972 2019 ad-

376 2055 544 2126 jutrix
578 2063 636 2111 et
663 2054 811 2111 socia
840 2054 981 2125 ejus.
1022 2055 1143 2122 Quo
1182 2069 1316 2125 ergo
1354 2062 1512 2126 pacto
1551 2055 1866 2126 pudicitiam
1897 2055 1973 2128 (ε)

377 2147 495 2203 sine
523 2146 887 2203 instrumento
908 2161 1032 2214 suo,
1064 2146 1117 2202 id
1146 2155 1253 2216 est,
1282 2147 1402 2205 sine
1428 2148 1689 2217 gravitate
1715 2148 1971 2205 tractabi-

375 2240 533 2295 mus?
561 2240 838 2312 quomodo
861 2246 1045 2298 autem
1071 2241 1393 2313 gravitatem
1423 2240 1863 2297 administranda:
1884 2256 1975 2313 pu-

376 2333 574 2391 dicitite
602 2333 943 2404 adhibemus,
976 2334 1080 2390 nisi
1117 2341 1176 2390 et
1213 2334 1267 2390 in
1308 2332 1449 2390 facie
1484 2342 1543 2391 et
1570 2336 1624 2389 in
1649 2333 1799 2389 cultu
1836 2335 1975 2391 etin

379 2428 542 2484 totius
598 2426 834 2485 hominis
903 2427 1367 2499 contemplatione
1429 2426 1694 2485 severitas
1739 2428 1977 2486 circum.

376 2517 620 2577 feratur?

982 2609 1215 2670 CAPUT
1250 2611 1348 2673 IX.

448 2704 807 2773 Quamobrem
836 2718 967 2777 erga
995 2706 1255 2761 vestitum
1277 2720 1498 2778 quoque
1521 2717 1576 2766 et
1601 2709 1806 2780 reliqua
1834 2722 1979 2767 com-

375 2798 658 2870 positionis
683 2808 877 2854 vestrae
914 2798 1299 2869 impedimenta
1334 2801 1405 2871 (Γ)
1434 2801 1658 2870 proinde
1695 2803 1849 2859 vobis
1876 2819 1971 2859 cu-

376 2890 547 2948 randa
573 2899 659 2947 est
685 2890 982 2962 amputatio
1010 2900 1067 2946 et
1092 2890 1348 2947 decussio
1370 2892 1811 2951 redundantioris
1832 2896 1976 2951 nito-

370 2986 452 3044 ris
484 2984 587 3060 (g).
629 2985 763 3042 Nam
792 2984 922 3057 quid
950 2984 1193 3055 prodest,
1236 2983 1433 3040 faciem
1476 2986 1693 3059 quidem
1735 2990 1875 3061 frugi
1924 2997 1981 3046 et

372 3076 687 3150 expeditam
712 3084 769 3134 et
791 3076 1195 3149 simplicitatem
1229 3076 1556 3149 condignam
1587 3079 1783 3137 divina:
1810 3082 1976 3139 disci-

373 3170 539 3243 plina:
566 3169 845 3236 exhibere,
873 3176 1072 3226 caetera
1116 3183 1249 3225 vero
1294 3172 1542 3241 corporis
1585 3171 1862 3235 laciniosis
1894 3177 1978 3251 (Ιι)

2075 1973 2144 2028 ab
2171 1973 2478 2043 huiusmodi
2497 1980 2702 2037 curate,
2728 1988 2796 2028 ne
2814 1974 2941 2027 totis
2964 1972 3190 2027 habenis
3217 1972 3489 2028 licentiam
3520 1986 3673 2024 usur-

2077 2067 2215 2138 petis
2234 2074 2505 2138 praetextu
2529 2065 2886 2121 necessitatis.
2915 2063 3198 2133 Quomodo
3225 2064 3367 2120 enim
3400 2062 3677 2117 humilita-

2078 2156 2211 2223 tem,
2263 2173 2425 2231 quam
2469 2158 2749 2213 christiani
2802 2157 3154 2227 profitemur,
3210 2154 3436 2226 implere
3487 2153 3681 2224 poterio

2080 2266 2199 2307 mus
2225 2250 2329 2324 (7),
2359 2265 2465 2307 non
2492 2251 2889 2321 repastinantes
2912 2248 3222 2304 divitiarum
3256 2257 3563 2304 vestrarum
3594 2246 3679 2301 vel

2076 2343 2463 2416 elegantiarum
2489 2358 2668 2408 usum,
2698 2357 2821 2412 quae
2856 2341 2921 2396 ad
2947 2342 3172 2411 gloriam
3218 2340 3460 2415 faciunt?
3487 2338 3674 2395 Gloria

2077 2447 2255 2493 autem
2278 2436 2541 2503 exaltare,
2570 2448 2678 2489 non
2708 2433 2993 2488 humiliare
3030 2431 3328 2487 consuevit.
3376 2431 3491 2486 Non
3523 2430 3672 2486 enim

2078 2539 2290 2586 utemur
2315 2526 2396 2602 (Ic)
2427 2524 2661 2582 nostris?
2690 2524 2822 2593 Quis
2841 2534 3020 2601 autem
3043 2525 3294 2597 prohibet
3319 2524 3432 2580 uti?
3466 2523 3672 2577 Secun-

2077 2624 2205 2680 dum
2227 2621 2529 2694 apostolum
2548 2626 2749 2683 tamen,
2776 2616 2866 2686 qui
2891 2632 2990 2671 nos
3014 2616 3090 2670 uti
3116 2623 3300 2672 monet
3330 2613 3530 2668 mundo
3553 2614 3679 2679 isto,

2081 2715 2239 2785 hujus
2268 2711 2453 2769 mundi
2492 2708 2580 2784 (ι).
2623 2708 2690 2765 Ει
2733 2707 2823 2777 qui
2852 2715 3077 2770 emunt,
3128 2706 3320 2776 inquit,
3368 2706 3447 2759 sic
3487 2713 3673 2773 agant,

2080 2806 2233 2879 quasi
2282 2819 2389 2859 non
2443 2800 2804 2873 possidentes.
2845 2797 2957 2853 Cur
3005 2798 3110 2853 ita?
3162 2796 3412 2869 quoniam
3458 2796 3679 2866 praemi-

2079 2905 2247 2962 serat,
2275 2894 2461 2951 dicens
2490 2910 2505 2948 :
2534 2892 2771 2962 Tempus
2809 2892 2861 2945 in
2905 2890 3137 2946 collecto
3179 2897 3263 2943 est
3301 2887 3319 2957 (
3345 2887 3366 2942 Ι
3392 2886 3534 2950 σον..
3566 2885 3681 2952 \‘ll,

2076 2988 2237 3046 29-5!
2268 2988 2310 3061 ).
2368 2985 2428 3042 Si
2477 2999 2608 3056 ergo
2656 2996 2852 3038 uxores
2891 2996 3105 3054 quoque
3149 2980 3295 3051 ipsas
3348 2979 3427 3035 sic
3473 2977 3679 3033 haben-

2078 3082 2177 3140 das
2213 3081 2583 3147 demonstrat,
2629 3087 2879 3148 tanquam
2928 3090 3036 3131 non
3084 3073 3417 3138 habeantur,
3462 3082 3682 3143 propter

2081 3176 2355 3249 angustias
2380 3183 2705 3244 temporum,
2737 3170 2865 3242 quid
2893 3170 2962 3225 de
2995 3169 3147 3224 vanis
3185 3168 3270 3223 his
3309 3165 3682 3223 instrumentis

372 3261 532 3334 quasi
574 3275 681 3318 non
715 3259 1021 3317 abutamur.
1050 3259 1297 3318 Prteterit
1320 3260 1467 3319 enim
1496 3303 1512 3329 ,
1543 3263 1731 3335 inquit,
1761 3268 1972 3328 habitus
2003 3266 2046 3328 C
2078 3270 2304 3329 earum?
2350 3266 2469 3323 Non
2500 3266 2643 3323 enim
2688 3272 2743 3318 et
2783 3264 2854 3319 ita
2895 3261 3053 3321 multi
3100 3258 3340 3328 faciunt,
3371 3267 3426 3315 et
3465 3265 3537 3317 se‘
3559 3273 3683 3328 spa-

1548 3377 1951 3444 ‘LECTIONES
1988 3389 2077 3447 VA
2086 3383 2404 3444 RIANTES.

442 3493 519 3567 {_l)
541 3493 652 3559 Εἰς.
672 3504 705 3567 ρ
723 3493 838 3567 cod.
873 3492 1034 3564 Agat).
1071 3491 1318 3545 abeundaa
1375 3496 1675 3558 gratuitatis.
1709 3498 1814 3553 Lat.
1848 3502 1975 3555 obe-

368 3558 524 3627 untia;
546 3558 818 3627 gravitatis.

438 3620 513 3684 (2)
544 3620 652 3684 Rig.
677 3626 730 3684 et
750 3620 1061 3669 decolorare.

435 3683 513 3748 (ᾗ)
540 3683 650 3748 mg.
676 3683 968 3748 distingere.

433 3741 510 3811 (4)
539 3741 648 3812 Ιίἱῇ.
675 3757 765 3811 per
809 3741 912 3797 lux.
952 3744 1260 3796 occasionem
1296 3757 1344 3794 ο.
1393 3747 1429 3796 i.
1462 3753 1516 3797 ut
1552 3754 1621 3799 ot.
1663 3755 1750 3800 aut
1785 3751 1983 3804 hostilia

2077 3516 2244 3556 recus.

2168 3566 2219 3627 5)
2244 3561 2392 3627 Scmt.
2420 3566 2733 3611 exornatum.

2165 3611 2217 3687 (i),
2244 3611 2434 3691 ﬁRitht
2456 3636 2559 3685 sap.
2583 3635 2687 3683 non
2700 3618 2961 3672 videantur
2986 3622 3286 3679 consecutze,
3309 3618 3465 3680 temp.
3492 3611 3674 3667 malum

2081 3689 2356 3741 hu'usmodi
2374 3691 2563 3736 curate.

2146 3707 2225 3819 i7)
2247 3749 2357 3818 Rig.
2381 3761 2532 3813 quam
2552 3747 2706 3799 nostri
2729 3744 3045 3810 proﬁtentur,
3064 3742 3276 3807 implere
3293 3739 3522 3806 poteritis

1709 3858 2270 3921 COMMENTARIUS.
3114 3898 3131 3923 κ

439 3973 601 4029 CAP.
630 3967 936 4043 Ylll.—«-(a)
955 3965 1212 4043 Femina:
1231 3987 1265 4024 ιι
1290 3971 1397 4026 suis
1425 3971 1813 4041 depelloQuasi
1834 3990 1864 4031 a
1888 3974 1987 4032 do-

364 4045 522 4100 tibus
543 4045 675 4108 suis,
692 4042 878 4098 ahenis
905 4042 1017 4095 suis
1031 4049 1085 4094 et
1113 4043 1360 4111 proliriis,
1380 4045 1525 4098 cultu
1550 4055 1600 4097 et
1626 4057 1836 4102 orimtu.
1859 4042 1981 4106 Rm.

441 4116 532 4190 (Ir)
572 4114 822 4190 Iit-aperta
842 4113 1089 4190 obeuut_ur
1112 4113 1397 4190 gravitatis:
1420 4114 1594 4190 Innnit
1620 4116 1986 4174 Tertullianus

363 4183 481 4242 non
513 4183 700 4240 leviori
732 4198 955 4239 censura
985 4184 1149 4247 viros,
1177 4200 1334 4252 quam
1369 4183 1632 4245 fmminas.
1660 4191 1835 4244 notari
1878 4206 1987 4246 me-

363 4261 477 4313 rito
514 4268 693 4327 posse,
728 4258 841 4324 qui.
874 4270 995 4327 cum
1027 4254 1343 4327 gravitatem
1375 4255 1487 4310 Deo
1523 4260 1772 4325 przesenti
1822 4260 1988 4315 debe-

360 4324 527 4393 rent,
553 4328 654 4396 ipsi
687 4340 782 4395 per
810 4325 1033 4396 luxuria:
1062 4324 1398 4396 vacationem
1423 4365 1438 4390 ,
1469 4324 1553 4380 vel
1587 4330 1831 4394 proprias
1887 4331 1985 4384 for-

359 4418 473 4457 mm
508 4393 834 4466 pra~stigias,
858 4395 1009 4466 alteri
1037 4393 1194 4466 sexui
1212 4395 1425 4462 placere
1451 4393 1769 4452 niterentur.
1794 4399 1928 4453 Enn.

440 4420 473 4455 ιε
551 4415 834 4466 rit'sugtas,
858 4415 1009 4446 ullCl'l
1037 4415 1188 4446 sexu:
1212 4415 1425 4462 placere
1451 4415 1769 4452 nltt‘renltli‘.
1794 4415 1928 4453 lLDD.

440 4415 900 4541 (εἴημεν-νεαρξη.
930 4462 1157 4541 ῌίιηὶςηη
1186 4465 1327 4517 illam
1372 4469 1758 4541 venustatiset
1790 4470 1988 4539 juven-

2129 3984 2353 4046 rotrept.
2384 3972 2639 4046 Crispini,
2668 3970 2800 4028 etin
2839 3968 3051 4046 Sylvis,
3092 3966 3223 4023 item
3272 3965 3551 4046 Martialis.
3592 3966 3688 4046 \fel

2129 3994 2353 4046 retrept.
2384 3994 2639 4046 hi‘lsplnl,
2668 3994 2725 4028 ει
2747 3994 2800 4025 111
2840 3994 3051 4042 DyIVIs,
3094 3994 3223 4023 llclll
3272 3994 3551 4023 manuus.
3603 3994 3686 4022 Htl

2091 3994 2194 4105 Roc
2215 4048 2346 4103 dicit
2377 4055 2593 4116 propter
2613 4052 2880 4098 amatores
2897 4040 3269 4116 heminarum;
3296 4038 3521 4116 solenne
3544 4039 3686 4116 enirn

2091 4121 2273 4176 latinis
2301 4108 2605 4188 huiusmodi
2628 4124 2899 4188 amator_es
2919 4109 3119 4188 nitidos
3147 4108 3277 4188 dici.
3324 4108 3548 4188 Plautus
3584 4109 3687 4188 (ξει-

2087 4193 2233 4246 sina:
2265 4192 2349 4258 qui
2370 4178 2640 4259 postquam
2670 4181 3074 4259 antoﬂasinam,
3105 4178 3452 4259 magisltiteo.
3487 4187 3541 4233 et
3593 4179 3689 4259 Ju-

2091 4247 2294 4316 venalis
2349 4247 2386 4310 ε’
2415 4247 2620 4309 Hilares
2660 4253 2908 4320 nitidique
2950 4247 3214 4303 vocantu’r’.
3270 4249 3424 4316 Quod
3478 4251 3690 4303 monuit

2089 4331 2491 4384 Taubmannns.
2527 4325 2633 4379 Sed
2663 4323 2803 4377 unde
2834 4321 3123 4376 decussit)?
3153 4334 3218 4374 an
3244 4335 3272 4374 a
3303 4329 3464 4375 vento
3512 4322 3690 4375 immi-

2089 4408 2250 4455 neute
2274 4398 2363 4468 qui
2390 4396 2644 4468 ﬂosculos
2674 4408 2871 4468 ponme‘s
2895 4393 3178 4468 in_terr_am
3196 4391 3526 4468 prosternit?
3553 4392 3690 4468 Cre-

2094 4462 2320 4526 diderim
2347 4468 2558 4523 dicente
2587 4465 2784 4530 Tullio,
2821 4463 2861 4517 ll
2885 4462 2992 4530 Off.
3022 4480 3039 4517 :
3070 4464 3189 4532 ﬁcta
3213 4463 3404 4523 omnia,
3435 4472 3482 4514 et
3508 4465 3693 4518 leniter

361 4533 927 4597 tut‘is'all‘ectationem
946 4535 1258 4610 insectatur,
1276 4551 1375 4604 qua
1394 4533 2070 4610 volsellispilosavelle-D
2098 4552 2336 4609 tanquam
2383 4537 2581 4610 ﬂosculi
2627 4536 2887 4610 decidunt.
2930 4534 3032 4601 Qui
3084 4533 3583 4610 trepusinvenitur
3631 4535 3684 4591 in

360 4617 502 4669 haut
536 4618 602 4666 ut
644 4609 887 4663 laeviorcs
928 4605 1271 4671 viderentur,
1301 4608 1441 4677 quod
1495 4609 1547 4661 in
1590 4605 1788 4667 uestris
1826 4612 1988 4666 etiam

362 4682 692 4740 hominibus
723 4694 945 4747 carpere
968 4677 1124 4747 facile
1150 4685 1316 4733 esset.
1348 4678 1423 4731 LE
1447 4680 1543 4733 l’n.

454 4752 544 4827 (tl)
574 4746 1000 4827 _Circumradere.
1032 4746 1245 4827 Optime
1293 4748 1575 4827 Rigaltius,
1615 4766 1735 4827 cum
1803 4754 1989 4827 eteteri

364 4819 545 4897 vulgo
573 4825 755 4892 legant
775 4822 1109 4897 circumdare,
1146 4819 1198 4872 in
1230 4835 1334 4897 (pio
1359 4822 1762 4897 interpretando
1788 4823 1984 4880 mirum

364 4890 541 4973 quain
597 4890 851 4973 testeum.
884 4891 1122 4973 Lacertla
1171 4899 1226 4944 et
1256 4890 1524 4973 Ramelius
1553 4894 1761 4949 erudite
1790 4910 1984 4973 quam-

365 4964 620 5041 plurima
665 4965 939 5019 adducunt
995 4970 1051 5015 ut
1091 4976 1307 5032 pravam
1363 4964 1646 5089 lectionlcm
1667 4966 1979 5089 [explicent

1582 5052 1635 5089 ιε
1707 5054 1759 5089 n.

1582 5052 1635 5090 .E
1667 5036 1759 5092 Pu.

443 5108 553 5185 (e)_
577 5106 900 5185 Pudicitiam
938 5105 1045 5185 sine
1065 5104 1400 5185 instruutcnto
1427 5120 1538 5185 suo.
1570 5107 1882 5185 Instructior
1907 5117 1991 5165 est

363 5178 1158 5257 pudieitia_,__qua:lgra~vita_tem
1190 5178 1350 5232 habet
1372 5180 1645 5257 comitem.
1676 5181 1791 5257 lite.

440 5254 607 5310 CAP.
631 5246 802 5324 ΙΧξ-
902 5248 970 5324 Et
984 5249 1179 5324 reliqua
1200 5249 1575 5324 compositionis
1590 5263 1767 5306 vestrm
1780 5254 1844 5305 im
1853 5253 1994 5320 pedi-

363 5336 571 5382 menta.
594 5324 699 5379 Per
715 5320 1097 5392 impedimenta
1113 5320 1462 5391 hicintelligit
1477 5330 1641 5376 totam
1660 5324 1803 5377 illam
1818 5326 1994 5379 cultus

365 5394 668 5455 Intiliebris
694 5393 1106 5463 supellectilem,
1134 5408 1254 5461 qum
1276 5394 1501 5447 sarcina:
1520 5395 1797 5463 cujusdam
1827 5396 1997 5451 instar

366 5479 479 5525 est.
514 5468 634 5528 Sic,
669 5462 776 5519 lib.’
797 5465 943 5533 prior
964 5484 977 5518 :
1001 5462 1129 5521 Ideo
1155 5463 1327 5518 omnia
1360 5464 1459 5517 ista
1484 5462 1748 5532 daumata,
1778 5475 1825 5521 et
1853 5483 1989 5526 mor-

367 5552 479 5594 tua!
497 5535 737 5594 mulieris
765 5535 1126 5608 impedimenta
1152 5545 1291 5602 sunt,
1323 5536 1470 5603 quasi
1491 5538 1561 5590 ad
1579 5554 1817 5608 pompam
1846 5539 1993 5607 [une—
2058 5585 2064 5591 .

368 5615 445 5667 ris
476 5609 780 5664 constituta.
815 5607 989 5661 RHEN.

453 5678 540 5762 (ις)
577 5678 826 5762 Decassio
881 5678 1299 5761 redundantioris
1335 5679 1535 5734 nitoris.
1569 5679 1649 5734 Ad
1672 5679 1990 5762 elegantiam

377 5749 806 5822 exprimendam
836 5763 937 5805 vox
988 5752 1123 5804 nitor
1148 5751 1393 5820 apprima
1418 5759 1533 5814 est,
1574 5759 1710 5807 teste
1736 5749 1993 5822 Casperio
2025 5758 2031 5765 '

372 5825 432 5882 in
458 5820 735 5889 Statium,
770 5820 954 5881 norat.
985 5836 1000 5880 :
1034 5836 1096 5877 ea:
1122 5822 1285 5877 nitido
1310 5823 1367 5891 ﬁt
1411 5824 1654 5890 rusticus,
1682 5820 1911 5893 Statius,
1939 5825 1991 5881 in

2097 4606 2257 4680 epiét.
2303 4606 2485 4665 Jacobi
2515 4624 2634 4677 cap.
2667 4608 2709 4680 l,
2755 4606 2846 4680 ubi
2892 4613 3056 4680 ιαὶέρὸ
3086 4612 3218 4680 ἄγρει
3242 4608 3388 4661 εὖτ-οῦ
3413 4613 3617 4680 ἐξέπεσς,
3641 4613 3690 4660 et

2097 4676 2193 4753 ﬂos
2214 4684 2322 4751 ejus
2339 4681 2546 4735 decidit.
2568 4676 2651 4753 Ab
2666 4678 2769 4733 hoc
2783 4678 2962 4753 itaque
2979 4676 3368 4731 Tertullianum
3388 4676 3686 4746 sumpsisse

2096 4749 2464 4823 nietaphoram
2495 4752 2773 4807 existimo.
2804 4749 2934 4803 Lac.

2166 4817 2273 4900 (|i_)"
2292 4823 2576 4900 Lacinioais
2612 4837 2930 4900 pomparum,
2948 4817 3191 4900 etc.‘_i_ioc
3219 4826 3299 4873 est
3331 4818 3572 4900 variiset
3598 4831 3688 4873 re.

2091 4888 2472 4959 dund'antibus,
2506 4888 2797 4948 hoc'verho
2825 4893 2987 4945 etiam
3026 4890 3152 4944 alibi
3182 4905 3307 4944 usus
3340 4898 3442 4943 est.
3471 4888 3648 4943 Rana.

2162 4965 2229 5041 (i)
2270 4966 2336 5020 In
2361 4976 2570 5037 portum
2592 4963 2872 5041 modestiae.
2902 4961 3208 5041 Translalio
3232 4968 3317 5041 est
3356 4975 3385 5041 ξι
3413 4960 3678 5041 _navihus,

2052 5089 2062 5102 ,
2091 5030 2220 5106 quia
2243 5041 2295 5094 in
2340 5030 2506 5093 tutam
2534 5036 2820 5091 stationem
2853 5048 2923 5089 ex
2962 5033 3073 5089 alto
3114 5033 3250 5088 mari
3291 5030 3684 5087 subducuntur.

2093 5111 2266 5165 RuEN.

2166 5179 2235 5256 (j)
2276 5178 2728 5256 Compensamious
2755 5176 2945 5256 critical
2974 5175 3175 5256 habitus
3203 5175 3574 5256 irritqnwnlum
3593 5190 3687 5256 pro

2097 5246 2290 5325 frigore
2317 5246 2501 5308 (etatis.
2526 5251 2616 5305 Ait
2642 5250 2910 5325 fmininas,
2939 5246 3233 5325 aztatejam
3252 5246 3683 5325 defcrvescente,

2096 5316 2321 5395 corpora
2344 5338 2439 5378 sua
2472 5331 2620 5395 tanto
2645 5320 2824 5376 studio
2844 5332 3037 5395 curare
3051 5326 3119 5395 _e_t
3150 5318 3373 5395 colere._
3396 5326 3453 5370 ut
3473 5316 3687 5395 appeti-

2101 5387 2298 5450 tionem
2322 5395 2404 5450 sui
2435 5394 2705 5448 excitent:
2730 5401 2782 5447 et
2812 5391 2855 5445 si
2889 5390 3015 5460 quid
3046 5388 3215 5459 frigus
3233 5389 3406 5460 aetatis
3435 5387 3686 5460 extinxit,

2090 5466 2306 5523 habitus
2349 5465 2562 5521 delicati
2609 5463 2826 5519 lascivia
2855 5456 3032 5518 irritet
3074 5456 3239 5531 atque
3294 5456 3681 5583 redalt‘mendat.

3458 5544 3528 5583 ιο.

3458 5544 3528 5584 lG.
3754 5582 3759 5588 λ

2168 5607 2250 5685 (k)
2293 5609 2416 5663 Non
2433 5608 2565 5662 enim
2582 5615 2788 5685 utentur
2815 5604 3000 5685 nostris
3219 5600 3684 5685 subitntnlnarum

2095 5671 2325 5753 persona
2353 5680 2709 5753 querentium,
2724 5678 2923 5753 ‘quod‘a
2944 5678 3064 5753 suis
3082 5672 3436 5753 depellantur:
3452 5671 3586 5753 lito.

2169 5751 2237 5827 (I)
2268 5740 2505 5827 Praaterit
2547 5751 2680 5805 enim
2698 5740 2913 5827 habitus
2934 5748 3086 5822 hujus
3105 5740 3301 5803 mundi.
3331 5740 3581 5802 Habitum
3609 5742 3690 5798 di-

2096 5820 2341 5896 cit'quod
2375 5823 2570 5881 Paulus
2596 5835 2781 5892 σχῆμα.
2812 5820 2927 5876 lite.
