4230 6256
365 319 510 382 1529

1385 308 1589 367 uasa
1629 310 1674 376 ιι
1714 309 1803 368 ns
1838 308 2069 369 curru
2107 284 2573 373 rosumanuit.

3520 313 3660 373 1550

362 439 515 497 Nunc
540 439 679 495 Deus
704 435 803 493 ista
831 427 1193 504 prospexerit,
1222 426 1363 483 Deus
1386 426 1723 500 permiserit;
1756 425 1955 481 nullam
1984 425 2038 487 A
2062 426 2395 485 aediﬁcentur
2438 428 2494 485 in
2544 426 2700 485 vobis
2722 468 2738 495 ,
2767 435 2845 496 ut,
2878 424 3151 500 quomodo
3196 427 3273 483 ait
3327 426 3619 499 Apostolus
3645 466 3660 491 ,

362 532 431 589 de
456 529 742 602 conchylio
768 534 972 581 vestem
1020 523 1184 579 Isaias
1215 516 1353 595 (13.,
1375 519 1464 588 III,
1496 519 1565 575 18
1592 528 1640 573 et
1679 516 1842 592 seqq.)
1872 519 1958 575 in-

362 634 584 696 crepet,
633 621 805 676 nullas
835 617 1045 674 lunulas
1095 614 1347 687 reprobet
1376 656 1391 679 ,
1449 612 1656 692 nullum
1688 611 1958 691 botrona-

361 725 483 791 tium,
518 714 596 791 (α)
642 710 892 770 retundat
943 718 1123 766 tamen
1170 721 1277 763 non
1322 714 1379 762 ut
1414 706 1675 777 gentiles,
1731 704 1803 759 ita
1859 718 1959 759 nos

362 790 581 879 quoque
607 804 769 860 nobis
796 801 1100 866 adolentur,
1131 799 1494 855 institutorem
1537 797 1707 853 Deum
1755 796 1959 852 solum-

362 898 523 955 modo
547 897 939 960 existimantes,
968 908 1075 948 non
1108 893 1270 947 etiam
1304 887 1382 962 (b)
1412 888 1773 960 dispectorem
1803 888 1955 944 insti-

361 1002 599 1048 tutorum
645 1003 890 1044 suorum.
918 986 1132 1055 Quanto
1156 984 1299 1040 enim
1330 983 1525 1039 melius
1552 981 1636 1055 (I)
1667 991 1722 1038 et
1748 981 1955 1036 cautius

361 1084 652 1156 egerimus,
676 1082 720 1138 si
744 1095 1153 1152 praesumamus,
1181 1078 1361 1134 omnia
1384 1076 1600 1148 quidem
1624 1091 1653 1129 a
1686 1076 1796 1131 Deo
1827 1090 1955 1145 pro-

360 1179 472 1234 visa
512 1187 638 1232 tunc
658 1185 712 1231 et
738 1176 791 1230 in
823 1173 1023 1231 sarculo
1052 1174 1246 1244 posita,
1279 1172 1354 1227 uti
1385 1187 1529 1228 nunc
1558 1182 1742 1227 essent
1768 1170 1871 1242 (2),
1904 1171 1957 1227 in

360 1269 554 1340 quibus
593 1266 873 1338 disciplina
920 1281 1202 1321 servorum
1228 1264 1349 1336 ejus
1394 1264 1732 1335 probaretur,
1766 1273 1823 1318 ut
1855 1277 1954 1334 per

359 1363 635 1419 licentiam
688 1359 872 1416 utendi
920 1358 1267 1416 continentia:
1317 1357 1648 1429 experientia
1700 1340 1958 1427 procede-

361 1467 445 1513 ret
469 1453 573 1528 (3).
606 1454 795 1511 Nonne
833 1453 1106 1525 sapientes
1148 1451 1549 1526 patresiamilias
1586 1449 1658 1525 (ο)
1696 1450 1765 1507 de
1804 1450 1957 1507 indu-

316 1532 325 1540 ’
361 1551 489 1607 stria
515 1548 761 1621 quaedam
791 1548 961 1605 servis
997 1547 1112 1604 suis
1148 1548 1381 1604 oﬁ‘erunt
1407 1555 1570 1617 atque
1615 1546 1953 1617 permittunt,

361 1649 421 1696 ut
455 1641 829 1711 experiantur,
859 1655 925 1694 an
969 1648 1026 1695 et
1053 1639 1284 1709 qualiter
1310 1638 1588 1710 permissis
1630 1648 1864 1703 utantur,
1910 1638 1957 1693 si

360 1732 548 1803 probe,
579 1732 626 1788 si
649 1731 891 1788 modeste
913 1731 1030 1805 (4)?
1060 1731 1271 1801 Quanto
1295 1740 1475 1788 autem
1506 1730 1840 1798 laudabilior,
1866 1732 1955 1803 qui

365 1826 687 1883 abstinuerit
708 1827 762 1883 in
789 1836 982 1894 totum,
998 1827 1089 1898 qui
1112 1826 1353 1882 timuerit
1378 1827 1537 1881 etiam
1565 1825 1956 1897 indulgentiam
1989 1828 2037 1888 B

361 1919 607 1976 Domini?
632 1918 723 1976 Sic
764 1920 925 1990 igitur
950 1928 1007 1975 et
1030 1919 1321 1989 Apostolus
1348 1937 1360 1973 :
1391 1918 1604 1984 Omnia,
1651 1918 1842 1989 inquit,
1890 1917 1956 1972 li-

360 2021 503 2080 cent,
517 2011 611 2069 sed
627 2028 732 2068 non
744 2012 924 2067 omnia
944 2010 1209 2068 aediﬁcant
1223 2008 1302 2084 (5)
1321 2009 1367 2084 (ι
1383 2009 1526 2078 Con,
1540 2008 1611 2077 X,
1626 2009 1958 2082 ‘25).Quauto

360 2102 569 2161 facilius
595 2103 780 2160 illicita
810 2103 1040 2170 timebit,
1061 2103 1153 2174 qui
1179 2103 1325 2161 licita
1351 2102 1661 2161 verebitur?

971 2216 1200 2276 CAPUT
1238 2217 1327 2275 XI.

429 2333 559 2403 Quae
585 2341 764 2390 autem
786 2333 938 2390 vobis
971 2346 1162 2389 caussa
1188 2341 1273 2390 est
1302 2333 1625 2390 exstructius
1658 2333 1955 2404 prodeundi

363 2442 483 2485 cum
514 2438 736 2484 remotae
765 2429 884 2484 sitis
912 2428 981 2483 ab
1009 2428 1091 2483 his
1111 2470 1126 2495 ,
1160 2443 1279 2498 qua:
1308 2429 1491 2499 talium
1521 2429 1784 2500 indigent.
1821 2428 1954 2485 Nam

357 2536 458 2577 nec
484 2522 677 2590 templa
705 2521 975 2588 circuitis,
1008 2536 1107 2576 nec
1144 2521 1451 2591 spectacula
1494 2521 1806 2591 postulatis,
1856 2536 1955 2577 nec

358 2615 526 2673 festos
567 2616 683 2672 dies
716 2616 996 2687 gentilium
1023 2616 1216 2671 nostis.
1247 2613 1470 2684 PrOpter
1499 2615 1632 2671 istos
1657 2615 1800 2671 enim
1824 2630 1955 2671 con-

356 2718 547 2762 ventus
569 2715 624 2761 et
649 2717 891 2762 mutuum
919 2706 1104 2763 videre
1145 2720 1209 2761 ac
1235 2705 1406 2761 videri
1434 2720 1623 2762 omnes
1666 2710 1952 2778 pompm'in

358 2800 630 2870 publicum
660 2797 1023 2868 proferuntur,
1060 2808 1116 2854 ut
1159 2807 1251 2854 aut
1295 2798 1503 2854 luxuria
1533 2800 1835 2871 negotietur
1863 2811 1955 2856 aut

363 2890 536 2962 gloria
587 2889 917 2945 insolescat?
964 2889 1127 2945 Vobis
1175 2899 1358 2945 autem
1420 2892 1562 2947 nulla
1624 2893 1954 2964 procedendi

356 2997 545 3038 caussa
578 2997 681 3037 non
717 2983 900 3039 tetrica
920 2981 1042 3056 (d):
1074 2991 1166 3036 aut
1190 2982 1488 3038 imbecillus
1526 2983 1718 3055 aliquis
1743 3000 1808 3040 ex
1847 2984 1954 3040 fra-

357 3076 528 3131 tribus
555 3073 869 3137 visitandus,
902 3086 993 3129 aut
1020 3072 1339 3129 sacriﬁcium
1371 3073 1595 3130 offertur
1618 3073 1713 3151 (e),
1745 3086 1837 3131 aut
1858 3077 1951 3133 Dei

354 3169 579 3225 verbum
630 3167 1053 3222 administratur.
1123 3167 1347 3236 Quidvis
1409 3168 1602 3224 horum
1670 3169 1951 3242 gravitatis

2063 522 2433 593 magnilicetur
2478 523 2619 579 Deus
2664 523 2715 577 in
2755 536 2985 594 corpore
3029 519 3516 594 vestro(Phil.,l,
3550 520 3658 586 20;

2062 611 2084 668 I
2110 612 2254 677 Con,
2283 613 2369 679 VI,
2418 613 2490 669 20
2514 610 2567 686 );
2613 611 2983 684 magniﬁCatur
3005 622 3184 668 autem
3216 612 3268 666 in
3311 626 3539 682 corpore
3569 626 3664 682 per

2061 703 2403 775 pudicitiam,
2430 706 2610 777 utique
2649 713 2705 761 et
2740 720 2838 776 per
2879 704 3116 760 habitum
3147 703 3416 775 pudicitiae
3442 718 3662 773 compe-

2063 804 2283 851 tentem.
2312 796 2419 853 Sed
2458 796 2601 852 enim
2632 796 2826 852 dicitur
2853 811 2884 851 a
2912 795 3230 868 quibusdam
3252 838 3267 862 ,
3298 811 3365 851 ne
3407 795 3659 866 blasphe-

2070 898 2248 945 metur
2286 904 2482 945 nomen
2510 889 2627 960 ejus
2653 889 2707 944 in
2743 889 2901 946 nobis
2933 888 3137 962 (Hann,
3171 888 3229 955 II,
3254 888 3326 944 24
3357 886 3413 961 ),
3446 889 3491 943 si
3530 886 3658 958 quid

2062 981 2131 1036 de
2169 982 2393 1051 pristino
2438 980 2623 1037 habitu
2651 990 2707 1037 et
2735 980 2883 1037 cultu
2926 980 3289 1037 detrahamus.
3339 979 3456 1035 Non
3500 978 3653 1034 aufe-

2068 1089 2254 1129 ramus
2303 1089 2433 1146 ergo
2473 1074 2632 1130 nobis
2687 1084 2743 1131 et
2787 1074 2916 1129 vitia
2970 1074 3199 1145 pristina
3251 1072 3364 1147 (7);
3409 1072 3581 1128 simus
3610 1081 3663 1127 et

2050 1168 2304 1230 ,moribus
2326 1167 2547 1234 iisdem,
2578 1168 2621 1221 si
2644 1176 2699 1222 et
2726 1166 3012 1237 superﬁcie
3045 1165 3257 1231 eadem,
3293 1173 3350 1221 et
3376 1175 3506 1220 tunc
3532 1178 3661 1220 vere

2062 1275 2171 1315 non
2221 1259 2667 1329 blasphetnabunt
2714 1259 2980 1314 nationes.
3043 1256 3278 1314 Grandis
3329 1255 3662 1326 blasphemia

2062 1360 2310 1422 est,qua
2346 1354 2552 1407 dicatur
2580 1348 2800 1426 (8):ex
2853 1366 2959 1421 quo
3010 1349 3151 1407 facta
3205 1359 3292 1407 est
3343 1348 3658 1413 christiana,

2063 1447 2348 1519 pauperius
2370 1446 2590 1502 incedit.
2620 1444 2857 1501 Timehis
2901 1445 3187 1515 pauperior
3214 1442 3383 1499 videri
3409 1483 3423 1509 ,
3458 1457 3525 1499 ex
3554 1457 3661 1512 quo

2064 1539 2380 1610 locupletior
2420 1539 2557 1595 facta
2594 1553 2654 1594 es
2673 1580 2690 1608 ,
2717 1547 2772 1594 et
2798 1537 3095 1605 sordidior,
3124 1552 3191 1593 ex
3222 1551 3329 1608 quo
3369 1534 3661 1591 mundior?

2064 1632 2371 1690 Secundum
2396 1632 2701 1703 gentilium,
2736 1648 2806 1688 an
2844 1631 3143 1689 secundum
3169 1631 3267 1687 Dei
3296 1629 3548 1702 placitum
3579 1629 3660 1685 in-

2065 1716 2260 1785 cedere
2287 1726 2611 1783 christianos
2639 1727 2891 1797 oportet?

2671 1796 2901 1855 CAPUT
2932 1796 3045 1854 XII.

2134 1870 2394 1941 Optemus
2444 1869 2816 1925 tantummodo
2856 1884 2923 1925 ne
2965 1872 3126 1940 justae
3177 1866 3660 1938 blasphemationis

2061 1982 2247 2023 caussa
2286 1967 2475 2023 simus.
2522 1966 2734 2035 Quanto
2781 1960 2961 2021 autem
3014 1966 3185 2037 magis
3236 1964 3659 2036 blasphemabile

2060 2070 2141 2116 est
2162 2100 2178 2126 ,
2209 2060 2288 2125 si,
2317 2074 2437 2131 quae
2468 2058 2779 2115 sacerdotes
2809 2058 3080 2128 pudicitiae
3110 2058 3351 2115 dicimini
3374 2100 3388 2124 ,
3420 2057 3652 2130 impudi-

2059 2167 2245 2209 carum
2293 2151 2399 2208 ritu
2445 2152 2751 2223 procedatis
2794 2151 2953 2207 cultae
2990 2160 3046 2207 et
3090 2151 3362 2222 expietis?
3394 2153 3499 2206 Aut
3528 2150 3655 2222 quid

2059 2247 2239 2300 minus
2262 2245 2461 2301 habent
2483 2243 2869 2301 infelicissima:
2895 2245 3000 2300 illae
3022 2244 3354 2315 publicarum
3376 2243 3657 2301 libidinum

2060 2336 2336 2393 victimas?
2394 2351 2531 2406 quas
2583 2320 2628 2390 si
2681 2351 2803 2407 qua:
2877 2337 3025 2407 leges
3065 2351 3096 2390 a
3148 2336 3408 2391 matronis
3456 2332 3540 2409 (9)
3605 2342 3660 2391 et

2059 2427 2449 2484 matronalibus
2496 2428 2894 2484 decoramentis
2942 2428 3308 2494 coercebant,
3348 2427 3457 2497 jam
3509 2440 3658 2483 certe

2057 2522 2240 2577 saaculi
2272 2521 2591 2591 improbitas
2632 2519 2875 2591 quotidie
2924 2520 3208 2590 insurgens
3260 2519 3655 2576 honestissimis

2057 2614 2359 2685 quibusque
2384 2612 2619 2669 fteminis
2665 2626 2837 2681 usque
2885 2610 2953 2665 ad
3008 2612 3250 2666 errorem
3299 2608 3655 2679 dignoscendi

2057 2707 2393 2778 coaequavit;
2447 2720 2753 2777 quanquam
2818 2703 3087 2759 lenocinia
3138 2702 3328 2758 forma:
3379 2717 3652 2773 nunquam

2058 2816 2164 2856 non
2184 2799 2469 2869 prostituto
2494 2798 2706 2869 corpori
2737 2799 3021 2867 conjuncta
3041 2807 3096 2851 et
3118 2795 3297 2852 debita
3323 2796 3487 2851 etiam
3513 2793 3657 2851 Scri-

2058 2901 2227 2964 pturae
2250 2899 2559 2962 suggerunt.
2586 2890 2677 2945 Illa
2704 2890 2891 2945 civitas
2916 2888 3244 2961 valida,qu:e
3264 2902 3428 2960 super
3449 2898 3655 2958 septem

2056 2991 2269 3038 mOntes
2296 2992 2347 3037 et
2375 2983 2629 3051 plurimas
2657 2996 2822 3051 aquas
2865 2981 3149 3051 praesidet,
3181 2995 3303 3036 cum
3353 2981 3657 3051 prostituta:

2056 3077 2472 3148 appellationem
2498 3093 2526 3129 a
2555 3076 2782 3131 Domino
2810 3076 3096 3133 meruisset
3125 3074 3269 3149 (l0),
3297 3076 3440 3147 quali
3468 3076 3655 3130 habitu

2056 3169 2396 3239 appellationi
2437 3182 2547 3223 suae
2586 3178 2894 3238 comparata
2926 3169 3052 3224 est?
3077 3167 3243 3225 Sedet
3266 3179 3414 3224 certe
3443 3168 3495 3222 in
3522 3183 3652 3237 pur-

354 3271 409 3317 et
449 3260 744 3317 sanctitatis
790 3261 1094 3331 negotium,
1132 3270 1185 3315 et
1212 3261 1299 3316 cui
1326 3278 1459 3332 opus
1499 3278 1605 3317 non
1649 3263 1718 3317 sit
1764 3263 1947 3319 habitu
1976 3266 2020 3329 C
2055 3280 2187 3335 pura
2228 3274 2283 3319 et
2320 3263 2541 3318 coccino
2590 3272 2644 3318 et
2693 3278 2825 3319 auro
2865 3272 2920 3319 et
2962 3262 3140 3332 lapide
3178 3263 3435 3333 pretioso.
3482 3263 3653 3329 Quam

354 3354 782 3409 extraordinario
824 3363 878 3408 et
916 3357 1212 3423 composito
1261 3365 1314 3410 et
1354 3357 1529 3411 soluto
1556 3354 1659 3430 (6).
1693 3359 1770 3412 Ac
1809 3358 1853 3413 si
1881 3375 1947 3414 ne

354 3448 576 3504 cessitas
603 3447 959 3501 amicitiarum
989 3445 1400 3519 ofﬁciorumque
1427 3448 1708 3520 gentilium
1730 3465 1827 3505 vos
1853 3466 1951 3505 vo-

353 3547 475 3605 cat,
507 3553 601 3593 cur
629 3552 736 3593 non
762 3537 956 3593 vestris
994 3538 1157 3592 armis
1192 3539 1395 3594 indutae
1436 3540 1773 3611 proceditis?
1800 3550 1949 3597 tanto

353 3632 540 3701 magis,
571 3641 769 3702 quanto
795 3630 861 3686 ad
889 3640 1170 3687 extraneas
1193 3631 1355 3689 ﬁdei?
1378 3641 1435 3687 ut
1463 3634 1532 3688 sit
1564 3634 1700 3688 inter
1724 3634 1948 3689 ancillas

350 3724 545 3781 diaboli
596 3734 649 3780 et
685 3723 773 3780 dei
821 3724 1140 3794 discrimen,
1175 3736 1232 3782 ut
1268 3727 1517 3797 exemplo
1560 3727 1679 3783 sitis
1718 3729 1855 3794 illis,
1891 3743 1950 3788 ut

2054 3357 2333 3414 maledicta
2351 3366 2495 3422 sunt,
2516 3357 2630 3411 sine
2647 3357 2841 3428 quibus
2865 3370 2970 3411 non
2992 3355 3162 3427 potuit
3179 3355 3456 3410 maledicta
3471 3364 3521 3411 et
3538 3370 3658 3423 pro—
3756 3403 3767 3412 .

2051 3451 2233 3507 stituta
2251 3449 2501 3505 describi!
2521 3448 2853 3504 'I‘hamarilla
2875 3447 3054 3521 (Gem,
3070 3445 3359 3512 XXXVIII,
3386 3447 3472 3510 Η,
3491 3445 3653 3517 sqq.),

2052 3545 2177 3616 quia
2208 3558 2266 3598 se
2295 3544 2610 3614 expinxerat
2639 3551 2695 3599 et
2718 3550 3024 3608 ornaverat,
3066 3540 3268 3596 idcirco
3295 3539 3445 3595 Juda:
3475 3542 3658 3609 suSpi-

2052 3638 2211 3697 cione
2237 3638 2349 3699 visa
2384 3643 2470 3692 est
2496 3635 2723 3706 quaestui
2766 3631 2955 3689 sedere
3001 3631 3106 3706 (f);
3154 3632 3324 3697 adeo,
3382 3632 3504 3703 quia
3556 3632 3656 3687 sub

2054 3735 2356 3791 velamento
2409 3731 2647 3795 latebat,
2702 3729 2917 3785 habitus
2967 3726 3226 3800 qualitate
3276 3727 3654 3799 qutestuariam

1553 3818 1929 3883 LECTIONES
1965 3826 2173 3883 VARIA
2182 3824 2378 3881 NTES.

503 3887 855 4022 igriiianiﬁl
885 3949 1075 4022 emend.
1098 3958 1183 4022 Π.
1213 3946 1426 4022 Junius;
1453 3918 1621 4004 deteri
1639 3991 1654 4015 ,
1683 3964 1833 4009 esset.

434 4014 487 4078 ἒξ)
510 4014 619 4077 Rig.
639 4022 767 4078 cont.
797 4014 1144 4075 experimenta
1168 4014 1517 4078 procederent.

412 4073 487 4144 (ἒ)
508 4073 618 4144 Etti-
644 4073 915 4144 moderate-

434 4138 484 4201 ὅ)
511 4138 618 4201 Rig.
646 4138 933 4200 eXpediunt.
955 4158 1021 4172 -—

431 4176 484 4257 ἕξ
506 4176 1050 4268 λῖῨᾹνὶὧῖἀξῖ”ἷιῆεηά.
1076 4199 1212 4249 ‘hab.
1242 4201 1492 4251 extraord.
1541 4209 1594 4252 et
1637 4201 1814 4268 soluto,
1857 4176 1979 4258 sed.

345 4262 632 4324 composito.

2135 3898 2183 3957 ΤΞ
2226 3898 2308 3958 Vr,
2332 3895 2473 3958 nobis
2491 3890 2881 3958 etdelevitﬂig.
3001 3957 3004 3958 ν
3206 3956 3231 3958 Η
3399 3955 3409 3958 -
3526 3954 3537 3958 -
3572 3950 3575 3953 -

2136 3953 2187 4023 8)
2215 3953 2439 4023 Gelenius
2476 3954 2656 4019 aliique
2677 3994 2689 4015 ,
2716 3953 2904 4023 blasph.
2929 3957 3012 4023 ,‘si
3051 3967 3150 4023 qua
3187 3956 3282 4006 dic.
3312 3980 3371 3991 —
3396 3954 3651 4005 incedere.

2052 4018 2380 4083 Rigiblaspb.
2409 4018 2596 4083 esttex
2619 4032 2717 4080 qua
2740 4018 2835 4083 die.
2859 4044 2923 4055 -—
2948 4018 3155 4083 incedit.

2152 4059 2163 4069 .
2192 4035 2380 4083 ntaspu.
2409 4035 2503 4078 65L,
2531 4035 2596 4067 ex
2619 4035 2717 4080 qua
2740 4035 2833 4067 ate.
2859 4044 2923 4055 ——
2948 4035 3155 4067 moeuu.

2113 4035 2187 4145 illi)
2227 4080 2657 4145 Al.maritolihus.
2693 4077 2810 4145 Rig.
2853 4078 3186 4145 maritalibus:

2113 4138 2217 4208 (10)
2255 4144 2364 4209 mg.
2392 4138 2639 4203 iii-tesidet,
2664 4138 2942 4204 prostituta:
2966 4152 3077 4204 app.
3103 4152 3131 4188 a
3153 4138 3295 4190 Dom.
3323 4141 3521 4191 meruit.
3551 4139 3652 4191 Sed

2049 4209 2182 4272 quali
2200 4208 2332 4266 hab.,
2358 4211 2457 4255 etc.

420 4414 496 4485 (a)
542 4413 756 4494 Nullum
780 4412 1100 4495 botronqtnm
1132 4416 1390 4495 ret_u_ndat._
1418 4326 1950 4495 _Botronatti:tiibtllii:ii]

2053 4330 2075 4383 λ
2134 4329 2150 4382 l
2204 4326 2261 4383 S.

2053 4328 2276 4483 Hﬁclist,
2296 4419 2462 4495 Nulla
2478 4416 2800 4489 procedendi
2824 4432 2984 4475 causa
3001 4434 3106 4475 non
3132 4420 3333 4490 gravis,
3358 4436 3462 4478 non
3485 4426 3646 4495 seria,

343 4500 514 4541 coma:
528 4486 779 4539 struicem
792 4485 1172 4563 corymbiatam
1183 4485 1427 4557 .Hesychi
1437 4502 1497 4543 us
1513 4504 1525 4540 :
1542 4495 1790 4561 βωρυδδν,
1802 4499 1941 4563 ἑτέρα

343 4573 429 4629 τῆς
457 4564 867 4629 ἓτὲραςᾼίχομενη,
886 4563 946 4616 ὡς
977 4565 1021 4610 οἱ
1047 4560 1242 4628 βότρυες
1270 4563 1357 4618 τὰς
1385 4566 1533 4629 ῥᾶγας
1555 4568 1715 4629 ἔχουσι
1737 4560 1934 4625 πυκνάς.

344 4628 468 4684 llic.
512 4659 564 4667 ς-
594 4626 808 4682 Nullum
841 4626 1185 4690 botronulmn,
1232 4639 1335 4683 etc.
1386 4626 1610 4685 'Divinat
1648 4632 1936 4690 Rhenanus

344 4699 860 4771 esserediinicnltnn
877 4699 1099 4771 capillos
1116 4700 1307 4771 capitis
1323 4702 1610 4771 stringens,
1627 4700 1698 4757 ita
1728 4704 1934 4761 dictum

344 4716 465 4754 esse
494 4716 1099 4767 reoumonnnncapntos
1116 4716 1177 4754 ca
1223 4716 1307 4753 itis
1323 4716 1698 4771 srrmgens,tta
1728 4716 1934 4761 uictum

344 4770 487 4847 quod
518 4769 653 4847 bozri
683 4772 915 4838 Speciem
947 4769 1129 4847 religet.
1160 4716 1291 4826 βαίη
1315 4772 1373 4847 _in
1405 4788 1582 4847 ετξ-ξεο
1622 4782 1768 4829 textu
1807 4791 1934 4847 sep-

348 4834 590 4914 tuaginta
616 4834 962 4914 interpretum
988 4842 1118 4914 nihil
1150 4849 1236 4914 est
1260 4842 1385 4909 tale,
1408 4834 1641 4914 fierique
1674 4856 1849 4914 potest
1872 4834 1938 4903 ἰιι

345 4913 416 4966 sit
444 4906 768 4966 vocabulum
809 4929 917 4981 quo
956 4911 1146 4985 vulgus
1188 4912 1239 4966 id
1271 4906 1527 4985 temporis
1556 4906 1825 4985 utebatur,
1866 4919 1933 4974 ad

344 4994 717 5037 ornamentum
740 4985 929 5053 capitis
954 4984 1191 5040 imitrinei
1221 4984 1615 5054 explicandum.
1643 4987 1773 5043 Lac.

420 5073 499 5145 (h)
538 5073 912 5144 Despectorem.
944 5074 1015 5129 lla
1049 5075 1174 5145 legit
1202 5075 1513 5131 Rhenanus.
1547 5077 1855 5147 DeSpector,
1879 5089 1937 5136 ut

344 5154 399 5199 ct
428 5156 552 5200 ante
584 5147 700 5219 plus
722 5147 911 5210 semel,
938 5163 1032 5215 pro
1053 5147 1374 5216 dispectore,
1404 5150 1494 5219 qui
1514 5165 1696 5203 curam
1723 5151 1933 5215 haheat,

341 5228 391 5267 ct
420 5216 901 5271 considerationem
954 5219 1310 5272 institutorum
1357 5216 1600 5274 suorum.
1648 5219 1734 5276 Sic
1775 5231 1829 5277 et
1884 5224 1935 5278 in

343 5287 436 5341 lib.
466 5290 533 5341 de
565 5288 801 5341 velamiis
828 5290 1126 5360 virginibus
1162 5307 1173 5343 :
1206 5289 1313 5343 Sed
1340 5307 1430 5344 nec
1450 5292 1579 5345 inter
1607 5295 1934 5347 consuetudi-

344 5375 451 5419 nes.
480 5360 667 5483 inﬂuit,
699 5360 953 5429 (lrspicere
982 5361 1245 5414 voluerunt
1273 5361 1349 5415 illi
1380 5364 1685 5417 sanctissimi
1705 5376 1934 5420 anteces-

344 5446 497 5483 sores.
580 5446 705 5483 una.
1600 5450 1609 5457 ·

342 5446 497 5483 δωσσε.
533 5446 705 5484 "BEN.
1600 5450 1609 5457 ’

414 5520 484 5589 (οε)
531 5519 711 5593 Patres
757 5521 983 5590 familiw.
1036 5523 1176 5576 Istud
1226 5534 1449 5593 usurpat
1496 5535 1717 5592 auctor,
1750 5538 1936 5583 contra

337 5606 499 5659 quem
529 5592 688 5646 sentit
725 5593 911 5653 Varro,
943 5593 1032 5644 llll.
1069 5592 1174 5648 VII.
1209 5595 1297 5648 ubi
1322 5592 1502 5652 dicere
1528 5598 1717 5652 dcbuis
1755 5610 1802 5650 tl
1834 5599 1941 5653 pti-

344 5662 714 5740 trcsfamilina.‘
743 5663 1106 5740 l'lodctnnmdo
1137 5664 1315 5732 Mart,
1346 5666 1419 5720 Ιιι)
1447 5667 1464 5721 1
1504 5686 1517 5722 :
1554 5667 1710 5724 Ραῐιι·
1730 5690 1765 5740 ³ί
1788 5673 1943 5726 milia:

343 5747 489 5787 verus
514 5744 586 5787 es!
615 5733 916 5799 Quirinalis.
944 5734 1078 5788 I’au.

342 5852 356 5895 ς
411 5821 562 5884 CA1“.
593 5818 684 5883 XI.
722 5856 785 5866 —
816 5825 895 5898 (tl)
929 5822 980 5882 Ν
987 5824 1091 5883 ulla
1110 5827 1414 5897 procedendi
1444 5848 1598 5888 causa
1624 5850 1723 5890 non
1749 5836 1943 5893 tetrica.

2047 4509 2154 4549 non
2184 4501 2389 4547 sancta.
2432 4491 2550 4548 Bis.

2116 4585 2193 4655 (e)
2236 4583 2562 4653 Sacriﬁcium
2614 4582 2845 4651 offertur.
2896 4582 2985 4638 Sic
3034 4582 3218 4655 dixit,
3260 4583 3648 4652 Sucri/iciornm

2039 4654 2311 4729 orationes,
2339 4657 2389 4729 in
2416 4657 2608 4729 quibus
2641 4655 2845 4729 scilicet
2867 4654 3218 4729 eucharistica
3247 4660 3496 4729 mysteria
3525 4677 3646 4729 par-

2041 4728 2303 4798 ticipanda
2339 4726 2613 4781 Fidelibus
2647 4726 2977 4798 offeruntur.
3039 4725 3153 4781 th.
3184 4756 3256 4764 —
3294 4728 3392 4788 Ant
3447 4725 3647 4797 sacri/4‘.

2038 4795 2173 4852 ciunt
2224 4795 2453 4865 o/fcrtur.
2526 4797 2753 4868 Intelligi
2809 4797 2984 4851 Missae
3042 4810 3252 4852 sacrum
3310 4795 3646 4859 manifestius

2038 4881 2125 4942 est
2164 4886 2320 4942 quam
2372 4879 2439 4942 ut
2472 4868 2665 4942 debeat
2714 4868 3064 4942 manifestari,
3117 4878 3300 4942 contra
3356 4871 3644 4942 imprden-

2038 4941 2167 5014 t_iam
2183 4940 2325 5014 Junii
2353 4940 2443 5014 qui
2465 4939 2737 5014 quaspiam
2762 4939 3033 5014 orationes
3057 4941 3351 5014 generatim
3377 4939 3640 5014 inielligit.

2043 5010 2316 5069 Videndus
2344 5009 2626 5067 Gretserus
2663 5009 2853 5067 Noster
2893 5012 2947 5065 in
2996 5009 3136 5066 notis
3165 5022 3347 5065 contra
3388 5009 3602 5071 Juniqu
3626 5059 3641 5082 ,

2041 5098 2160 5154 cap.
2191 5085 2239 5140 5.
2270 5083 2403 5138 Lac.

2112 5174 2265 5230 CAP.
2294 5172 2552 5243 XlI.—(l')
2574 5172 2800 5227 Thamar
2814 5174 2903 5229 illa
2917 5174 3041 5237 visa,
3060 5182 3164 5229 etc.
3182 5173 3301 5230 Visa
3318 5186 3389 5230 est
3404 5180 3638 5242 quwslni.

2041 5246 2097 5302 Id
2122 5256 2223 5306 est.
2246 5245 2589 5318 adquavstum
2608 5244 2816 5318 sedere,
2837 5255 2941 5318 etc.
2961 5245 3133 5300 Etiam
3159 5246 3295 5301 hanc
3322 5250 3638 5318 scripturam

2041 5316 2324 5388 posteriori
2345 5317 2465 5371 loco
2478 5315 2680 5370 citatB.
2696 5315 3015 5388 Cyprianus,
3034 5318 3347 5372 ntostendat
3363 5315 3637 5375 mulierem

2040 5387 2219 5451 crnari
2249 5387 2577 5442 sacculariter
2606 5403 2710 5440 non
2732 5387 2950 5447 debere.
2979 5389 3031 5441 in
3051 5388 3164 5443 haec
3191 5390 3348 5444 verba
3382 5389 3639 5446 :Tlmmar

2040 5460 2371 5525 coeperuitse
2389 5458 2755 5530 palliolquod
2792 5458 3027 5529 appellat
3073 5468 3126 5525 et
3168 5459 3229 5515 Β.
3283 5460 3640 5530 Hieronymus

2043 5528 2397 5599 theristrum)‘
2421 5539 2469 5582 et
2494 5528 2779 5594 adamavit,
2806 5528 2987 5600 etcum
3015 5531 3290 5598 aspexisset
3315 5549 3423 5583 ι’(υη
3446 5528 3635 5600 Jndas,

2044 5604 2207 5658 visum
2230 5610 2301 5655 εει
2333 5602 2376 5655 ei
2408 5601 2748 5655 meretricem
2778 5615 2916 5655 esse.
2948 5599 3080 5655 Illud
3110 5614 3288 5655 autem
3316 5643 3329 5664 ,
3364 5613 3411 5656 et
3457 5599 3632 5669 voluit,

2046 5675 2290 5742 accipere
2304 5672 2509 5727 videtur
2524 5681 2832 5739 auctor,pro
2844 5673 3272 5742 concupiscentia
3286 5673 3401 5741 ejus
3414 5678 3636 5731 exarsit.

2050 5745 2188 5800 Pan.
2220 5774 2290 5783 —
2314 5744 2542 5809 Quwstui
2574 5744 2765 5798 sedere.
2796 5741 3019 5814 Sedere,
3054 5744 3340 5798 mulierum
3384 5754 3469 5798 est
3515 5762 3636 5814 qua:

2051 5814 2353 5874 furnicaria:
2390 5822 2535 5871 sunt.
2573 5816 2647 5871 De
2687 5812 3141 5885 eadem'l‘hamar,
3166 5812 3632 5889 Gcn.,XXXVlIl,

3774 642 3823 697 ν
