3870 6286
535 443 592 449 ___
657 443 678 450 ο
717 440 758 448 __‘
918 441 926 446 _
1059 435 1068 437 _
1089 430 1170 437 __--
1191 434 1194 435 ν
1217 430 1320 437 υ...
1347 430 1376 434 -.
1403 429 1446 434 --
1475 428 1514 435 ..μ
1534 428 1732 434 __-_.__..
1761 425 2621 437 __.__.._....__.__....____.....__.-_._
2639 430 2886 438 _.._._._.-_
2917 432 2932 440 -
2995 432 3058 439 ,κ
3099 436 3108 439 ,
3150 433 3182 440 ,-
3292 435 3304 440 ,.

147 448 900 484 LM
929 454 2654 466 _...__.____————————-——————-————-———~——————-—~—~-——
2685 458 3320 470 -._.._.._.___._______._.__._

884 608 2564 794 DISSEBTATIO

1212 936 1219 943 ·
1307 907 1396 962 DE
1435 903 1740 963 OMNIBUS
1774 904 2177 962 GENERATIM

479 1091 834 1184 PRIMI
911 1086 1505 1178 ECCLESUE
1578 1082 2032 1173 SIECULI
2108 1084 3015 1184 SCRIPTORIBUS.

563 1283 647 1347 (ι),
674 1281 743 1333 ιι
764 1279 986 1337 Noun“,
1010 1277 1288 1340 Apparatus
1320 1268 1386 1318 ad
1424 1265 1767 1319 Bibliothecam
1793 1267 2076 1332 maximam,
2102 1272 2328 1334 Parisiis,
2358 1274 2495 1337 1703,
2522 1277 2738 1340 ln-l'olto,
2765 1294 2815 1343 p.
2839 1272 2909 1343 t.)

619 1570 844 1629 CAPUT
881 1568 1172 1625 PRIMUM.

135 1672 281 1765 Quam
309 1707 483 1763 pauca
515 1689 781 1766 supersint
802 1687 1116 1766 scriptorum
1142 1683 1300 1765 primi
1320 1680 1572 1766 Ecclesiae
1591 1698 1693 1766 sat

190 1768 284 1820 culi
309 1757 516 1832 opera;
548 1776 645 1832 cur
676 1757 995 1832 Deusplura
1027 1757 1242 1832 interire
1275 1757 1613 1832 permiserit;
1643 1760 1693 1806 et

192 1837 303 1906 quid
332 1824 385 1886 in
414 1833 525 1884 hac
555 1830 928 1883 dissertatione
962 1824 1301 1877 tractandum
1325 1824 1416 1878 sit.

192 1940 419 1995 Plurima
465 1938 697 2008 quidem
742 1942 985 1989 veterum
1031 1932 1192 2003 primi
1224 1930 1481 1987 Ecclesia:
1511 1930 1693 1987 saeculi

133 2028 325 2082 Patrum
357 2034 589 2080 exstant
616 2038 805 2093 opera,
824 2024 877 2076 in
904 2021 1238 2076 Bibliotheca
1265 2030 1451 2077 nostra
1478 2020 1695 2093 Lugdu-

135 2120 267 2175 nensi
308 2116 633 2189 promiscue
683 2114 860 2180 edita;
893 2112 989 2167 sed
1042 2112 1195 2166 nulla
1244 2120 1394 2176 sunt,
1428 2122 1521 2166 aut
1550 2123 1699 2168 certe

135 2210 461 2281 paucissima,
504 2222 633 2276 qua:
663 2220 823 2260 veros
853 2204 1230 2274 genuinosque
1262 2211 1427 2258 tanta:
1458 2204 1697 2274 antiqui-

137 2301 246 2357 tatis
271 2300 625 2353 characteres
675 2310 787 2366 prae
832 2310 892 2350 se
927 2294 1068 2349 ferre
1114 2295 1333 2351 invictis
1363 2296 1699 2365 argumentis

139 2393 587 2447 deatonstrentur.
612 2386 829 2457 Septem
856 2387 1057 2458 quippe
1080 2385 1291 2455 lgnatii,
1316 2386 1557 2456 episcopi
1587 2386 1698 2439 An.

140 2482 347 2537 tiocheni
372 2489 429 2534 et
462 2479 752 2549 martyris,
783 2477 1047 2547 epistolae,
1090 2480 1158 2531 ab
1204 2491 1289 2538 eo.
1326 2477 1404 2529 uti
1446 2476 1702 2532 ostende-

142 2589 261 2637 mus,
303 2574 470 2628 dubio
518 2571 720 2642 procul
768 2583 896 2624 sunt
944 2568 1233 2640 profectae;
1274 2576 1326 2622 at
1360 2568 1463 2622 illa:
1500 2568 1702 2623 eaedem

144 2681 233 2720 non
260 2676 378 2719 ante
406 2670 677 2719 octavum
727 2661 954 2716 secundi
998 2662 1181 2717 surculi
1207 2676 1410 2715 annum
1438 2660 1494 2714 in
1524 2659 1702 2715 lucem

144 2757 453 2828 prodierunt.
481 2754 569 2808 Ad
598 2752 835 2824 primum
864 2769 994 2809 vero
1024 2753 1280 2808 Ecclesiae
1301 2752 1559 2809 saeculum
1583 2767 1705 2824 per-

146 2851 295 2903 tinere
324 2849 483 2903 nobis
536 2847 801 2901 videntur
848 2861 970 2898 cum
1022 2844 1281 2899 Barnabas
1308 2841 1540 2914 apostoli
1565 2834 1695 2915 Epié

149 2940 286 3003 stola,
314 2948 429 2993 tum
479 2938 657 2993 etiam
707 2945 821 2991 tres
863 2934 1128 2998 Pastoris,
1157 2950 1256 2990 seu
1288 2933 1499 2988 Hermae
1540 2932 1700 3000 libri;

149 3045 369 3084 veremur
408 3039 602 3084 tamen
650 3042 720 3083 ne
762 3042 841 3083 ea:
867 3027 1067 3098 quibus
1093 3027 1145 3082 id
1177 3028 1537 3096 assequimur,
1571 3041 1707 3081 con-

148 3120 361 3192 jecturae,
394 3122 765 3193 quantumvis
806 3121 972 3175 ﬁrma:
1017 3120 1127 3174 sint
1168 3130 1221 3174 et
1243 3120 1451 3184 solidae,
1482 3120 1551 3175 iis
1594 3136 1707 3176 non

150 3216 439 3285 probentur,
473 3214 574 3284 qui
604 3228 710 3268 nec
741 3219 1143 3283 praeconceptas
1173 3211 1460 3281 opiniones
1478 3218 1707 3284 possunt

152 3322 358 3376 unquam
405 3306 730 3375 deponere;
767 3319 868 3358 nec
901 3304 1043 3357 vinci
1089 3303 1297 3368 volunt,
1326 3304 1434 3357 nisi
1481 3304 1709 3359 demon-

152 3397 478 3451 strationibus
540 3394 945 3450 invictissimis.
994 3393 1164 3448 Porro
1218 3402 1399 3448 autem
1458 3397 1708 3465 quamvis

154 3489 377 3543 omnibus
405 3487 461 3541 id
495 3494 658 3542 esset
683 3500 1028 3556 persuasum,
1056 3485 1177 3539 dine
1205 3493 1413 3539 tantum
1446 3503 1590 3541 nunc
1615 3482 1710 3542 su?-

154 3588 404 3649 peressent
451 3580 798 3650 scriptorum
834 3580 992 3649 primi
1027 3580 1190 3647 hujus
1225 3581 1410 3635 saeculi
1448 3581 1709 3636 lucubra-

155 3674 324 3728 tiones.
355 3672 451 3729 His
476 3680 674 3728 autem
701 3672 846 3741 quod
877 3672 1224 3743 adjungatur,
1254 3674 1389 3727 nihil
1422 3674 1533 3729 fere
1562 3674 1711 3730 aliud

157 3772 320 3825 restat.
354 3766 460 3821 nisi
490 3765 679 3835 prima
711 3778 775 3817 ac
804 3763 987 3817 forsan
1019 3764 1257 3818 secunda
1283 3764 1577 3820 Clementis
1602 3763 1713 3820 Ro-

161 3856 281 3908 mani
308 3855 581 3925 Epistola,
613 3868 737 3924 quae
766 3869 888 3908 cum
918 3856 973 3907 in
1000 3853 1334 3910 Bibliotheca
1358 3862 1546 3909 nostra
1572 3854 1713 3926 Lug-

162 3944 365 4001 dunensi
410 3962 524 4001 non
587 3945 699 3999 sint
740 3942 976 4011 excusse,
1008 3946 1193 4001 nullus
1220 3944 1288 4001 de
1316 3945 1385 4000 iis
1418 3948 1523 4001 erit
1554 3946 1713 4003 nobis

162 4035 245 4089 hoc
268 4038 317 4091 in
348 4053 515 4109 opere
542 4036 773 4092 dicendi
800 4037 973 4091 locus.

222 4126 399 4182 Iirum
428 4143 590 4192 sane,
626 4142 694 4180 ac
727 4125 956 4181 forsitan
985 4126 1306 4182 incredibile
1335 4128 1620 4183 nonnullis
1640 4127 1718 4183 vi-

1709 1570 1759 1629 Α
1785 1567 1877 1640 qui
1917 1582 2041 1622 cum
2084 1567 2325 1631 Christo,
2360 1566 2524 1624 carne
2570 1580 2755 1626 nostra
2792 1572 3003 1639 induto,
3050 1564 3091 1628 to
3143 1581 3359 1635 uersati

1795 1669 1943 1726 sunt,
1974 1662 2194 1732 longum
2226 1664 2279 1717 in
2311 1672 2525 1732 tempus
2552 1665 2716 1719 vitam
2748 1666 3131 1736 produxerim,
3163 1686 3366 1743 eosque

1794 1754 1889 1823 qui
1925 1754 2125 1807 saeculo
2174 1755 2418 1808 secundo
2444 1754 2768 1822 ﬂoruerunt,
2804 1758 3095 1815 habuerint
3123 1762 3367 1833 discipu—

1795 1845 1898 1898 los.
1931 1843 2043 1899 Hos
2075 1860 2206 1914 ergo
2242 1844 2415 1899 sacris
2441 1844 2704 1900 doctrinae
2728 1845 3052 1905 Christianae
3082 1854 3368 1924 praeceptis

1794 1944 1847 1990 et
1876 1932 2247 2005 dogmatibus,
2278 1948 2398 2003 quas
2428 1932 2506 1987 illi
2551 1948 2583 1987 a
2626 1933 2846 1990 Christo
2877 1938 2996 2008 ipso
3020 1953 3366 2012 acceperant.

1797 2030 2091 2097 potuerunt
2132 2023 2380 2079 imbuere
2412 2042 2426 2079 :
2460 2040 2560 2080 nec
2591 2026 2716 2081 aliis
2745 2027 2989 2085 Ecclesia
3016 2031 3240 2105 indiguit
3272 2037 3372 2090 do-

1796 2116 2063 2180 ctoribus,
2102 2115 2281 2186 queis,
2306 2113 2565 2185 tanquam
2596 2116 2897 2178 canalibus,
2927 2120 3116 2175 eadem
3147 2122 3373 2193 dogma-

1796 2215 1853 2262 ta
1885 2223 2019 2264 voce
2047 2215 2102 2269 et
2137 2222 2253 2271 ore,
2287 2206 2409 2262 sine
2438 2194 2666 2278 scripto,
2699 2208 2767 2263 de
2793 2224 2980 2275 manu,
3008 2221 3067 2265 ut
3105 2214 3279 2277 aiunt,
3316 2216 3373 2271 in

1799 2318 2021 2359 manqu
2066 2304 2134 2357 ad
2185 2318 2288 2358 nos
2332 2306 2857 2361 transmitterentur.
2892 2305 3134 2379 Denique
3163 2309 3264 2364 hac
3294 2318 3376 2364 tot

1799 2395 2046 2465 tantique
2092 2394 2252 2465 pretii
2299 2394 2630 2464 scriptorum
2668 2394 2883 2463 jactura
2933 2396 3215 2463 docemur,
3264 2417 3372 2455 non

1800 2480 1952 2541 aliud
1981 2486 2178 2541 divina:
2210 2484 2578 2541 Providentiae
2608 2486 2781 2543 fuisse
2817 2490 3105 2545 consilium
3126 2531 3140 2555 ,
3174 2493 3279 2547 nisi
3316 2502 3375 2547 ut

1801 2578 1840 2633 ii
1865 2577 2202 2633 sanctissimi
2234 2577 2553 2647 scriptores,
2604 2579 2697 2650 qui
2740 2595 2929 2637 omnes
2959 2582 3204 2653 plerique
3249 2600 3377 2639 san-

1804 2666 2023 2738 guinem
2072 2681 2172 2738 pro
2208 2664 2521 2723 Christiana
2560 2670 2663 2724 fide
2693 2671 2915 2733 tuenda,
2948 2680 3002 2727 et
3033 2676 3377 2745 prapaganda

1806 2758 2081 2822 fuderunt,
2115 2758 2263 2812 illam
2296 2759 2612 2831 sanguineis
2642 2760 2797 2817 ell'usi
2827 2764 3040 2820 cruoris
3084 2766 3253 2836 guttis
3296 2770 3376 2821 al-

1804 2849 1938 2911 tius,
1996 2863 2161 2919 quam
2213 2847 2425 2913 charta,
2465 2849 2676 2903 calamo
2726 2859 2781 2905 et
2822 2854 3149 2920 atramento,
3181 2854 3378 2910 animis

1805 2938 2087 2993 hominum
2118 2938 2503 3003 inscriberent,
2539 2940 2953 3011 inligerentque.

1872 3030 2010 3085 Cum
2043 3029 2221 3085 autem
2255 3030 2586 3099 paucissima
2617 3030 2727 3085 sint
2756 3029 2974 3085 Patrum
3008 3032 3165 3101 primi
3193 3030 3381 3089 Eccle-

1806 3116 1903 3179 siae
1949 3123 2136 3179 δεσυιὶ
2177 3137 2375 3193 opera,
2406 3122 2498 3176 illa
2547 3137 2680 3197 sane
2728 3138 2794 3178 eo
2842 3120 3019 3193 pluris
3062 3126 3379 3181 aestimanda

1806 3218 1958 3275 sunt,
1986 3226 2096 3281 quo
2142 3211 2404 3280 majorem
2449 3210 2610 3267 iidem
2653 3210 2843 3267 Patres
2873 3220 2928 3268 et
2955 3215 3151 3270 merito
3173 3231 3293 3281 suo,
3326 3226 3387 3274 et

1809 3316 1909 3357 sua
1957 3315 2079 3354 cum
2109 3299 2330 3355 Christo
2357 3301 2585 3371 ejusque
2612 3302 2872 3371 apostolis
2898 3305 3290 3361 consuetudine
3317 3321 3384 3363 ac

1810 3389 2179 3446 familiaritate
2208 3390 2314 3444 sibi
2345 3390 2779 3445 conciliaverunt
2807 3394 3211 3452 auctoritatem.
3235 3398 3379 3463 Qua-

1809 3488 2033 3554 propter
2061 3488 2120 3535 ut
2147 3495 2405 3551 germana
2431 3496 2621 3536 eorum
2654 3483 2855 3553 scripta
2885 3498 2916 3537 a
2940 3486 3145 3555 spuriis
3172 3494 3226 3542 et
3253 3504 3384 3559 sup-

1811 3573 2067 3645 posititiis
2095 3580 2300 3643 queant
2333 3570 2492 3627 facile
2522 3572 2782 3638 discerni,
2807 3576 3021 3647 singula
3046 3592 3274 3650 quaeque
3315 3582 3383 3635 ad

1813 3666 2117 3723 severiores
2162 3665 2371 3720 criterii
2414 3666 2654 3735 regulas,
2699 3667 2945 3725 studiose
2990 3669 3386 3743 diligenterque

1816 3758 1872 3814 in
1899 3757 2252 3829 sequentibus
2274 3757 2760 3817 dissertationibus
2785 3756 3239 3823 examinabimus.
3276 3768 3384 3823 Sed

1814 3849 1969 3921 prius
2016 3849 2085 3903 de
2132 3848 2201 3904 iis
2248 3864 2368 3919 quae
2399 3848 2467 3904 ad
2495 3850 2616 3906 illos
2646 3852 2944 3943 scriptores
2978 3859 3276 3928 generatim
3322 3878 3387 3919 ac

1816 3942 2067 3996 universe
2100 3941 2391 4011 pertinent,
2420 3941 2524 3995 hac
2571 3944 2626 3996 in
2678 3941 3059 4003 dissertatione
3100 3950 3388 4021 disputan-

1816 4031 1946 4086 dum
1974 4032 2457 4088 est.Ostendemus
2486 4031 2671 4102 itaque
2700 4035 2845 4104 quod
2875 4040 3380 4111 eorumingenium.

1817 4138 1937 4195 quae
1963 4122 2164 4190 studia,
2197 4138 2318 4193 quae
2349 4124 2760 4194 occupationes,
2794 4144 2915 4199 quae
2943 4132 3261 4190 occasiones
3306 4137 3387 4190 eis

166 4216 372 4282 debitur,
396 4218 549 4289 quod
572 4226 691 4272 tam
725 4214 895 4286 pauca
924 4215 992 4270 ad
1020 4212 1123 4272 nos
1151 4217 1497 4287 pervenerint
1527 4217 1716 4287 prima
1819 4215 1887 4271 ad
1936 4215 2286 4270 scribendum
2338 4215 2559 4281 fuerint,
2608 4234 2749 4288 quos
2795 4225 3191 4290 prostraverint
3235 4224 3391 4283 Chri-

167 4310 575 4367 Christianorum
610 4311 790 4365 atatis
815 4325 999 4379 opera.
1031 4309 1193 4364 Extra
1219 4310 1442 4364 dubium
1481 4326 1717 4381 namque

170 4411 237 4455 est
260 4404 431 4472 plures
465 4403 714 4471 hujusce
760 4394 1020 4470 temporis
1064 4401 1359 4470 scriptores
1404 4401 1555 4455 varia
1601 4400 1720 4455 edi-

172 4491 292 4548 disse
315 4494 607 4565 Opuscula,
644 4493 927 4563 epistolas,
960 4500 1225 4547 tractatus
1251 4493 1337 4547 vel
1366 4492 1503 4547 alias
1534 4492 1721 4560 hujus-

172 4584 354 4639 cemodi
402 4584 848 4650 lucubrationes.
883 4580 1000 4649 Qua
1044 4578 1174 4653 ergo
1218 4582 1312 4639 Dei
1355 4583 1717 4654 providentia,

174 4675 378 4744 inquies,
404 4679 525 4733 fieri
559 4676 780 4748 potuit,
811 4678 869 4729 ut
897 4685 1006 4729 tam
1034 4677 1266 4746 pretiosa
1288 4675 1594 4730 divinorum
1622 4674 1722 4729 ho-

179 4766 354 4822 minum
382 4776 771 4831 monumenta,
809 4783 930 4836 qua:
958 4766 1116 4837 primi
1146 4762 1269 4822 esse
1296 4767 1563 4822 debebant
1609 4774 1724 4819 tra-

176 4854 367 4914 ditionis
396 4869 607 4915 nostra:
637 4858 880 4921 canales,
914 4850 1130 4927 penitus
1153 4857 1497 4913 interierint?
1520 4848 1726 4909 Verum

176 4947 248 5003 bis
287 4951 652 5020 querimoniis
694 4949 806 5004 cito
848 4949 1066 5003 modum
1107 4940 1372 5018 impunes,
1408 4947 1457 5002 si
1506 4944 1727 5000 aliunde

179 5037 405 5098 damnum
440 5044 603 5110 illud,
633 5041 986 5113 quantumvis
1018 5032 1328 5110 lugendum,
1360 5041 1516 5110 plene
1553 5052 1728 5094 resar-

183 5132 321 5187 citum
364 5136 668 5209 intelligas.
699 5132 912 5188 Etenim
942 5126 1134 5188 omnes
1161 5133 1288 5187 novi
1334 5126 1559 5187 foederis
1604 5128 1729 5184 libri

184 5224 343 5293 scripti
373 5234 503 5279 sunt
532 5227 646 5281 hoc
676 5225 913 5290 saeculo;
934 5233 1098 5295 atque
1119 5240 1184 5279 eo
1198 5224 1491 5295 plurimum
1519 5222 1728 5287 adulto,

186 5321 229 5364 et
276 5330 402 5384 pene
454 5317 703 5382 labente,
736 5310 981 5371 Joannes
1028 5314 1309 5386 apostolus
1352 5315 1729 5387 Evang‘elium,

190 5402 634 5479 Apocalypsinque
664 5422 824 5464 suam
850 5408 1167 5477 publicavit.
1199 5408 1340 5475 Quid
1369 5410 1515 5480 quod
1549 5416 1604 5464 et
1628 5400 1729 5464 ea;

193 5492 290 5549 dem
338 5498 425 5554 Dei
456 5500 811 5571 providentia
840 5496 1043 5554 factum
1075 5512 1178 5564 est,
1210 5512 1270 5555 ut
1299 5502 1366 5557 iis
1395 5504 1646 5575 acerbius
1676 5504 1732 5559 in

1821 4306 1986 4362 stiani
2017 4301 2253 4379 nominis
2281 4316 2336 4363 et
2363 4307 2629 4363 doctrinae
2658 4304 2865 4376 hostes,
2895 4327 2959 4367 ac
3008 4314 3224 4373 tandem
3267 4334 3388 4389 quae

1823 4398 2028 4453 fuerint
2069 4398 2271 4454 schola:
2319 4415 2415 4455 seu
2448 4400 2554 4456 loci
2583 4401 2809 4472 publici,
2840 4404 2897 4459 in
2942 4407 3140 4475 quibus
3168 4408 3202 4462 ii
3232 4406 3391 4464 Chri-

1823 4492 2056 4549 stianam
2093 4490 2382 4547 didicerint
2411 4491 2593 4556 fidem,
2617 4492 2702 4549 vel
2719 4494 2856 4551 alios
2878 4496 3093 4566 ipsimet
3116 4513 3233 4554 eam
3262 4500 3391 4555 edo-

1821 4584 2051 4639 cuerint.

2436 4672 2664 4731 CAPUT
2704 4673 2767 4731 ll.

1826 4787 1979 4859 Quod
2010 4782 2171 4862 fuerit
2212 4790 2526 4862 scriptorum
2554 4789 2713 4857 primi
2739 4790 2919 4862 saeculi
2955 4791 3249 4862 ingenium,
3278 4809 3394 4862 quis

1897 4859 2098 4928 studia,
2122 4860 2488 4929 occupationes
2502 4868 2552 4913 et
2575 4859 2872 4915 occasiones
2895 4859 2964 4914 ad
2983 4859 3332 4919 scribendum.

1898 4951 2065 5007 Extra
2096 4950 2528 5007 controversiam
2550 4957 2635 5006 est
2658 4942 2785 5007 illos
2814 4966 2879 5006 eo
2904 4951 3248 5022 potissimum
3273 4969 3393 5007 om-

1827 5057 1929 5099 nes
1959 5042 2161 5113 ingenii
2208 5040 2292 5097 sui
2339 5056 2534 5097 nervos
2577 5041 2946 5103 contendisse,
2973 5056 3244 5112 omneque
3275 5050 3394 5098 stu-

1829 5137 1979 5192 dium
2007 5142 2063 5190 et
2082 5148 2304 5205 operam
2326 5133 2752 5207 consumpsisse,
2784 5120 2845 5186 ut
2868 5131 3217 5205 Evangelium
3240 5132 3397 5189 Chrio

1832 5229 1904 5285 sti
1947 5227 2204 5282 omnibus
2252 5210 2675 5301 annuntiarent;
2724 5238 2792 5279 ac
2836 5223 3207 5280 demonstrata
3234 5223 3397 5281 Chri-

1832 5321 2024 5376 stiana:
2052 5317 2329 5392 religionis
2358 5316 2604 5379 veritate,
2636 5315 2704 5371 iis
2731 5316 3123 5386 persuaderent
3150 5330 3269 5371 eam
3302 5332 3395 5371 so-

1832 5411 1962 5476 lam,
1993 5409 2205 5464 caeteris
2247 5406 2501 5463 omnibus
2542 5404 2863 5476 repudiatis,
2910 5419 3035 5461 esse
3081 5404 3397 5475 amplexan-

1836 5500 1982 5557 dam.
2027 5499 2165 5554 Hinc
2198 5497 2414 5554 Iudaeos
2438 5496 2606 5552 variis
2634 5495 3029 5551 convincebant
3063 5498 3397 5567 argumentis

195 5601 471 5648 nascentem
540 5590 850 5648 Ecclesium
906 5578 1241 5649 saevientium
1289 5596 1727 5665 persecutionum
1761 5581 1808 5637 Ῑ)
1834 5596 2113 5665 Christum
2156 5608 2277 5649 esse
2302 5592 2453 5647 illum
2485 5591 2697 5665 tandiu,
2727 5600 2984 5660 tantoque
3006 5590 3199 5645 ardore
3220 5589 3288 5643 ab
3315 5589 3398 5644 eis

195 5686 513 5753 temporibus,
548 5687 741 5757 plures
789 5700 914 5739 cum
959 5684 1024 5741 ex
1074 5686 1355 5759 apostolis,
1389 5690 1500 5745 tum
1531 5707 1594 5747 ex
1638 5692 1735 5756 iis,

479 5783 755 5841 Pn‘nOL.
800 5779 919 5839 Gn.
957 5778 1005 5838 l.

1835 5683 2230 5756 exspectatum,
2264 5678 2537 5750 Messium,
2570 5680 2868 5755 verumque
2899 5679 3089 5738 l‘eum.
3117 5686 3171 5733 et
3217 5675 3396 5735 Patris

3009 5776 3041 5833 1
