3870 6432
468 370 527 431 il
1654 368 1738 424 DF
1778 362 2037 423 OMNIBU
2050 360 2086 417 S
2120 364 2518 421 GENERATIM
3627 372 3694 427 η

462 489 649 545 aeterni
691 482 924 557 Filium;
974 504 1105 546 tunc
1136 505 1265 546 vero
1293 491 1576 562 completa,
1616 503 1735 558 quae
1776 487 1843 542 dc
1874 486 1964 541 illo
1994 498 2025 537 a
2052 483 2102 542 Δ
2130 492 2370 551 peccata,
2402 483 2486 537 vel
2518 487 3066 559 nascentes,‘jsmqne
3088 488 3357 545 irruentes
3382 486 3583 543 abusus
3603 501 3697 541 ca-

460 583 738 653 propbetis
784 574 1141 655 praenuntiata
1172 583 1406 646 fuerant,
1434 583 1685 649 oracula;
1732 596 1795 635 ac
1828 581 2027 652 Moysis
2132 576 2419 645 stigatione
2443 584 2668 646 paterna
2699 577 3054 641 coercebant,
3083 582 3557 653 corrigebantque.
3588 580 3695 635 Alii

461 676 653 746 legem,
684 677 1055 744 ceremonias,
1088 685 1143 733 et
1186 675 1454 734 sacrificia
1501 673 1569 727 ab
1614 688 1680 729 eo
1724 672 1893 727 fuisse
1942 686 2027 725 re-
2129 665 2362 734 denique
2390 680 2457 719 ne
2483 665 2844 736 simplicioves
2870 664 3229 735 quorumdam
3250 671 3416 724 animi
3447 684 3697 725 corrum-

455 768 632 821 δείδω
654 775 708 821 ει
733 768 1010 840 ειποεειδ,
2130 763 2411 825 pcrentur,
2445 756 2501 809 in
2541 770 2824 827 perverSas
2854 756 3153 820 doctrinas,
3187 771 3508 831 erroresque
3537 758 3697 817 nefa.

529 867 766 940 Paganis
796 878 977 924 autem
1009 878 1062 925 et
1086 868 1353 923 idolorum
1385 867 1689 923 cultoribus
1721 866 1871 921 ibant
1900 880 1990 936 per

2129 847 2260 909 rios,
2288 862 2351 901 ac
2386 855 2673 902 nascentes
2698 845 2934 901 haereses
2966 847 3167 917 stylum
3198 855 3499 902 verterunt.

456 976 682 1015 suasum
708 960 825 1016 fieri
845 977 952 1017 non
975 976 1157 1032 posse,
1185 969 1243 1015 ut
1268 961 1453 1032 plures
1478 960 1586 1016 sint
1610 960 1707 1025 dii,
1741 958 1835 1015 sed
1854 966 2020 1013 unum
2600 993 2609 1004 .
2741 959 2970 1016 CAPUT
3012 960 3098 1015 lli.

455 1053 835 1144 ιθηιυηπηοιίο
883 1068 1005 1108 esse
1051 1052 1221 1144 De?!“
1273 1053 1396 1108 εαξη
1426 1061 1478 1109 εί
1510 1061 2021 1144 “iniuriarum?”
2128 1072 2199 1128 De
2227 1074 2482 1127 Itwresum
2512 1074 2671 1143 primi
2702 1074 2883 1129 swculi
2913 1085 3052 1136 ortu,
3089 1091 3391 1144 progressu,
3428 1084 3478 1129 et
3510 1077 3698 1131 interi-

456 1143 701 1199 omnium
739 1149 1082 1210 creatorem;
1125 1141 1404 1217 Christum
1448 1158 1579 1198 vero
1624 1141 1845 1197 unicum
1899 1140 2019 1209 ejus
2194 1140 2581 1227 tu..earzimq'ae
2598 1140 3099 1227 expugnatoribusf
3128 1140 3447 1213 ac'primum
3477 1146 3541 1202 de
3586 1148 3696 1203 Ita:-

453 1251 577 1291 esse
601 1234 821 1303 Filium,
862 1236 937 1289 ita
961 1251 991 1290 a
1021 1233 1181 1290 Patre
1211 1215 1473 1306 genitum,
1510 1242 1568 1290 ut
1596 1249 1738 1289 unus
1769 1232 2019 1302 idemque
2190 1214 2296 1267 νθδί
2325 1213 2559 1268 Simon“
2588 1213 2757 1283 Μαθί-

452 1342 574 1380 cum
613 1342 677 1382 eo
706 1327 776 1381 sit
808 1324 970 1381 Deus.
1000 1325 1180 1393 lianc,
1211 1336 1271 1380 ut
1301 1326 1549 1381 homines
1577 1324 1891 1389 redimeret,
1912 1323 2016 1376 hu-

452 1433 668 1472 manam
715 1419 1078 1487 assumpsisse
1121 1420 1684 1492 carnem,ipsumque,
1704 1431 1813 1486 quo
1843 1416 2014 1486 magis
2115 1420 2199 1474 dei
2218 1420 2731 1489 assertoresabipso
2756 1418 2980 1475 orientis
2995 1418 3249 1473 Ecclesiae
3287 1418 3522 1473 initioex
3544 1421 3690 1477 erebi

452 1506 710 1561 falsorum
758 1507 1040 1561 numinum
1072 1508 1250 1562 cultus
1298 1506 1537 1563 infandis
1573 1507 1872 1562 sceleribus
1907 1508 2011 1561 ob-
2115 1504 2369 1565 faucibus
2413 1518 2758 1566 emerserunt
2803 1507 3072 1579 stupenda
3112 1509 3388 1563 variarum
3424 1508 3691 1565 haeresum

447 1596 913 1667 scenitatibusque
945 1596 1325 1652 abominandis
1356 1603 1474 1651 crat
1503 1603 1923 1667 conspurcatus,
1945 1611 2011 1651 eo
2110 1606 2355 1654 monstra
2383 1617 2397 1653 :
2424 1606 2587 1669 atque
2618 1607 2677 1653 ut
2706 1599 3005 1668 prudenter
3035 1605 3218 1653 monet
3250 1596 3623 1655 Theodoretus
3642 1600 3688 1653 ':

448 1691 698 1760 puriorcs
726 1691 1135 1760 sanctioresque
1178 1698 1232 1744 et
1272 1694 1393 1744 vitae
1420 1689 1769 1744 instituendae
1796 1696 1850 1743 et
1877 1687 2009 1742 ado—
2109 1689 2241 1747 Cum
2267 1690 2510 1746 diabolus
2524 1690 2791 1746 hominum
2804 1692 3082 1762 perniciem
3100 1691 3290 1753 sitiret,
3311 1707 3412 1745 non
3426 1704 3695 1761 exspecta-

444 1783 630 1837 randa:
650 1782 952 1837 divinitatis
985 1782 1128 1852 leges
1157 1780 1469 1835 hominibus
1495 1777 2006 1835 constituisse.Por-
2035 1819 2080 1879 Β
2108 1775 2276 1845 vit,ut
2291 1781 2645 1849 apostolorum
2658 1780 2963 1851 praedicatio
2978 1781 3333 1845 incalesceret;
3351 1780 3442 1834 sed
3453 1797 3570 1834 cum
3582 1782 3693 1851 pri—

444 1890 507 1930 ro
554 1883 733 1930 autem
781 1874 885 1929 etsi
914 1872 1167 1928 Christus
1209 1872 1278 1927 ab
1322 1871 1503 1941 impiis
1530 1869 2006 1941 perduellibusque
2035 1869 2077 1879 ”
2107 1873 2549 1928 mumitliterram
2562 1874 3038 1943 colere,etpietatis
3055 1876 3259 1929 semina
3274 1891 3516 1945 spargere
3529 1892 3694 1946 crepo-

360 1976 361 1979 ‘
440 1965 644 2023 Iudaeis
675 1965 837 2021 morti
881 1964 1046 2020 fuerit
1076 1964 1310 2019 traditus
1330 2005 1345 2030 ,
1377 1963 1670 2033 scriptores
1700 1971 1880 2018 tamen
1908 1977 2007 2017 no-
2103 1972 2250 2029 runt,
2289 1963 2591 2017 hicinterim
2608 1964 3127 2029 seminavitzizania,
3147 1964 3600 2022 idestschismata
3635 1976 3692 2023 et

2186 1327 2384 1382 Verum
2420 1328 2697 1382 enimvero
2733 1326 2995 1382 adversus
3028 1326 3245 1382 divinos
3273 1325 3596 1383 Christiana:
3627 1328 3693 1383 fi-

440 2058 537 2113 stri
588 2057 1021 2113 luculentissima
1066 2056 1424 2113 ostendebant
1478 2055 1625 2110 illius
1668 2054 2005 2110 divinitatem

438 2150 762 2214 innumeris,
787 2165 909 2222 qua:
935 2149 1052 2221 ipse
1076 2148 1341 2214 ediderat,
1372 2162 1600 2219 quaeque
1627 2147 1747 2219 ipso
1775 2162 2005 2203 nascen-

438 2250 512 2304 te,
545 2241 829 2306 moriente,
869 2249 1033 2311 atque
1061 2255 1092 2294 a
1120 2240 1350 2296 mortuis
1398 2247 1717 2311 resurgente
1761 2239 2005 2309 contige-

435 2340 579 2397 rant,
613 2331 891 2388 miraculis
925 2332 1093 2387 fuisse
1113 2347 1370 2402 perquam
1396 2332 1754 2388 invictissime
1775 2331 2002 2387 demon-

435 2430 683 2479 stratam.
720 2422 817 2480 His
861 2422 1134 2478 addebant
1180 2439 1282 2479 nos
1330 2431 1454 2495 post
1488 2425 1666 2495 ipsum
1708 2437 1738 2476 a
1770 2422 2003 2478 mortuis

434 2515 727 2586 aliquando
754 2530 880 2572 esse
922 2515 1291 2579 suscitandos,
1325 2531 1390 2571 ac
1418 2516 1719 2571 secundum
1749 2516 1873 2571 vitae
1902 2530 2003 2570 no-

433 2616 561 2662 stra:
605 2622 770 2677 opera
819 2614 914 2663 aut
956 2606 1244 2676 suppliciis
1293 2608 1513 2664 aeternis
1542 2607 1873 2673 alliciendos,
1908 2614 2001 2661 aut

432 2700 764 2771 sempiterna
794 2696 1081 2754 donandos
1111 2697 1385 2754 felicitate.
1420 2698 1591 2765 Quam
1634 2699 1855 2770 quidem
1903 2698 2001 2753 du-

429 2790 663 2844 ctrinam
695 2787 998 2854 miraculis,
1034 2803 1062 2841 a
1094 2803 1153 2844 se
1173 2803 1389 2859 quoque
1417 2788 1579 2845 editis
1602 2788 1997 2857 conﬁrmatam,

431 2883 553 2939 fuso
576 2880 841 2953 sanguine
870 2881 1189 2952 plerumque
1215 2881 1642 2953 consignabant.

499 2979 652 3046 Quos
698 2977 918 3033 tandem
968 2976 1037 3030 ad
1070 2977 1435 3033 Christianam
1466 2977 1626 3034 fidem
1655 2993 1848 3034 recens
1901 2981 2001 3033 ad—

429 3070 729 3134 duxerant,
758 3069 860 3124 hos
890 3069 1081 3140 primis
1111 3084 1264 3125 nova:
1305 3069 1439 3141 legis
1464 3070 1750 3141 praeceptis
1776 3070 1995 3127 erudie-

2102 2054 2357 2111 htereses.
2391 2053 2596 2111 Contra
2630 2055 2746 2111 haec
2774 2057 3074 2112 errantium
3103 2057 3386 2113 hominum
3414 2066 3687 2128 portenta,

2100 2164 2222 2220 quae
2248 2163 2356 2204 non
2387 2150 2588 2213 minus,
2620 2164 2780 2220 quam
2807 2158 3208 2220 persecutores,
3236 2152 3458 2207 crudele
3484 2162 3540 2208 et
3568 2156 3691 2210 exi-

2102 2240 2304 2295 tiosum
2335 2238 2594 2295 Ecclesia:
2624 2238 2827 2295 bellum
2858 2240 3186 2306 intulerunt,
3216 2242 3543 2312 quandoque
3584 2259 3687 2313 pa»

2101 2331 2207 2386 lam
2242 2337 2297 2386 et
2326 2338 2532 2402 aperte,
2563 2330 2891 2401 quandoque
2921 2331 3145 2396 tectius,
3190 2340 3244 2387 et
3274 2334 3547 2388 occultius
3589 2335 3687 2391 dea-

2100 2430 2380 2479 certarunt
2430 2422 2729 2493 scriptores
2776 2422 2973 2480 nostri.
3006 2421 3347 2494 Quapropter
3386 2434 3448 2481 ut
3491 2442 3683 2482 eorum

2099 2513 2325 2584 scripta,
2359 2512 2562 2583 quibus
2612 2511 2847 2568 haereses
2877 2511 3012 2567 satis
3065 2512 3296 2569 obscure
3323 2515 3504 2571 verbis
3546 2532 3683 2571 non.

2099 2619 2378 2675 nunquam
2408 2603 2823 2659 obscurioribus
2852 2602 3263 2674 impugnantur,
3296 2605 3514 2663 facilius
3546 2624 3680 2679 pose

2100 2696 2212 2753 sint
2254 2694 2504 2766 intelligi,
2547 2694 2859 2751 earumdem
2888 2694 3169 2751 haeresedbv
3215 2702 3389 2760 ortus,
3426 2714 3673 2771 progres—

2098 2801 2196 2842 sus
2242 2794 2297 2842 et
2326 2785 2579 2841 interitus
2610 2784 2866 2851 breviter,
2899 2785 2994 2841 sed
3025 2785 3172 2841 clare
3197 2792 3251 2839 et
3297 2796 3553 2845 accurate
3581 2806 3680 2845 exs

2097 2876 2335 2948 plicandi
2368 2883 2518 2934 sunt.

2175 2991 2367 3047 Simon
2389 2990 2579 3061 Magus
2607 2988 2838 3060 primam
2860 2988 3380 3055 interChristianos,
3447 3000 3508 3046 ut
3562 2993 3676 3049 [rea

2097 3085 2304 3148 naeus”,
2348 3081 2619 3137 Eusebius
2650 3080 2694 3145 ⁸,
2726 3080 3062 3151 Epiphanius
3099 3081 3121 3113 ⁸
3155 3088 3211 3137 et
3242 3081 3618 3141 Theodoretus
3647 3087 3670 3118 '

428 3164 594 3229 bant,
627 3160 1109 3231 informabantque
1155 3176 1261 3233 qua
1312 3163 1527 3218 ratione
1555 3170 1680 3233 post
1723 3163 1990 3234 abjectam

2097 3184 2420 3244 memorant,
2474 3176 2726 3233 haeresim
2756 3178 3102 3247 excogitavit,
3139 3177 3667 3252 disseminavitque:

424 3255 735 3310 Judworum
784 3269 1188 3328 paganorumve
1236 3255 1550 3327 religionem
1595 3258 1686 3313 uni
1715 3257 1825 3315 Deo
1871 3275 1994 3315 ser-

425 3347 702 3403 viendum.
736 3344 875 3401 Tum
902 3346 1101 3403 deinde
1143 3362 1238 3403 eos
1285 3347 1555 3404 docebant
1600 3350 1731 3420 quid
1760 3352 1994 3422 singulis

424 3439 734 3510 quibusque
761 3445 909 3495 esset
938 3438 1302 3509 praestandum
1324 3478 1340 3505 ,
1378 3446 1437 3493 ut
1464 3441 1789 3510 genitalibus
1818 3442 1995 3512 bapti-

424 3528 529 3584 smi
563 3529 725 3585 undis
751 3528 971 3584 Christo
1001 3530 1332 3600 consepulti,
1374 3538 1427 3585 ct
1452 3547 1575 3586 cum
1607 3547 1673 3587 eo
1701 3548 1993 3604 resurgen-

426 3629 530 3686 tes,
570 3636 709 3677 nova
756 3624 947 3693 gratiae
990 3623 1124 3686 vita,
1157 3624 1396 3693 peccatis
1422 3624 1658 3694 amplius
1687 3642 1796 3681 non
1824 3628 1992 3683 mori-

424 3714 556 3780 turi,
587 3720 1026 3770 renascerentur.
1049 3713 1180 3770 Post
1209 3723 1523 3786 susceptum
1547 3716 1744 3773 divina:
1766 3734 1992 3790 regene-

426 3806 657 3862 rationis
678 3814 1104 3871 sacramentum,
1130 3808 1425 3863 secretiora
1456 3807 1576 3863 fidei
1600 3816 1800 3866 nostrae
1829 3810 1989 3884 adyta

419 3899 502 3953 eis
547 3900 866 3954 reserabant
912 3898 1063 3953 clara
1105 3905 1158 3953 et
1206 3905 1462 3953 accurata
1488 3913 1678 3955 eorum
1712 3902 1986 3968 omnium,

420 4004 541 4060 quae
580 3990 717 4046 alios
747 3989 1018 4054 celabant,
1048 4004 1173 4044 cum
1205 3991 1587 4062 mysteriorum
1618 3991 1904 4049 Trinitatis
1934 4001 1990 4049 et

418 4082 844 4149 Incarnationis,
897 4089 1012 4138 tum
1065 4094 1533 4139 sacramentorum
1580 4098 1646 4140 ac
1685 4087 1986 4155 prarsertim

419 4174 776 4229 Eucharistite
804 4173 1165 4244 expositione.
1201 4172 1262 4229 in
1288 4175 1481 4245 primis
1509 4184 1688 4232 autem
1710 4177 1834 4234 illos
1858 4178 1989 4235 hor-

420 4262 695 4328 labantur,
726 4270 785 4316 ut
815 4263 870 4317 in
897 4262 1097 4318 tradita
1119 4262 1222 4319 fide
1243 4272 1558 4322 constantes
1580 4279 1982 4337 permanerent,

416 4367 482 4409 ac
534 4367 634 4424 pro
687 4367 750 4409 ea
792 4352 992 4409 tuenda
1035 4354 1289 4423 quaelibet
1319 4353 1620 4425 perferrent
1643 4372 1841 4429 genera
1870 4369 1986 4413 tor-

416 4457 746 4504 mentorum.

485 4550 696 4618 Quibus
728 4564 859 4605 sane
887 4551 1178 4607 tormentis
1214 4552 1260 4608 si
1288 4552 1397 4606 vita
1437 4552 1516 4608 eis
1559 4553 1878 4622 eriperetur,
1902 4553 1979 4608 'id

411 4641 663 4697 nonnulli
708 4640 908 4697 litteris
952 4643 1305 4700 mandabant.
1340 4641 1663 4699 Scribebant
1707 4661 1836 4701 vero
1885 4647 1979 4703 alii

416 4734 644 4787 aliorum
678 4731 877 4787 virtute
906 4741 959 4788 et
989 4734 1181 4789 merito
1204 4734 1644 4805 prae'Stantiorum
1669 4736 1975 4804 historiam,

417 4824 631 4885 itinera,
682 4824 949 4893 pericula,
994 4824 1246 4889 labores,
1298 4826 1619 4890 certamina,
1668 4829 1977 4898 passiones,

417 4916 701 4985 supplicia,
719 4924 775 4972 et
797 4918 980 4972 omnia
1005 4932 1197 4972 eorum
1228 4918 1470 4990 martyrii
1504 4926 1644 4974 acta.
1669 4918 1776 4973 Alii
1804 4926 1979 4975 statu-

413 5017 469 5063 ta
499 5016 551 5065 et
569 5024 826 5074 canones,
858 5010 927 5064 ab
955 5009 1216 5081 apostolis
1241 5024 1537 5081 eorumque
1567 5011 1979 5068 successoribus

415 5103 480 5156 ad
509 5102 772 5157 doctrinae
801 5102 1241 5173 explicationem,
1275 5101 1826 5175 informationemque
1859 5119 1977 5159 mo-

414 5209 532 5249 rum
562 5195 793 5259 sancita,
822 5196 1047 5267 scriptis
1072 5194 1392 5263 tradebant;
1423 5196 1515 5250 alii
1544 5196 1687 5255 datis
1710 5198 1778 5253 ad
1806 5211 1976 5268 quos-

412 5288 536 5342 dam
566 5286 932 5352 Christianos,
965 5298 1061 5343 aut
1089 5286 1401 5358 episcopos,
1422 5294 1516 5341 aut
1539 5284 1808 5343 Ecclesias
1828 5288 1976 5344 litte-

412 5380 510 5441 ris,
542 5379 665 5434 illos
699 5378 1065 5433 accendebant
1097 5376 1163 5431 ad
1186 5385 1538 5449 tyrannorum
1570 5380 1975 5448 persecutiones

408 5468 804 5538 patientissime
846 5466 1188 5536 tolerandas;
1215 5467 1300 5523 vel
1327 5468 1575 5540 graviora
1605 5470 1968 5538 quorumdam

2010 4502 2057 4557 ι)

2102 3266 2170 3322 Ut
2224 3268 2451 3339 magnis,
2499 3267 2677 3337 inquit
2752 3266 3025 3323 Eusebius
3057 3268 3116 3333 ⁸,
3165 3278 3215 3322 et
3261 3271 3671 3328 admirabilibus

2096 3359 2392 3415 Servatoris
2432 3360 2599 3413 nostri
2632 3360 2886 3428 apostolis
2914 3375 3014 3428 par
3043 3360 3384 3415 adversarius
3413 3365 3672 3418 consiste»

2097 3462 2201 3508 ret.
2234 3450 2352 3518 Qua
2382 3466 2511 3523 ergo
2534 3452 2746 3507 ratione
2774 3451 3027 3507 Clemens
3055 3450 3455 3509 Alexandrinus
3475 3454 3498 3487 ⁷
3525 3454 3669 3512 hanc

2094 3542 2347 3598 haeresim
2384 3557 2493 3598 non
2532 3550 2658 3598 ante
2686 3542 2930 3597 adultum
2958 3543 3221 3598 saeculum
3256 3545 3580 3611 secundum,
3611 3556 3669 3602 et

2095 3631 2389 3687 Marcionis
2414 3638 2637 3687 aetatem
2664 3640 2846 3687 ortum
2888 3632 3147 3690 habuisse
3187 3635 3406 3699 dixerit,
3439 3639 3666 3692 omnino

2094 3738 2205 3778 non
2238 3722 2505 3779 videmus.
2539 3721 2648 3779 Sed
2685 3722 2752 3779 de
2793 3724 2896 3779 hac
2924 3723 3220 3781 Clementis
3248 3726 3505 3797 opinione
3532 3728 3665 3785 alibi

2094 3815 2486 3885 disputabitur.

2161 3905 2212 3961 ls
2258 3921 2420 3979 porro
2468 3906 2657 3962 Simon
2692 3905 2884 3979 Gythis
2918 3909 3040 3965 vico
3070 3909 3330 3966 Samariae
3370 3912 3661 3976 oriundus,

2088 3998 2245 4070 plura
2279 4014 2399 4070 qum
2447 3999 2727 4055 miraculis
2757 4006 2812 4054 et
2853 3999 3120 4070 prodigiis
3182 4002 3407 4056 omnino
3455 4002 3659 4057 similia

2088 4093 2435 4158 videbantur,
2477 4092 2704 4162 magicis
2732 4092 2939 4146 artibus
2971 4092 3239 4161 patrabat.
3275 4092 3379 4148 Sed
3412 4105 3533 4163 post
3562 4110 3662 4149 ex-

2088 4188 2348 4242 stinctum
2376 4183 3015 4258 martyrio‘Stephanum,
3048 4184 3332 4255 Philippus
3350 4184 3657 4243 Samariam

2085 4276 2352 4347 evangelii
2391 4275 2722 4347 praedicandi
2750 4275 2925 4346 gratia
2954 4291 3013 4330 se
3052 4277 3303 4340 contulit,
3332 4277 3514 4348 ibique
3542 4293 3656 4334 non

2088 4369 2248 4431 falsa,
2282 4378 2340 4423 ut
2371 4366 2617 4431 Simon“,
2650 4365 2745 4421 sed
2776 4381 2902 4421 vera
2934 4365 3104 4420 edidit
3136 4366 3418 4421 miracula.
3442 4367 3655 4432 Quibus

2089 4462 2157 4517 ab
2176 4462 2365 4518 eodem
2425 4457 2647 4514 Simone
2688 4456 2841 4528 Mago
2879 4457 3138 4528 cognitis,
3166 4457 3531 4512 Christianam
3564 4474 3655 4514 re-

2086 4552 2346 4624 ligionem
2379 4550 2469 4605 ille
2498 4549 2781 4621 professus
2817 4554 2924 4615 est,
2952 4548 3058 4614 vel,
3086 4558 3146 4603 ut
3181 4549 3258 4602 ait
3304 4547 3573 4603 Eusebius
3604 4548 3649 4613 ⁸,

2084 4643 2361 4698 simulavit
2388 4656 2449 4695 se
2477 4638 2743 4710 profiteri.
2770 4639 2908 4694 Cum
2931 4653 3061 4694 vero
3089 4638 3142 4692 in
3162 4638 3463 4708 baptizatos
3493 4652 3651 4693 sacra

2080 4734 2228 4792 Petri
2280 4741 2333 4790 et
2385 4731 2612 4788 Joannis
2664 4747 2925 4786 manuum
2972 4731 3324 4801 impositione
3382 4728 3650 4801 Spiritum

2087 4835 2363 4891 sanctum,
2393 4824 2648 4880 omnibus
2671 4824 2832 4894 plane
2860 4823 3269 4892 aspectabilem,
3316 4820 3651 4877 descendere

2082 4917 2485 4989 conspexisset,
2533 4914 2818 4984 pecuniam
2872 4912 3068 4968 iisdem
3103 4913 3364 4984 apostolis
3405 4911 3647 4977 obtulit,

2076 5018 2137 5067 ut
2169 5009 2419 5066 eumdem
2445 5006 2707 5077 Spiritum
2729 5016 2979 5060 sanctum
3011 5005 3067 5059 in
3094 5005 3230 5060 alios
3254 5001 3650 5058 transfunden-

2078 5103 2132 5159 di
2160 5102 2264 5159 sibi
2296 5100 2539 5156 facerent
2564 5104 2908 5169 potestatem.
2940 5095 3145 5151 Verum
3179 5095 3281 5148 hac
3309 5094 3473 5164 impia
3496 5093 3650 5148 obla~

2073 5195 2224 5252 tione
2278 5195 2347 5249 ab
2387 5191 2650 5264 apostolis
2710 5190 2824 5245 acri
2877 5200 3203 5259 magnoque,
3246 5185 3321 5240 uti
3354 5200 3453 5256 par
3481 5196 3601 5241 erat
3625 5223 3643 5250 ,

2075 5286 2261 5341 animo
2281 5282 2571 5339 confestim
2599 5280 2822 5351 reiecta,
2857 5278 3045 5333 Simon
3094 5278 3150 5331 in
3200 5291 3295 5332 eos
3335 5276 3649 5332 debaccha-

2071 5385 2184 5440 tus,
2242 5389 2464 5431 rursum
2511 5371 2741 5443 magicis
2804 5370 3033 5432 artibus,
3087 5368 3471 5439 erroribusque
3523 5368 3643 5422 suis

2078 5464 2399 5541 spargendis
2427 5479 2492 5521 eo
2520 5461 2965 5535 perniciosiorem
2996 5459 3145 5515 dedit
3171 5473 3415 5530 operam,
3447 5473 3556 5529 quo
3577 5474 3640 5513 ea

480 5667 947 5743 »‘_Pr:cfat._lib._t
992 5666 1188 5726 lim-et.
1237 5670 1370 5729 Fab.
1448 5668 1612 5743 ’Lib.
1649 5675 1899 5730 tadvers.
1934 5674 2138 5733 Hrrres.
2184 5688 2304 5743 cap.
2345 5673 2435 5728 20.
2475 5670 2532 5743 _’
2570 5668 2712 5721 Hist.
2744 5666 2916 5743 liba"
2941 5681 3062 5736 cap.
3111 5666 3198 5720 15.
3274 5665 3294 5696 ⁸
3326 5660 3627 5743 litarem}!

409 5740 658 5816 'ilrrret.
724 5739 859 5795 Fab.
901 5740 995 5797 lib.
1060 5757 1097 5807 ι,
1129 5758 1250 5813 cap.
1287 5744 1337 5799 l.
1412 5742 1572 5800 'Lib.
1602 5760 1639 5799 ιι
1674 5746 1817 5801 Hist.
1858 5761 1980 5816 cap.
2005 5747 2093 5801 14.
2168 5748 2187 5777 ⁷
2220 5739 2338 5799 Lib.
2369 5740 2717 5798 vuStromat.
2794 5739 2953 5795 Ἀρι.
2980 5753 3097 5805 vin,
3120 5752 3172 5791 Ix
3201 5745 3254 5792 et
3283 5751 3399 5807 seq.

411 5814 489 5868 cis
533 5815 681 5868 citat.

3493 5734 3636 5789 9L0,
