3832 6278
184 312 339 378 19

1162 292 1343 352 Ριιιιιι
1382 292 1754 354 ECCLESIE
1794 297 2059 354 SIE-SULI
2100 298 2602 354 SCRIPTORIBUS.
3415 304 3480 358 ιι

174 405 453 490 Maia
473 405 577 459 ﬁcta
600 402 896 459 Christiani
934 406 1197 460 nominis
1224 402 1399 474 specie
1426 406 1699 463 audacius
1730 424 1851 462 ven-
1886 416 1929 469 Α
1954 412 2256 476 periculum,
2292 411 2425 481 quod
2462 411 2746 465 Christiani
2794 413 3108 468 docebantur
3137 426 3477 485 contemnere,

181 526 245 577 ὧ
304 496 491 553 αδδιδι.

359 581 449 646 Qui
474 593 632 638 autem
656 583 853 636 fuerint
878 577 1148 640 Simonis
1178 599 1388 640 errores
1434 587 1502 640 ab
1536 590 1855 657 antiquissi-

213 672 393 745 més
413 674 634 730 Pan-ibus
665 671 867 725 disces.
922 670 1191 729 Primum
1242 678 1383 730 enim
1426 691 1491 730 ex
1528 677 1851 732 Theodoreti

260 769 646 842 “theatrum
670 762 1001 816 testimonio
1027 764 1076 795 ¹⁶
1108 785 1123 820 :
1149 766 1340 820 Docuit
1363 768 1695 835 semetipsum
1721 784 1849 832 esse,

309 861 404 928 συί
423 862 536 904 mter
559 849 773 903 Iuda-os
799 852 1048 920 quidem,
1082 857 1241 925 quasi
1285 853 1456 908 Filius
1512 857 1850 924 apparuerit;

283 949 357 994 :‘n
383 941 594 995 Samaria
619 948 796 991 autem
816 970 836 1005 ν
862 943 1029 1010 quasi
1060 943 1226 997 Pater
1253 942 1595 1007 descenderit,
1625 954 1671 997 et
1695 946 1748 996 in
1778 960 1853 996 re-

283 1030 442 1097 liquis
457 1045 558 1081 vero
581 1026 850 1096 gentibus,
893 1030 1058 1096 quasi
1089 1029 1325 1092 Spiritus
1352 1039 1572 1081 sanctus
1594 1067 1609 1091 ,
1658 1026 1846 1081 adven-

276 1120 429 1170 :arit.
476 1118 648 1187 Neque
677 1118 770 1171 his
813 1128 1098 1187 repugnat
1133 1120 1190 1172 in
1223 1134 1363 1172 nova
1392 1119 1627 1172 editione
1668 1133 1851 1172 emen-

270 1209 408 1261 data
430 1207 701 1278 Augustini
740 1211 1006 1262 narratio
1040 1210 1106 1263 ιι.

356 1300 586 1354 Secundo
621 1300 796 1354 iidem
840 1299 1065 1362 Patres,
1092 1316 1193 1355 nec
1217 1317 1325 1354 non
1354 1294 1697 1366 Philastrius,
1734 1309 1845 1353 tra-

250 1385 404 1441 dunt
450 1387 725 1441 Simonem
783 1388 896 1441 sibi
929 1390 1222 1456 copulasse
1270 1389 1523 1443 Helenam
1568 1404 1662 1443 seu
1709 1386 1846 1442 Sile-

234 1490 385 1530 nem
416 1498 432 1533 :
462 1479 595 1549 Qut:
646 1462 811 1532 initio
850 1479 1090 1549 quidem,
1127 1479 1288 1532 verba
1338 1491 1463 1532 sunt
1517 1478 1732 1531 Eusebii
1765 1479 1842 1539 ",

219 1567 398 1630 apud
454 1548 657 1637 Tyrum
725 1548 921 1623 urbem
983 1568 1254 1621 Phoenices
1324 1567 1523 1635 publice
1578 1568 1631 1618 in
1698 1559 1846 1632 lupa-

202 1657 373 1707 nari
421 1659 769 1723 prostiterat.
813 1657 968 1712 Idem
1002 1658 1211 1721 Simon,
1244 1664 1381 1711 teste
1425 1655 1645 1717 lrenam,
1700 1655 1844 1708 dice-

188 1744 321 1797 ωε
376 1767 390 1799 :
420 1747 584 1801 Hanc
617 1765 754 1801 esse
780 1750 1021 1816 primam
1066 1749 1252 1801 mentis
1288 1747 1399 1814 ejus
1430 1744 1839 1812 conceptionem,

180 1844 471 1887 matrem
525 1838 807 1902 omnium,
844 1851 943 1904 per
991 1852 1148 1905 quam
1176 1836 1329 1888 initio
1365 1836 1589 1901 concepit
1639 1833 1843 1903 angelos

159 1924 418 1990 facere
446 1933 499 1977 et
534 1923 1028 1993 archangelos.....
1087 1937 1120 1973 a
1169 1920 1354 1989 quibus
1382 1929 1430 1971 et
1460 1918 1704 1970 mundum
1731 1918 1845 1986 fac-

153 2025 347 2071 tam
372 2028 498 2067 esse
521 2013 689 2066 dixit.
723 2012 904 2065 Addit
938 2011 1311 2080 Epiphanius:
1346 2008 1411 2063 Se
1445 2025 1700 2062 summam
1737 2024 1845 2061 esse

362 2101 501 2168 vim,
533 2110 786 2155 scortum
822 2116 947 2154 vero
973 2115 1125 2153 suum
1162 2098 1417 2165 Spiritum
1448 2113 1556 2150 esse
1605 2105 1843 2150 sanctum

149 2185 516 2277 ﬁ(fruare
548 2208 729 2245 ausus
758 2199 845 2243 est
875 2204 895 2251 ;
939 2196 1103 2256 atque
1131 2202 1250 2241 eam
1289 2187 1461 2255 ipsam
1489 2200 1607 2239 esse
1630 2194 1838 2253 propter

202 2275 286 2356 ᾗχι
321 2296 444 2344 om,
491 2291 552 2335 ut
584 2280 855 2349 loquitur
887 2278 1149 2343 lrenams,
1185 2275 1472 2339 Troianum
1522 2285 1844 2327 contractum

261 2372 575 2427 estbellum.
612 2371 769 2425 Hinc
822 2368 1088 2423 ridiculas
1140 2367 1420 2434 anilesque
1449 2367 1659 2420 fabulas
1689 2380 1839 2419 com-

258 2470 487 2526 mentus,
519 2459 906 2516 asseverabat
959 2471 1091 2511 eos:
1139 2456 1242 2520 Qui
1281 2456 1338 2508 in
1364 2471 1478 2508 eum
1519 2464 1565 2507 et
1600 2454 1653 2507 in
1686 2454 1843 2509 Hele-

256 2567 377 2603 nam
402 2568 543 2619 spem
573 2548 935 2603 habebant...
970 2546 1253 2601 secundum
1280 2546 1445 2623 ipsius
1475 2545 1694 2613 gratiam
1740 2545 1843 2598 sal-

253 2642 370 2691 vari
388 2618 433 2694 et
458 2658 570 2693 non
591 2637 908 2693 secundum
934 2651 1120 2704 operas
1135 2618 1517 2702 justas."Quod
1545 2640 1693 2686 certe
1725 2646 1842 2684 sec-

250 2732 522 2784 tatoribus
559 2730 688 2783 suis
720 2727 813 2781 sic
843 2727 935 2779 ille
964 2725 1179 2777 tandem
1208 2728 1588 2791 persuaserat,
1620 2727 1679 2774 ut
1706 2721 1841 2772 ima-

244 2818 422 2885 ginem
442 2821 569 2887 ejus
601 2818 674 2871 ad
698 2817 938 2887 ﬁguram
956 2814 1128 2875 iovis,
1156 2812 1366 2867 Helenae
1389 2825 1513 2866 vero
1538 2810 1601 2863 ad
1623 2809 1842 2880 ﬁguram

247 2905 510 2961 Xinervze
568 2905 747 2974 proni
792 2909 1211 2966 venerarentur,
1241 2900 1455 2954 easdem
1504 2898 1839 2963 suffimentis,

238 2998 545 3052 sacriﬁciis
568 3012 637 3050 ac
662 2992 1042 3049 libationibus
1066 2992 1243 3045 colere
1268 3006 1373 3043 non
1405 3000 1665 3044 verentes.

314 3087 516 3142 Simon
560 3094 874 3155 praeterea,
935 3089 1162 3135 auctore
1222 3079 1565 3147 Epiphanio:
1611 3077 1842 3132 Nomina

226 3178 497 3243 quaedam
546 3174 969 3243 principatuum
1009 3179 1059 3223 et
1082 3174 1396 3237 potestatum
1423 3179 1733 3222 commentus
1770 3178 1845 3221 est

223 3267 590 3335 (mlestesque
618 3248 819 3334 globos
866 3262 1138 3314 varios....
1171 3268 1405 3312 nostrum
1432 3270 1586 3325 porro
1612 3259 1705 3311 hoc
1753 3274 1847 3312 sa:-

212 3356 423 3408 culum
458 3356 529 3408 ab
560 3354 828 3422 nequitia:
881 3349 1263 3416 principatibus
1291 3357 1339 3401 et
1370 3348 1704 3415 potestatibus
1731 3364 1845 3400 cum

206 3442 456 3508 defectu
486 3444 791 3497 conditum.
821 3437 895 3493 Se
917 3453 1070 3502 vero,
1091 3447 1148 3491 ut
1174 3437 1441 3493 subnectit
1464 3436 1711 3502 lrenseus,
1730 3452 1846 3489 cum

200 3530 557 3586 hominibus
587 3537 973 3585 conversatum
1021 3525 1214 3590 aiebat,
1244 3541 1361 3577 cum
1388 3541 1487 3577 non
1515 3533 1645 3577 esset
1672 3523 1843 3586 homo;

192 3630 255 3673 cf
288 3640 550 3700 passum
571 3663 588 3688 ,
614 3638 742 3675 cum
775 3636 883 3671 non
918 3624 1055 3671 esset
1077 3632 1283 3684 passus.

292 3713 573 3768 Docebat
603 3715 845 3780 insuper
873 3728 886 3762 :
920 3707 1112 3777 Legem
1144 3705 1342 3774 Moysis
1372 3723 1472 3759 non
1502 3722 1534 3758 a
1561 3705 1689 3769 Deo,
1740 3705 1845 3759 uti-

191 3814 375 3856 mUr
409 3801 719 3873 Epiphanii
753 3799 969 3858 verbis,
1002 3795 1091 3849 sed
1123 3813 1153 3847 a
1178 3795 1394 3848 sinistra
1438 3782 1661 3863 quadam
1699 3795 1846 3847 intel-

190 3888 483 3957 ligentia
505 3891 807 3960 profectam
829 3904 850 3952 ;
882 3887 969 3939 uti
988 3901 1145 3955 neque
1170 3884 1455 3953 prophetas
1484 3899 1514 3936 a
1539 3884 1677 3937 bono
1707 3882 1837 3947 Deo,

186 3982 345 4035 se-d
401 3983 479 4035 ab
540 3982 650 4035 alia
703 3987 876 4047 atque
938 3974 1051 4027 alia
1109 3971 1462 4040 intelligentia
1515 3978 1841 4038 comparatos

186 4067 502 4134 {as—isse...
540 4069 769 4137 denique
796 4052 1049 4135 quisquis
1106 4060 1278 4113 Veteri
1326 4052 1651 4141 Testamento
1682 4059 1836 4129 [idem

223 4157 481 4209 adhibet
508 4196 523 4221 ,
555 4159 832 4209 incurrere
863 4160 1091 4205 mortem
1138 4155 1417 4201 asseverat.
1465 4146 1841 4201 Resurrectio-

260 4260 403 4298 nem
436 4264 559 4302 vero
588 4255 978 4305 mortuorum,
1022 4240 1100 4293 uti
1136 4237 1371 4292 refertur
1398 4239 1537 4306 apud
1587 4239 1841 4306 Augusti-

1951 498 2123 553 dtcens
2156 501 2526 567 indi/ferentem
2567 517 2672 553 rem
2697 518 2804 555 esse
2832 502 3201 561 idololatriam.
3234 504 3349 559 Ima
3393 524 3483 561 nec

1952 589 2064 641 ulla
2111 592 2393 656 persecutio
2440 600 2620 644 contra
2674 591 3005 647 Simonianos
3040 610 3265 663 unquam
3300 609 3483 651 exorta

1951 672 2424 732 est.Tertul|ianus
2457 681 2497 710 ¹⁸
2536 680 2765 748 denique
2808 668 3060 735 testatum
3093 682 3219 737 facit
3249 682 3485 740 Simonis

1951 771 2244 820 sectatores
2281 768 2562 834 quemdam
2603 768 3064 837 angeliscultum,
3105 773 3489 839 superstitione

1948 858 2002 904 et
2025 852 2333 905 idololatria
2364 854 2617 906 infectum
2648 855 2957 910 exhibuisse
2995 875 3007 909 :
3035 856 3354 913 Simoniana:
3391 879 3486 915 au-

1950 949 2048 991 tem
2075 942 2256 1009 magiae
2279 941 2574 1009 disciplina,
2598 933 2793 1011 inquit,
2820 947 3011 1013 angelis
3034 949 3280 1013 serviens,
3310 950 3488 1018 utique

1945 1037 1993 1081 et
2023 1028 2135 1095 ipsa
2183 1030 2316 1081 inter
2359 1030 2688 1082 idololatrias
2734 1032 3113 1098 deputabatur,
3160 1046 3209 1087 et
3247 1054 3280 1089 a
3326 1036 3486 1090 Petro

1946 1118 2178 1183 apostolo
2234 1118 2287 1170 in
2335 1118 2447 1184 ipso
2499 1116 2707 1171 Simone
2737 1120 3107 1176 damnabatur.
3145 1122 3278 1177 Illud
3304 1133 3484 1179 tamen

1947 1205 2302 1270 Tertulliano,
2337 1209 2381 1261 si
2438 1208 2548 1260 htec
2589 1223 2734 1270 vera,
2767 1210 2842 1261 uti
2887 1210 3140 1277 refertur,
3181 1214 3340 1268 fuerit
3366 1216 3484 1285 ejus

1944 1311 2095 1349 mens
2125 1304 2175 1348 et
2204 1297 2488 1358 sententia,
2534 1292 2805 1350 adversari
2856 1296 3085 1366 videtur,
3113 1302 3255 1369 quod
3298 1303 3479 1357 Simon

1944 1382 2058 1452 ipse
2098 1384 2375 1451 jaetitabat
2429 1399 2486 1437 se
2547 1385 2763 1453 angelos
2791 1402 3038 1445 creasse:
3067 1407 3249 1460 'seque
3280 1408 3309 1446 e
3344 1398 3482 1448 cmlo

1943 1473 2218 1541 delapsum
2261 1492 2271 1525 :
2320 1472 2387 1524 Ut
2440 1474 2669 1542 angelos,
2719 1494 2834 1529 cum
2899 1481 3032 1532 male
3092 1482 3480 1537 moderarentur

1944 1562 2221 1626 mundum,
2250 1564 2546 1631 corriperet.
2594 1564 2697 1619 Sed
2727 1569 2856 1620 milli
2890 1570 3082 1623 mirum
3126 1587 3245 1626 esse
3285 1573 3475 1636 debet,

1944 1652 1991 1706 si
2021 1653 2263 1706 homines
2293 1668 2321 1706 a
2350 1656 2593 1709 veritatis
2617 1657 2701 1711 via
2750 1673 3005 1727 perquam
3031 1660 3338 1730 longissime
3377 1664 3478 1715 ξιιμ

1944 1748 2205 1806 errantes,
2239 1757 2418 1795 secum
2465 1744 2564 1812 ipsi
2604 1746 2894 1813 aliquando
2923 1757 3178 1817 pugnent,
3209 1760 3261 1805 et
3305 1752 3480 1820 inepte

1944 1834 2128 1879 contra
2179 1843 2237 1881 se
2297 1827 2496 1883 dicant.
2539 1830 2603 1881 Et
2650 1847 2709 1885 re
2740 1832 2954 1900 quidem
2992 1850 3117 1888 vera
3146 1835 3479 1905 Epiphanius

1946 1916 2214 1972 Simonem
2241 1919 2361 1972 ideo
2393 1921 2637 1989 castigat,
2689 1922 2831 1991 quod
2881 1922 2947 1978 de
2994 1926 3195 1995 angelis
3239 1930 3475 1997 quaedam

1943 2024 2122 2063 secum
2164 2010 2457 2078 pugnantia
2503 2011 2830 2065 tradiderit:
2866 2010 3314 2077 Quemadmodum
3361 2036 3477 2073 vero

1942 2113 2193 2167 nugarum
2236 2115 2450 2151 suarum
2480 2099 2670 2153 oblitus
2708 2102 2978 2170 impostor,
3009 2107 3141 2158 velut
3162 2124 3339 2161 eorum
3366 2127 3479 2179 qua:

1942 2196 2096 2239 antea
2147 2186 2455 2251 tradiderat,
2518 2189 2752 2257 ignarus,
2796 2208 2849 2244 se
2877 2194 3043 2260 ipsum
3093 2197 3302 2261 refellit.
3336 2198 3481 2272 Nam

1942 2292 2058 2327 cum
2102 2275 2320 2330 dixisset
2359 2278 2566 2346 angelos
2596 2296 2629 2331 a
2676 2296 2729 2333 se
2779 2296 2867 2347 per
2904 2276 3295 2354 intelligentiam
3328 2267 3479 2342 suam

1939 2376 2229 2430 procreatos
2254 2382 2362 2419 esse
2383 2405 2397 2429 ,
2444 2366 2659 2434 subjecit
2706 2378 2902 2435 postea,
2933 2381 2989 2423 ut
3029 2373 3228 2427 eosdem
3258 2377 3376 2430 illos
3407 2379 3481 2431 la-

1942 2462 2045 2507 tere
2087 2452 2435 2508 doscendendo
2462 2465 2653 2523 posset,
2686 2458 2909 2526 ﬁguram
2941 2461 2995 2512 in
3028 2478 3325 2532 unoquoque
3352 2468 3477 2519 ca'lo

1941 2554 2189 2599 mutasse.
2225 2544 2396 2614 Igitur
2419 2545 2611 2599 latebat
2641 2547 2776 2612 ideo,
2804 2549 2939 2619 quod
2959 2566 3045 2604 eos
3076 2562 3340 2607 metueret.
3382 2556 3477 2605 At-

1939 2633 2174 2703 quiquid
2209 2651 2317 2697 eos,
2365 2651 2491 2703 quos
2519 2636 2625 2703 ipse
2677 2636 2999 2704 condiderat,
3050 2642 3258 2709 angelos
3320 2643 3478 2711 impo.

1940 2734 2049 2776 star
2078 2724 2167 2777 ille
2189 2724 2483 2779 metuebat?

2014 2811 2202 2867 Simon
2237 2828 2448 2868 errores
2477 2829 2605 2869 suos
2633 2814 2923 2883 publicavit
2958 2817 3187 2886 primum
3220 2816 3478 2875 Samaria:

1940 2918 2004 2957 ac
2025 2903 2077 2957 in
2100 2902 2303 2967 Judaaa,
2332 2904 2525 2960 deinde
2548 2905 2668 2961 aliis
2694 2906 2747 2959 in
2771 2907 2923 2970 locis,
2953 2908 3165 2976 Oppidis
3191 2916 3244 2964 et
3269 2911 3465 2965 civita-

1866 3025 1910 3083 ε
1944 2992 2119 3057 tibus,
2153 3006 2215 3045 ac
2238 2992 2453 3045 tandem
2480 2991 2697 3058 Romae;
2757 3010 2862 3062 qua
2890 2996 2945 3048 in
2976 2996 3109 3050 urbe
3138 2998 3346 3052 animos
3375 2998 3477 3051 ho—

1944 3081 2149 3134 minum
2172 3081 2243 3133 ita
2277 3082 2378 3136 sibi
2402 3082 2667 3149 devinxit,
2698 3092 2756 3137 ut
2797 3084 2898 3152 ipsi
2936 3093 3189 3154 tanquam
3224 3103 3475 3156 supremo

1944 3170 2052 3225 Deo
2098 3170 2292 3225 summi
2341 3171 2668 3226 adorationis
2728 3174 2958 3228 honores
3015 3173 3213 3228 fuerint
3255 3176 3475 3241 decreti,

1943 3266 1997 3311 et
2047 3246 2271 3313 Claudio
2318 3259 2635 3328 imperante,
2692 3268 2863 3315 statua
2895 3261 3064 3316 eidem
3095 3274 3271 3317 erecta
3306 3267 3359 3317 in
3394 3266 3475 3318 in-

1943 3345 2060 3399 sula
2079 3336 2319 3399 Tiberina
2343 3349 2476 3400 inter
2501 3348 2630 3402 duos
2650 3359 2847 3416 pontes,
2866 3367 2977 3403 cum
2999 3351 3094 3404 hac
3115 3354 3438 3421 inscriptione
3453 3369 3474 3408 :

1944 3435 2145 3490 Simoni
2202 3436 2308 3489 Deo
2364 3436 2578 3492 Sancto.
2632 3428 2865 3492 Narrant
2916 3449 3089 3493 tamen
3145 3446 3473 3498 recentiores

1942 3524 2159 3593 quidam
2186 3525 2475 3593 scriptores
2531 3527 2574 3557 ¹⁶
2628 3522 2938 3595 pontificatu
2984 3527 3227 3597 Gregorii
3282 3531 3475 3584 decimi

1943 3613 2087 3667 tertii
2124 3614 2393 3668 inventam
2446 3614 2670 3684 hujusce
2718 3624 2907 3671 statua:
2944 3618 3114 3672 basim
3164 3620 3421 3688 lapideam
3452 3661 3471 3684 ,

1942 3703 2027 3755 cui
2057 3702 2169 3756 haec
2206 3703 2486 3772 inscriptio
2522 3705 2687 3758 incisa
2718 3713 2834 3758 erat
2864 3724 2876 3760 :
2902 3706 3111 3762 Semoni
3138 3702 3307 3760 Sanco
3362 3708 3469 3762 Deo

1944 3788 2097 3843 Fidio
2127 3807 2354 3853 sacrum,
2405 3788 2457 3844 id
2507 3799 2590 3845 est
2637 3794 2695 3844 ut
2725 3791 2825 3859 ipsi
2869 3792 3017 3843 aiunt
3052 3809 3066 3844 :
3096 3790 3331 3855 Herculi,
3362 3808 3471 3846 non

1945 3877 2168 3934 Simoni.
2203 3878 2328 3933 lnde
2371 3889 2547 3933 autem
2603 3879 2927 3932 concludunt
2966 3877 3257 3943 Iustinum,
3286 3881 3472 3949 primi-

1941 3966 2155 4035 genium
2181 3966 2381 4020 erroris
2410 3965 2552 4019 illius
2580 3965 2801 4027 fontem,
2832 3966 2899 4018 ob
2927 3964 3127 4020 Latinas
3148 3967 3339 4036 linguae
3371 3969 3473 4020 im.-

1946 4054 2188 4123 peritiam
2219 4069 2246 4107 a
2276 4052 2603 4107 Simonianis
2639 4053 2939 4122 deceptum,
2989 4053 3277 4110 tradidisse
3332 4056 3472 4111 hanc

1942 4144 2108 4199 fuisse
2137 4139 2371 4194 Simonis
2394 4139 2529 4208 Magi
2553 4147 2805 4193 statuam.
2844 4138 2948 4193 Sed
2979 4142 3334 4210 scriptoribus
3364 4144 3471 4197 illis

1941 4232 2155 4288 Omnino
2183 4228 2510 4298 probandum
2542 4237 2657 4283 erat
2680 4230 2850 4283 basim
2883 4230 3049 4295 illam,
3078 4245 3196 4299 quas
3225 4231 3309 4285 his
3338 4240 3471 4285 tem-

282 4349 412 4387 num
436 4378 450 4401 ,
474 4339 802 4407 pernegabat
831 4374 847 4399 ,
883 4330 1223 4397 sinebatque
1260 4327 1622 4381 indifferenter
1646 4328 1721 4381 uti
1758 4327 1838 4381 fe—
1870 4320 1915 4375 D
1943 4321 2160 4391 poribus
2185 4318 2387 4372 ultimis
2419 4319 2632 4371 inventa
2660 4326 2763 4382 est,
2796 4319 3039 4373 eamdem
3065 4320 3232 4389 ipsam
3264 4319 3430 4374 fuisse
3453 4364 3468 4384 ,

280 4423 456 4480 minis.
488 4427 577 4482 His
606 4428 743 4481 alias
783 4425 934 4494 ipse,
963 4426 1021 4473 et
1048 4416 1307 4484 discipuli
1337 4415 1455 4483 ejus
1483 4415 1842 4483 adjungebant

278 4510 641 4582 obscenitates,
700 4506 1217 4585 turpitudinesque
1260 4512 1460 4557 aeterno
1504 4503 1837 4557 damnandas

268 4591 490 4661 Silentia.
536 4594 655 4661 illas
687 4615 884 4658 tamen
913 4595 1202 4652 Eusebius
1228 4592 1271 4622 ¹²
1289 4592 1374 4643 his
1398 4592 1601 4659 paucis,
1633 4607 1732 4645 nec
1760 4591 1843 4644 in-

256 4673 507 4767 haestis,
537 4699 720 4756 verbis
754 4684 1248 4759 comprehendit:
1274 4679 1423 4732 Nihil
1454 4689 1557 4733 tam
1580 4682 1842 4748 impurum

204 4766 311 4859 ὧι(
352 4812 459 4853 εδει
484 4804 583 4849 σαι
603 4782 940 4859 excogitari
987 4782 1197 4845 potest,
1252 4767 1390 4838 quod
1431 4768 1843 4859 flagitiosissima

189 4830 1228 4959 $9,131.:gigonisudiscipulorum
1254 4896 1271 4923 ,
1305 4864 1443 4910 secta
1479 4858 1626 4926 longo
1683 4859 1843 4910 inter-

156 4920 220 4963 ιφ

120 4941 505 5087 {Villi};
513 4941 663 5087 Ιέρε

240 5090 420 5147 erectis
444 5068 814 5141 mulieribus
852 5048 1162 5148 illudunt.

241 5147 321 5177 ομ
602 5172 613 5177 -
726 5147 1075 5177 λλετιοιρις-
1128 5124 1162 5177 S

787 5224 1078 5300 ‘usmlit
1109 5216 1183 5269 de
1228 5228 1332 5265 sua
1372 5212 1611 5271 doctrina
1658 5220 1839 5272 mortis

110 5437 257 5529 5‘3.
437 5515 481 5529 .-
642 5484 699 5521 ιι
748 5462 912 5529 Lib,
964 5437 1517 5529 4‘-__’.‘f‘i'.:...c.ap;..‘_°

216 5508 272 5612 ιχ
294 5515 561 5612 Wim'u
619 5508 951 5612 1:507:31?
999 5524 1085 5582 pr

216 5595 555 5734 iter/2...:
575 5595 747 5692 εςίί.
799 5603 832 5657 ι
848 5595 923 5649 ι.

1616 5439 1657 5469 ¹¹
1690 5438 1806 5492 Lib.
1841 5452 1879 5490 ιι
1908 5437 2045 5491 Hist.
2078 5450 2194 5503 cap.
2230 5435 2314 5488 l5.

1087 5495 1528 5573 cescriptfcap.
1561 5508 1649 5563 55.
1725 5506 1974 5563 “Justiti.
2009 5495 2160 5573 Apol:
2197 5504 2246 5573 l,
2283 5519 2337 5558 n.
2373 5502 2461 5566 9.6,
2497 5508 2548 5555 et
2574 5498 2768 5557 Euseb.
2803 5502 2894 5555 lib.
2934 5495 2974 5556 it
3010 5498 3125 5552 Hist
3199 5511 3314 5565 cap.
3371 5495 3456 5551 15.

1942 4414 2149 4481 ἱρειιιιιθ
2183 4407 2571 4476 superpositam
2598 4415 2826 4461 statuam
2860 4409 3026 4471 illam,
3066 4408 3132 4462 de
3159 4424 3262 4477 qua
3302 4408 3472 4462 Justi~

1941 4515 2045 4555 nus
2078 4498 2273 4566 aliique
2318 4494 2507 4550 Patres
2552 4496 2916 4564 antiquissimi
2966 4498 3291 4551 mentionem
3341 4499 3468 4550 olim

1944 4590 2204 4645 fecerunt.

2010 4677 2139 4732 Utut
2168 4680 2259 4739 sit,
2292 4674 2495 4744 primus
2526 4673 2613 4727 ille
2638 4672 3113 4730 haeresiarcharum
3140 4687 3336 4741 parens
3382 4673 3468 4725 Si-

1955 4781 2076 4819 mon
2109 4764 2313 4832 Magus,
2342 4778 2372 4815 a
2400 4763 2573 4830 primo
2601 4762 2966 4829 apostolorum
2994 4761 3255 4829 principe,
3292 4760 3467 4814 Simo-

1945 4871 2012 4909 ne
2039 4852 2215 4916 Petro,
2246 4853 2550 4922 perculsus,
2580 4852 2754 4905 victus
2793 4858 3201 4921 prostratusque
3229 4854 3359 4908 est‘:
3402 4853 3468 4907 In

664 4935 785 5036 λι,
840 4935 999 5019 dum
1037 4949 1261 5006 miseris
1311 4957 1459 5015 atque
1492 4947 1629 5002 omni
1662 4949 1846 5001 scelere
1941 4942 2149 5007 Iudico,
2212 4943 2381 5010 inquit
2414 4940 2673 4995 Eusebius
2704 4935 2776 5006 ‘7,
2807 4957 2838 4992 a
2882 4940 3038 4992 Petro
3080 4944 3315 5009 apostolo
3350 4958 3468 4995 con-

1940 5038 2099 5091 victus
2127 5043 2223 5094 est,
2264 5032 2531 5101 omniaque
2556 5032 2665 5100 ejus
2716 5029 2973 5097 maleficia
3010 5030 3271 5098 patefacta
3294 5069 3310 5095 ,
3352 5032 3464 5084 lon-

602 5118 1076 5219 ξ’ἆὲάίάειρίε,
1128 5120 1327 5179 Simon
1360 5124 1516 5219 :IQuo
1542 5128 1714 5195 plures
1747 5128 1845 5181 sibi
1941 5125 2146 5219 gissime
2176 5132 2320 5219 trans
2348 5138 2488 5175 mare
2510 5122 2685 5219 fugam
2710 5120 2949 5219 arripuit.
2972 5118 3466 5219 Hunc-autemI-Ro.

1948 5229 2087 5269 mam
2120 5211 2403 5281 fugientem
2435 5210 2705 5281 apostolus
2732 5209 3031 5273 insecutus,
3072 5209 3268 5264 ibidem
3313 5209 3461 5262 illum

2391 5433 2430 5463 “
2457 5431 2644 5501 Lib._n
2678 5432 2817 5485 Hist.
2867 5447 2984 5501 cap.
3016 5431 3101 5501 13.
3180 5428 3220 5459 “
3267 5427 3461 5501 ιίῢηξι
