3832 6254
520 356 588 409 i5

1670 349 1755 403 DE
1789 347 2090 404 OMNIBUS
2123 348 2511 404 GENERATIM

3694 342 3723 394 1

523 482 842 537 omnemque
892 466 1009 535 ejus
1046 465 1334 538 potentiam
1391 463 1586 519 delevit
1639 472 1691 517 et
1750 464 2005 517 exstinxit
2036 482 2049 519 :
2081 473 2125 529 Α
2154 466 2369 527 cultum,
2421 478 2568 533 quem
2600 462 2819 532 abjicere
2844 470 2936 517 visi
2969 470 3199 533 fuerant,
3241 466 3528 526 deinceps
3555 452 3736 509 nihilt

519 553 649 608 Cum
673 553 765 607 Dei
795 553 1053 615 doctrina,
1085 551 1425 621 prosequitur
1465 547 1745 609 Eusebius,
1797 546 2051 601 Romanos

517 645 735 698 adventu
752 661 844 698 suo
858 644 1191 704 illustrasset,
1212 641 1437 695 Simonis
1451 638 1651 706 quidem
1670 639 1742 691 vis
1758 647 1805 690 et
1824 639 2053 707 patentia

515 749 631 784 cum
651 748 762 801 ipso
777 731 935 784 simul
953 741 1161 783 auctore
1180 729 1315 781 brevi
1329 728 1581 780 exstincta
1604 736 1754 795 atque
1767 726 1934 778 deleta
1951 734 2047 779 est.

517 825 691 891 Atque
732 829 789 875 ut
814 820 1096 889 Augustini
1116 818 1295 871 verbis
1346 823 1559 869 utamur
1595 816 1636 847 ³⁸
1666 834 1678 869 :
1704 814 1768 867 In
1798 831 1899 885 qua
1926 814 2050 866 urbe

516 911 779 978 apostolus
811 910 998 962 Petrus
1041 924 1156 960 eum
1212 922 1331 958 rera
1376 905 1558 957 virtute
1580 903 1675 957 Dei
1694 904 2049 972 omnipotentis

512 1004 779 1055 erstinxit.
798 1000 1051 1065 Quamvis
1065 1003 1242 1050 autem
1269 997 1357 1050 ille
1385 993 1463 1049 sic
1485 994 1675 1048 fuisset
1698 995 1766 1048 ab
1795 993 2049 1063 Apostolo

514 1094 744 1146 obtritus
788 1100 947 1159 atque
994 1103 1317 1157 oppressus,
1374 1087 1552 1154 plures
1606 1092 1781 1138 tamen
1838 1084 2051 1152 reliquit

513 1197 758 1236 errorum
790 1181 1159 1247 scelerumque
1183 1192 1402 1232 suorum
1429 1191 1792 1229 successores.
1823 1173 1953 1227 Nam
1982 1190 2047 1228 ex

515 1277 615 1324 hac
645 1270 981 1323 amarissima
1010 1267 1212 1328 radice,
1256 1266 1299 1319 si
1329 1264 1720 1319 Tbeodoretum
1755 1264 1942 1317 audias
1983 1266 2044 1325 ",

514 1362 614 1413 orti
643 1370 760 1412 sunt
809 1356 1077 1416 Cleodani,
1128 1355 1450 1415 Dositheani,
1514 1351 1778 1414 Cortheni,
1828 1350 2019 1405 Musbo

516 1450 634 1507 tliei,
658 1446 995 1506 Adrianistw,
1029 1443 1347 1512 Eutycltettv,
1374 1441 1458 1495 vel
1485 1449 1541 1494 ut
1561 1439 1700 1508 apud
1722 1439 2044 1492 Clementem

518 1538 935 1591 Alexandrinum
964 1535 1048 1599 ’°;
1098 1532 1404 1602 Eutychitw,
1435 1529 1685 1583 Cainista:
1724 1531 1792 1583 “.
1863 1528 2045 1581 Verum

513 1631 778 1692 hiomnes,
819 1643 934 1679 cum
962 1625 1132 1694 impia:
1158 1623 1363 1676 Ita'resis
1393 1637 1579 1689 pravas
1609 1618 1861 1689 quasdam
1878 1626 2047 1669 muta-

515 1725 673 1774 tiones
702 1720 1093 1786 excogitassent,
1118 1732 1217 1768 non
1243 1715 1332 1766 diu
1359 1714 1636 1775 durarunt,
1681 1710 1766 1762 sed
1795 1717 2048 1778 perpetua:

2154 556 2322 608 minus
2346 555 2668 608 relabuntur.
2695 554 2987 609 Exstabant
3025 572 3149 624 ergo
3194 552 3444 610 Eusebii
3492 556 3736 614 tempor

2151 645 2368 715 quidam
2398 644 2616 698 bmresis
2648 643 2969 698 Simoniana:
2999 645 3264 698 fautores.
3294 647 3376 697 At
3433 654 3585 694 cum
3650 634 3736 705 ple

2151 749 2365 801 rosque,
2398 733 2612 788 retectis
2641 748 2825 787 eorum
2858 733 3161 793 fraudibus,
3200 746 3269 785 ex
3314 727 3607 782 Beclesia
3654 722 3736 789 εί(

2148 833 2263 877 etos
2286 839 2405 878 esse
2436 824 2573 877 idem
2608 823 2872 877 Eusebius
2904 822 3247 883 testificetur,
3282 818 3341 871 id
3382 819 3563 868 certe
3616 812 3736 867 indi

2148 915 2232 967 cio
2256 921 2339 966 est
2368 928 2467 966 nec
2496 914 2661 966 dubio
2691 912 2787 966 nec
2811 913 3066 975 obscuro,
3095 926 3191 965 eos
3224 918 3351 961 tum
3390 915 3641 973 paucos
3678 902 3736 955 ac

2149 1003 2363 1055 modum
2409 1002 2596 1069 fuisse,
2625 1010 2677 1056 et
2706 1003 2919 1071 quidem
2954 1002 3056 1055 sub
3088 1001 3229 1054 falso
3268 992 3736 1051 Christianorum

2147 1092 2361 1145 nomine
2392 1107 2510 1146 sese
2554 1093 2905 1146 occultantes.
2947 1090 3102 1144 Unde
3133 1085 3467 1143 concludas
3517 1094 3736 1135 necess

2144 1191 2246 1242 est,
2286 1184 2525 1237 haeresim
2574 1183 2716 1236 illam
2770 1200 2877 1236 non
2914 1183 3006 1235 diu
3047 1190 3235 1251 postea
3269 1186 3725 1249 perseverasse

2144 1284 2195 1326 et
2222 1275 2327 1326 cito
2352 1274 2517 1327 fuisse
2548 1274 2884 1327 exstinctam.

2727 1361 2952 1415 CAPUT
3001 1360 3087 1415 IV.

2614 1452 2690 1504 De
2716 1452 2897 1504 ha'resi
2931 1450 3236 1505 Menandri.

2217 1544 2261 1572 "
2294 1542 2583 1596 Menander
2623 1540 2988 1595 Samaritanus
3034 1555 3218 1610 genere
3272 1554 3303 1591 e
3334 1536 3466 1590 vico
3504 1534 3736 1601 Caparo

2148 1634 2266 1695 teia,
2289 1630 2668 1700 Καπαρατείας
2693 1645 2779 1681 seu
2797 1629 3027 1699 Χάϐραι,
3043 1627 3331 1692 oriundus,
3352 1624 3635 1678 Simonis
3656 1622 3736 1676 dis

2146 1720 2356 1788 cipulus
2378 1759 2392 1784 ,
2427 1720 2472 1751 ’⁷
2492 1720 2740 1786 majorem
2761 1734 2813 1771 se
2839 1728 3158 1769 antecessore
3181 1733 3245 1768 ac
3271 1725 3642 1783 prceceptore
3668 1729 3735 1765 su

514 1811 752 1863 oblivioni
785 1808 970 1861 traditi
1022 1814 1162 1859 sunt.
1188 1806 1254 1857 At
1277 1805 1321 1858 si
1349 1802 1642 1872 Hegesippo
1675 1802 1826 1854 [idem
1853 1799 2049 1852 habere
2078 1788 2118 1842 Β
2138 1808 2396 1876 Ῑαειαὺαι,
2429 1806 2764 1877 Quapropter
2793 1807 3068 1860 nonnullis
3112 1804 3476 1874 quibusdam
3533 1801 3732 1856 errori

517 1904 664 1964 velis,
708 1910 936 1970 quatuor
985 1898 1191 1968 priores
1229 1895 1487 1963 originem
1517 1893 1783 1945 duxerunt
1814 1905 1826 1939 :
1855 1888 1901 1939 Ε
1934 1904 2048 1956 sep-

516 2003 613 2043 tem
643 1990 791 2043 sectis
821 1989 872 2040 in
894 1986 1117 2040 Iudaico
1146 1983 1330 2053 populo
1382 1981 1765 2049 proseminatis.
1825 1976 1899 2030 Ex
1942 1991 2048 2045 quo

516 2080 756 2134 Valesius
771 2079 909 2132 hanc
924 2076 1106 2130 elicuit
1126 2073 1524 2128 conclusionem
1548 2089 1562 2124 ε
1595 2069 1798 2123 Rectius
1830 2068 2048 2120 dixisset

516 2166 981 2228 Tltcodaretus,eas
1012 2180 1182 2217 omnes
1211 2178 1274 2216 ea:
1303 2160 1541 2212 Judaicis
1564 2159 1715 2211 sectis
1740 2158 1900 2225 fuisse
1927 2172 2049 2223 pro-

512 2265 751 2325 pagatos,
778 2255 997 2307 maxime
1025 2268 1139 2305 vero
1165 2267 1279 2304 cum
1306 2248 1539 2318 quicdam
1556 2247 1763 2299 illarum
1784 2241 2050 2296 Ιιαννεδεῶν

514 2346 817 2401 Simoniana
847 2343 1146 2397 vetustiores
1192 2356 1303 2393 esse
1330 2340 1617 2398 videantur,
1673 2334 1810 2388 verbi
1854 2332 2043 2402 gratia,

515 2437 771 2490 Cortliena
821 2446 869 2488 et
902 2433 1237 2486 Dositheana.
1295 2428 1398 2483 Sed
1432 2441 1618 2481 vereor
1646 2436 1702 2479 ut
1732 2424 1845 2478 haec
1888 2422 2045 2476 Vale-

515 2528 665 2580 siana
704 2523 1015 2585 conclusio,
1046 2535 1151 2590 qua
1192 2533 1258 2573 ex
1286 2517 1494 2571 duabus
1533 2516 1694 2574 sectis
1738 2513 2046 2567 Simoniana

515 2614 916 2672 vetustioribus,
955 2610 1089 2663 alias
1138 2620 1353 2676 quoque
1393 2604 1509 2672 ipsa
1563 2601 1894 2670 antiquiores
1927 2617 2047 2656 esse

516 2702 693 2766 infert,
745 2700 995 2755 omnibus
1046 2695 1265 2749 omnino
1320 2693 1594 2763 probetur.
1650 2690 1817 2743 Porro
1868 2698 2045 2743 autem

516 2789 842 2859 Epiphanius
878 2802 942 2838 ex
989 2784 1206 2837 Simone
1251 2779 1535 2833 Gnosticos
1559 2788 1707 2831 ortos
1742 2792 1862 2831 esse
1899 2776 2043 2830 atii‘r-

514 2888 622 2931 mat
648 2880 690 2908 ”
724 2898 737 2933 :
768 2879 932 2945 Atque
949 2874 1063 2926 hinc
1077 2888 1250 2927 eorum
1269 2887 1393 2940 quos
1413 2869 1678 2923 Gnosticos
1702 2866 2041 2936 appellamus,

514 2966 654 3035 origo
671 2964 942 3034 proﬂuxit.

580 3057 833 3109 Testatur
858 3052 1116 3124 Origenes
1145 3050 1193 3081 "
1229 3065 1257 3103 a
1301 3063 1402 3104 suo
1431 3049 1540 3117 jam
1571 3057 1811 3117 tempore
1843 3047 2044 3102 exstir-

512 3162 527 3216 ι
550 3157 689 3198 atam
719 3142 1149 3198 Simonianorum
1170 3141 1410 3194 haeresim
1433 3157 1445 3193 :
1477 3137 1629 3191 Nunc
1657 3154 1908 3207 nusquam
1930 3153 2046 3207 gon-

515 3239 642 3288 tium
671 3243 878 3288 exstant
921 3231 1235 3287 Simoniani.
1263 3229 1336 3283 De
1387 3227 1726 3283 Dositheanis
1775 3236 1951 3281 autem
2012 3242 2044 3282 a

515 3327 669 3379 nobis
728 3325 886 3392 paulo
967 3333 1089 3375 ante
1139 3319 1447 3374 memoratis
1481 3357 1495 3381 ,
1551 3318 1663 3370 hazc
1721 3317 2041 3387 subjungit:

514 3416 772 3471 Craterum
822 3412 1126 3467 Dositheani
1177 3427 1266 3463 nec
1320 3423 1549 3478 unquam
1605 3410 1937 3477 ﬂoruerunt,
1997 3417 2046 3462 et

514 3522 647 3558 nunc
683 3504 889 3558 omnino
921 3501 1163 3556 exstincti
1210 3508 1351 3562 sunt,
1388 3508 1444 3551 ut
1473 3501 1675 3552 nomine
1706 3508 1904 3552 tantum
1933 3517 2046 3552 ma-

516 3606 661 3649 nente
684 3632 700 3658 ,
732 3597 864 3647 inter
894 3593 1109 3661 triginta
1158 3600 1484 3645 censeantur.
1516 3588 1621 3643 Sed
1652 3589 1783 3644 falsa
1813 3591 2043 3658 quadam

514 3685 822 3739 narratione
849 3685 1103 3752 deceptus
1133 3688 1216 3736 est
1247 3679 1527 3748 Origenes,
1562 3688 1652 3733 aut
1678 3696 1743 3733 ex
1769 3681 1856 3745 iis,
1912 3695 2049 3748 quas

517 3775 630 3843 ipse
654 3778 1050 3841 peragraverat,
1082 3769 1393 3839 regionibus
1434 3768 1574 3821 idem
1616 3775 1669 3821 et
1710 3769 1765 3820 in
1795 3769 2044 3825 omnibus

514 3850 698 3916 nmndi
754 3862 994 3931 partibus
1047 3857 1312 3913 accidisse
1380 3857 1763 3911 arbitrabatur.
1846 3856 2044 3911 Scribit

513 3954 654 4008 enim
710 3951 973 4005 Eusebius
1002 3951 1047 3980 ³⁸
1069 3948 1326 4015 quosdam
1374 3945 1548 3998 adhuc
1588 3983 1602 4008 ,
1636 3945 1763 3998 dum
1816 3946 2040 4009 viveret,

514 4044 759 4098 extitisse
806 4039 1128 4094 Simonianae
1160 4038 1427 4091 haereseos
1469 4044 1764 4089 sectatores
1797 4034 2039 4099 :Simon,

516 4133 687 4201 inquit
716 4132 825 4193 ille,
858 4130 1010 4198 [idem
1032 4132 1084 4183 in
1106 4129 1368 4184 Christum
1391 4127 1694 4191 simulavit,
1750 4136 1806 4179 ut
1838 4126 2041 4195 baptis-

514 4238 653 4274 mum
673 4219 967 4286 susciperet.
995 4218 1142 4284 Quod
1163 4218 1367 4287 quidem
1398 4217 1680 4269 etiamnum
1722 4217 1835 4284 ﬁeri
1862 4216 1923 4269 ab
1962 4215 2047 4269 his

514 4310 602 4380 qui
624 4309 938 4361 teterrimam
975 4308 1083 4375 ejus
1101 4316 1291 4360 sectam
1311 4307 1617 4373 proﬁtentur
1641 4345 1656 4370 ,
1688 4322 1789 4359 non
1810 4308 1917 4359 sine
1948 4306 2043 4358 ad-

2070 3098 2112 3157 C

2146 1894 2245 1948 bus
2274 1894 2449 1961 impia:
2486 1894 2723 1962 magistri
2752 1893 2835 1947 sui
2875 1892 3134 1946 doctrina:
3159 1892 3386 1945 additis
3418 1892 3519 1945 vel
3555 1892 3736 1945 immu

2147 1984 2292 2047 tatis,
2328 1998 2519 2036 novam
2549 1982 2789 2037 condidit
2817 1991 3042 2048 sectam,
3076 1992 3130 2038 et
3155 1984 3589 2038 haeresiarchas
3628 1982 3736 2036 titu

2148 2072 2254 2125 lum
2303 2087 2365 2125 ac
2415 2087 2610 2126 nomen
2673 2074 2992 2142 promeruit.
3026 2072 3077 2128 is
3110 2074 3304 2143 itaque
3336 2090 3483 2128 cum
3553 2072 3736 2127 Simon

2146 2162 2369 2216 dixisset
2397 2180 2652 2216 summam
2700 2178 2759 2218 se
2798 2178 2919 2218 esse
2960 2163 3057 2217 Dei
3099 2166 3383 2229 virtutem,
3422 2164 3637 2219 docuit
3662 2166 3713 2197 "

2144 2249 2382 2303 Primam
2400 2250 2604 2321 quidem
2631 2251 2871 2305 virtutem
2889 2253 3209 2321 incognitam
3235 2254 3540 2317 omnibus,
3568 2269 3630 2306 se
3654 2269 3735 2305 aut

2146 2349 2245 2392 tem
2276 2357 2393 2393 eum
2422 2357 2552 2403 esse,
2575 2341 2662 2411 qui
2692 2342 2879 2395 missus
2915 2344 2986 2395 sit
3015 2342 3079 2395 ab
3111 2343 3533 2409 inuisibilibus,
3566 2344 3733 2396 salua

2147 2437 2305 2480 torem
2331 2443 2421 2494 pro
2442 2427 2607 2480 salute
2642 2428 2891 2482 omnium.
2925 2427 3020 2483 His
3062 2428 3268 2496 adjecit
3316 2446 3334 2484 :
3366 2428 3736 2481 Resurrectio

2145 2532 2258 2568 nem
2289 2530 2378 2583 per
2406 2515 2459 2567 id
2492 2515 2626 2584 quod
2654 2527 2731 2569 est
2763 2516 2816 2567 in
2844 2532 2960 2569 eum
2987 2515 3275 2584 baptisma,
3313 2518 3605 2585 accipere.
3634 2516 3736 2584 eju.

2143 2606 2442 2674 discipulos,
2473 2614 2521 2658 et
2548 2606 2687 2660 ultra
2709 2622 2811 2659 non
2852 2622 3001 2675 posse
3042 2607 3200 2670 mori,
3234 2606 3341 2659 sed
3389 2622 3736 2675 perseverum

2144 2711 2244 2748 non
2266 2707 2577 2779 senescentes
2605 2705 2652 2750 et
2681 2696 3021 2750 immortales.
3055 2695 3270 2750 Caetera
3296 2735 3312 2760 ,
3375 2697 3627 2751 eosdem
3688 2712 3736 2749 at

2144 2793 2439 2855 praeceptor
2471 2802 2603 2841 suus
2630 2800 2843 2840 errores
2868 2793 2921 2840 et
2945 2785 3189 2856 magicas
3237 2794 3405 2842 artes
3436 2796 3736 2841 consecta

2144 2876 2321 2929 batur.

2211 2963 2494 3019 Nonnullis
2534 2972 2711 3019 autem
2749 2965 3017 3033 explicatu
3052 2963 3278 3019 difﬁcile
3325 2966 3595 3033 videtur,
3632 2984 3736 3039 quc

2146 3070 2309 3109 sensu
2357 3053 2587 3111 lrenazus
2639 3055 2872 3124 primum
2924 3055 3207 3109 Menandri
3275 3072 3553 3113 errorem
3617 3075 3736 3115 esse

2145 3145 2362 3208 dixerit,
2402 3145 2545 3214 quod
2577 3160 2635 3198 se
2659 3154 2985 3214 praeceptore
3019 3160 3120 3200 suo
3158 3143 3403 3202 Simone
3458 3149 3736 3219 majorem

2140 3234 2386 3304 jactaret,
2418 3249 2541 3288 cum
2571 3232 2760 3289 Simon
2793 3250 3003 3290 summa
3035 3234 3130 3291 Dei
3152 3237 3239 3292 vis
3264 3238 3343 3292 ab
3379 3239 3519 3294 aliis
3546 3241 3736 3294 voluc-

2144 3323 2212 3376 rit
2240 3323 2448 3388 audire,
2475 3338 2814 3393 nequaquam
2835 3340 2963 3379 vero
2993 3324 3316 3384 Menander.
3365 3328 3655 3386 Attamen
3697 3331 3736 3386 si

2142 3409 2323 3464 lrensci
2351 3412 2512 3465 verba
2540 3418 2741 3466 attente
2771 3414 3197 3482 perpendantur,
3232 3414 3392 3469 haud
3424 3432 3588 3487 agre
3628 3421 3736 3473 θοις

2142 3509 2295 3555 vetur
2321 3501 2651 3558 dillieultatis
2677 3503 2820 3558 illius
2844 3503 3039 3558 nodus.
3065 3503 3186 3557 Non
3223 3506 3336 3558 alia
3374 3508 3602 3579 quippe
3640 3509 3736 3564 viri

2142 3590 2316 3644 sancti
2351 3606 2502 3646 mens
2533 3606 2652 3646 esse
2673 3593 2884 3647 videtur
2907 3634 2921 3659 ,
2953 3593 3059 3647 nisi
3092 3592 3479 3651 Menandrum
3514 3614 3582 3654 se
3614 3615 3736 3653 ma-

2141 3680 2311 3750 gistro
2341 3697 2462 3746 suo,
2494 3698 2604 3735 non
2649 3683 2850 3737 virtute
2900 3683 3119 3752 quidem
3177 3692 3233 3738 et
3287 3689 3586 3758 potentia,
3642 3692 3736 3748 sed

2142 3768 2367 3821 scientia
2389 3778 2442 3823 ct
2469 3769 2729 3825 missione
2757 3772 3081 3839 praedicasse
3105 3773 3409 3841 majorem.

2212 3855 2361 3921 Quos
2419 3856 2800 3913 Menandriana
2830 3861 3048 3916 haeresis
3084 3863 3462 3922 adversarios
3507 3868 3736 3927 habue-

2140 3944 2233 4009 rit,
2266 3946 2494 4015 accipies
2521 3961 2552 3999 a
2584 3947 2921 4005 Theodoreto
2942 3951 2986 3982 ²⁹
3010 3990 3026 4015 ,
3069 3951 3164 4020 qui
3212 3968 3342 4007 eam
3410 3971 3447 4011 a
3500 3957 3736 4016 Iustino

2141 4043 2392 4103 martyre,
2432 4034 2653 4105 Irenaeo,
2697 4051 2760 4091 ac
2785 4036 3015 4107 Origene
3064 4041 3292 4109 scriptis
3332 4058 3736 4117 expugnatam

2142 4136 2261 4177 esse
2283 4130 2532 4179 testatur.
2576 4124 2758 4196 Neque
2788 4128 2930 4182 ullus
2963 4136 3111 4183 certe
3158 4128 3263 4183 ibit
3320 4149 3594 4205 unquam
3652 4143 3736 4195 in.

2145 4211 2297 4266 ﬁcias
2337 4214 2584 4267 nonnihil
2608 4216 2871 4272 adversus
2904 4218 3047 4272 illam
3086 4235 3117 4273 a
3146 4220 3375 4277 Iustino
3408 4235 3471 4282 et
3516 4228 3736 4288 Irenaeo

2142 4302 2413 4356 memoriae
2431 4303 2599 4359 fuisse
2622 4307 2913 4374 proditum.
2936 4308 3322 4366 Verumtamen
3339 4332 3523 4383 quem
3545 4320 3736 4377 Theo-

517 4400 790 4452 miratione
811 4398 1062 4450 cernimus
1092 4396 1220 4466 :qui
1244 4412 1381 4448 more
1404 4396 1631 4463 parentis
1665 4396 1747 4449 sui
1770 4397 1822 4448 in
1854 4394 2033 4450 Eccle-
2071 4410 2115 4465 υ
2140 4389 2357 4445 doretus
2386 4392 2577 4446 scribit
2630 4394 2685 4445 in
2732 4395 2971 4458 modum,
3024 4396 3254 4465 ipsemet
3283 4406 3500 4469 procul
3557 4410 3736 4466 dubio

514 4493 647 4545 siam
675 4529 688 4553 ,
722 4500 964 4559 tanquam
986 4490 1141 4557 pestis
1171 4497 1260 4539 aut
1294 4488 1434 4555 lepra
1465 4487 1702 4556 quwdam
1744 4487 2039 4555 irrepentes,

513 4580 875 4649 grauissimum
909 4578 1153 4631 damnum
1186 4578 1415 4645 inferunt
1440 4578 1525 4639 iis,
1563 4576 1745 4646 quibus
1768 4578 2043 4646 pessimum

513 4668 644 4719 illud
663 4676 712 4720 et
742 4664 1114 4719 immedicabile
1135 4680 1408 4729 venenum,
1432 4664 1567 4733 quod
1595 4663 1847 4718 mentibus
1878 4664 2045 4717 occul-

516 4766 649 4819 tant,
674 4756 931 4809 instillare
959 4756 1235 4823 potuerint.
1268 4754 1344 4807 Ac
1374 4754 1603 4824 plerique
1625 4755 1740 4823 jam
1772 4769 1947 4807 eorum
1978 4752 2042 4805 ab

512 4846 743 4900 Ecclesia
769 4848 915 4915 ejecti
939 4858 1056 4901 sunt
1084 4888 1098 4912 ,
1128 4864 1245 4901 cum
1281 4848 1429 4916 fraus
1452 4849 1681 4915 ipsorum
1728 4855 1859 4900 esset
1899 4852 2039 4901 dete-

515 4952 616 4990 cta.
640 4935 703 4989 Et
729 4936 921 4992 infra"
949 4958 961 4992 :
987 4937 1129 4991 Unde
1160 4938 1225 4991 ad
1251 4946 1484 4991 nostram
1514 4952 1670 5005 usque
1690 4946 1893 4989 (etatem
1924 4938 2039 5007 qui-

514 5040 709 5093 cunque
735 5025 845 5093 ejus
875 5038 1063 5080 sectam
1088 5027 1417 5095 proﬁtentur,
1450 5042 1566 5077 cum
1594 5042 1647 5078 se
1678 5024 2037 5079 Christianam

516 5112 829 5181 religionem,
857 5114 1059 5181 plenam
1089 5115 1337 5169 molestia
1370 5122 1418 5167 et
1454 5114 1771 5177 sanctitatis,
1801 5114 2039 5182 amplecti

514 5201 864 5256 simulaverint
889 5242 903 5265 ,
936 5214 1101 5256 tamen
1136 5213 1184 5257 et
1218 5204 1284 5257 ad
1313 5202 1721 5269 superstitiosum
1748 5201 2037 5255 dwawnum

585 5419 629 5451 “
658 5420 774 5476 Lib.
803 5421 864 5474 de
914 5426 1091 5478 hazres.
1142 5439 1258 5493 cap.
1310 5427 1357 5479 l.

519 5488 609 5539 lib.
646 5504 695 5539 Iv
751 5489 914 5539 Hist..
946 5508 1061 5539 can-
1091 5492 1144 5539 2-
1221 5496 1263 5524 ²¹
1295 5495 1357 5539 Ha

519 5488 609 5543 lib.
646 5504 695 5543 Iv
751 5489 914 5552 Hist.,
946 5508 1062 5561 cap.
1091 5492 1144 5547 2.
1209 5488 1263 5524 ’”
1295 5495 1491 5551 Haeres.
1523 5497 1611 5560 2i,
1641 5496 1694 5551 4.
1770 5497 1814 5526 ’³
1836 5495 1873 5548 L

517 5556 562 5637 ξς
589 5556 907 5637 Theodorei.
937 5559 1113 5637 iib._t‘
1156 5560 1349 5637 llmret.
1402 5563 1767 5637 [θαὺζιικ-(ζεη)ἶ
1823 5565 1873 5619 5.

520 5623 693 5682 ’θιὼ
735 5642 751 5679 ι
792 5626 987 5680 ureret.
1015 5627 1200 5681 Fabul.
1243 5645 1359 5698 cap.
1397 5632 1448 5686 2.

1437 5427 1618 5480 "Lib.
1674 5442 1691 5481 ι
1736 5426 1933 5481 Ηωτει.
1975 5426 2109 5481 Fab.

1221 5496 1263 5524 "
1295 5495 1491 5551 Haeres.
1523 5497 1611 5560 2i,
1641 5496 1694 5551 4.
1770 5497 1814 5526 ’³
1836 5495 1951 5551 Lib.
1983 5512 2031 5549 v1
2062 5494 2369 5550 conn—Cels.

1221 5572 1329 5596 pro!
1411 5563 1575 5596 Fat-ul
1653 5580 1750 5596 non
1826 5565 1855 5596 κ
1950 5566 1992 5596 17
2045 5564 2281 5596 ιὶύςηιτηη
2346 5564 2369 5596 ΙΙ

1526 5567 1594 5618 ul.
1653 5580 1767 5633 cap.
1823 5565 1873 5619 5.
1950 5566 1992 5596 ’⁷
2045 5564 2306 5633 Epiphan.
2343 5564 2538 5619 Haeres.
2563 5565 2653 5619 22.

1526 5636 1568 5664 ³ο
1595 5633 1706 5687 Lib.
1733 5634 1794 5687 de
1822 5635 2021 5698 animo,
2052 5649 2168 5701 cap.
2202 5634 2283 5686 50.

2141 4480 2384 4551 quaedam
2414 4482 2517 4535 alia
2546 4498 2727 4538 eorum
2769 4486 2988 4555 scripta,
3020 4488 3220 4557 quibus
3250 4490 3532 4553 haeresim
3577 4501 3736 4557 illam

2141 4571 2355 4640 planius
2384 4573 2669 4643 fusiusque
2694 4575 3065 4641 confutabant,
3098 4578 3170 4632 ibi
3223 4580 3529 4641 indicasse
3573 4591 3736 4645 vide-

2141 4668 2249 4715 tur.
2281 4660 2449 4716 Porro
2480 4675 2655 4718 autem
2689 4681 2808 4734 quae
2838 4665 3129 4722 Menander
3157 4668 3227 4723 de
3258 4670 3563 4742 baptismo
3603 4696 3736 4747 suo,

2142 4765 2250 4820 quo
2302 4751 2547 4807 homines
2594 4754 2924 4810 immortales
2950 4755 3064 4810 fieri
3108 4760 3421 4828 garriebat,
3459 4767 3618 4822 adeo
3652 4778 3736 4826 te-

2142 4860 2289 4899 mere
2309 4847 2617 4907 venditavit.
2646 4863 2705 4901 ea
2737 4848 3100 4905 Tertullianus
3124 4853 3347 4922 egregie
3383 4857 3631 4926 refellit,
3682 4872 3736 4919 et

2141 4932 2366 4987 ridicula
2410 4948 2530 4988 esse
2578 4934 2913 4992 demonstrat
2973 4939 3040 4992 ⁸⁰.
3083 4938 3273 5009 Neque
3335 4951 3543 5003 tamen
3592 4952 3736 5006 illud

2141 5038 2422 5080 censemus
2449 5024 2828 5092 adjiciendum,
2856 5028 2995 5096 quod
3025 5030 3274 5082 nonnulli
3292 5030 3735 5096 Tertullianum

2140 5127 2329 5167 rursus
2365 5112 2432 5167 de
2478 5113 2661 5168 eadem
2712 5116 2899 5171 hmresi
2941 5117 3140 5186 aliquid
3179 5118 3234 5173 in
3276 5121 3458 5182 Libro
3494 5132 3568 5185 de
3594 5147 3736 5201 ρνω.

2145 5204 2505 5272 scriptionibus
2584 5206 2776 5262 litteris
2822 5207 3106 5263 mandasse
3167 5211 3514 5279 opinantur.
3576 5220 3736 5279 Nihil

2142 5442 2272 5504 cap;
2295 5428 2365 5504 1...
2632 5441 2706 5481 vlt
2729 5426 2945 5504 Siron,
2979 5430 3467 5504 p.‘763,_“_Apud
3505 5442 3705 5501 Euseb

2444 5497 2631 5581 sung
2665 5511 2704 5549 ιι
2737 5492 3014 5581 liis-tmap.
3266 5492 3416 5562 Ibid.

2752 5566 2795 5596 "
2834 5565 2973 5622 lren.
3004 5568 3118 5622 adv.
3172 5568 3389 5631 "teres.
3453 5565 3589 5652 cap.
