3870 6376
193 318 246 376 l7
1089 321 1276 377 PRIMI
1315 319 1670 378 ECCLESIE
1708 323 1755 378 S.

1861 323 1981 381 ηοω
2039 325 2561 382 SCRIPTORIBUS.
3385 335 3448 390 {8

190 442 321 498 enim
352 439 428 495 ibi
462 438 534 494 de
593 454 659 496 ea
690 440 960 511 reperias,
1004 439 1112 493 nisi
1156 437 1211 492 in
1248 438 1373 493 libri
1423 439 1573 495 illius
1597 442 1773 511 capite
1802 445 1849 504 Α
1880 442 2031 512 cujus
2067 454 2240 498 tamen
2264 444 2386 516 legi,
2419 455 2671 517 tanquam
2719 445 2867 501 bonte
2917 447 3275 518 obtemperare
3308 453 3451 506 vide-

190 532 272 597 b5,
296 531 445 603 quod
473 531 547 586 ab
592 532 992 601 impostoribus
1039 529 1111 583 ibi
1183 538 1432 585 assutum
1472 546 1593 587 esse
1657 533 1769 587 cri-

192 626 276 681 tici
305 625 603 695 peritiores
633 626 948 679 observant.

252 715 369 772 Non
400 716 496 772 diu
523 715 682 769 stetit
705 714 798 769 illa
821 713 1100 768 Menandri
1131 713 1381 770 haeresis.
1414 714 1668 772 Justinus
1689 718 1767 771 si-

186 808 400 879 quidem
420 806 684 876 quamvis
718 806 904 877 plures
932 806 1088 861 initio
1118 823 1149 861 a
1179 805 1476 863 Menandro
1504 807 1765 878 deceptos

183 917 300 957 esse
328 905 635 968 agnoscat:
669 913 882 969 paucos
930 909 1115 955 tamen
1147 913 1250 953 suo
1283 906 1531 969 tempore
1573 916 1766 969 super-

178 992 336 1046 stites
382 990 644 1045 extitisse
689 1006 801 1045 non
855 991 1089 1047 obscure
1138 991 1384 1048 declarat
1412 992 1455 1023 ³¹
1492 1012 1506 1046 :
1539 991 1765 1047 Menan-

177 1081 332 1134 drum
387 1081 690 1136 Antiochiet
739 1082 933 1135 multos
970 1090 1083 1136 arte
1109 1082 1314 1152 magica
1357 1082 1618 1151 decepisse
1656 1084 1763 1137 sci-

177 1190 367 1227 mus...
393 1183 621 1243 suntque
680 1174 815 1228 adeo
846 1191 981 1227 nunc
1005 1191 1207 1244 quoque
1229 1173 1294 1227 ab
1323 1191 1384 1229 eo
1412 1176 1600 1245 reliqui
1628 1193 1762 1228 non-

175 1265 312 1319 nulli
327 1306 342 1328 ,
385 1267 474 1336 qui
497 1267 598 1319 hoc
624 1267 709 1320 sic
737 1267 1073 1334 proﬁtentur.
1101 1266 1231 1322 lude
1258 1282 1390 1338 ergo
1418 1264 1763 1323 Menandria-

173 1370 301 1409 nam
332 1355 589 1411 bzeresim
621 1364 753 1412 ante
806 1358 1175 1412 Sinionianam
1204 1360 1476 1417 excidisse
1510 1377 1621 1416 non
1666 1363 1763 1416 ah-

174 1449 339 1503 surde
367 1449 634 1519 colliges;
697 1451 806 1505 nisi
840 1467 957 1506 eam
1002 1453 1057 1507 in
1097 1450 1364 1521 Saturnili
1391 1461 1443 1509 et
1505 1454 1763 1512 Basilidis

168 1548 355 1595 sectas
381 1538 683 1597 induxisse
712 1541 945 1598 dixeris.

798 1633 1026 1689 CAPUT
1058 1634 1124 1690 V.

673 1724 753 1780 De
777 1726 1236 1784 hteresiCerinthi.

1872 543 1978 590 tur.
2014 534 2151 590 illuc
2192 539 2358 592 etiam
2384 537 2767 604 Cerinthiaui,
2813 547 2870 593 ut
2912 540 3055 595 idem
3106 541 3448 613 Epiphanius

1870 626 2055 680 subdit
2081 626 2121 657 “
2145 644 2158 681 :
2195 625 2425 682 Paulum
2455 636 2660 696 penitus
2683 630 2990 697 erplodunt,
3013 644 3287 701 propterea
3309 634 3448 705 quod

1867 719 2321 775 circumcisionem
2370 722 2655 779 abdicavit.
2710 721 3036 781 Pliilastrius
3089 741 3217 779 vero
3269 732 3447 798 arguit

1868 810 2211 875 Perinthum,
2238 814 2383 883 quod
2411 821 2464 869 et
2493 815 2631 869 alios
2660 816 2846 885 plures
2869 817 2992 870 novi
3029 816 3252 873 fmderis
3278 818 3446 874 libros

1868 903 2237 973 repudiaverit
2263 921 2276 958 :
2304 904 2614 973 Apostolum
2646 906 2870 959 Paulum
2894 924 2995 962 non
3011 909 3223 978 accipit,
3245 908 3445 963 Iudam

1867 993 2187 1061 proditorem
2242 994 2509 1061 honorat,
2568 996 2906 1067 Evangelium
2963 999 3247 1054 secundum
3302 1000 3447 1056 Mat-

1868 1084 2062 1139 thazum
2098 1086 2268 1141 solum
2302 1087 2491 1155 accipit
2523 1127 2538 1152 ,
2573 1089 2677 1142 tria
2710 1088 2995 1161 Evangelia
3026 1093 3242 1160 spernit,
3267 1092 3444 1149 beatos

1868 1188 2128 1248 martyres
2165 1178 2512 1248 blasphemat.
2546 1180 2732 1250 Neque
2764 1192 2942 1236 tamen
2974 1184 3041 1236 ab
3073 1200 3137 1238 eo
3172 1185 3446 1256 integrum

1868 1267 2105 1324 Malthaei
2145 1269 2501 1342 Evangelium
2571 1282 2849 1343 acceptum
2904 1273 3077 1329 fuisse
3126 1286 3320 1330 auctor
3362 1284 3446 1332 est

1869 1356 2204 1427 Epiphanius
2226 1358 2270 1390 “
2300 1378 2313 1414 :
2347 1358 2596 1413 Matthwi
2626 1360 2909 1431 Evangelia
2960 1380 3062 1417 non
3091 1364 3317 1433 integro,
3353 1364 3445 1418 sed

1862 1458 2099 1515 exparte
2126 1446 2390 1500 duntaxat
2419 1457 2661 1513 utuntur,
2702 1450 2954 1503 nimirum
3004 1462 3214 1521 propter
3256 1470 3446 1523 genea-

1866 1537 2096 1607 logiam,
2128 1553 2245 1608 qua:
2280 1539 2397 1609 ejus
2424 1549 2502 1593 est
2539 1541 2715 1595 carnis
2765 1543 3001 1610 propria.
3043 1544 3151 1598 Nec
3198 1546 3395 1599 mirum
3424 1563 3439 1611 ;

1863 1629 2086 1700 quando
2117 1631 2335 1700 quidem
2372 1645 2434 1685 ea
2478 1631 2681 1687 Christi
2711 1636 3030 1706 genealogis
3066 1652 3257 1692 omnes
3287 1654 3441 1694 erro-

1866 1735 1955 1776 res
1982 1718 2230 1776 funditus
2260 1722 2663 1780 evertebantur.

232 1814 541 1873 Cerinthus
597 1818 670 1873 ab
734 1819 856 1888 ipso
904 1824 1279 1891 οροειοιοι-υω
1338 1835 1581 1898 tempore
1610 1842 1763 1882 ηονω
1796 1799 1835 1853 Β
1936 1811 2100 1869 Caius
2147 1823 2325 1870 autem
2376 1815 2519 1885 apud
2561 1814 2856 1871 Eusebium
2899 1817 3163 1874 Cerintho
3198 1837 3442 1875 errorem

160 1904 445 1962 hareseos
478 1923 707 1977 parens,
734 1909 792 1961 in
817 1908 1070 1980 zEgypto,
1092 1911 1271 1983 inquit
1299 1912 1675 1973 Theodoretus
1693 1918 1759 1980 ³⁸.

157 1998 396 2065 plurimo
424 2007 661 2068 tempore
702 2012 945 2055 cessatus
972 2043 986 2066 ,
1022 2012 1071 2057 et
1106 2005 1162 2058 in
1189 2004 1562 2084 philosophieis
1592 2011 1762 2065 scien-

160 2093 250 2144 tiis
275 2092 521 2147 eruditus
540 2133 557 2157 ,
582 2094 723 2148 venit
750 2105 933 2164 postea
956 2098 1010 2150 in
1028 2099 1233 2167 Asiam,
1258 2111 1310 2156 et
1330 2101 1614 2171 discipulos
1637 2123 1762 2160 suos

155 2182 224 2235 de
252 2184 477 2238 nomine
504 2201 606 2239 suo
640 2186 949 2255 appellavit.
972 2188 1071 2244 Cui
1105 2193 1352 2247 concinit
1384 2196 1605 2265 quidem
1633 2196 1762 2267 Epi-

159 2274 427 2343 phanius,
464 2277 564 2331 sed
599 2277 759 2330 addit
788 2294 885 2332 eos
913 2279 1091 2337 dictos
1115 2280 1286 2339 fuisse
1316 2283 1713 2344 Merinthianos
1743 2305 1757 2343 :

162 2365 357 2419 Utrum
389 2385 537 2430 vero,
572 2370 647 2423 ait
667 2371 757 2425 ille
776 2370 845 2435 ³³.
878 2370 1161 2428 Cerinthus
1190 2376 1300 2445 ipse
1329 2376 1627 2433 Merinthus
1650 2381 1759 2452 alio

157 2457 373 2511 nomine
395 2458 473 2511 sit
495 2457 699 2524 dictus,
732 2462 935 2516 nescire
964 2479 1045 2518 me
1067 2464 1273 2534 fateor,
1313 2485 1380 2522 an
1404 2478 1597 2536 prater
1621 2470 1759 2524 hunc

156 2551 295 2604 alter
314 2569 377 2606 eo
408 2553 625 2608 nomine
654 2554 952 2623 appellatus
965 2559 1258 2625 exstiterit,
1290 2561 1511 2631 adjutor
1532 2563 1679 2619 illius
1706 2573 1759 2620 et

158 2642 363 2707 socius,
395 2642 455 2695 id
481 2641 701 2713 quidem
732 2646 840 2699 soli
859 2646 965 2701 Deo
996 2658 1319 2717 compertum
1345 2661 1446 2707 est.

226 2730 484 2787 Primum
519 2744 728 2800 autem,
754 2744 897 2794 teste
930 2740 1137 2796 Irenaeo
1168 2742 1231 2807 “,
1258 2744 1554 2800 Cerinthus
1581 2764 1595 2801 :
1633 2744 1758 2803 Non

157 2840 192 2875 α
219 2825 401 2892 primo
436 2824 553 2881 Deo
581 2826 787 2895 factum
814 2812 1210 2887 esse‘mundnm
1238 2834 1440 2902 docuit,
1473 2838 1565 2892 sed
1592 2857 1625 2893 a
1652 2841 1759 2894 vir-

157 2924 266 2967 tue
288 2914 533 2983 quadam
548 2927 823 2985 separata,
851 2930 902 2973 et
918 2921 1149 2977 distante
1165 2923 1230 2977 ab
1251 2939 1315 2979 ea
1335 2927 1755 2997 principalitate,

155 3021 271 3074 qua
299 3015 383 3060 est
405 3023 569 3076 super
586 3009 857 3076 universa,
888 3020 939 3065 et
966 3013 1237 3083 ignorante
1263 3033 1323 3071 eo
1348 3018 1440 3089 qui
1485 3029 1563 3073 est
1602 3035 1758 3089 super

158 3098 339 3151 mia
355 3098 489 3154 Deo.
515 3098 805 3156 Christum
836 3110 1039 3169 autem,
1064 3116 1285 3165 auctore
1316 3107 1662 3167 Theodoreto
1687 3114 1755 3181 ”,

157 3184 301 3245 duas
325 3190 382 3243 in
404 3200 615 3261 partes,
636 3207 735 3249 seu
759 3209 1025 3264 personas
1051 3212 1082 3250 a
1098 3213 1158 3254 se
1186 3198 1418 3256 invicem
1442 3202 1754 3273 distinctas,

156 3278 475 3349 dividebat;
514 3284 883 3356 tradebatque
928 3287 1115 3343 Iesum
1164 3293 1454 3347 secundum
1504 3304 1756 3351 naturam

158 3383 333 3427 ortum
351 3391 423 3429 ea:
450 3374 651 3447 Ioseph
673 3388 726 3432 et
750 3378 950 3445 Maria,
974 3386 1319 3452 temperantia
1348 3397 1545 3452 autent,
1566 3397 1616 3442 et
1632 3388 1756 3459 jus-

160 3467 303 3534 titia,
345 3477 400 3522 et
431 3469 563 3523 aliis
595 3470 886 3527 virtutibus
939 3477 1267 3533 excelluisse.
1302 3477 1398 3534 Vel
1429 3489 1487 3534 ut
1538 3481 1614 3535 ait
1644 3482 1757 3539 Ire-

159 3574 312 3616 Itaus
335 3560 385 3591 ³⁸
412 3579 427 3615 :
462 3560 601 3616 Plus
634 3564 876 3631 potuisse
908 3565 972 3619 ab
1017 3568 1262 3624 omnibus
1282 3610 1296 3635 ,
1326 3580 1376 3625 et
1406 3584 1526 3641 post
1555 3573 1755 3644 baptis-

161 3666 305 3702 mum
329 3649 672 3706 descendisse
721 3653 777 3706 in
816 3671 933 3708 eum
960 3654 1230 3713 Christum
1260 3662 1325 3715 ab
1352 3679 1416 3717 ea
1442 3665 1753 3735 principali-

162 3752 287 3803 tate,
306 3759 429 3813 qua
458 3756 539 3798 est
564 3761 729 3814 super
759 3749 960 3812 omnia,
992 3751 1168 3821 ﬁgura
1194 3753 1485 3820 columbas,
1534 3767 1584 3811 et
1630 3769 1752 3814 tunc

159 3836 512 3890 annuntiasse
532 3837 865 3908 incognitum
905 3841 1146 3909 Patrem,
1177 3854 1231 3900 et
1255 3848 1472 3904 virtutes
1497 3852 1753 3921 perfecis-

159 3943 249 3990 se;
276 3929 332 3982 in
354 3930 462 3998 fine
490 3941 672 3985 autem
696 3934 958 3989 revolasse
985 3936 1176 3991 iterum
1202 3937 1472 3995 Christum
1501 3943 1566 3999 de
1594 3943 1747 4010 Iesu,

159 4026 209 4071 et
226 4015 417 4073 Iesum
438 4037 663 4091 passum
705 4040 820 4078 esse
851 4035 901 4080 et
951 4031 1329 4096 resurrexisse,
1360 4033 1630 4090 Christum
1653 4055 1751 4090 au-

166 4119 271 4164 tem
312 4114 707 4180 impassibilem
762 4131 1139 4185 perseverasse,
1192 4124 1499 4180 existentem
1530 4130 1751 4197 spirita-

164 4200 279 4255 lem.
307 4201 523 4258 Contra
553 4212 741 4260 tamen
778 4206 1114 4278 Epiphanius
1141 4212 1208 4277 ³⁷,
1239 4228 1303 4267 ac
1332 4224 1455 4283 post
1482 4234 1606 4271 cum
1639 4221 1748 4273 Au-

160 4290 416 4358 gustinus
449 4292 537 4347 ³⁸ε
572 4292 784 4359 Dicere,
809 4295 1007 4366 inquit,
1042 4298 1174 4352 nihil
1208 4309 1285 4355 est
1309 4302 1503 4356 veritus
1532 4318 1747 4371 passum

160 4383 369 4451 quidem
400 4395 450 4439 et
468 4387 796 4455 cruciﬁxum
821 4404 934 4444 esse
956 4389 1250 4458 Christum,
1272 4394 1503 4450 nondum
1521 4408 1693 4453 tamen
1717 4418 1748 4454 a

1862 1904 2254 1961 Chiliastarum
2286 1906 2480 1961 tribuit
2508 1906 2555 1938 "
2582 1927 2594 1962 :
2626 1906 2732 1963 Per
2769 1908 3107 1964 revelationes
3137 1930 3168 1965 a
3191 1929 3246 1965 se
3268 1953 3283 1977 ,
3319 1924 3443 1968 tan-

1862 2012 2020 2066 quam
2057 2014 2089 2050 α
2121 2012 2309 2066 magno
2340 1997 2589 2065 Apostolo
2614 2001 2941 2069 conscriptas
2969 2042 2982 2067 ,
3012 2012 3262 2072 portenta
3296 2021 3441 2075 quiv-

1860 2085 2007 2152 dam,
2039 2088 2194 2157 quasi
2226 2086 2289 2141 ab
2323 2089 2520 2158 angelis
2559 2089 2662 2144 sibi
2691 2100 2900 2146 ostensa
2928 2106 3273 2165 commentus,
3293 2098 3441 2153 nobis

1861 2177 2195 2239 introducit,
2254 2179 2522 2247 afﬁrmans
2579 2191 2696 2250 post
2748 2186 3181 2239 resurrectionem
3226 2204 3443 2257 regnum

1860 2268 2064 2325 Christi
2088 2271 2143 2324 in
2165 2271 2320 2325 terris
2350 2271 2610 2341 futurum,
2630 2291 2692 2327 ac
2714 2291 2899 2329 rursus
2924 2276 3163 2331 homines
3184 2278 3442 2333 "ieroso-

1862 2361 2016 2433 Iymis
2036 2362 2297 2432 degentes,
2323 2363 2696 2432 cupiditatibus
2722 2374 2773 2420 et
2802 2367 3059 2436 voluptati
3088 2370 3321 2437 corporis
3349 2370 3443 2424 ob-

1860 2456 2047 2508 noxios
2087 2456 2240 2525 fore;
2301 2454 2550 2526 additque
2595 2458 2739 2512 mille
2795 2476 3055 2512 annorum
3103 2463 3331 2529 spatium
3388 2464 3443 2517 in

1860 2541 2183 2609 nuptialibus
2216 2542 2366 2611 festis
2411 2554 2741 2597 transactum
2784 2546 2875 2601 iri.
2931 2545 3076 2601 Unde
3118 2550 3278 2603 etiam
3316 2550 3443 2605 Chi-

1861 2631 2055 2695 liastw,
2085 2632 2263 2703 inquit
2296 2633 2638 2704 Augustinus
2665 2633 2730 2699 “,
2768 2645 2889 2689 sunt
2920 2638 3192 2721 appellati.
3227 2638 3280 2694 id
3308 2657 3440 2696 con-

1862 2721 2042 2776 lirmat
2069 2721 2340 2779 Eusebius
2374 2725 2477 2780 hac
2521 2723 2765 2798 Dionysii
2800 2728 3152 2784 Alexandrini
3192 2734 3438 2786 auctori-

1861 2825 1973 2875 tate
2005 2838 2018 2875 ;
2050 2819 2215 2874 Aiunt
2259 2837 2412 2889 eum,
2444 2820 2804 2888 Cerinthum,
2834 2821 3029 2878 librum
3059 2827 3436 2895 composuisse,

1858 2912 2031 2966 indito
2061 2910 2291 2966 Ioannis
2323 2914 2564 2978 nomine,
2596 2913 2722 2968 dum
2766 2916 3135 2971 auctoritatem
3176 2919 3437 2989 ﬁgmentis

1859 3002 1973 3056 suis
2005 3018 2069 3056 ea:
2100 3001 2327 3057 Ioannis
2359 3005 2567 3058 nomine
2617 3006 2854 3058 mutuari
2883 3006 3053 3061 vellet.
3089 3005 3194 3063 Sed
3226 3009 3295 3064 de
3334 3009 3438 3064 hoc

1860 3095 2100 3151 ridiculo
2150 3096 2398 3153 Cerintbi
2442 3106 2754 3154 commento
2802 3098 2931 3153 alibi
2992 3100 3212 3157 dabitur
3260 3100 3439 3159 fusius

1783 3163 1825 3221 Ο
1858 3188 2174 3258 disputandi
2207 3190 2379 3246 locus.

1930 3280 2120 3336 Visum
2152 3288 2237 3338 est
2258 3281 2542 3338 nonnullis
2570 3297 2667 3338 eos
2691 3322 2707 3347 ,
2750 3282 2844 3354 qui
2887 3284 3133 3339 viventes
3160 3285 3435 3357 baptismo

1856 3387 1964 3429 non
2011 3372 2232 3428 fuerunt
2260 3372 2462 3440 abluti,
2495 3381 2618 3443 post
2668 3384 2898 3430 mortem
2936 3376 3004 3431 ab
3046 3376 3115 3431 iis
3161 3378 3435 3433 hatreticis

1857 3475 2171 3523 sacrameul
2191 3482 2224 3522 ο
2254 3468 2347 3522 illo
2375 3467 2547 3524 fuisse
2575 3468 2839 3526 initiatos.
2868 3468 3067 3525 Verum
3095 3486 3219 3525 cum
3250 3473 3286 3527 ii
3316 3476 3435 3529 solo

1856 3558 2169 3630 Epiphanii,
2200 3574 2363 3629 quem
2395 3558 2461 3614 de
2487 3559 2611 3615 aliis
2642 3562 2827 3632 potius
2845 3560 3115 3617 htereticis
3138 3563 3338 3618 ibidem
3362 3565 3436 3619 ιο-

1854 3652 1948 3723 qui
1974 3652 2159 3723 plures
2188 3650 2523 3717 existimant,
2556 3653 2870 3707 testimonio
2910 3652 3237 3721 innitantur,
3264 3655 3318 3711 id
3342 3657 3430 3710 isti

1854 3743 1940 3803 vel
1966 3750 2170 3814 negant
2199 3742 2444 3809 omnino,
2475 3743 2559 3798 vel
2593 3744 2812 3814 penitus
2842 3745 3111 3801 incertum
3148 3762 3273 3802 esse
3296 3763 3433 3802 con-

1854 3836 2104 3892 tendunt.

1922 3925 2139 3994 Quanto
2196 3926 2410 3981 horrori
2469 3925 2766 3983 Cerinthus
2824 3925 3020 3984 Joanni
3086 3927 3432 4000 evangelistte

1852 4021 2040 4088 fuerit,
2070 4020 2337 4075 discimus
2366 4035 2431 4075 ex
2461 4019 2664 4073 Irenaeo
2686 4019 2730 4050 ”
2751 4058 2767 4083 ,
2800 4019 2894 4090 qui
2922 4019 2990 4074 ab
3020 4019 3143 4074 aliis
3172 4035 3231 4075 se
3271 4035 3431 4077 acce-

1851 4114 2001 4185 pisse
2020 4120 2273 4176 testatur,
2291 4110 2582 4177 Ioannem,
2602 4128 2720 4165 cum
2753 4111 2966 4166 lavandi
2992 4128 3155 4168 causa
3185 4112 3428 4168 balneum

1852 4202 2046 4272 Ephesi
2074 4212 2208 4257 esset
2236 4203 2524 4272 ingressus,
2564 4203 2675 4256 viso
2701 4202 2845 4256 intus
2877 4202 3167 4270 Cerintho,
3211 4220 3334 4258 mox
3363 4205 3431 4257 il-

1853 4298 2015 4350 lotum
2046 4310 2110 4349 ea:
2138 4293 2325 4349 balneo
2355 4295 2671 4366 profugisse,
2699 4305 2854 4366 atque
2882 4297 2936 4349 in
2978 4294 3089 4350 [nec
3127 4298 3428 4368 prorupisse

1852 4387 2051 4443 verba:
2084 4386 2377 4457 Fugiamus
2410 4386 2553 4452 hinc,
2578 4404 2640 4441 ne
2659 4386 2796 4456 forte
2833 4386 3076 4441 balneum
3101 4404 3340 4453 corruat,
3373 4392 3427 4443 in

162 4478 385 4532 mortuis
409 4480 728 4546 excitatum,
756 4499 817 4535 ac
846 4491 956 4537 tum
986 4484 1194 4540 demum
1223 4504 1339 4541 cum
1366 4493 1561 4545 monui
1580 4510 1750 4547 νεεην.
1776 4519 1827 4579 D
1851 4498 1952 4551 quo
1978 4490 2058 4536 est
2088 4478 2365 4536 Cerinthus
2392 4480 2627 4535 veritatis
2656 4480 2923 4536 inimicus.
2959 4479 3299 4552 Epiphanius
3324 4482 3426 4551 igi-

160 4576 280 4635 gent
305 4585 513 4635 omnes,
543 4573 910 4630 excitandum.
954 4575 1109 4632 Unde
1138 4580 1334 4635 merito
1363 4582 1580 4653 quidem
1620 4586 1746 4655 jure

160 4657 554 4719 Cerinthianos
582 4680 778 4721 secum
819 4667 1048 4724 invicem
1078 4679 1265 4742 aperte
1310 4688 1585 4744 pugnasse
1613 4695 1745 4734 con-

164 4749 361 4807 cludit.
1339 4754 1341 4763 λ

230 4839 345 4898 Nec
386 4846 575 4903 minus
606 4847 835 4904 haeresis
860 4847 952 4903 illa
974 4851 1077 4906 sibi
1105 4852 1207 4923 ipsi
1232 4854 1285 4908 in
1316 4869 1383 4910 co
1409 4856 1743 4915 adversaba-

166 4941 270 5000 tur,
299 4937 448 5005 quod
478 4955 493 4993 :
555 4938 735 4994 Carne
770 4942 1077 4997 circumcidi
1124 4955 1380 5014 oportere,
1414 4949 1579 5004 verba
1610 4961 1741 5007 sunt

166 5025 453 5097 Augustini
485 5032 554 5093 ”,
585 5044 744 5103 atque
791 5035 901 5088 alia
948 5036 1251 5107 hujusmodi
1285 5039 1442 5111 legis,
1483 5043 1737 5099 nimirum

166 5114 431 5182 Hosaica,
462 5133 731 5191 praecepta
755 5127 957 5179 servari
991 5128 1225 5196 juberet.
1256 5129 1399 5183 Nam
1427 5149 1543 5186 eum
1580 5150 1614 5187 a
1640 5153 1740 5205 quo

166 5208 242 5262 lex
269 5213 475 5268 tradita
505 5216 603 5280 sit,
629 5216 826 5270 bonum
862 5230 1010 5288 negat
1040 5237 1172 5285 esse,
1203 5227 1279 5277 ait
1310 5221 1645 5295 Epiphanius
1673 5226 1738 5295 ⁷⁵⁸,

228 5419 269 5451 ³¹
328 5420 566 5490 Apolog.
646 5419 710 5490 β.

162 5504 269 5561 cap.
324 5492 417 5549 25.

159 5575 264 5634 ριν.
312 5564 368 5619 8.

538 5492 609 5523 ³⁸-
646 5488 777 5547 Loc.
868 5495 943 5549 cit

536 5562 586 5595 “
638 5558 773 5616 Loc.
831 5563 922 5620 cit.

1090 5495 1136 5526 ³⁸
1191 5496 1319 5553 Loc.
1368 5502 1459 5554 cit.

1021 5566 1065 5598 “
1110 5565 1228 5622 Lib.
1278 5568 1342 5623 de
1399 5570 1585 5627 hteres.

859 5424 904 5455 "
962 5422 1084 5479 Lib.
1157 5441 1195 5480 ιι
1258 5427 1456 5485 Ηωνεε.
1530 5428 1726 5484 Fabul.
1757 5446 1878 5500 cap.
1931 5431 1985 5485 5.

868 5495 939 5532 nil
1090 5495 1136 5526 se
1191 5496 1297 5532 rm.
1368 5502 1435 5532 ης.
1557 5501 1600 5532 π
1669 5501 1738 5532 n.
1835 5504 1985 5532 Lm-..

1661 5501 1738 5555 De
1830 5499 2019 5557 hteres.
2070 5499 2097 5571 §
2153 5501 2207 5555 8.

1681 5572 1723 5603 “
1780 5570 1910 5627 Luc.
1970 5571 2095 5635 cit.,
2150 5567 2176 5640 §

1853 4582 1962 4638 tur,
1994 4573 2088 4644 qui
2118 4573 2232 4627 haec
2263 4571 2456 4627 Ebioni
2494 4572 2708 4638 tribuit,
2739 4571 3003 4628 memoria
3036 4574 3225 4642 procul
3257 4572 3424 4628 dubio

1850 4668 2039 4737 lapsus
2067 4672 2171 4721 est.
2212 4662 2397 4735 Neque
2423 4671 2603 4719 tamen
2635 4662 2702 4717 ad
2734 4663 3152 4734 expugnandam
3175 4662 3424 4717 Cerinthi

1853 4760 2100 4815 haeresim
2134 4758 2209 4813 ibi
2250 4759 2402 4813 stetit
2440 4758 2660 4812 divinus
2704 4758 2863 4837 plane
2898 4755 3126 4810 Joannis
3175 4755 3339 4810 ardor
3370 4764 3425 4811 et

1849 4854 2114 4910 studium.
2150 4852 2252 4905 ille
2276 4851 2442 4915 enim,
2469 4858 2526 4904 ut
2554 4848 2719 4904 tradit
2750 4847 3209 4918 Hieronymus“:
3243 4846 3424 4915 Scrip-

1847 4950 1917 5004 sit
1955 4945 2303 5015 evangelium,
2332 4951 2548 5013 rogatus
2589 4942 2653 4995 ab
2695 4942 2836 4996 Asia:
2863 4941 3138 5010 episcopis,
3171 4942 3435 5026 adversus,

1848 5038 2178 5101 Cerinthum,
2203 5034 2437 5104 aliosque
2466 5033 2758 5087 hwreticos.
2783 5031 3121 5103 Epiphanius
3148 5032 3190 5063 "
3237 5040 3417 5086 autem

1850 5132 2150 5185 arbitratur
2194 5126 2457 5182 Iacobum
2518 5126 2762 5195 aliosque
2814 5124 3090 5193 apostolos
3153 5124 3418 5179 adversus

1850 5224 2100 5280 eumdem
2131 5219 2548 5276 haeresiarcham
2582 5220 2787 5273 litteras
2818 5218 2869 5271 in
2897 5217 3011 5271 haec
3040 5218 3203 5271 verba
3226 5216 3418 5270 Antio-

2092 5431 2136 5462 ³³
2171 5427 2378 5483 Haeres.
2410 5426 2502 5482 28.
2652 5423 2697 5454 ³¹⁵
2767 5420 2887 5479 Lib.
2946 5436 2961 5475 1
3004 5421 3134 5476 Adv.
3223 5429 3408 5483 heres.

2317 5499 2364 5531 ³⁸
2396 5497 2525 5550 Loc.
2580 5494 2673 5548 cit.
2728 5493 2755 5564 ᾗ
2811 5495 2863 5549 6.
2968 5494 3010 5524 ³⁸
3078 5492 3174 5564 0εῇ
3224 5501 3406 5551 Ini-res.

2230 5570 2282 5624 5.
2388 5569 2434 5600 ⁸³
2462 5567 2582 5621 Lib.
2635 5581 2692 5617 ιιι
2736 5562 2918 5630 Ἠἑειη
2988 5581 3107 5634 cap.
3152 5562 3244 5634 9-8ἒ
3294 5564 3406 5621 Vill.

155 5629 417 5712 'l'lieodpr.
456 5633 578 5712 lo__c_.
612 5633 714 5686 cit.
756 5641 810 5687 ct
838 5637 1324 5712 eumdemEuseb.
1360 5638 1453 5694 lib.
1480 5656 1554 5695 vn
1601 5641 1770 5705 Hist.,
1817 5658 1938 5712 cap.
1970 5629 2093 5697 25f
2137 5629 2182 5672 ⁸⁷⁸
2207 5641 2353 5694 Loco
2411 5638 2623 5712 cit.__“
2666 5635 2864 5712 Euseb.
2908 5629 3154 5712 libita
3200 5632 3407 5712 Hister.

148 5720 253 5785 mp.
274 5707 453 5785 28,_et
479 5705 608 5785 .lib.
639 5718 717 5769 tv,
732 5718 867 5785 gap.
897 5706 984 5768 li,
1015 5708 1211 5785 etﬁips‘e
1243 5707 1477 5785 [renatis
1516 5714 1605 5769 lib.
1638 5719 1692 5785 5,
1723 5712 1841 5769 adv.
1887 5705 2089 5769 limes.
2145 5728 2265 5783 cap.
2319 5712 2352 5767 5
2423 5718 2478 5765 et
2511 5709 2715 5764 Thcod.
2772 5710 2862 5764 lib.
2898 5722 2958 5763 ιι.

144 5773 336 5846 aeu...
373 5776 435 5833 in
461 5773 649 5833 Ioan.
732 5773 773 5805 "
806 5773 1006 5834 Heres.
1039 5773 1132 5846 28,
1168 5778 1194 5851 ς
1238 5778 1291 5834 9..

3039 5708 3080 5738 ’⁵⁸
3110 5702 3187 5758 De
3223 5709 3405 5776 script.
