3832 6282
496 370 557 423 19

1657 358 1741 411 DE
1779 353 2074 409 OMNIBUS
2107 347 2497 405 GENERATIM

3656 330 3722 383 90

496 489 671 540 «thiam
704 487 965 555 direxisse
994 505 1005 539 ε
1043 476 1303 555 Quoniam
1348 477 1672 546 cognovimus
1703 469 1954 541 quosdam
1995 484 2025 519 a

2139 478 2272 516 more
2320 468 2689 531 procreatum;
2742 459 3023 527 ipsumque
3066 453 3287 507 Filium
3328 446 3435 498 Dei
3477 455 3722 555 progres-

2168 553 2173 555 _
2426 551 2435 555 -
2604 550 2614 555 -
2733 547 2744 555 .
2951 546 2962 555 ι
3179 552 3186 555 .
3227 532 3539 555 ᾐκοῂι.---ξι
3682 540 3718 555 ,ι

494 576 637 629 nobis
662 575 728 627 ad
761 592 845 628 vos
869 556 978 649 esse
1004 574 1276 641 profectos,
1298 577 1400 641 etc.
1426 565 1613 618 Nullus
1641 574 1851 630 quoque
1879 556 2033 649 dubi-

497 672 574 716 tat
606 662 823 717 Petrum
856 648 909 717 et
935 662 1180 722 Paulum,
1213 659 1396 713 eodem
1427 653 1639 723 penitus
1660 648 1928 705 evertendi
1947 662 2035 699 er-

497 754 639 807 roris
668 766 849 806 amore
886 765 1175 806 succensos
1199 790 1213 814 ,
1253 753 1440 799 contra
1472 743 1645 811 ipsum
1685 739 1818 792 inito
1855 745 2032 791 certa-

496 844 658 902 mine,
690 840 935 895 haeresim
972 840 1091 908 ejus
1127 835 1436 891 conlutasse
1465 838 1518 887 et
1563 829 1891 909 proﬂigasse.
1938 825 2033 879 His

498 932 869 1001 Theodoretus
900 931 1140 1000 adjungit
1184 928 1368 983 Caium
1396 966 1409 989 ,
1459 924 1768 992 Dionysium
1798 921 2031 993 Alexan-

498 1022 733 1080 drinum.
764 1020 1029 1075 Justinum
1060 1024 1367 1085 martyrem,
1391 1013 1645 1066 Irenatum
1668 1018 1826 1078 atque
1850 1007 2034 1076 Orige-

498 1129 640 1165 nem.
672 1110 841 1165 Porro
870 1116 1045 1162 autem
1090 1088 1210 1158 cum
1262 1120 1365 1157 non
1417 1103 1551 1154 alios
1586 1100 1677 1168 qui
1718 1106 1905 1151 contra
1934 1097 2033 1151 Ce-

502 1200 741 1253 rinthum
768 1194 1121 1266 pugnaverint
1145 1232 1157 1253 ,
1191 1196 1572 1243 commemoret
1604 1187 1687 1239 vir
1713 1185 1801 1238 ille
1827 1184 2029 1235 doctis-

502 1278 693 1350 simus,
725 1287 847 1339 hinc
878 1298 981 1337 non
1013 1283 1124 1335 leve
1154 1280 1365 1333 ducitur
1389 1282 1757 1345 argumentum
1788 1271 2032 1325 haeresim

502 1358 643 1429 illam
663 1414 678 1438 ,
710 1374 851 1428 circa
880 1354 1125 1439 Origenis
1164 1378 1400 1434 tempora
1439 1364 1755 1418 exstinctam
1785 1399 1799 1419 ,
1854 1359 2033 1411 nullos

502 1464 732 1533 amplius
763 1444 1015 1516 habuisse
1047 1458 1300 1511 fautores.
1325 1456 1539 1508 Certum
1588 1460 1766 1504 tamen
1794 1458 1874 1504 est
1901 1464 2035 1517 prm-

499 1541 685 1624 cipuos
731 1551 969 1607 Cerinthi
1022 1564 1234 1603 errores
1271 1546 1337 1599 ab
1366 1545 1493 1623 aliis,
1530 1550 1709 1611 postea
1755 1540 2033 1608 ad0ptatos

502 1632 667 1698 fuisse
704 1641 990 1701 haereticis,
1028 1638 1115 1707 qui
1159 1651 1293 1690 nova
1339 1636 1496 1689 sectis
1525 1633 1657 1692 suis,
1690 1637 1748 1709 ut
1774 1630 2031 1696 dicemus,

500 1733 714 1809 nomine
742 1731 1129 1797 imposuerunt.

515 1806 521 1812 “
557 1806 577 1812 ’⁷
664 1806 667 1807 ⁷
698 1806 703 1809 ⁷
1102 1810 1326 1881 CAPUT
1364 1810 1448 1887 vl.

983 1904 1059 1957 De
1096 1888 1279 1957 haresi
1324 1886 1553 1954 Ebionis.

574 1996 744 2051 Ebion
783 1994 937 2063 cujus
983 1980 1174 2047 nomen
1208 1991 1346 2060 apud
1390 1990 1575 2044 Patres
1603 1987 1944 2041 doctissimos
1968 1985 2033 2050 ⁸⁸,

505 2068 641 2141 idem
672 2101 732 2139 ac
762 2084 1024 2137 mendicus
1056 2089 1230 2144 sonat,
1261 2096 1290 2133 a
1337 2081 1503 2133 Mario
1542 2078 1835 2155 Mercatore
1865 2077 1909 2109 "
1939 2091 2036 2128 vo-

503 2157 653 2227 catur
677 2172 1003 2245 philosophus
1048 2181 1101 2224 et
1147 2170 1341 2222 stoicus
1385 2167 1735 2236 philosophus.
1783 2165 2038 2245 Eruditus

503 2273 677 2316 autem
708 2242 938 2329 Scriptor
957 2259 1170 2327 quidam
1201 2272 1395 2310 nomen
1420 2256 1650 2310 mendici
1677 2255 1775 2324 ipsi
1813 2242 2035 2307 inditum

505 2359 677 2420 putat,
710 2350 848 2418 quod
881 2348 1074 2418 spretis
1104 2347 1334 2408 divitiis,
1366 2346 1719 2398 voluntariam
1756 2350 2038 2411 pauperta-

506 2424 611 2496 tem
672 2440 1028 2510 proﬁteretur.
1086 2435 1279 2491 Verum
1333 2436 1627 2504 Epiphanio
1674 2433 1934 2488 Ebionitaa
1984 2448 2038 2485 se

504 2529 759 2583 mendicos
790 2528 1094 2597 prwdicant,
1123 2527 1257 2597 quod
1296 2526 1647 2593 apostolorum
1678 2532 1899 2589 tempore
1928 2537 2036 2574 mos

501 2602 631 2666 esset
662 2614 794 2666 bona
822 2630 918 2666 sua
949 2606 1232 2667 distrahere
1254 2651 1267 2676 ,
1297 2621 1345 2665 et
1374 2610 1441 2664 ad
1472 2610 1682 2663 illorum
1720 2608 1868 2683 pedes
1900 2606 2037 2681 abii-

501 2718 632 2755 cere.
1194 2688 1197 2689 ν
1438 2688 1441 2693 ⁵
1584 2688 1587 2689 ν

521 2781 527 2787 ’
576 2788 693 2853 Quo
725 2795 904 2842 autem
945 2789 1062 2842 loco
1083 2797 1135 2843 et
1164 2797 1401 2857 tempore
1431 2796 1547 2841 orta
1578 2787 1648 2841 sit
1670 2786 1889 2840 Ebionis
1932 2784 2038 2838 hae-

505 2878 644 2931 resis
671 2876 808 2930 idem
849 2877 1176 2946 Epiphanius
1214 2874 1295 2930 his
1327 2877 1504 2947 verbis
1542 2862 1775 2930 declarat
1804 2875 1847 2905 ⁸ο
1877 2893 1889 2928 :
1925 2874 2039 2926 Hu-

498 2952 587 3032 jus
622 2962 866 3031 factionis
896 2964 1165 3039 exordium
1209 2974 1324 3031 post
1370 2965 1856 3033 Hierosolymitana?
1895 2964 2037 3016 urbis

503 3047 759 3107 excidium
798 3056 968 3121 coepit.
1003 3054 1115 3120 Quo
1140 3046 1362 3122 tempore
1391 3052 1676 3107 Christiani
1712 3069 1883 3106 omnes
1921 3069 2038 3105 cum

508 3146 558 3195 in
586 3143 769 3196 Pera'a
796 3116 1053 3213 degerent,
1093 3116 1251 3213 atque
1277 3145 1328 3196 in
1351 3144 1474 3197 urbe
1501 3143 1649 3195 Pella
1677 3144 2003 3211 potissimum
2021 3182 2035 3206 ,
2064 3116 2106 3173 Ο

505 3248 621 3305 quae
644 3233 694 3284 in
719 3232 1088 3299 Decapolitana
1106 3222 1367 3300 provincia
1394 3242 1536 3287 est...
1560 3232 1713 3301 prope
1734 3233 2040 3286 Batana’am

507 3338 568 3374 ac
593 3321 948 3375 Basanitidem
966 3338 985 3385 ;
1025 3340 1138 3376 cum
1169 3310 1305 3387 illic,
1332 3310 1563 3392 inquam,
1594 3323 1911 3377 domicilium
1933 3324 2042 3376 col»

507 3414 805 3475 locassent,
838 3412 956 3464 hinc
988 3411 1175 3465 Ebioni
1212 3412 1339 3465 data
1375 3421 1451 3465 est
1495 3396 1812 3481 propagandi
1847 3414 2038 3466 erroris

510 3498 734 3579 occasio.
778 3498 880 3562 Qui
934 3500 987 3551 in
1014 3515 1145 3568 pago
1190 3500 1415 3568 quodam
1464 3501 1683 3563 (Iocabe,
1736 3501 1788 3553 in
1839 3489 2040 3569 regione

509 3586 905 3663 Carnaimorum
932 3626 948 3651 ,
976 3588 1208 3651 Arnemi,
1257 3598 1306 3641 et
1333 3589 1752 3652 Astarotharum,
1783 3597 1831 3642 et
1870 3589 2039 3642 Βαθα-

508 3674 686 3729 nitidis
717 3684 885 3728 tractu
899 3675 1133 3730 habitare
1160 3678 1328 3744 coepit,
1353 3677 1785 3746 quemadmodum
1807 3685 1945 3730 vetus
1971 3677 2038 3729 ad

507 3781 599 3818 nos
633 3781 791 3833 usque
819 3764 963 3833 fama
1000 3765 1229 3833 pertulit.
1261 3765 1452 3820 Postea
1482 3782 1611 3820 vero
1648 3767 1827 3834 adjicit
1854 3767 1893 3797 “
1925 3785 1936 3819 :
1974 3765 2038 3818 In

504 3846 637 3908 Asia
659 3871 719 3907 ac
748 3851 923 3909 Romae
942 3872 1167 3909 errorem
1194 3872 1343 3909 suum
1375 3857 1749 3909 disseminauit.
1773 3856 1905 3911 Cum
1938 3857 2035 3909 ita-

508 3962 612 4013 que
634 3947 765 4001 urbs
792 3946 1273 4016 Hierosolymitana
1289 3946 1440 4014 juxta
1472 3947 1779 4014 peritiorum
1811 3947 2039 4001 chrono-

508 4033 701 4102 logiam
731 4048 871 4086 anno
900 4034 1097 4088 Christi
1130 4024 1199 4089 ‘70
1233 4044 1387 4104 capta
1418 4034 1577 4086 fuerit
1610 4049 1673 4087 ac
1708 4035 1914 4097 diruta,
1945 4051 2039 4103 per

509 4106 562 4175 i'd
600 4122 765 4177 ferme
795 4129 1002 4191 tempus
1027 4123 1194 4176 Ebion
1215 4127 1267 4175 in
1292 4124 1446 4185 lacis,
1470 4124 1537 4176 ab
1568 4123 2037 4199 Epiphaniolcom-

508 4212 837 4275 memoratis,
863 4227 1074 4266 errores
1118 4227 1248 4266 suos
1298 4212 1650 4266 disseminare
1697 4215 1878 4281 coepit.
1931 4213 2038 4269 Nec

509 4292 663 4370 lange
720 4302 872 4356 abest
925 4303 992 4355 ab
1040 4302 1139 4355 hac
1199 4302 1462 4355 sententia
1514 4301 1902 4372 Hieronymus,
1945 4307 2036 4374 qui

505 4388 784 4450 Joannem,
818 4376 1173 4458 consurgente
1203 4377 1422 4442 Ebionis
1453 4388 1661 4451 haeresi,
1695 4390 2036 4461 Evangelium

507 4466 664 4531 suum
688 4479 969 4547 scripsisse
997 4478 1220 4533 alﬁrmat
1236 4480 1279 4509 "
1303 4497 1316 4532 :
1345 4479 1562 4546 Scripsit
1584 4474 1916 4547 Evangelium
1940 4483 2036 4536 ad-

506 4585 682 4622 versus
716 4568 1129 4625 Cerinthum.....
1159 4579 1207 4623 et
1245 4570 1466 4623 maxime
1508 4586 1640 4622 nunc
1676 4570 2034 4634 Ebionitarum

505 4654 691 4727 dogma
721 4649 1045 4728 consurgens.
1348 4648 1351 4651 5

576 4734 798 4803 Errores
824 4752 949 4803 vero
979 4747 1198 4802 Ebionis
1234 4748 1393 4802 iidem
1435 4749 1811 4815 propemodum
1840 4762 1991 4807 erant
2016 4792 2033 4818 ,

501 4848 570 4891 ac
599 4835 869 4905 Cerinthi;
903 4839 975 4891 ita
1006 4848 1063 4892 ut
1090 4839 1179 4892 ille
1216 4852 1246 4890 a
1287 4836 1640 4906 quibusdam,
1665 4839 1806 4906 quod
1857 4849 2035 4897 tamen

505 4914 867 4981 indubitatum
897 4930 1118 4983 omnino
1146 4945 1251 4981 non
1282 4935 1384 4994 est,
1420 4928 1660 4999 ejusdem
1687 4930 1923 4985 Cerinthi
1947 4934 2031 4987 di-

506 5004 748 5085 scipulus
772 5016 935 5073 fuisse
964 5026 1254 5073 asseratur.
1292 5019 1524 5074 Docebat
1554 5028 1730 5075 autem
1759 5021 2030 5078 Christum

509 5119 714 5159 merum
743 5120 864 5160 esse
895 5108 1182 5175 hominem,
1210 5123 1277 5162 ex
1304 5107 1470 5163 Maria
1499 5116 1552 5164 et
1578 5093 1771 5179 Joseph
1794 5112 2037 5189 humano,

2068 1786 2107 1838 Β

2131 553 2271 605 sione
2298 530 2522 619 quadam
2568 547 2770 601 virtutis
2791 586 2804 609 ,
2856 546 3016 599 verba
3061 552 3195 599 sunt
3227 532 3543 606 Epipliattii
3574 530 3641 593 ⁸³,
3675 540 3719 582 et

2130 643 2481 709 conjunctione
2510 655 2625 692 cum
2664 638 2769 690 Deo
2807 636 3006 704 factum
3040 648 3058 684 :
3093 629 3461 700 proindeque
3508 622 3695 688 adOpti

2131 749 2252 785 vum
2282 731 2544 784 duntaxat
2571 742 2690 781 esse
2715 726 2806 779 Dei
2835 725 3051 786 Filium,
3087 734 3148 774 ut
3175 716 3370 772 eidem
3397 711 3604 767 Ebioni
3631 727 3722 764 ex-

2131 820 2347 888 probrat
2382 819 2662 871 Mercator.
2719 814 3027 867 Sectatores
3074 819 3273 865 tamen
3334 801 3577 855 Ehionis
3615 815 3723 853 non

2132 910 2238 962 uno
2265 908 2557 975 eodemque
2586 905 2743 957 modo
2775 904 2918 956 hunc
2941 898 3195 969 magistri
3226 893 3319 947 sui
3353 900 3721 952 erroremgse-

2130 999 2240 1051 cuti
2272 1005 2397 1050 sunt
2426 1016 2436 1048 :
2471 997 2580 1051 Alii
2611 995 2866 1047 enimvero
2899 991 2961 1044 ab
2992 991 3075 1042 his
3108 980 3315 1040 eodem’
3340 979 3567 1038 nomine
3596 992 3724 1028 nun-

2130 1087 2323 1153 cupati,
2355 1086 2526 1152 inquit
2552 1085 2818 1139 Eusebius
2849 1083 2913 1145 ⁵⁸,
2955 1077 3256 1134 absurdam
3288 1084 3489 1125 eorum
3522 1075 3727 1120 sentem

2131 1177 2258 1226 tiam
2289 1176 2589 1239 reiicicntes,
2621 1173 2883 1228 Christum
2908 1169 3114 1240 quidem
3147 1181 3218 1221 ea:
3264 1162 3495 1230 Virgine
3525 1166 3576 1209 et
3610 1154 3727 1221 Spi-

2131 1267 2236 1317 ritu
2263 1274 2440 1318 sancto
2470 1266 2694 1334 genitum
2724 1280 2834 1316 esse
2874 1278 2976 1314 non
3006 1266 3206 1328 negant
3244 1270 3264 1307 :
3308 1251 3407 1306 sed
3450 1248 3616 1301 iidem
3649 1246 3726 1301 ni-

2130 1354 2407 1408 hilominus
2438 1371 2552 1407 cum
2583 1354 2868 1416 Christum,
2902 1361 3077 1419 utpote
3109 1348 3329 1408 Deum,
3376 1340 3639 1400 Verbum,
3668 1354 3723 1388 at

2130 1446 2434 1512 sapientiam
2464 1445 2663 1508 Patris,
2700 1454 2816 1497 ante
2845 1444 3018 1496 omnia
3040 1440 3359 1494 substitisse
3395 1432 3619 1487 minime
3643 1430 3723 1496 fa-

2134 1542 2360 1596 teantur,
2405 1535 2457 1586 in
2509 1534 2738 1586 eamdem
2772 1549 2889 1585 cum
2931 1529 3206 1598 prioribus
3252 1525 3595 1580 sententiam
3640 1522 3720 1577 de:

2132 1624 2266 1689 lapsi
2291 1632 2429 1676 sunt.
2466 1622 2616 1675 Unde
2642 1624 2803 1675 etiam
2829 1619 3168 1690 Epiphanius
3195 1618 3249 1648 ⁸⁸
3281 1635 3294 1669 :
3324 1614 3445 1668 Alii
3482 1614 3642 1665 aliter
3668 1613 3727 1665 de

2136 1713 2342 1767 Christo
2391 1714 2818 1780 pronuntiant....
2852 1709 3114 1763 Nonnulli
3162 1708 3318 1761 enim
3350 1722 3422 1760 ea:
3469 1706 3548 1758 eis
3579 1704 3726 1756 Ada-

2138 1821 2274 1856 mum
2303 1804 2463 1871 fuisse
2486 1803 2747 1857 Christum
2772 1803 3105 1870 pra’dicantu
3142 1842 3157 1855 .
3197 1800 3320 1852 Alii
3352 1815 3381 1852 e
3413 1798 3550 1851 caelo
3575 1797 3726 1850 Chri-

2136 1902 2272 1944 stum
2306 1907 2415 1944 esse
2443 1892 2753 1958 conﬁtentur
2774 1930 2789 1953 ,
2823 1889 2911 1942 sed
2949 1898 3071 1940 ante
3104 1889 3304 1940 omnia
3350 1898 3633 1946 creatum,
3668 1902 3725 1937 ac

2136 1983 2377 2048 spiritum
2401 1980 2673 2053 quemdam
2706 1996 2835 2043 esse,
2868 1980 3170 2047 angelisque
3203 1986 3523 2046 prwstare,
3574 1985 3725 2043 atque

2136 2070 2361 2122 onmium
2380 2085 2546 2121 rerum
2560 2068 2883 2120 dominatum
2911 2076 3100 2121 tenere.
3133 2066 3248 2130 Qui
3271 2083 3397 2118 cum
3419 2073 3724 2132 perpetuam

2136 2159 2247 2209 illic
2273 2157 2644 2210 habitationem
2673 2158 2887 2210 sortitus
2917 2158 3005 2219 sit,
3024 2157 3236 2225 quoties
3268 2156 3518 2221 libuerit,
3534 2156 3591 2208 in
3621 2155 3725 2210 ha'c

2134 2247 2315 2314 in/ima
2346 2245 2620 2311 delabitur,
2642 2244 3076 2314 quemadmodum
3100 2247 3156 2298 in
3178 2246 3408 2299 Atlanta
3432 2245 3723 2312 descendit,

2135 2346 2182 2389 et
2231 2335 2540 2403 patriarchis
2578 2350 2788 2401 corpore
2835 2333 3196 2401 circumfusus
3262 2335 3565 2401 apparuit,
3593 2334 3725 2387 uelut

2135 2443 2249 2478 cum
2291 2426 2358 2479 ad
2408 2426 2797 2487 Abrahamum,
2854 2423 3103 2477 Isaacum
3148 2435 3200 2478 et
3246 2424 3530 2478 Iacobum
3568 2424 3721 2479 adiit.

2136 2515 2282 2569 Idem
2315 2515 2526 2584 denique
2558 2516 2825 2582 postremis
2847 2514 3167 2581 temporibus
3194 2516 3368 2577 venit,
3394 2516 3598 2568 Adami
3619 2533 3725 2568 cor,

2133 2621 2254 2673 pore
2287 2614 2563 2666 contectus,
2600 2613 2648 2656 et
2678 2604 2828 2658 homo
2868 2605 3008 2657 visus
3048 2612 3152 2669 est,
3184 2614 3237 2656 et
3263 2605 3323 2657 in
3359 2620 3574 2658 crucem
3604 2604 3725 2658 sub—

2137 2696 2274 2748 latus
2306 2695 2552 2756 surrexit,
2576 2704 2623 2747 et
2653 2695 2882 2746 ascendit
2911 2695 2964 2746 in
2995 2692 3212 2749 caelum.
3263 2693 3486 2748 Rursus
3529 2694 3620 2747 ubi
3662 2697 3722 2748 li-

2137 2783 2325 2845 buerit,
2354 2784 2428 2835 ita
2455 2798 2508 2835 se
2538 2799 2641 2834 rem
2665 2782 2847 2835 habere
2869 2789 3078 2850 negant,
3113 2783 3169 2834 in
3194 2799 3433 2852 eumque
3461 2784 3724 2839 dunmxat

2136 2888 2245 2925 sese
2270 2884 2507 2924 sanctum
2553 2870 2805 2937 infudisse
2835 2868 3093 2937 Spiritum
3114 2910 3129 2931 ,
3163 2871 3264 2939 qui
3303 2880 3388 2925 est
3440 2871 3719 2935 Christus,

2135 2974 2346 3029 eumque
2373 2961 2458 3028 qui
2483 2957 2636 3011 Jesus
2668 2968 2879 3011 vocatus
2902 2965 3001 3020 est,
3037 2958 3311 3012 induisse.
3346 2958 3417 3011 Et
3458 2961 3605 3016 inlra
3629 2962 3674 2993 “
3705 2982 3718 3016 :

2137 3049 2279 3102 Duos
2308 3066 2340 3101 a
2374 3048 2477 3101 Deo
2507 3049 2809 3102 constitutos
2841 3064 2951 3102 esse
3000 3060 3265 3102 asserunt
3295 3090 3310 3114 ,
3346 3051 3630 3105 Christum
3674 3064 3720 3106 et

2138 3137 2422 3200 diabolum,
2452 3154 2666 3206 quorum
2695 3137 2775 3190 illi
2815 3137 3015 3206 futuri,
3049 3138 3173 3190 huic
3213 3144 3511 3207 praesentis
3538 3144 3721 3197 swculi

2136 3237 2361 3294 potestas
2390 3236 2465 3280 est
2512 3227 2788 3279 commissa
2822 3242 2841 3280 :
2871 3227 3022 3298 idque
3051 3228 3194 3282 adeo
3238 3233 3633 3301 omnipotentis
3653 3234 3721 3287 il-

2139 3316 2240 3372 lius
2276 3316 2522 3369 mandato
2567 3314 2635 3370 ad
2682 3316 2929 3387 cujusque
2976 3320 3410 3387 postulationem
3465 3340 3584 3379 esse
3623 3324 3721 3394 [a-

2138 3415 2296 3469 ctum,
2322 3413 2426 3460 etc.

2207 3498 2249 3529 ⁸⁷
2276 3495 2423 3551 Hanc
2450 3511 2607 3565 porro
2628 3497 2937 3566 opinionum
2965 3499 3303 3557 divisionem
3358 3512 3417 3559 et
3460 3505 3722 3561 dili‘eren-

2139 3588 2263 3641 tiam
2294 3586 2468 3643 Elxteo
2490 3588 2974 3657 pseudopropheta:
2998 3592 3357 3648 tribuendam
3377 3611 3511 3651 esse
3536 3598 3721 3667 suspi-

2137 3687 2310 3730 catur.
2355 3674 2580 3740 Quidam
2628 3692 2749 3730 vero
2776 3677 2921 3749 hunc
2950 3678 3226 3744 Elxzeum,
3264 3698 3369 3738 seu
3405 3684 3596 3740 Elceai
3630 3703 3721 3756 pe-

2137 3765 2358 3819 culiaris
2398 3764 2678 3831 cujusdam
2709 3767 2965 3831 haeresis,
3009 3784 3130 3837 quae
3181 3771 3255 3824 ab
3309 3774 3466 3829 illius
3492 3778 3722 3832 nomine

2137 3853 2556 3913 Helcesaitarum
2591 3855 2731 3908 dicta
2759 3864 2881 3918 est,
2914 3856 3135 3909 tradunt
3184 3857 3371 3915 fuisse
3401 3871 3716 3917 auctorem.

2136 3945 2282 3999 Illius
2313 3961 2471 4015 porro
2510 3960 2722 3999 errores
2749 3947 2816 3999 ab
2843 3946 3075 4001 Eusebio
3104 3948 3151 3978 ³⁸
3184 3957 3242 4002 et
3276 3948 3647 4008 Theodoreto
3674 3955 3721 3986 "

2137 4042 2425 4100 notantur;
2462 4033 2557 4088 sed
2583 4050 2701 4088 eam
2729 4035 2887 4089 simul
2922 4043 3123 4099 natam,
3153 4038 3327 4092 simul
3366 4045 3718 4099 exstinctam

2138 4125 2277 4178 idem
2325 4123 2588 4196 Eusebius
2617 4124 2670 4175 in
2701 4125 3074 4179 ecclesiastica
3104 4142 3202 4178 sua
3249 4127 3512 4185 Historia
3544 4143 3722 4191 testa-

2137 4223 2224 4268 tus
2253 4220 2354 4268 est.
2383 4212 2616 4267 Citatum
2660 4228 2691 4266 a
2719 4215 2875 4271 nobis
2920 4216 3062 4268 illius
3095 4216 3276 4270 locum
3329 4222 3377 4273 si
3426 4223 3591 4279 adire
3624 4242 3722 4279 vo-

2137 4305 2324 4370 lueris,
2356 4304 2471 4372 lege
2496 4304 2663 4358 etiam
2692 4303 2748 4357 in
2778 4320 2898 4359 eum
2934 4304 3130 4360 Valesii
3158 4316 3327 4362 notas
3361 4317 3420 4365 et
3452 4314 3722 4370 animad-

2066 4428 2109 4482 Β
2140 4394 2432 4448 versiones.

2208 4482 2467 4536 Ebionitze
2506 4489 2680 4536 autem
2715 4492 2972 4552 praeterea
3020 4484 3291 4539 docebant
3342 4504 3553 4549 omnes
3598 4496 3719 4567 lege

2140 4574 2370 4645 Mosaica
2407 4572 2597 4639 teneri,
2632 4576 3052 4644 servandamque
3089 4573 3316 4630 Sabbati
3368 4582 3717 4641 celebratio-

2140 4682 2279 4730 nem,
2312 4661 2562 4734 quamvis
2592 4665 2922 4719 Dominicam
2960 4680 3172 4734 quoque
3212 4666 3364 4722 diem
3408 4673 3468 4725 in
3499 4673 3717 4731 Resur-

2140 4756 2393 4811 rectionis
2430 4757 2629 4811 Christi
2660 4756 2968 4810 memoriam
3006 4756 3219 4824 ipsimet
3248 4757 3710 4822 observaverint.

2140 4842 2475 4912 Quapropter
2498 4844 2532 4896 ii
2560 4844 2713 4912 juxta
2747 4841 3002 4896 Irenaeum
3039 4840 3121 4891 “z
3153 4838 3395 4894 Paulum
3427 4860 3711 4915 recusant,

2132 4942 2422 4999 apostatam
2453 4948 2565 4985 eum
2596 4932 2719 5001 legis
2743 4930 3079 4984 dicentes.....
3107 4928 3219 4980 solo
3251 4940 3441 4985 autem
3470 4952 3535 4989 eo
3567 4945 3714 5007 quod

2130 5034 2206 5078 est
2238 5022 2514 5077 secundum
2541 5020 2843 5074 Mattlueum
2867 5018 3139 5088 Evangelia
3162 5027 3414 5076 utuntur.
3443 5023 3550 5083 His
3585 5046 3717 5099 qua

2133 5115 2199 5169 de
2226 5113 2513 5182 Evangelia
2544 5111 2779 5166 Matthaei
2809 5112 3064 5165 dicuntur
3090 5145 3106 5172 ,
3136 5110 3391 5166 concinit
3440 5114 3711 5177 Theodo-

579 5300 1060 5387 ξέηοτεεξςερλιιίδη
1104 5320 1145 5387 ur
1193 5316 1331 5387 εφμ.
1390 5305 1542 5387 cete
1574 5316 1625 5387 et
1682 5309 1773 5363 lih.
1829 5325 1879 5363 ιν
1937 5312 2249 5387 Periarch.;
2319 5312 2514 5387 Euseb.
2562 5313 2664 5387 lib.
2727 5327 2803 5387 ιιι⁷
2838 5312 2976 5364 Hist.
3037 5325 3156 5387 sap-
3221 5310 3312 5387 3];
3349 5313 3703 5387 _Epiphan..

2038 5384 2082 5412 ιο

506 5369 698 5432 haeres.
743 5370 841 5427 30;
885 5370 1151 5426 Theodor.‘

511 5428 622 5507 gi.
717 5439 759 5469 ει
794 5438 923 5493 una.
968 5438 993 5507 §
1034 5441 1118 5493 18.

509 5506 691 5560 homil.
736 5508 800 5560 17
856 5510 909 5559 in
958 5506 1113 5569 Luc.;
1146 5506 1449 5579 Hieronym.
1507 5506 1583 5563 De
1627 5515 1804 5577 script.
1848 5506 2033 5569 veccles.

508 5576 764 5649 fflp_._27._'
815 5575 1130 5649 ξξῐδυθιρίτ.
1227 5579 1497 5649 “illaeres.
1529 5580 1618 5640 50.
1663 5579 1773 5649 55.
1872 5584 1916 5635 ’.⁸
1952 5586 2033 5638 lbi

507 5614 788 5701 ἰδ”ᾖιῖξὸὶι
815 5614 1195 5701 ιίυῖὶῗὶιῖὲἳεε,
1239 5614 1644 5717 Fiiw',‘€:§p‘fvi.
1663 5614 1689 5649 ³
1721 5614 1773 5681 ἴθ’
1811 5614 2055 5708 1.05.23:

1230 5374 1378 5445 Han.
1440 5375 1631 5445 Fabul.
1703 5386 1821 5445 ‘cap.
1876 5394 1932 5431 It.

2144 5382 2683 5457 Me_rcat._Anathent.
2751 5378 2986 5457 Νεδιοτςε3
3031 5379 3131 5457 ⁸12.
3235 5380 3281 5411 ⁵ο
3330 5378 3566 5457 gub-gs.
3606 5378 3721 5457 δορί

1210 5441 1358 5527 “ipe
1416 5442 1591 5527 script.
1653 5441 1863 5527 eccles”
1896 5447 1961 5527 in_
1996 5445 2179 5527 Joan_.,‘
2212 5450 2413 5527 Tertul.
2628 5449 2690 5527 de
2715 5466 2887 5527 carne
2918 5448 3136 5527 Christ},
3171 5462 3290 5527 cap.
3323 5451 3418 5505 18.
3460 5441 3709 5527 Qrigen'.‘

2133 5519 2435 5608 ἵζοιίεεεςες.
2459 5516 2656 5608 illi
2709 5517 2797 5608 ‘é‘;
2821 5525 2897 5608 ,ξι
2942 5518 3136 5608 Eunt:-
3194 5517 3400 5608 ¹ἓυεριξι
3472 5516 3699 5608 Ηεᾰρνέ

1872 5584 1916 5635 ορ
1952 5586 2035 5669 tot.

2139 5588 2252 5653 με,
2328 5588 2370 5619 υτ
2397 5586 2527 5643 Ibid.
2567 5584 2593 5655 §
2626 5582 2676 5640 δ.
2744 5586 2789 5619 ιε
2820 5585 3015 5643 Euseb.
3051 5586 3142 5641 lib.
3178 5599 3221 5639 η
3260 5582 3408 5642 Hist.
3434 5603 3566 5661 cap.
3599 5582 3696 5669 3o;
