3832 6280
180 263 369 335 ε,

1184 251 1368 309 pium
1407 253 1781 319 ECCLESI-E
1824 266 2090 323 secum
2132 268 2635 326 SCRIPTORIBUS‘.
3186 246 3189 251 ’
3435 274 3508 328 es

172 374 485 450 βιρδς
519 366 649 423 addit
696 373 882 423 tamen
940 366 1300 441 Epiphanius
1321 371 1364 403 “
1402 392 1417 427 :
1454 376 1779 451 Quanquam
1823 399 1883 435 ne
1912 387 1956 442 Α
1985 386 2229 452 mysteria
2278 384 2517 455 qua‘dam
2557 386 2835 454 quotannis
2891 386 3177 450 celebrant,
3217 386 3270 440 in
3320 388 3501 457 quibus

174 464 544 535 Mrem
568 458 765 527 quidem
814 457 1017 512 habent
1048 500 1066 525 ,
1114 465 1210 519 sed
1237 463 1592 520 adulteratam
1626 480 1674 523 et
1718 472 1875 523 mitti-

195 560 410 622 ινιω
434 564 457 608 ;
492 559 628 618 atque
664 549 728 602 iis
755 548 1033 611 omnibus,
1067 571 1197 622 qua:
1218 556 1284 608 ad
1306 556 1660 626 genealogiam
1684 559 1879 613 Christi

214 648 555 724 εμωπι,
582 640 693 694 inde
725 640 939 694 abrasis
968 681 985 705 ,
1024 644 1271 715 idipsum
1311 647 1633 704 Hebraicum
1672 659 1871 704 vocant.

250 731 450 805 Quid
481 747 610 802 ergo,
658 732 875 800 inquies
901 772 920 799 ,
960 734 1268 793 Mercatori
1325 739 1587 797 faciemus
1614 781 1630 805 ,
1674 742 1765 812 qui
1809 744 1875 797 de

290 827 505 881 Ebione
528 824 630 877 haec
661 824 863 877 scribit
917 843 936 881 :
982 827 1265 884 Christum
1294 832 1348 884 in
1386 831 1481 885 Dei
1512 834 1684 901 ﬁlium
1711 834 1871 900 adop-

310 923 472 965 satum
501 930 650 965 ausus
678 924 756 967 est
810 916 1127 980 praedicare
1157 958 1173 983 ,
1211 937 1442 975 asserens
1491 939 1546 977 se
1602 922 1870 989 Matthwi,

300 1006 477 1059 Παντὶ
490 1017 533 1060 et
552 1006 693 1059 Luae
741 1011 1207 1079 eeangelistarum
1227 1002 1589 1069 auctoritatem
1614 1017 1873 1068 secutum?

292 1095 524 1149 Aiebam
548 1097 792 1150 nonnulli
816 1098 1197 1156 Mercatorem
1226 1104 1293 1158 de
1312 1103 1515 1159 Ebione
1535 1144 1550 1166 ,
1582 1105 1714 1159 alios
1746 1120 1872 1159 vero

290 1177 487 1236 Patres
525 1181 590 1236 de
616 1182 739 1250 ejus
784 1185 948 1255 loqui
997 1189 1309 1258 discipulis.
1359 1192 1427 1244 At
1469 1191 1521 1244 id
1561 1193 1702 1261 quod
1744 1208 1871 1246 vero

280 1266 505 1321 videtur
540 1270 780 1325 similius
802 1310 819 1336 ,
856 1273 898 1326 ii
936 1276 1282 1345 subjungunt
1305 1316 1320 1341 ,
1351 1285 1462 1332 tres
1492 1278 1613 1333 illos
1644 1294 1869 1349 evange-

270 1352 437 1410 listas
461 1358 537 1412 ab
563 1358 802 1425 Ebione,
847 1370 913 1416 ut
940 1365 1020 1419 ait
1049 1365 1339 1430 Mercator,
1365 1369 1557 1423 citatos
1580 1411 1595 1435 ,
1622 1385 1729 1423 non
1749 1371 1868 1425 ideo

255 1441 506 1506 quidem
524 1444 673 1513 quod
694 1446 1049 1503 admittenda
1073 1459 1287 1520 putaret
1313 1454 1523 1506 illorum
1544 1454 1829 1525 Evangelia
1847 1495 1863 1519 ,

239 1529 365 1582 sed
399 1540 459 1583 ut
493 1548 690 1587 eorum
726 1539 1126 1593 auctoritatem
1159 1549 1353 1594 contra
1397 1540 1703 1595 Catholicos
1732 1581 1747 1606 ,
1774 1542 1867 1611 qui

224 1629 386 1671 eam
422 1620 683 1677 divinam
704 1640 841 1680 esse
864 1628 1190 1691 credebant,
1214 1639 1613 1698 argumento,ut
1637 1632 1865 1700 loquun-

212 1712 376 1770 cur,
406 1711 486 1763 ad
525 1711 825 1769 hominem
858 1725 1104 1786 urgeret.
1135 1694 1399 1773 Czeterum
1452 1720 1498 1774 si
1538 1722 1666 1789 quid
1707 1694 1862 1776 aliud
1896 1694 1935 1746 Β

199 1798 517 1852 senserit
536 1799 847 1866 Mercator,
869 1815 1023 1860 certe
1038 1807 1219 1875 opinio
1238 1809 1383 1862 illius
1402 1809 1627 1862 aliorum
1648 1808 1862 1864 Patrum

180 1891 560 1944 sententiae
590 1892 957 1959 praeferenda
987 1911 1094 1949 non
1124 1904 1227 1951 est.

324 1972 376 2002 ⁸³
404 1974 819 2035 Praedicabant
869 1983 1100 2053 insuper
1149 1986 1411 2041 Ebionitat
1435 1988 1692 2043 Christum
1733 1990 1864 2041 veri-

162 2081 281 2126 ιενν
302 2062 384 2113 tis
419 2082 544 2121 esse
574 2071 978 2136 prophetam...
1006 2074 1295 2143 Prophetas
1317 2093 1453 2141 vero,
1484 2094 1584 2131 non
1611 2080 1859 2143 veritatis,

392 2155 793 2229 intelligentia:
839 2180 955 2217 esse
1006 2166 1282 2234 prophetas
1306 2208 1322 2231 ,
1347 2168 1655 2237 proindeque
1681 2169 1861 2223 Iesum

191 2237 441 2308 ιθιιιπι
469 2264 590 2301 esse
627 2251 982 2318 prophetam.
1028 2254 1094 2306 Et
1122 2257 1281 2324 paulo
1308 2258 1556 2326 superius
1582 2277 1595 2311 :
1625 2258 1862 2310 Abraha-

245 2344 427 2399 παίωνι,
448 2346 501 2388 et
530 2335 810 2392 Isaacitm
839 2380 855 2403 ,
878 2358 955 2393 -ac
979 2341 1237 2397 Iacobum
1262 2384 1277 2408 ,
1324 2354 1374 2399 et
1432 2347 1677 2414 Mog/sem,
1711 2358 1861 2416 atque

276 2418 530 2475 Aaronem
566 2426 907 2493 admittunt,
938 2446 1045 2482 una
1075 2448 1192 2484 cum
1220 2432 1368 2498 Iesu,
1396 2436 1485 2503 qui
1504 2434 1701 2503 Moysis
1727 2436 1860 2489 dun-

271 2517 413 2562 taxat
433 2530 760 2579 successor,
789 2534 958 2587 neque
988 2520 1273 2589 quidquam
1308 2524 1528 2591 amplius
1570 2524 1743 2590 fuerit.
1768 2524 1861 2578 Se-

268 2600 493 2655 cundum
518 2605 623 2657 hos
650 2608 878 2660 nullum
905 2609 1071 2662 alium
1100 2626 1165 2663 ex
1189 2611 1444 2679 prophetis
1474 2614 1753 2677 asciscunt,
1773 2614 1859 2667 sed

264 2699 374 2738 cum
388 2695 790 2747 exsecratione
805 2696 1145 2763 proscribunt
1168 2715 1229 2751 ac
1256 2698 1505 2763 derident,
1530 2710 1675 2768 puta,
1702 2701 1860 2754 Davi-

259 2772 391 2841 dem,
423 2789 481 2832 et
528 2780 921 2847 Salomonem,
953 2794 1109 2853 atque
1142 2784 1343 2841 Isaiam
1369 2826 1383 2852 ,
1412 2787 1725 2854 Ieremiam,
1750 2790 1858 2843 Da-

256 2866 465 2932 nielem,
506 2870 887 2934 Ezechielem,
914 2875 1227 2942 quibuscum
1250 2877 1423 2930 Eliam
1452 2888 1602 2948 atque
1629 2879 1857 2933 Eliseum

252 2960 568 3022 repudiarit.
605 2959 669 3015 Si
720 2962 857 3031 quis
887 2970 1071 3017 autem
1122 2965 1543 3035 interrogasset:
1582 2966 1724 3021 Unde
1759 2970 1856 3039 igi-

250 3055 336 3096 tur
357 3058 518 3102 tenes
547 3067 675 3119 quae
700 3051 779 3104 ad
807 3050 1051 3121 Moysem
1099 3053 1549 3125 Abrahamumque
1570 3060 1858 3127 pertinent?

243 3139 689 3207 respondebant
730 3140 890 3207 illico
915 3141 973 3194 id
1002 3142 1106 3195 sibi
1128 3160 1159 3195 a
1183 3144 1391 3198 Christo
1416 3148 1748 3216 patefactum.

310 3230 493 3287 Alios
526 3248 733 3288 eorum
781 3249 1008 3290 errores
1056 3237 1426 3291 enumerando
1458 3239 1597 3293 idem
1626 3240 1856 3310 Epipha-

232 3317 377 3377 nius
409 3322 468 3353 ⁸⁸
502 3322 731 3376 dixerat
764 3340 778 3375 :
814 3321 921 3376 Est
968 3322 1066 3376 hoc
1100 3324 1209 3377 illis
1240 3325 1449 3394 insuper
1477 3328 1530 3381 in
1549 3346 1689 3383 more
1725 3332 1858 3398 posi-

228 3416 391 3473 tum,
458 3420 524 3462 ut
576 3412 1021 3465 adolescentulos
1071 3413 1208 3466 citra
1250 3424 1511 3470 maturam
1556 3428 1758 3473 aetatem
1788 3420 1856 3473 ad

219 3501 488 3566 nuptias
515 3501 922 3569 compellant...
954 3517 1116 3570 neque
1139 3519 1255 3556 vero
1288 3505 1404 3557 unis
1432 3505 1689 3560 duntaxat
1728 3524 1857 3576 nup-

216 3584 334 3642 tiis
366 3590 690 3658 afﬁnitates
724 3592 868 3643 inter
896 3606 954 3643 se
1003 3591 1350 3661 conjungunt,
1385 3594 1473 3647 sed
1505 3597 1551 3648 si
1574 3597 1656 3649 cui
1684 3596 1856 3651 divor-

213 3671 388 3729 tium
432 3677 616 3745 facere
646 3678 906 3741 libuerit,
951 3695 1015 3730 ac
1054 3696 1239 3732 novum
1268 3682 1398 3734 inire
1444 3685 1851 3750 matrimonium,

208 3766 317 3816 ad
357 3768 565 3821 tertias
596 3778 652 3820 et
685 3768 951 3835 septimas
986 3783 1147 3837 usque
1169 3772 1374 3836 nuptias
1404 3775 1722 3839 permittunt.
1754 3775 1855 3830 Su-

208 3857 462 3919 perius
491 3873 626 3912 vero
654 3858 703 3888 “
731 3878 745 3912 :
799 3858 985 3911 Hodie
1009 3897 1022 3921 ,
1056 3859 1366 3927 inquiebat,
1406 3863 1671 3932 virginitas
1719 3868 1854 3935 apud

204 3940 261 3991 il
278 3945 384 3997 dos
427 3955 479 3998 et
520 3947 752 3999 castitas
807 3947 1030 3998 omnino
1068 3947 1432 4013 prohibetur...
1459 3949 1599 4003 Nam
1640 3954 1763 4007 olim
1793 3954 1856 4009 de

204 4031 573 4101 cirginitate
605 4034 839 4103 gloriari
872 4033 1159 4097 solebant,
1209 4037 1457 4090 nimirum
1501 4038 1561 4092 ob
1600 4038 1854 4095 Iacobum

218 4123 499 4188 \tatrem
527 4126 768 4192 Domini,
795 4126 1042 4195 adeoque
1086 4126 1245 4182 libros
1292 4146 1413 4184 suos
1443 4131 1511 4184 ad
1551 4134 1775 4188 seniores
1804 4145 1854 4188 et

256 4213 500 4281 virgines
528 4217 847 4271 inscribunt.

1974 486 2129 537 panes
2167 490 2398 542 azymos,
2429 481 2477 526 et
2499 471 2567 526 ad
2594 473 2811 527 alteram
2838 475 3070 544 mysterii
3093 484 3289 539 partem
3309 492 3502 529 meram

1975 576 2161 627 aquant
2190 561 2446 615 adhibent.

2042 645 2181 701 ldein
2214 648 2386 702 adhuc
2421 649 2744 719 Epiphanius
2769 650 2813 681 ⁸³
2838 660 3097 704 memorat
3138 650 3353 706 eosdem
3396 650 3503 706 bie-

1973 738 2185 799 rcticos,
2216 744 2272 789 ut
2304 753 2549 808 magnum
2579 739 2848 794 erroribus
2877 740 2990 795 suis
3017 741 3349 795 auctoritatis
3370 756 3501 809 pou—

1971 825 2071 879 dus
2096 827 2406 891 tribuerent,
2437 843 2589 882 sacra
2616 830 2977 895 apostolorum
3014 830 3231 883 nomina
3278 830 3501 898 quibus-

1970 918 2089 970 dam
2118 916 2289 978 libris,
2314 932 2342 969 a
2385 931 2442 972 se
2485 918 2746 980 confictis,
2791 918 3078 986 prtelixisse
3103 937 3115 972 :
3142 918 3497 986 Apostolorum

1969 1004 2100 1057 alios
2127 1004 2285 1056 Actus
2314 1005 2696 1072 circumferunt,
2723 1006 2775 1058 in
2803 1005 2982 1075 quibus
3008 1007 3235 1073 plurima
3262 1018 3377 1060 sunt
3403 1007 3500 1059 im-

1967 1093 2169 1159 pietatis
2208 1092 2417 1145 illorum
2441 1095 2670 1162 vestigia,
2695 1095 2899 1163 ejusque
2924 1096 3244 1161 potissimum
3272 1099 3499 1149 auctori-

1968 1191 2073 1235 tate
2107 1182 2226 1235 libri
2253 1183 2320 1235 ud
2344 1183 2738 1252 oppugnandam
2778 1186 3038 1238 veritatem
3087 1196 3373 1241 armantur.
3434 1186 3499 1239 Et

1968 1272 2103 1325 infra
2122 1272 2165 1303 ⁸³
2190 1291 2203 1325 :
2224 1272 2583 1339 Apostolorum
2611 1274 2843 1333 nomina,
2862 1290 2958 1341 quo
2988 1276 3197 1341 facilius
3220 1286 3495 1329 sectatores

1964 1376 2084 1413 suos
2107 1361 2389 1428 pelliciant,
2432 1376 2521 1429 per
2546 1362 2923 1415 simulationem
2963 1362 3265 1423 admittunt,
3313 1362 3494 1430 quibus

1962 1453 2115 1504 etiam
2146 1453 2388 1519 conﬁctos
2416 1450 2660 1519 quosdam
2687 1468 2719 1503 a
2746 1467 2798 1504 se
2840 1450 2993 1503 libros
3035 1451 3335 1514 inscribunt,
3362 1450 3494 1503 velut

1964 1556 1997 1593 a
2019 1538 2239 1601 Iacobo,
2259 1537 2529 1602 Matthazo,
2563 1555 2624 1591 ac
2652 1539 2861 1607 reliquis
2889 1537 3153 1604 discipulis
3183 1538 3367 1601 editos,
3406 1540 3490 1590 in-

1964 1636 2039 1679 ter
2057 1643 2169 1695 qua:
2190 1625 2408 1679 Ioannis
2430 1626 2584 1678 etiam
2603 1626 2821 1692 apostoli
2848 1642 3028 1679 nomen
3049 1624 3347 1678 admiscent.
3363 1624 3404 1677 Τ
3407 1642 3491 1679 θεν

1961 1723 2127 1769 tatum
2150 1714 2379 1783 denique
2414 1713 2756 1774 facit,librum
2780 1715 2870 1783 qui
2899 1711 3158 1767 Circuitus
3186 1710 3355 1779 Petri,
3382 1722 3434 1768 et
3460 1730 3493 1767 a

1959 1806 2227 1861 Clemente
2250 1805 2587 1873 conscriptus
2617 1819 2741 1860 esse
2774 1804 3062 1867 ferebatur,
3097 1804 3281 1857 iisdem
3327 1804 3493 1858 ntere-

1959 1896 2079 1951 ticis
2108 1896 2227 1950 usui
2266 1896 2451 1951 fuisse.

2026 1985 2140 2051 Qua
2169 2001 2298 2039 cura
2328 1984 2659 2054 Epiphanius
2686 1998 2897 2038 errores
2925 1982 3290 2038 Ebionitarum
3315 1999 3495 2037 recen-

1958 2089 2057 2139 set,
2088 2075 2270 2130 eadem
2300 2076 2453 2143 plane
2481 2074 2753 2143 diligentia
2783 2089 2895 2136 eos,
2924 2089 2951 2126 a
2980 2074 3176 2143 quibus
3217 2074 3397 2142 rejecti
3439 2083 3493 2127 et

1957 2166 2215 2220 destructi
2259 2174 2402 2226 sunt,
2438 2164 2735 2218 luculenter
2787 2163 3024 2216 ostendit
3050 2181 3063 2216 :
3090 2163 3274 2226 Porro,
3317 2164 3491 2232 inquit

1958 2254 2064 2315 ille,
2094 2268 2193 2305 non
2214 2251 2440 2304 Ioannes
2465 2250 2635 2312 modo,
2664 2249 2750 2303 sed
2770 2258 2817 2302 et
2840 2265 3010 2302 omnes
3030 2264 3239 2316 prorsus
3276 2250 3493 2317 apostoli

1946 2340 2169 2399 .Ebionis
2197 2341 2349 2408 ﬁdem
2378 2341 2663 2407 repudiarit,
2692 2349 2742 2393 et
2767 2356 2798 2391 a
2826 2340 2934 2392 suis
2960 2338 3304 2408 dogmatibus,
3346 2350 3495 2409 atque

1956 2431 2235 2498 apostolico
2260 2430 2348 2483 illo
2380 2430 2676 2483 charactere
2706 2429 2930 2482 alienam
2949 2429 3221 2497 judicant;
3259 2428 3313 2481 id
3355 2428 3490 2498 quod

1956 2522 2227 2589 unicuique
2252 2522 2572 2588 perspicuum
2601 2529 2696 2573 est.
2726 2519 2969 2573 Vidimus
3013 2535 3173 2588 supra
3199 2535 3263 2574 ex
3301 2519 3489 2573 Hiero-

1955 2627 2113 2680 nymo
2138 2610 2390 2664 Joannem
2419 2611 2472 2663 in
2502 2610 2687 2678 primis
2708 2610 2962 2663 adversus
2984 2625 3311 2678 consurgens
3336 2609 3491 2664 Ebio-

1955 2702 2040 2755 nis
2061 2700 2270 2770 dogma,
2295 2716 2447 2755 suum
2475 2700 2707 2755 edidisse
2730 2699 3089 2768 Evangelium.
3115 2698 3303 2753 Nullus
3329 2715 3490 2768 porro

1954 2791 2227 2845 dubitandi
2260 2791 2408 2844 locus
2433 2798 2535 2852 est,
2575 2791 2704 2859 quin
2728 2788 2892 2842 divini
2931 2790 3007 2842 illi
3037 2789 3240 2858 pugiles
3280 2791 3487 2858 plenam

1955 2878 2345 2948 perfectamque
2364 2879 2616 2933 adversus
2643 2878 2739 2932 hos
2760 2878 2880 2931 ﬁdei
2897 2885 2948 2931 et
2965 2878 3235 2932 catholica:
3256 2879 3490 2933 veritatis

1954 2971 2136 3025 hostes
2154 2969 2429 3022 victoriam
2456 2969 2861 3037 reportaverint.
2887 2968 2949 3021 Et
2978 2978 3122 3024 certe
3142 2970 3250 3038 jam
3282 2970 3492 3023 monui-

1954 3077 2073 3116 mus
2102 3061 2220 3115 illos
2244 3076 2272 3113 a
2304 3060 2417 3116 suis
2444 3058 2748 3128 primordiis
2776 3060 2951 3113 varias
2980 3060 3032 3113 in
3074 3068 3255 3129 partes
3289 3060 3497 3115 scisses

1953 3141 2141 3214 fuisse,
2168 3159 2220 3205 et
2250 3151 2388 3204 inter
2416 3165 2473 3204 se
2500 3148 2721 3205 divisos.
2750 3148 2886 3213 Quid
2918 3160 3091 3202 autem
3120 3149 3263 3203 aliud
3292 3164 3352 3202 ex
3387 3150 3489 3201 hac

1952 3242 2284 3295 dissensione
2313 3239 2461 3308 sequi
2490 3239 2678 3307 potuit,
2712 3254 2868 3307 quam
2899 3239 3100 3307 integra
3130 3239 3288 3307 hujus
3332 3247 3491 3294 sectae

1952 3332 2126 3392 ruina,
2156 3329 2527 3396 excidiumque
2552 3333 2755 3380 certum
2786 3334 2838 3381 et
2866 3328 3220 3381 celerrimum.
3246 3326 3360 3380 Non
3386 3328 3488 3382 ibi-

1952 3437 2072 3476 mus
2104 3427 2280 3474 tamen
2307 3419 2513 3473 inficias
2554 3417 2734 3486 plures
2764 3416 2980 3471 Ebionis
3018 3432 3228 3471 errores
3257 3418 3323 3470 ab
3364 3419 3486 3473 aliis

1953 3507 2287 3580 postmodum
2318 3507 2579 3560 haereticis
2622 3512 2923 3567 renovatos,
2955 3505 3047 3560 sed
3077 3505 3113 3558 ii
3154 3505 3486 3575 proﬂigatum

1953 3601 2019 3654 ab
2041 3598 2293 3668 apostolis
2313 3594 2679 3648 Ebionitarum
2702 3608 2913 3657 nomen,
2931 3594 3033 3648 sibi
3056 3592 3308 3662 deinceps
3330 3608 3486 3647 arro-

1954 3700 2078 3755 gare
2102 3698 2208 3737 non
2237 3680 2354 3736 ausi
2381 3692 2529 3737 sunt.

2528 3769 2751 3826 CAPUT
2790 3770 2897 3824 γη.

2364 3858 2436 3912 De
2462 3859 2642 3911 hteresi
2672 3858 3072 3915 Nazarworum.

2020 3948 2272 4014 Quamvis
2298 3946 2533 4001 Nazareni
2555 3961 2585 4000 a
2614 3947 2926 4015 quibusdam
2954 3946 3240 3999 Christiani
3274 3946 3483 4002 ἰκετειὶ-

1952 4038 2020 4104 ci,
2048 4052 2078 4089 a
2123 4036 2391 4089 nonnullis
2418 4049 2517 4088 nec
2558 4033 2867 4097 Christiani,
2908 4049 3005 4088 nec
3029 4033 3216 4098 Iudmi,
3259 4035 3324 4089 ab
3364 4037 3484 4090 aliis

1952 4126 2177 4192 denique
2205 4122 2390 4178 iisdem
2418 4136 2480 4176 ac
2519 4121 2752 4176 Ebionaai
2801 4123 3078 4177 erroribus
3108 4123 3360 4192 implicati
3400 4126 3483 4178 di-

1952 4221 2166 4276 cantur,
2199 4211 2273 4263 illi
2301 4220 2494 4274 tamen,
2531 4211 2574 4265 si
2600 4210 2892 4280 Epiphanio
2912 4212 2956 4242 ⁷⁸
2988 4212 3136 4272 fides,
3170 4213 3300 4265 meri
3332 4222 3484 4265 erant

357 4301 540 4360 Tradit
564 4309 729 4362 etiam
766 4308 814 4339 ⁸⁵
845 4305 1125 4361 Ebionem
1179 4306 1580 4378 discipulosque
1624 4310 1741 4380 ejus
1788 4313 1849 4366 ab
1883 4316 1924 4369 ι)
1950 4301 2112 4356 Iudaei
2139 4320 2150 4352 :
2179 4298 2353 4368 Neque
2377 4298 2595 4353 Iesswos
2619 4315 2673 4351 se
2701 4300 2838 4365 ipsos
2869 4310 3069 4360 vocant,
3103 4316 3258 4368 neque
3278 4299 3484 4353 Iudico-

295 4389 542 4449 alimentis
576 4396 825 4451 omnibus
876 4396 1223 4465 reliquoque,
1254 4395 1390 4465 quod
1428 4415 1581 4453 carne
1637 4411 1849 4468 constet,

298 4480 630 4552 abstinuisse;
657 4488 808 4559 quod
842 4487 949 4540 illa
980 4502 1012 4538 e
1053 4501 1337 4552 corporum
1376 4488 1513 4540 coitu
1552 4490 1855 4543 concubitu-

286 4582 373 4629 W
394 4584 691 4649 gignantur.
724 4581 849 4635 Nec
896 4577 1118 4647 pigebit
1159 4592 1224 4629 ex
1254 4577 1440 4630 eodem
1480 4578 1777 4648 Epiphanio
1807 4583 1851 4614 "

281 4650 543 4727 "bservare
555 4670 859 4728 Ebionitas
890 4665 1156 4738 quotidie
1179 4665 1404 4731 lavasse,
1432 4674 1483 4718 et
1505 4671 1851 4738 quotiescun-

250 4741 356 4839 ἵαὲ
372 4765 569 4839 aliquid
583 4764 804 4836 impuri
839 4775 910 4815 se
946 4754 1212 4822 tetigisse
1235 4754 1651 4811 arbitrabantur.
1681 4758 1849 4823 Quam

217 4814 699 4919 fﬂhsuetbdinemr
726 4860 795 4909 ut
863 4845 1039 4902 Petri
1097 4842 1424 4896 auctoritate
1473 4844 1748 4899 ﬁrmarent
1796 4851 1852 4898 et

154 4900 741 5034 rﬁimxgzhs,
770 4935 1173 5027 inquiebant,
1194 4928 1665 5034 lgqabat'quoudie’
1689 4934 1858 5000 prius-

259 4976 477 5034 \empio:
497 4976 741 5014 ιἐιηιδ,
770 4976 1173 5027 sugq-“vus”?
1195 4976 1335 5026 tm,
1353 4976 1400 4981 __
1425 4976 1665 5032 rivum":
1689 4976 1735 5000 Γ,
1754 4976 1832 4984 HW

184 4976 353 5107 $4»:
391 5053 560 5107 cibum
616 5036 927 5097 sumeret.
968 5022 1197 5107 Pergit
1216 5017 1358 5107 idem
1406 5016 1732 5089 Eplphamus
1758 5020 1799 5050 si
1828 5038 1841 5073 ε

177 5102 723 5208 ιὲέίὶεῶᾳποᾳηε⁴
741 5126 1000 5196 printer
1037 5102 1419 5208 quotidia'nuin
1448 5109 1601 5208 illum
1640 5110 1855 5208 initian-

336 5161 449 5207 ἰσηιο
479 5161 977 5214 ᾳπσᾳιιῆμιιν-νν
1049 5161 1063 5176 ι
1368 5193 1378 5204 .
1520 5161 1526 5162 ,
1570 5161 1585 5212 ν.
1648 5199 1658 5211 ⁹
1747 5198 1757 5208 ο

341 5255 383 5297 ει
424 5253 487 5297 ea:
547 5212 1099 5287 Christianorum
1167 5190 1519 5262 Εεείεδιαᾮιιε
1567 5207 1854 5251 imitatione

186 4891 215 4922 L‘

288 5255 383 5306 δεῖ

142 5434 157 5465 α

160 5464 193 5517 \

244 5515 553 5692 titus
595 5502 824 5633 εέτέι

866 5520 869 5523 ‘
900 5473 1193 5578 “bimi.
1231 5473 1373 5586 guis.

1157 5453 1186 5519 ἕ
1255 5452 1334 5503 ίδ·
1412 5457 1468 5489 ⁶²
1506 5462 1760 5543 Epiphan.
1816 5463 1916 5543 loc.
1973 5464 2061 5516 cit.
2126 5461 2275 5586 gis.

1157 5528 1193 5572 ι.
1231 5518 1262 5586 §
1302 5521 1373 5574 ιϐ.
1478 5531 1522 5562 οε
1555 5531 1681 5585 limi.
1756 5532 1797 5563 ε’
1833 5532 1964 5586 Ibid.
2033 5530 2061 5586 ς
2094 5531 2180 5585 2.

1478 5531 1681 5585 “Ibid.
1756 5532 1964 5587 suum.
2033 5530 2180 5600 tas.

1955 4408 2070 4444 rum
2098 4389 2395 4443 vocabulum
2439 4389 2675 4452 retinent,
2703 4405 2858 4457 neque
2904 4406 2956 4441 se
3001 4389 3341 4451 Christianos,
3392 4389 3479 4441 sed

1959 4480 2242 4533 Nazararos
2284 4478 2345 4531 de
2373 4477 2467 4529 illa
2514 4476 2611 4530 loci
2637 4478 2978 4545 appellatione
3026 4488 3336 4545 nuncupant,
3364 4492 3481 4529 cum

1950 4569 2155 4621 interim
2202 4567 2327 4619 meri
2359 4567 2459 4620 sint
2505 4565 2699 4630 Iudwi,
2731 4583 2886 4635 neque
2933 4567 3077 4619 aliud
3123 4576 3387 4632 pra'terea.
3418 4566 3481 4618 Et

1950 4658 2185 4712 sectione
2214 4672 2352 4710 nona
2377 4675 2389 4709 :
2411 4654 2583 4710 Iudici
2617 4657 2786 4725 potius
2820 4673 2973 4725 quant
3002 4656 3225 4723 cujusvis
3265 4658 3480 4712 alterius

1949 4747 2143 4816 generis
2170 4754 2308 4808 sunt,
2339 4746 2543 4797 tametsi
2602 4744 2802 4798 Iudicis
2846 4747 2950 4798 sint
2992 4746 3367 4806 inimicissimi;
3392 4765 3479 4800 ne-

1949 4851 2043 4903 que
2068 4835 2199 4887 enim
2228 4832 2529 4886 Iuda’orum
2551 4834 2741 4901 posteri
2765 4836 2930 4887 solum
2958 4833 3169 4900 capitali
3196 4834 3314 4887 illos
3361 4836 3478 4888 odio

1950 4932 2340 4990 prosequuntur,
2364 4922 2450 4975 sed
2478 4933 2525 4976 et
2555 4939 2701 4975 mane
2724 4939 2783 4975 ac
2806 4921 3015 4975 meridie
3031 4931 3077 4974 et
3103 4922 3168 4975 ad
3193 4938 3473 4991 i'esperani,

1952 5023 2027 5065 ter
2052 5014 2112 5065 de
2136 5013 2234 5075 die,
2265 5028 2378 5064 cum
2408 5013 2458 5064 in
2504 5012 2773 5081 synagogis
2804 5012 2909 5063 suis
2936 5010 3003 5063 ad
3028 5012 3279 5065 orandum
3307 5029 3479 5065 convc-

1952 5104 2117 5165 niunt,
2148 5102 2277 5155 diris
2308 5102 2425 5154 illos
2465 5103 2721 5166 devovent,
2752 5117 2813 5153 ac
2857 5101 3073 5155 solemni
3117 5103 3475 5170 imprecatione

1950 5191 2294 5260 proscribunt.
2327 5188 2467 5244 Idem
2495 5198 2668 5244 tamen
2701 5191 2858 5258 paulo
2882 5191 3056 5255 aliter,
3085 5201 3138 5247 et
3168 5192 3377 5261 planius
3406 5192 3473 5244 il-

2372 5459 2414 5532 ξι
2446 5458 2578 5512 Ibid.
2619 5459 2844 5532 funis.
2883 5460 2910 5531 ς)
2946 5462 3009 5519 ἓν
3098 5458 3281 5515 ⁵⁸11)ίά
3329 5456 3467 5532 iw-

2279 5529 2322 5560 το
2346 5526 2541 5583 Haeres.
2574 5528 2643 5582 ’κθ
2686 5527 2726 5605 ᾗ
2746 5529 2792 5584 7..
