3870 6374
416 294 485 353 25

1572 300 1659 355 DE
1706 300 2012 357 OMNIBUS
2051 301 2449 357 GENERATIM

3605 311 3673 365 ‘2‘

416 411 509 465 iud
538 410 764 467 deﬁnire
793 411 1007 468 videtur
1037 415 1121 470 his
1153 416 1331 469 verbis
1358 413 1514 467 :‘Hoc
1545 414 1704 484 igitur
1732 408 1833 467 uno
1872 423 1980 467 tam
2011 418 2058 473 Α
2086 432 2214 468 usus
2243 415 2545 483 indiﬂ‘erens
2570 417 2905 485 feminarum.
2936 417 3008 471 Ui
3040 435 3132 473 nec
3160 418 3225 473 ab
3255 420 3345 483 iis,
3370 437 3486 491 qua
3514 422 3673 477 idolis

424 519 457 555 a
486 501 710 567 Judteis,
742 520 899 574 quam
921 523 951 558 α
977 504 1295 560 Christianis
1323 507 1570 575 differunt
1594 519 1614 557 :
1647 503 1711 557 ab
1742 503 1849 559 illis
1874 507 1992 576 qui-

416 593 534 646 dem
560 580 700 663 quod
729 594 783 648 in
830 593 1099 657 Christum
1135 598 1385 659 credant;
1431 614 1464 649 a
1512 591 1831 651 Christianis
1874 613 1991 652 vero

415 680 553 751 quod
576 680 817 741 Judaicis
846 685 1033 761 ritibus
1062 686 1416 753 implicantur.

492 773 600 830 Hos
629 783 808 831 autem
839 776 1029 832 iisdem
1060 778 1448 847 propemodum
1478 792 1541 832 ac
1570 777 1807 834 Ebionzei
1839 795 1992 835 erro-

417 866 571 920 ribus
601 865 840 939 imbutos
870 867 1025 921 docet
1056 868 1194 921 idem
1229 868 1561 937 Epiphanius
1581 870 1625 904 ⁷⁸
1650 889 1663 925 :
1688 870 1854 925 Ambo
1882 871 1991 925 col-

419 956 543 1009 latis
568 957 702 1010 inter
727 974 781 1011 se
802 952 1077 1026 capitibus,
1108 974 1259 1010 suam
1291 960 1424 1012 alter
1450 976 1566 1013 cum
1596 962 1760 1015 altero
1794 963 1990 1030 impro-

419 1047 631 1101 bitatem
664 1065 727 1103 ac
772 1050 1055 1119 nequitiam
1083 1051 1499 1107 communicavit.
1526 1053 1693 1123 Atque
1717 1055 1817 1107 etsi
1858 1071 1991 1124 qua-

418 1140 696 1193 damtenus
720 1158 751 1193 a
780 1157 834 1194 se
861 1148 1041 1193 mutuo
1066 1139 1387 1205 dissideant,
1418 1142 1474 1196 in
1515 1145 1860 1215 excogitando
1908 1155 1991 1200 ta-

418 1249 535 1285 men
556 1216 871 1301 pravissimo
910 1231 1151 1301 dogmate
1191 1248 1302 1286 sese
1354 1234 1571 1288 invicem
1602 1250 1985 1303 expresserunt.

421 1319 614 1375 Utrum
644 1335 773 1375 vero
804 1321 936 1389 ipsis
964 1329 1016 1376 et
1045 1336 1169 1376 cum
1203 1322 1569 1380 Cerinthianis
1598 1329 1786 1382 eodem
1829 1329 1990 1383 modo

420 1410 754 1485 convenerit,
784 1423 985 1480 anceps
1014 1410 1102 1465 ille
1128 1418 1209 1466 est
1241 1430 1252 1466 :
1276 1411 1354 1466 De
1378 1411 1584 1467 Christo
1608 1431 1746 1477 vero.
1780 1416 1989 1487 inquie-

420 1500 511 1552 bat
529 1499 597 1561 ",
643 1508 781 1551 certo
825 1499 1086 1568 amrmare
1132 1516 1345 1569 nequeo,
1394 1510 1573 1556 utrum
1619 1502 1873 1569 Cerinthi,
1913 1508 1991 1562 vel

419 1586 673 1665 Herinthi
698 1589 961 1657 impietate
988 1590 1083 1643 illa
1121 1589 1341 1659 decepti,
1384 1592 1668 1661 simplicem
1698 1595 1847 1648 illum
1896 1595 1990 1649 ho-

420 1671 610 1733 minem
639 1690 951 1745 asseuerent,
982 1698 1044 1734 ac
1071 1681 1149 1734 uti
1173 1698 1282 1736 sese
1305 1699 1384 1736 res
1416 1683 1587 1747 habet,
1609 1700 1700 1753 per
1728 1685 1986 1755 Spiritum

418 1780 657 1825 sanctum
687 1769 752 1825 de
800 1770 980 1826 Maria
1032 1771 1243 1843 Virgine
1266 1776 1496 1843 genitum
1542 1749 1654 1831 esse
1697 1777 1984 1847 fateantur.
2020 1749 2061 1803 Β

419 1858 795 1919 Theodoretus
821 1878 951 1918 vero
979 1864 1197 1920 brevius
1223 1866 1547 1936 planiusque
1590 1868 1863 1934 edisserit,
1895 1871 1989 1940 qui

419 1952 620 2009 fuerint
644 1945 910 2019 Nazareni,
942 1962 996 2011 et
1041 1970 1161 2025 qua:
1201 1971 1390 2010 eorum
1437 1957 1680 2023 lueresis,
1714 1976 1821 2029 quo
1854 1970 1990 2017 tem-

419 2060 549 2114 pore
576 2050 787 2109 exorta,
815 2053 870 2101 et
899 2060 930 2098 a
960 2044 1157 2115 quibus
1183 2043 1399 2100 tandem
1428 2058 1736 2120 expugnata
1765 2071 1778 2107 :
1805 2050 1991 2106 Nasa-

418 2139 513 2191 ηεξ
538 2136 882 2199 Juda’isunt,
914 2138 1184 2193 Christum
1229 2138 1565 2206 honorantes,
1616 2152 1867 2214 tanquam
1897 2144 1994 2199 ho-

419 2228 609 2282 minem
622 2214 858 2297 justum,
882 2236 932 2282 et
962 2227 1242 2297 Evangelia
1271 2239 1513 2296 utuntur,
1544 2233 1681 2304 quod
1708 2235 1992 2289 secundum

418 2314 636 2376 Petrum
663 2322 881 2378 dicitur.
917 2324 1031 2379 llas
1062 2312 1302 2390 hwreses,
1333 2328 1622 2395 imperante
1663 2326 1988 2391 Domitiano,

418 2405 691 2481 conﬂatas
721 2410 907 2467 auctor
932 2426 1008 2469 est
1054 2416 1331 2473 Eusebius.
1376 2417 1575 2474 Contra
1615 2434 1744 2489 quas
1784 2418 2029 2486 scripsit.

416 2500 661 2557 Justinus
688 2497 1022 2575 philosophus
1051 2518 1101 2562 et
1129 2519 1354 2580 martyr,
1384 2498 1434 2563 et
1460 2508 1695 2563 Irenwus
1724 2525 1996 2565 successor

418 2595 798 2661 apostolorum,
829 2606 878 2651 et
911 2597 1181 2669 Origenes.

489 2682 588 2739 Hic
613 2691 791 2740 autem
838 2686 1012 2743 obiter
1048 2689 1279 2745 observa
1327 2690 1458 2746 illud
1500 2691 1816 2749 didicultate
1843 2695 1994 2750 omni

419 2772 527 2850 non
538 2777 901 2858 carere,quod
918 2779 993 2831 ait
1012 2794 1107 2835 eos
1123 2796 1252 2835 usos
1272 2780 1558 2853 Evangelio
1584 2783 1724 2838 κατὰ
1752 2785 1957 2858 Πέτρον
1974 2828 1990 2853 ,

419 2854 855 2937 quandoquidem
888 2868 1117 2924 aliirmat
1144 2870 1480 2942 Epiphanius
1509 2875 1643 2930 illud
1685 2854 1991 2934 secundum

421 2956 729 3012 Matthaaum
750 2998 766 3024 ,
797 2967 850 3013 et
886 2956 1155 3017 Hebraice
1187 2966 1449 3035 scriptum
1482 2964 1650 3022 fuisse
1670 2968 1717 2999 "
1744 2987 1758 3020 :
1788 2968 1887 3023 Est
1918 2987 1997 3025 ue-

420 3065 517 3113 ro,
561 3048 717 3111 iniit,
769 3066 920 3119 penes
969 3052 1090 3107 illos
1139 3052 1479 3124 Evangelium
1531 3057 1813 3112 secundum
1844 3058 1990 3114 Mat-
2019 3075 2066 3138 ο

422 3139 613 3192 ιΙιωιιηι
644 3138 901 3195 Hebraice
927 3143 1199 3211 scriptum,
1218 3155 1269 3197 et
1296 3145 1502 3215 quidem
1525 3147 1992 3207 absolutissimum.

425 3229 539 3282 Hoc
586 3227 724 3283 enim
768 3230 1073 3297 certissime,
1122 3244 1275 3302 prout
1304 3235 1574 3292 Hebraicis
1607 3238 1795 3293 litteris
1844 3241 1995 3296 initio

422 3322 675 3388 scriptum
695 3329 795 3384 est,
826 3322 880 3375 in
907 3322 1213 3378 hodiernum
1245 3334 1441 3394 tempus
1467 3343 1627 3398 usque
1665 3340 1993 3387 conservant.

423 3410 550 3495 llaec
580 3429 710 3470 sane
755 3417 986 3471 assertio
1016 3425 1125 3471 tam
1153 3427 1301 3486 certa
1347 3429 1402 3476 et
1433 3423 1721 3493 perspicua
1766 3438 1997 3495 scrupu-

424 3491 537 3559 lum
584 3521 715 3561 sane
748 3514 803 3562 et
844 3508 1133 3577 quamdam
1182 3491 1578 3567 dubitationem
1617 3513 1812 3583 injicit,
1864 3491 1995 3570 num

422 3595 642 3664 aliquod
677 3596 732 3650 in
777 3603 981 3651 textum
1029 3595 1350 3654 Theodoreti
1398 3602 1651 3656 mendum
1695 3604 1993 3675 irrepserit,

422 3684 671 3754 vel‘ipse
716 3683 885 3740 falsus
924 3686 1015 3751 sit,
1066 3694 1161 3741 aut
1212 3690 1471 3743 memoria
1519 3690 1732 3760 lapsus;
1783 3708 1847 3748 ac
1896 3709 1996 3764 pro

423 3766 566 3829 κατὰ
585 3777 786 3850 Πέτρον
804 3780 946 3849 apud
972 3780 1147 3848 ipsum
1176 3780 1278 3851 legi
1307 3779 1520 3848 debeat,
1540 3784 1680 3837 κατὰ
1697 3784 1993 3845 Ματθαῖον.

426 3857 491 3919 fit
535 3875 681 3922 certe
716 3863 861 3923 huic
909 3870 1237 3939 conjecturae
1281 3870 1425 3927 favet
1471 3872 1852 3946 Hieronymus,
1901 3879 1994 3934 ubi

424 3961 562 4015 dixit
582 3962 629 3994 ⁷⁵
652 3977 668 4014 :
691 3960 757 4017 In
786 3960 1070 4033 Evangelia
1097 3980 1197 4035 quo
1223 3973 1444 4018 utuntur
1467 3964 1741 4034 Nazareni,
1770 3980 1821 4024 et
1841 3970 1998 4027 Ebio—

427 4046 572 4119 nitas,
615 4055 751 4125 quod
785 4071 947 4124 nuper
990 4056 1047 4109 in
1075 4054 1312 4111 Crtecum
1340 4056 1404 4111 de
1451 4056 1675 4114 Hebraeo
1717 4066 1997 4119 transtuli-

426 4142 565 4208 m'us,
595 4153 646 4199 et
674 4139 810 4214 quod
838 4154 1053 4198 uocatur
1091 4162 1124 4199 a
1149 4145 1408 4216 plerisque
1447 4146 1692 4203 Matthwi
1734 4153 1996 4209 authenti-

426 4250 565 4318 cum.
598 4231 896 4289 ldem’alibi
922 4236 1201 4304 repetit",
1232 4252 1296 4291 ac
1326 4239 1545 4294 tandem
1567 4240 1726 4297 docet
1754 4243 1996 4318 Evange-

428 4327 562 4380 lium
606 4341 717 4381 non
765 4324 998 4381 Matthazi
1028 4328 1122 4383 sed
1170 4327 1337 4383 Marci
1361 4328 1520 4385 Petro
1564 4331 1734 4389 fuisse
1760 4338 1992 4392 attribu-

2096 506 2461 569 immolantur,
2492 507 2633 561 cibos
2661 524 2784 562 suos
2811 519 3074 576 separant,
3099 520 3148 564 et
3177 512 3312 565 alios
3341 514 3475 567 ritus
3505 518 3675 583 genti-

2099 594 2227 646 lium
2277 596 2707 663 superstitionum
2754 614 2858 650 non
2906 608 3234 655 aversantur.
3270 598 3513 656 Narrant
3560 606 3672 658 alia

2091 681 2338 751 quwdam
2390 682 2655 751 fabulosa,
2706 685 2769 739 de
2797 685 3012 752 mundo,
3060 687 3234 741 nescio
3276 706 3392 758 qua
3441 689 3673 747 barbara

2090 774 2389 842 principum
2445 775 2661 828 nomina
2717 776 2989 829 miscentes
3046 774 3488 844 disputationibus
3534 784 3667 840 suis.

2092 859 2335 916 Barbara
2361 860 2451 916 illa
2477 864 2696 917 nomina
2728 862 2895 917 refert
2923 864 3141 933 quidem
3187 864 3543 936 Epiphanius,
3573 869 3671 926 sed

2091 966 2189 1006 eos
2219 952 2286 1007 de
2315 953 2503 1008 iisdem
2536 955 2679 1008 inter
2709 969 2768 1008 se
2797 953 3089 1010 dissentire
3115 965 3319 1011 monet.
3352 958 3553 1028 Aliqui,
3587 960 3674 1013 in-

2092 1041 2294 1109 quit",
2326 1040 2669 1098 Barbe'lonem
2702 1046 2872 1098 nescio
2891 1062 3049 1115 quam
3080 1047 3362 1110 celebrant,
3396 1051 3480 1102 cui
3509 1051 3561 1103 in
3583 1066 3675 1104 oc-

2092 1140 2211 1186 tavo
2238 1134 2366 1189 caelo
2396 1134 2719 1189 domicilium
2749 1136 3065 1191 attribuunt.
3096 1137 3250 1192 Hanc
3280 1155 3313 1191 a
3344 1139 3505 1194 Patre
3543 1156 3671 1207 pro-

2089 1227 2305 1279 ductam
2325 1226 2606 1294 afﬁrmant,
2628 1236 2946 1296 matremque
2968 1228 3062 1280 alii
3086 1227 3429 1291 laldabaoth,
3456 1230 3553 1283 alii
3574 1230 3675 1286 81-

2092 1314 2553 1384 baothfaciunt....
2574 1317 2675 1370 alii
2691 1316 2975 1371 Prunicam
2993 1317 3296 1388 quamdam,
3316 1321 3409 1372 alii
3432 1319 3673 1373 Caulau-

2089 1406 2254 1461 cauch
2274 1406 2485 1459 cuidam
2502 1402 2724 1459 eamdem
2744 1405 3104 1460 venerationem
3123 1406 3373 1476 deferunt,
3389 1426 3484 1479 quo
3502 1412 3669 1464 nomi-

2088 1515 2152 1553 ne
2220 1513 2381 1550 unum
2395 1513 2459 1551 ea:
2474 1497 2793 1567 principibus
2812 1498 3075 1568 appellant
3189 1498 3491 1553 Aliidicunt
3512 1501 3671 1556 initia

2092 1587 2348 1651 tenebras,
2377 1605 2437 1641 ac
2485 1590 2803 1657 voraginem,
2832 1599 2883 1643 et
2930 1605 3120 1660 aquam
3149 1590 3310 1658 fuisse
3335 1630 3349 1653 ,
3374 1607 3489 1659 qua?
3528 1607 3561 1644 a
3606 1608 3665 1646 se

2090 1682 2305 1735 invicem
2326 1681 2543 1749 spiritus
2572 1683 2858 1735 secreverit.
2892 1680 3081 1735 Verum
3104 1680 3324 1735 tenebra:
3349 1690 3533 1735 contra
3561 1684 3677 1752 spi-

2091 1773 2250 1825 ritum
2285 1771 2564 1825 iracundia
2597 1787 2659 1824 ac
2686 1773 2866 1841 furore
2887 1773 3116 1841 percitae.
3144 1789 3358 1827 sursum
3385 1788 3675 1829 excurren-

2092 1871 2189 1925 tes,
2222 1876 2341 1916 cum
2368 1878 2428 1916 eo
2458 1878 2746 1932 congressa:
2772 1872 2916 1918 sunt.
2949 1860 3082 1915 Inde
3106 1864 3303 1916 matria:
3330 1864 3502 1917 nescio
3530 1880 3671 1933 quas,

2089 1952 2267 2023 genita
2313 1950 2532 2021 prodiit,
2562 1968 2679 2021 qua:
2718 1950 2950 2018 ejusdem
2981 1952 3197 2020 spiritus
3241 1953 3675 2007 consuetudinem

2090 2042 2322 2110 appetiit,
2345 2057 2408 2095 ex
2432 2058 2593 2111 eaque
2624 2053 2849 2112 quatuor
2875 2058 3044 2097 mones
3076 2041 3314 2111 producti
3343 2052 3486 2109 sunt,
3510 2043 3575 2096 ab
3605 2043 3673 2097 iis

2089 2143 2315 2205 quatuor
2338 2133 2513 2188 decem
2542 2133 2638 2187 alii
2662 2135 2943 2202 procreati,
2969 2135 3090 2188 item
3122 2134 3309 2188 dextra
3330 2134 3671 2205 sinistraque,

2090 2243 2183 2281 nec
2211 2243 2311 2281 non
2345 2226 2516 2280 lumen
2539 2236 2587 2279 et
2618 2226 2859 2283 tenebrae.
2891 2224 3186 2281 Secundum
3213 2225 3307 2280 hos
3337 2242 3512 2279 omnes
3560 2236 3678 2278 tur-

2088 2329 2204 2383 pem
2234 2315 2511 2386 quemdam
2547 2333 2743 2369 ceonem
2784 2315 2981 2370 editum
3021 2325 3264 2377 narrant,
3303 2331 3520 2383 eumque
3553 2330 3674 2371 cum

2094 2423 2181 2472 ea,
2210 2425 2367 2478 quam
2396 2408 2556 2477 paulo
2583 2419 2702 2462 ante
2733 2407 2989 2475 diximus,
3014 2410 3233 2463 matrice
3259 2410 3486 2472 coiisse;
3511 2416 3562 2462 et
3604 2406 3671 2461 ab

2094 2507 2311 2569 utroque
2348 2499 2492 2563 deos,
2524 2510 2678 2569 atque
2718 2500 2949 2569 angelos.
2979 2510 3027 2555 et
3055 2498 3337 2563 dwmones,
3370 2516 3432 2553 ac
3472 2507 3672 2567 septem

2092 2592 2308 2661 spiritus
2357 2601 2531 2646 ortum
2572 2591 2832 2646 habuisse.
2882 2590 3173 2661 Subjungit
3201 2589 3672 2646 tandemzCertos

2094 2680 2256 2736 libros
2280 2679 2611 2737 laldabaoth
2638 2683 2844 2737 nomine
2871 2684 3174 2753 inscriptos,
3201 2700 3263 2738 ac
3286 2684 3672 2739 commentitios

2095 2770 2307 2829 habent.

2167 2863 2279 2920 Hos
2307 2864 2618 2929 hzereticos,
2649 2864 2697 2922 si
2726 2862 2986 2921 Irenaeum
3008 2864 3057 2896 “
3083 2875 3136 2921 et
3170 2863 3466 2920 Eusebium
3491 2864 3537 2896 ⁸¹
3566 2878 3671 2917 au-

2096 2953 2235 3021 dias,
2263 2955 2503 3013 Joannes
2527 2957 2613 3012 his
2642 2956 2822 3012 verbis
2851 2957 2905 3011 in
2934 2956 3253 3026 Apocalypsi
3278 2964 3428 3011 notat
3446 2956 3491 2989 ⁸²
3519 2976 3533 3011 :
3563 2953 3671 3011 Sed

2095 3048 2191 3104 hoc
2214 3049 2371 3104 habes
2404 3049 2545 3116 boni,
2570 3050 2695 3119 quia
2724 3048 2886 3103 odisti
2913 3048 3060 3117 facta
3095 3047 3512 3112 Nicolaitarum,
3550 3065 3673 3120 quae

2096 3150 2147 3196 et
2174 3159 2267 3211 ego
2297 3140 2406 3197 odi.
2436 3143 2479 3194 Α
2507 3141 2707 3211 quibus
2736 3148 2918 3197 antem
2951 3142 3061 3196 sint
3088 3141 3403 3211 oppugnati,
3433 3141 3672 3209 accipies

2096 3244 2128 3285 a
2174 3229 2515 3286 Theodoreto
2535 3231 2581 3262 “
2606 3248 2620 3286 :
2648 3229 2848 3301 Contra
2897 3230 3013 3295 hos,
3050 3230 3244 3300 inquit,
3296 3231 3504 3299 scripsit
3544 3228 3672 3288 Cle-

2096 3339 2264 3386 mens,
2296 3331 2345 3376 et
2372 3320 2632 3385 Irenwus,
2661 3331 2708 3375 et
2742 3320 3011 3391 Origenes.
3039 3332 3088 3376 et
3120 3321 3434 3393 Hippolytus
3470 3324 3673 3392 episcoo

2094 3428 2193 3483 pus
2210 3422 2261 3467 et
2280 3423 2502 3482 martyr.
2528 3411 2700 3479 Quam
2724 3428 2852 3467 vero
2874 3412 3104 3468 feliciter
3120 3422 3310 3468 contra
3332 3428 3428 3469 eos
3455 3428 3669 3484 pugna-

2094 3503 2291 3566 verint,
2324 3503 2549 3573 colligas
2574 3518 2642 3558 ex
2664 3503 2891 3558 victoria
2920 3505 2988 3559 ab
3015 3504 3096 3560 eis
3127 3518 3385 3574 perquam
3406 3504 3673 3561 citissime

2095 3601 2391 3665 reportata.
2437 3592 2651 3647 Etenim
2697 3593 2812 3647 hzec
2865 3594 3106 3659 haeresis,
3155 3601 3292 3649 teste
3341 3594 3578 3650 Eusebio
3600 3594 3667 3659 ⁸⁸,

2096 3683 2398 3739 brevissimo
2439 3683 2684 3752 temporis
2723 3682 2895 3752 spatio
2926 3684 3232 3750 permansit.
3262 3683 3338 3738 Ex
3367 3684 3467 3739 hoc
3486 3694 3671 3740 tamen

2096 3774 2245 3831 fonte
2272 3773 2686 3843 corruptissimo
2711 3772 2982 3827 ﬂuxerunt
3007 3771 3272 3838 Gnostici,
3299 3774 3499 3843 aliique
3524 3789 3674 3829 com-

2094 3866 2301 3937 plures,
2331 3864 2399 3918 de
2421 3862 2620 3933 quibus
2652 3860 2984 3931 Epiphanius
3005 3861 3053 3892 ⁸⁵
3079 3879 3091 3915 :
3118 3860 3195 3914 Ab
3243 3862 3339 3916 hoc
3364 3862 3531 3931 fonte,
3564 3865 3665 3933 ait,

2094 3956 2337 4017 derivati,
2365 3970 2427 4007 ac
2470 3953 2689 4019 pessime
2736 3954 2790 4005 in
2823 3950 3069 4005 mundum
3100 3951 3381 4006 introducti
3408 3961 3527 4007 sunt
3556 3953 3668 4007 ha:-

2092 4048 2244 4101 retici
2272 4045 2373 4109 illi,
2404 4044 2495 4115 qui
2521 4060 2637 4097 eam
2666 4043 2789 4109 sibi,
2820 4059 2977 4113 quam
3006 4042 3145 4111 [also
3166 4045 3460 4106 nominant,
3490 4045 3669 4114 cogni-

2096 4140 2287 4196 tionem
2322 4137 2607 4200 vindicant,
2641 4134 2935 4202 cujusmodi
2964 4144 3084 4189 sunt
3116 4133 3369 4197 Gnostici,
3394 4134 3669 4191 Phibioni-

2096 4240 2182 4293 tte,
2211 4239 2260 4284 et
2290 4227 2477 4299 quibus
2518 4227 2582 4280 ab
2612 4226 2878 4296 Epiphane
2919 4242 3101 4281 nomen
3127 4235 3202 4280 est
3245 4224 3493 4281 inditum.
3529 4227 3665 4281 Tum

2095 4322 2255 4374 etiam
2285 4319 2568 4381 Militares,
2597 4317 2831 4382 Levitici,
2863 4318 3052 4387 aliique
3090 4317 3400 4387 complures.
3430 4318 3669 4384 Quorum

429 4417 541 4472 mm
564 4418 649 4472 τις
678 4415 781 4495 Sed
806 4432 856 4473 ει
905 4417 1249 4490 Ευαηθειὶαηι
1286 4420 1570 4476 secundum
1614 4424 1876 4495 Marcum,
1907 4431 1996 4499 qu,-
2025 4405 2069 4464 D
2096 4409 2311 4480 quilibet
2339 4408 2580 4499 Incresim
2624 4408 2912 4477 propriam,
2943 4407 3017 4499 ad,
3052 4409 3215 4499 animi
3242 4410 3325 4463 sui
3364 4410 3667 4478 aﬂ'cctiones

429 4508 642 4595 auditor
664 4509 777 4580 ejus
803 4519 853 4565 et
881 4511 1136 4581 interpres
1168 4513 1289 4583 fuit,
1314 4514 1491 4585 hujus,
1521 4516 1690 4586 Petri,
1715 4535 1829 4574 esse
1864 4519 1999 4575 dici-

429 4614 534 4657 ιιιν.

486 4682 487 4685 ‘
1017 4671 1243 4728 CAPUT
1281 4672 1419 4731 Vill.

845 4761 924 4817 De
950 4762 1135 4818 haeresi
1167 4762 1220 4817 Ν
1226 4765 1576 4821 icolaitarum.

498 4854 778 4913 Nicolaita:
823 4871 1014 4913 novam
1062 4873 1277 4927 quoque
1323 4859 1499 4929 primo
1547 4861 1744 4915 saeculo
1794 4871 1996 4918 sectam

431 4949 724 5003 commenti
751 4956 898 5005 sunt.
929 4949 1159 5005 Errores
1188 4964 1374 5005 eorum
1404 4953 1592 5019 paucis
1624 4954 1805 5008 verbis
1833 4968 1998 5022 expo-

434 5039 516 5092 nit
560 5037 1215 5095 lrenseus":lndiscrete
1265 5041 1457 5106 uiuunt,
1504 5041 1705 5094 nullam
1753 5042 1998 5112 differen-

434 5130 565 5184 tiam
592 5145 704 5183 esse
731 5131 957 5187 dicentes
986 5132 1041 5185 in
1070 5118 1398 5189 maechandoi
1427 5139 1476 5184 et
1504 5131 1851 5203 idolothytum
1879 5133 1993 5187 ede-

433 5237 509 5275 re.
558 5219 897 5291 Augustinus
942 5230 1120 5279 autem
1168 5224 1331 5295 paulo
1371 5224 1666 5279 dilucidius
1689 5225 1774 5280 ηε
1817 5224 2001 5301 Placet

546 5407 594 5437 ‘"
641 5405 844 5460 llzercs.
909 5407 1003 5477 50,
1046 5407 1073 5476 ᾗ
1132 5409 1187 5464 2.
1280 5411 1327 5441 τ’
1376 5408 1577 5464 "mres.
1621 5409 1691 5462 ‘29
1737 5408 1763 5477 §
1808 5409 1858 5463 7.

439 5476 505 5529 ad
558 5490 679 5553 cap.
756 5476 975 5553 ξιιεητυ
1019 5480 1111 5553 pe.
1166 5483 1411 5553 scriptor.

440 5617 677 5687 “Apoc.
738 5632 801 5678 ιι.
859 5615 913 5670 6.

442 5686 489 5714 ⁸·
520 5686 679 5745 Locis
716 5686 921 5742 citatis.

1962 5410 2257 5485 “diceres.
2471 5408 2597 5485 §'9.

1494 5479 1677 5535 eccles.
1702 5522 1719 5547 ,
1748 5482 1806 5534 in
1871 5478 2068 5537 Matth.

439 5563 561 5621 (ap.
597 5546 685 5599 27.
763 5546 809 5576 ⁷·
840 5545 956 5621 ij.
996 5547 1058 5621 de
1086 5545 1301 5621 hieresl,
1337 5548 1457 5621 §_5.
1534 5545 1809 5621 “ll-seres.
1879 5549 1972 5614 25,
2019 5550 2046 5621 §

1014 5617 1057 5649 ⁸³
1083 5616 1199 5672 Lib.
1240 5633 1301 5693 tu
1343 5615 1539 5673 Iltcret.
1578 5615 1794 5683 Fabul.,
1821 5634 1939 5690 cap.
1998 5615 2048 5676 1'.

2100 4497 2521 4563 accommodans,
2553 4506 2823 4552 sescentas
2870 4497 3110 4567 nequitia:
3175 4499 3286 4553 uias
3330 4500 3665 4570 excogitavit.

2098 4570 2273 4661 Atque
2315 4588 2440 4643 inde
2479 4588 2668 4658 procul
2713 4587 2878 4641 dubio
2908 4594 3025 4641 orta
3055 4596 3159 4653 est,
3191 4605 3254 4644 ea
3294 4605 3456 4660 quam
3498 4605 3669 4661 supra

2098 4679 2537 4742 memoravimus,
2560 4678 2659 4734 hos
2684 4679 2824 4732 inter
2854 4678 3141 4736 haereticos
3161 4679 3228 4737 de
3251 4682 3500 4738 barbaris
3521 4684 3670 4753 prin-

2094 4772 2274 4841 cipum
2308 4771 2616 4825 nominibus
2642 4768 2931 4824 dissensio.

2170 4862 2304 4929 Quis
2335 4870 2513 4917 autem
2542 4862 2767 4931 hujusce
2808 4861 3077 4917 haereseos
3108 4871 3300 4918 auctor
3339 4864 3519 4927 fuerit,
3554 4879 3665 4920 non

2100 4954 2171 5008 ita
2209 4960 2517 5023 promptum
2548 4959 2632 5007 est
2673 4950 2918 5007 delinire.
2958 4951 3183 5006 Plurimi
3213 4953 3523 5008 existimant
3554 4970 3667 5010 non

2102 5047 2266 5099 alium
2300 5043 2468 5100 fuisse
2493 5059 2653 5114 quam
2684 5042 2986 5107 Nicolaum,
3015 5058 3180 5098 unum
3209 5059 3273 5099 ex
3309 5054 3514 5114 septem
3558 5046 3665 5102 ilbs

2102 5135 2355 5191 Ecclesia?
2384 5134 2720 5198 diaconibus,
2739 5133 2833 5204 qui
2864 5135 2931 5188 ab
2954 5134 3213 5204 apostolis
3250 5134 3406 5189 electi
3436 5144 3489 5190 et
3509 5135 3671 5190 inau-

2102 5228 2283 5299 gurati
2314 5234 2461 5283 sunt.
2490 5225 2555 5279 Et
2596 5227 2711 5281 haec
2741 5225 2955 5297 quidem
2996 5224 3097 5279 fuit
3123 5223 3308 5280 lrentei
3329 5226 3396 5292 ⁸⁸,
3430 5226 3670 5298 Epipha-

2691 5407 2740 5439 ⁷⁸
2792 5407 2912 5462 Lib.
2940 5423 2978 5461 ιι
3029 5404 3319 5461 Comment.
3382 5406 3443 5461 in
3466 5406 3667 5464 Matth.

2186 5480 2233 5511 ⁷⁸
2306 5475 2784 5549 Ibid.;in_Petr.
2888 5475 3108 5549 "_7l._ib_.
3181 5492 3220 5529 ιι
3262 5477 3419 5549 Λᾶν.
3478 5477 3665 5549 hares.

2101 5550 2157 5611 2.
2201 5550 2235 5604 5
2293 5556 2349 5603 et
2398 5544 2485 5604 5f
2525 5546 2722 5602 “Lac.
2760 5548 2870 5601 'cit.
2945 5547 2984 5578 ⁸¹
3017 5545 3137 5601 Lib.
3165 5562 3196 5599 v
3252 5544 3397 5601 Hist.
3431 5561 3550 5611 cap.
3574 5546 3665 5602 ει).

2124 5620 2169 5653 “
2210 5618 2326 5674 Lib.
2361 5634 2422 5673 ιιι
2478 5616 2703 5683 Histor.,
2758 5632 2876 5689 cap.
2939 5616 3028 5670 29.
3126 5615 3172 5647 "
3200 5613 3404 5672 Haeres.
3449 5613 3577 5690 εδδ
3609 5615 3662 5670 2.
