3832 6278
240 272 464 342 2.15

1261 283 1444 341 rium
1482 287 1853 361 recussus:
1894 305 2156 363 SJECULI
2199 309 2703 366 SCRIPTORIBUS.
2860 291 2868 297 ”
3511 326 3579 379 ac

230 385 1098 501 ιιῇῼῗξξξξξξδξξξῌῗῲἓὶοἶ
1132 406 1778 501 quibus-astipulantur
1807 418 1953 474 Hila—
1980 427 2024 482 Α
2051 429 2334 478 monstrat.
2401 423 2659 479 Clementi
2726 426 3047 494 astipulatur
3108 439 3228 501 post
3290 431 3576 489 Eusebium

240 477 573 585 sint":
587 475 943 585 Pistorum“
965 484 1037 547 ⁸⁸.
1068 484 1331 585 Isidorus
1351 494 1414 558 ⁸⁸,
1441 496 1649 569 aliique
1684 521 1792 561 non
1822 523 1953 575 pan-
2052 508 2437 566 Theodoretus.
2466 512 2539 566 Ex
2563 515 2723 568 allato
2747 475 2943 585 quirppe
2964 475 3251 575 ClemEntis
3276 525 3577 579 testimonio

1554 561 1571 569 _
1822 561 1838 575 _
2100 561 2436 566 _,-___---,--
2466 561 2539 566 _--
2564 561 2719 568 η---
2749 561 2942 585 ,ιη-ην
2968 561 3250 575 “ww”...-
3278 561 3573 579 .................

258 600 303 637 c
346 561 930 681 ῗᾏῘῘ-ξοῇιη
962 587 1137 681 grege
1162 578 1532 681 {estullianus
1556 606 1672 646 non
1693 609 1953 651 annume-
2049 599 2128 652 sic
2157 600 2244 654 ille
2272 602 2542 655 concludit
2566 602 2609 633 ”
2634 622 2646 656 :
2673 602 2753 655 Ex
2794 606 2975 673 quibus
3019 609 3210 678 liquido
3241 615 3573 681 convincitur,

278 655 577 753 ‘Andus
600 667 702 753 est:
728 657 887 753 Nihil
901 663 1057 753 enim
1088 667 1165 725 de
1195 672 1420 730 Nicolao
1448 678 1541 733 illo
1569 684 1812 753 scripsit,
1846 686 1949 741 nisi

322 761 446 810 καὶ
462 749 616 843 capite
735 741 887 843 Libri
911 750 979 804 de
998 762 1495 832 praseriptionibus
1522 789 1542 825 :
1567 741 1714 840 quod
1736 741 1948 843 quidem

384 843 537 905 caput
574 836 737 890 eidem
779 838 923 896 libro
968 845 1042 900 ab
1094 850 1397 922 impostore
1442 836 1675 924 quodam
1706 836 1946 915 assutum

394 924 544 980 fuisse
564 927 668 993 jam
694 928 1148 996 observavimus.

452 1012 791 1084 Relragantur
817 1030 1010 1078 autem
1041 1026 1178 1083 huic
1210 1038 1287 1083 tot
1316 1039 1693 1103 tantorumque
1712 1035 1944 1089 virorum

374 1105 645 1158 sententia
669 1108 983 1176 scriptores
1016 1120 1294 1181 nonnulli,
1327 1121 1589 1198 aiuntque‘
1608 1121 1708 1176 hos
1734 1122 1945 1177 haereti~

376 1204 482 1247 eos.
502 1198 559 1243 ut
602 1194 973 1254 celeberrimo
1006 1203 1243 1269 alicujus
1268 1210 1504 1262 auctoris
1526 1194 1741 1263 nomine
1764 1210 1941 1263 lucum

355 1280 483 1334 aliis
532 1281 801 1346 facerent,
837 1287 999 1344 hunc
1049 1292 1330 1348 Nicolaum
1363 1298 1463 1351 subi
1509 1297 1645 1353 falso
1689 1301 1943 1356 ascivisse

346 1377 515 1423 Secta:
566 1386 681 1425 sua:
729 1376 1074 1447 principem.
1108 1381 1323 1439 Scimus
1347 1386 1559 1454 quidem
1590 1388 1641 1441 in
1671 1387 1941 1457 lgnatiana

332 1459 592 1525 quadam
618 1464 861 1530 epistola
896 1468 1039 1523 illud
1070 1479 1256 1540 aperte
1276 1477 1445 1529 asseri
1468 1477 1511 1509 ’°
1538 1495 1551 1529 :
1579 1475 1761 1546 Fugite
1782 1479 1944 1547 impu-

309 1561 419 1601 ros
457 1549 809 1615 Nicol‘aitas,
836 1557 1045 1623 falsum
1073 1561 1173 1614 sibi
1195 1578 1378 1617 nomen
1405 1576 1675 1628 sumentes;
1698 1567 1789 1621 sed
1819 1584 1938 1622 cum

294 1630 454 1725 loco
490 1641 665 1693 verba
702 1642 1135 1713 interpolatoris
1178 1654 1305 1715 sint,
1338 1669 1443 1707 non
1474 1671 1599 1710 vero
1637 1655 1842 1725 lgnatii,
1874 1674 1935 1712 ex

274 1721 392 1777 iis
426 1727 701 1793 profecto
732 1732 883 1785 nihil
928 1738 1066 1790 certi
1099 1741 1345 1794 concludi
1384 1750 1576 1811 potest.
1609 1721 1937 1814 Quapropter

274 1813 627 1877 Opiiiionis
682 1820 847 1876 illius
900 1822 1151 1881 fautores
1182 1835 1235 1880 et
1284 1831 1494 1896 patroni
1542 1847 1606 1885 ex
1651 1813 1936 1889 Clementis

260 1900 712 1961 Alexandrini
763 1914 1104 1969 auctoritate
1146 1917 1375 1973 validius
1417 1931 1610 1974 eruunt
1649 1936 1933 1992 argumen-

282 1996 474 2047 tum.
501 1994 555 2050 is
585 1998 744 2050 enim
778 1998 1089 2059 Nicolaitas
1117 2007 1314 2075 arguit,
1339 2010 1478 2076 quod
1510 2011 1561 2063 in
1586 2011 1802 2067 haeresis
1827 2029 1936 2068 sua:

293 2086 841 2144 conﬁrmationem
876 2093 1043 2147 verba
1070 2092 1277 2149 Nicolai
1307 2112 1500 2164 pravos
1528 2099 1579 2151 in
1623 2115 1813 2156 sensus
1838 2102 1933 2155 de-

288 2175 671 2244 torquerent
702 2196 716 2230 :
749 2177 917 2233 Tales
953 2189 1094 2247 sunt,
1120 2182 1396 2251 inquiebat
1435 2186 1522 2240 ille
1543 2187 1614 2250 ",
1640 2189 1728 2256 qui
1757 2188 1934 2244 dicunt

310 2277 383 2316 se
408 2268 575 2335 sequi
605 2267 939 2339 Nicolaum,
971 2273 1285 2329 adducentes
1313 2277 1424 2344 ejus
1454 2279 1559 2331 viri
1577 2279 1773 2347 aliquid
1796 2280 1934 2334 litte-

332 2370 516 2408 rarum
552 2363 934 2414 monumentis
975 2364 1305 2428 mandatum,
1336 2366 1423 2419 sed
1465 2366 1527 2419 ab
1551 2369 1623 2420 eis
1660 2368 1928 2433 detectum,

328 2460 514 2515 nempe
542 2463 565 2499 :
594 2447 875 2517 Oportere
902 2469 1061 2506 carne
1090 2456 1190 2510 uti.
1220 2454 1323 2509 Sed
1356 2457 1442 2509 ille
1466 2458 1664 2526 quidem
1692 2460 1767 2511 vir
1791 2475 1929 2527 pra:-

323 2535 515 2591 clarus
551 2541 919 2608 signiﬁcabat
950 2554 1184 2611 oportere
1214 2546 1493 2615 uoluptates
1520 2565 1688 2603 arcere
1715 2560 1761 2604 et
1789 2553 1932 2620 cupi-

318 2624 559 2691 ditates,
609 2640 666 2682 et
706 2631 816 2684 hac
865 2634 1239 2689 exercitatione
1283 2638 1540 2692 marcidus
1586 2640 1930 2709 flaccidosque

313 2715 556 2769 reddere
579 2719 777 2772 carnis
807 2722 1151 2788 appetitiones
1181 2732 1228 2775 et
1258 2724 1498 2779 insultas.
1525 2726 1627 2791 Qui
1647 2736 1813 2780 autem
1843 2729 1927 2781 in-

308 2814 440 2857 star
480 2805 779 2859 hircorum
812 2820 937 2862 sunt
960 2811 1118 2878 e/fusi
1144 2813 1197 2864 in
1225 2813 1641 2881 voluptatem.....
1672 2816 1927 2873 decretum

304 2893 505 2959 ipsius
535 2900 869 2964 voluptatis,
897 2916 1001 2952 non
1026 2909 1201 2954 autem
1223 2903 1318 2954 viri
1336 2904 1604 2971 apostolici
1624 2917 1924 2975 sequuntur.

300 2982 382 3033 At
418 2982 711 3040 Clemens
742 2985 1032 3039 Nicolaum
1064 2988 1207 3041 haud
1235 2989 1391 3044 dubie
1418 2991 1586 3045 virum
1611 2995 1922 3062 praeclarum

296 3079 365 3125 es
399 3073 808 3141 apostolicum
846 3092 953 3130 non
980 3075 1322 3146 appellasset,
1357 3078 1400 3131 si
1430 3089 1536 3132 tam
1562 3095 1737 3148 pravae
1761 3081 1926 3139 haere-

295 3176 457 3215 seos
489 3178 716 3231 parens
747 3164 949 3220 fuisset
979 3174 1034 3220 et
1062 3175 1272 3221 auctor.

386 3249 559 3314 Quid
592 3252 798 3319 plura?
824 3251 974 3307 Idem
999 3252 1247 3309 Clemens
1270 3270 1479 3312 omnem
1509 3255 1703 3328 impuri
1740 3260 1923 3315 crimi-

295 3340 433 3402 nis,
473 3340 556 3393 ab
582 3341 791 3397 iisdem
818 3342 1093 3397 bmreticis
1112 3343 1331 3400 Nicolao
1359 3348 1539 3415 inusti,
1570 3353 1924 3421 suspicionem

296 3431 563 3499 egregie
589 3430 826 3500 depellit
848 3433 894 3464 "
922 3452 936 3487 :
963 3433 1093 3487 Cum
1122 3446 1293 3490 autem
1318 3439 1381 3491 de
1408 3440 1546 3495 dicto
1586 3440 1805 3498 Nicolao
1847 3446 1925 3499 lo-

294 3530 649 3582 queremur,
685 3518 827 3570 illud
852 3523 1303 3586 praetermisimus.
1339 3524 1468 3580 Cum
1506 3529 1806 3596 formosam,
1838 3535 1923 3587 in-

295 3606 566 3672 quiunt,
608 3606 832 3661 haberet
869 3624 1088 3664 uxorem
1110 3649 1125 3675 ,
1165 3622 1214 3667 et
1250 3615 1683 3689 post'Seruatoris
1721 3638 1925 3677 assum-

298 3697 577 3767 ptionem
599 3699 651 3750 ei
669 3698 866 3765 fuisset
898 3699 964 3753 ab
981 3702 1232 3768 apostolis
1257 3705 1539 3770 exprobata
1569 3709 1839 3779 zelotypia,
1869 3715 1941 3766 in-

302 3787 579 3840 medium
608 3788 851 3842 adducta
885 3791 1123 3856 muliere,
1150 3795 1379 3860 permisit
1406 3797 1488 3849 cui
1517 3798 1661 3851 uellet
1685 3816 1797 3853 eam
1825 3818 1922 3855 nu-

307 3878 475 3947 bere.
507 3880 684 3933 Aiunt
709 3882 855 3934 enim
888 3880 1024 3934 hanc
1053 3898 1222 3935 uocem
1261 3884 1343 3937 illi
1369 3888 1476 3938 voci
1509 3899 1917 3956 consentaneum,

308 3984 451 4038 quia
501 3970 658 4033 dicit,
689 3970 835 4041 quod
880 3986 1041 4023 carne
1086 3972 1163 4023 uti
1202 3983 1451 4038 oporteat,
1482 3976 1688 4046 ejusque
1725 3979 1918 4045 factum

309 4068 371 4115 et
395 4060 616 4113 dictum
638 4060 912 4123 absolute,
931 4069 981 4112 et
1003 4060 1380 4116 inconsiderate
1400 4076 1677 4133 sequentes,
1702 4071 1787 4136 qui
1808 4069 1917 4137 ejus

322 4149 587 4203 liceresim
627 4158 1063 4219 persequuntur,
1106 4151 1427 4217 impudenter
1467 4156 1718 4225 effuseque
1754 4158 1918 4225 forni-

323 4250 549 4296 cantur.
575 4240 690 4311 Ego
728 4250 917 4294 autem
946 4240 1106 4292 audio
1152 4240 1429 4295 Nicolaum
1458 4245 1653 4297 nullum
1695 4263 1916 4317 unquam

1950 3041 1997 3104 C

2046 687 2182 756 falso
2207 690 2303 741 sibi
2329 690 2390 743 de
2414 691 2563 759 hujus
2588 692 2925 759 appellatione
2947 713 3126 753 nomen
3146 716 3389 771 arrogare
3417 702 3578 757 Nico-

2047 777 2223 845 laitas.
2276 779 2532 835 Eusebius
2577 798 2702 853 vero
2730 783 2774 814 “
2817 804 2830 838 :
2874 785 2948 838 Hi
2992 786 3268 844 Nicolaum
3307 796 3575 862 quemdam

2045 880 2202 917 unum
2239 882 2303 919 ex
2332 867 2459 931 illis,
2486 871 2572 937 qui
2609 869 2675 921 ad
2701 888 2879 924 curam
2908 874 3112 942 inopum
3136 881 3431 946 gerendam,
3471 900 3575 937 una

2043 970 2159 1007 cum
2183 955 2439 1022 Stephano
2468 958 2530 1010 ab
2550 962 2793 1027 apostolis
2814 967 3078 1019 constituti
3105 968 3311 1035 fuerant
3329 974 3571 1033 ministri.

2042 1056 2191 1105 secttr
2217 1064 2319 1100 suae
2355 1058 2611 1101 auctorem
2632 1051 2923 1117 jactabant.
2958 1056 3093 1119 Quid
3115 1058 3257 1112 aliud
3284 1060 3385 1115 hoc
3413 1064 3576 1117 verbo

2031 1136 2326 1205 jactabant,
2359 1137 2531 1191 innuit
2574 1138 2854 1205 Eusebius,
2886 1159 3044 1212 quam
3088 1146 3365 1203 Nicolaqu
3413 1151 3572 1220 hujus

2041 1225 2303 1279 haereseos
2330 1240 2435 1277 non
2465 1242 2583 1281 esse
2610 1232 2912 1283 auctorem?

2108 1311 2273 1366 Porro
2306 1321 2480 1367 autem
2514 1315 2638 1384 quid
2659 1316 2726 1370 de
2756 1317 2855 1370 hac
2875 1320 3187 1386 quastione,
3211 1337 3369 1390 quam
3399 1333 3573 1378 tanto-

2038 1414 2156 1453 rum
2185 1400 2401 1454 Patrum
2430 1403 2720 1457 aucloritas
2744 1404 2958 1459 dubiam
3000 1409 3194 1471 reddit,
3228 1412 3568 1465 statuendum

2037 1489 2129 1551 sit,
2160 1489 2225 1542 ab
2247 1490 2366 1544 aliis
2390 1489 2658 1543 lubentius
2687 1492 2985 1546 audiemus.
3016 1492 3168 1547 Enim
3192 1511 3315 1549 vero
3339 1494 3571 1552 lrenmus

2036 1584 2089 1631 et
2120 1576 2388 1641 Clemens,
2420 1579 2748 1647 antiquiores
2787 1588 2838 1635 et
2865 1582 3409 1654 praecipitiutriusque
3450 1586 3568 1655 opi-

2037 1667 2212 1722 nionis
2239 1667 2494 1732 fautores,
2526 1671 2684 1724 coaevi
2717 1680 2888 1733 erant,
2921 1680 2975 1726 et
3005 1687 3035 1725 a
3066 1672 3270 1727 Nicolai
3316 1678 3569 1745 tempori-

2034 1757 2135 1811 bus
2164 1764 2270 1809 tam
2300 1772 2486 1825 parum
2516 1759 2726 1820 remoti,
2755 1767 2814 1812 ut
2840 1762 2906 1814 ab
2934 1761 3173 1828 ejusdem
3198 1762 3402 1817 Nicolai
3435 1767 3568 1819 ami-

2032 1846 2112 1900 cis
2142 1854 2227 1898 aut
2259 1845 2540 1914 discipulis
2582 1849 2852 1917 potuerint
2896 1850 3052 1903 facile
3076 1851 3305 1917 discere,
3332 1869 3459 1907 num
3501 1855 3569 1909 ab

2032 1934 2122 1987 illo
2141 1949 2263 1989 vere
2295 1935 2528 2003 profecta
2550 1936 2619 1989 sit
2641 1951 2704 1990 ea
2736 1938 2971 1993 haeresis.
3000 1941 3061 1992 Et
3089 1940 3333 1996 Clemens
3355 1942 3567 2011 quidem

2032 2037 2089 2076 se
2119 2022 2169 2076 id
2199 2038 2305 2076 non
2333 2023 2674 2093 indiligenter
2716 2024 3064 2096 iuvestigasse
3107 2029 3395 2098 signiﬁcat.
3428 2031 3565 2095 Quid

2029 2124 2156 2164 vero
2195 2110 2337 2179 quod
2384 2110 2435 2162 in
2495 2110 2610 2177 ejus
2641 2111 2907 2179 Opinionis
2954 2112 3345 2168 ﬁrmamentum
3376 2115 3567 2180 adduci

2030 2198 2160 2253 illud
2187 2207 2384 2267 potest,
2407 2199 2547 2269 quod
2581 2201 2846 2256 haereticis
2867 2203 2921 2255 in
2940 2218 3088 2257 more
3107 2205 3336 2272 positum
3370 2206 3440 2259 sit
3462 2221 3571 2259 ma-

2028 2302 2189 2357 gnum
2217 2288 2319 2342 sibi
2347 2289 2628 2357 quemdam
2657 2290 2920 2346 baareseos
2951 2307 3059 2346 suae
3083 2292 3341 2349 advocare
3375 2303 3565 2350 aucto-

2026 2375 2165 2429 rem?
2184 2374 2365 2445 Neque
2393 2384 2569 2431 tamen
2590 2393 2654 2431 eo
2687 2379 3014 2447 repudianda
3036 2389 3117 2434 est
3147 2380 3327 2436 lrenwi
3353 2390 3568 2437 senten-

2025 2464 2119 2526 tia,
2152 2464 2277 2532 quia
2302 2466 2369 2519 ab
2395 2480 2499 2520 uno
2526 2482 2589 2519 ex
2620 2474 2819 2535 septem
2845 2468 3030 2534 primis
3061 2469 3308 2524 Ecclesia:
3328 2471 3566 2527 diaconis

2027 2551 2269 2606 heresim
2298 2554 2440 2607 illam
2466 2563 2639 2608 ortum
2671 2571 2824 2609 suun:
2860 2557 3078 2612 duxisse
3113 2559 3458 2628 improbabile
3486 2563 3569 2614 vi-

2026 2638 2232 2693 deatur.
2262 2638 2392 2693 Nam
2420 2656 2541 2694 cum
2576 2642 2820 2697 Christus
2848 2644 2915 2696 ab
2938 2660 3044 2698 uno
3084 2661 3113 2699 e
3142 2654 3255 2700 suns
3285 2648 3561 2715 apostolis,

2024 2739 2092 2780 ne
2119 2726 2415 2781 doctrinam
2446 2744 2595 2782 suam
2626 2739 2958 2800 propagaret,
2992 2732 3054 2785 ad
3080 2748 3258 2788 necem
3288 2736 3358 2789 sit
3382 2737 3564 2790 vendi-

2024 2819 2132 2880 tus,
2160 2817 2332 2885 potuit
2362 2825 2414 2872 et
2443 2834 2582 2873 unus
2608 2836 2671 2873 ex
2699 2829 2901 2889 septem
2930 2822 3037 2876 illis
3071 2823 3312 2880 diaconis
3333 2825 3560 2896 alicujus

2024 2901 2288 2961 haereseos
2319 2905 2567 2962 inventor
2592 2924 2713 2963 esse
2741 2924 2803 2963 ac
2829 2911 3212 2980 promulgator.

2620 2997 2840 3052 CAPUT
2875 2997 2963 3055 IX.

2162 3087 2293 3154 Quae
2320 3104 2385 3142 ex
2411 3087 2506 3142 hac
2532 3089 2787 3144 hwreseon
2814 3092 3151 3161 descriptione
3180 3093 3420 3150 utilitas?

2094 3177 2383 3247 Quorsum,
2414 3179 2642 3250 inquies,
2669 3181 2757 3233 illa
2786 3188 2864 3233 tot
2891 3182 3161 3236 haereseon
3185 3181 3473 3252 descriptio
3496 3200 3557 3240 ac

2023 3264 2280 3321 historia?
2302 3266 2489 3322 Nonne
2518 3268 2596 3320 illi
2624 3267 2868 3322 humana:
2901 3269 3094 3323 mentis
3115 3270 3555 3325 monstrosissimi

2022 3366 2206 3427 partus
2233 3365 2487 3426 perpetuo
2506 3357 2715 3411 silentio
2736 3357 3026 3425 sepeliendi
3063 3360 3247 3412 erant?
3265 3357 3401 3423 Quid
3428 3373 3555 3413 vero

2020 3463 2087 3504 ex
2114 3448 2213 3502 hac
2240 3448 2428 3503 odiosa
2468 3449 2792 3517 molestaque
2820 3450 3321 3505 commemoratione
3363 3450 3418 3504 in
3456 3450 3555 3504 Ec-

2020 3524 2237 3593 clesiam
2263 3538 2627 3600 emolumenti,
2658 3546 2711 3592 et
2755 3539 2809 3592 in
2859 3539 3087 3594 lectores
3119 3539 3395 3594 utilitatis?
3437 3540 3555 3595 Non

2019 3629 2296 3681 minimum
2347 3636 2511 3684 certe.
2556 3626 2687 3681 Nam
2716 3636 3068 3697 prazterquam
3113 3628 3254 3698 quod
3282 3629 3553 3685 haereseon

2018 3717 2319 3785 cognitione
2361 3732 2767 3785 nonnunquam,
2810 3717 2887 3770 uti
2925 3718 3180 3780 diximus,
3213 3717 3552 3771 obscuriores

2016 3804 2232 3859 Patrum
2265 3807 2363 3859 loci
2398 3806 2608 3860 facilius
2643 3806 3029 3875 intelliguntur,
3063 3806 3185 3861 inde
3211 3807 3370 3860 etiam
3410 3806 3551 3859 into-

2016 3896 2249 3950 lerabilis
2278 3896 2571 3959 hominum,
2596 3911 2731 3950 nova
2757 3911 2966 3964 semper
2986 3897 3337 3958 molientium,
3364 3912 3552 3965 super-

2015 3985 2100 4039 bia
2134 3985 2455 4046 retunditur,
2485 4000 2547 4037 ac
2583 3985 2794 4038 tandem
2825 3984 3036 4038 funesto
3066 3984 3432 4039 haereticorum
3458 4000 3549 4039 ca-

2014 4093 2076 4131 su
2098 4076 2355 4132 Catholici
2382 4077 2514 4128 ﬁunt
2542 4076 2829 4131 cautiores.
2854 4075 2911 4129 ln
2936 4076 3123 4145 primis
3146 4083 3325 4130 autem
3349 4091 3414 4130 ex
3442 4076 3546 4130 hac

2012 4167 2301 4217 errantium
2331 4179 2678 4232 errorumque
2706 4164 2928 4219 historia
2954 4165 3168 4220 discunt
3198 4180 3402 4229 omnes,
3429 4180 3548 4234 qua:

2013 4253 2173 4308 fuerit
2198 4255 2264 4308 ab
2293 4254 2543 4309 Ecclesiae
2567 4255 2832 4324 principio
2859 4270 2985 4309 vera
3029 4264 3081 4310 et
3112 4255 3373 4309 catholica
3416 4255 3546 4309 ﬁdes

327 4330 467 4393 αιία.
494 4347 653 4400 quam
674 4348 741 4384 ea
770 4346 897 4399 ιμιω
918 4330 970 4382 εἰ
990 4338 1257 4397 nupserat.
1282 4346 1440 4385 αιτονε
1466 4349 1614 4386 usum
1633 4352 1759 4399 esse.
1784 4347 1831 4389 ει
1851 4354 1914 4390 ex
1944 4352 1987 4407 Ι)
2014 4361 2076 4400 ac
2097 4346 2357 4401 doctrina.
2406 4345 2579 4415 Atque
2608 4362 2676 4400 ne
2722 4352 2875 4400 extra
2897 4346 3127 4415 primum
3173 4346 3424 4401 Ecclesia:
3445 4361 3546 4401 sie-

332 4419 480 4472 illius
512 4421 693 4474 liberis
714 4421 872 4489 ﬁlias
904 4417 1116 4487 quidem
1137 4421 1459 4474 consenuisse
1486 4423 1720 4492 uirgines,
1743 4426 1910 4494 ﬁlium

282 4540 285 4543 ν
334 4518 508 4564 autem
531 4511 903 4581 permansisse
935 4510 1313 4577 incorruptum.
1343 4510 1468 4576 Quae
1494 4528 1607 4565 cum
1632 4515 1705 4567 ita
1734 4533 1786 4570 se
1817 4517 1912 4571 Ita-

332 4598 499 4663 beant,
532 4604 649 4657 uitii
675 4609 804 4656 erat
834 4596 1090 4667 depulsio
1114 4607 1266 4664 atque
1292 4604 1587 4669 expurgatio
1613 4603 1665 4655 in
1691 4605 1910 4659 medium

325 4692 675 4765 apostolorum
698 4687 1071 4746 circumactia
1094 4688 1295 4749 uxoris,
1319 4690 1461 4757 cujus
1482 4691 1744 4746 dicebatur
1770 4696 1912 4750 labo-

318 4808 427 4847 rare
442 4787 716 4858 selotypia
733 4802 759 4849 ;
789 4794 850 4837 et
885 4779 1219 4833 continentia
1245 4795 1276 4830 a
1304 4781 1642 4850 voluptatibus
1669 4802 1781 4854 qua:
1809 4804 1915 4840 ma-

309 4902 397 4961 gno
414 4881 589 4940 studio
615 4880 957 4948 parantur,
986 4865 1208 4920 docebat
1230 4868 1365 4921 istud
1389 4890 1401 4925 :
1426 4873 1502 4924 uti
1523 4890 1693 4937 carne,
1724 4874 1817 4928 hoc
1836 4887 1911 4931 est

303 4956 511 5041 Mure
553 4982 833 5029 carnem.
874 4957 1079 5023 Neque
1106 4956 1266 5020 enim,
1306 4968 1361 5011 ut
1385 4963 1640 5026 existimo,
1678 4966 1911 5020 uolebant

297 5072 641 5137 convenienter
673 5048 950 5113 Domini
970 5052 1237 5137 ρι’-ωεξηξο
1276 5047 1469 5103 duobus
1496 5050 1717 5106 dominis
1755 5057 1913 5109 servi-

195 5193 200 5200 κ
297 5129 655 5232 ἓῑυοιυνωιί
723 5152 793 5200 ει
822 5138 985 5193 Deo.
1028 5129 1308 5232 Itali-"fiet
1342 5137 1502 5232 uerba
1532 5136 1731 5191 Nieolai
1774 5142 1909 5232 male

295 5215 645 5333 gieipretata,
677 5244 749 5294 et
787 5233 1049 5286 errores
1080 5216 1165 5269 illi
1194 5215 1326 5272 f3150
1354 5223 1642 5294 imputatos
1671 5242 1789 5283 esse
1816 5229 1909 5285 de.

408 5463 440 5521 Γ
800 5427 875 5478 in
954 5413 1169 5493 ΜαξῙῘτο
1280 5415 1325 5449 Μ

336 5474 375 5625 ἐν
428 5470 555 5553 ap},
581 5507 750 5567 Lib.
788 5504 871 5547 ιιι
909 5484 1143 5547 Ονιθιη,
1175 5547 1185 5559 ⁸
1214 5480 1325 5537 ⁹⁰Ε

367 5540 536 5625 ,ἔξω
604 5572 778 5625 in“,
878 5553 934 5588 ’⁸
964 5548 1109 5606 Loc.
1142 5554 1225 5601 cit.
1312 5556 1325 5587 ι

290 5571 536 5691 ﬂend”;
604 5572 778 5634 init.

1280 5415 1333 5490 ξ’
1388 5421 1552 5490 Epist.
1623 5441 1661 5479 ιι
1737 5430 1801 5483 ad
1858 5430 2121 5489 Heliodor.

2012 4435 2189 4488 culum
2219 4442 2468 4488 excurrat
2506 4435 2705 4497 oratio,
2737 4450 2802 4488 ex
2831 4434 2916 4489 his
2959 4450 3075 4505 qua:
3101 4436 3324 4509 anobis
3364 4435 3544 4489 hactec

2012 4538 2114 4577 nus
2141 4523 2409 4592 disputata
2446 4531 2592 4587 sunt,
2624 4524 2825 4593 liquido
2855 4525 3139 4594 colligitur,
3170 4525 3296 4593 quid
3325 4525 3390 4578 de
3416 4540 3544 4593 prae-

2011 4611 2182 4678 cipuis
2212 4610 2329 4665 ﬁdei
2361 4618 2558 4665 nostra:
2581 4612 2841 4675 articulis,
2869 4628 3006 4681 quos
3036 4614 3354 4681 respuebant
3383 4612 3545 4667 hiero-

2010 4699 2120 4762 tici,
2154 4699 2218 4753 iis
2262 4700 2587 4768 temporibus
2616 4701 2685 4753 sit
2731 4709 2994 4755 assertum
3031 4709 3080 4754 et
3108 4700 3404 4756 deﬁnitum.
3437 4701 3541 4757 Ve-

2006 4804 2124 4842 rum
2167 4789 2307 4842 enim
2337 4805 2459 4843 vero
2499 4805 2619 4843 cum
2650 4790 2899 4845 Ecclesia:
2923 4789 3107 4843 Patres
3134 4790 3334 4845 erroris
3372 4791 3541 4847 haere-

2006 4892 2233 4946 seosque
2276 4893 2368 4933 eos
2425 4880 2821 4942 condemnant,
2874 4879 2965 4947 qui
3010 4878 3281 4932 Christum
3330 4895 3537 4934 merum

2007 4967 2296 5029 hominem,
2326 4983 2390 5021 ex
2425 4967 2590 5021 Maria
2614 4976 2667 5022 et
2704 4968 2922 5036 Joseph,
2956 4982 3063 5021 non
3103 4983 3259 5023 secus
3286 4983 3350 5022 ac
3380 4976 3539 5023 caete-

2007 5072 2096 5110 ros
2140 5056 2405 5120 homines,
2434 5057 2689 5125 genitum,
2719 5072 2818 5111 nec
2845 5056 2986 5110 Patri
3033 5064 3233 5111 aeterno
3275 5058 3531 5126 aequalem

2009 5160 2248 5200 asserere
2276 5146 2391 5199 ausi
2420 5153 2574 5209 sunt,
2608 5146 2730 5200 inde
2760 5145 3047 5201 concludas
3074 5153 3284 5215 oportet
3316 5147 3531 5200 eosdem

2006 5232 2191 5290 Patres
2222 5235 2322 5290 tide
2348 5235 2648 5291 certissima
2675 5234 2968 5291 credidisse
2994 5236 3267 5291 Christum
3298 5251 3418 5291 esse
3444 5236 3532 5289 Fi-

2268 5445 2317 5492 st
2413 5437 2552 5493 med.
2580 5481 2595 5507 ,
2631 5445 2685 5493 et
2739 5438 2895 5508 epist.
2961 5439 3031 5508 l8
3105 5437 3174 5492 ad
3251 5436 3523 5508 §abinian.

878 5490 1255 5601 .giigénscit"
1275 5490 1537 5614 Exisﬁiﬁd
1567 5491 1826 5575 Trallens.
1900 5500 1943 5533 ⁹¹
1972 5502 2089 5558 Lib.
2114 5519 2149 5559 n
2172 5490 2442 5578 Stromatq
2472 5490 2595 5578 post
2639 5490 2848 5563 medi”
2861 5490 2912 5541 '5‘
2956 5490 3071 5564 Lib.
3108 5490 3193 5562 "tu
3242 5503 3519 5571 Stromut.,

994 5602 999 5606 ι
1098 5587 1109 5600 ’
1214 5588 1225 5601 ·
1503 5598 1516 5614 .
1536 5575 1592 5614 ιιι
1617 5562 1815 5614 Hister.
1846 5608 1858 5614 -
1885 5583 1998 5614 ann,
2023 5572 2078 5614 Ξ-

994 5562 1109 5606 ,oc.
1142 5562 1225 5601 cu.
1312 5562 1371 5591 "
1401 5562 1516 5614 Lib.
1536 5575 1592 5616 ιιι
1617 5562 1816 5622 Histor.
1846 5608 1859 5636 ,
1885 5583 2002 5642 cap.
2023 5572 2079 5626 2.
