3832 6220
488 296 558 350 27
1645 294 1731 347 DE
1767 291 2064 348 OMNIBUS
2100 294 2492 352 GENERATIM
2750 292 2753 293 ⁷
3643 290 3712 344 28

490 406 618 459 lium
652 402 763 464 Dei,
795 402 937 458 Patri
969 420 1067 458 suo
1094 411 1295 459 artemo
1321 405 1598 474 aequalem,
1628 418 1691 457 ex
1722 403 1884 457 Maria
1912 402 2034 455 Vir-
2059 408 2106 460 A
2132 403 2447 475 imbuerent,
2480 408 2570 478 qui
2599 409 2795 464 divinis
2820 426 3004 465 eorum
3032 406 3411 464 sermonibus
3445 400 3517 455 ad
3551 400 3711 457 ﬁdem

490 494 631 561 gine,
665 493 776 545 sola
811 492 1045 562 Spiritus
1077 496 1248 548 sancti
1286 495 1480 547 virtute
1510 492 1732 547 editum.
1767 492 1900 547 Hinc
1929 508 2028 546 au-
2130 495 2735 560 adducti,Christianam
2755 501 3093 569 religionem,
3125 495 3395 567 pristinis
3420 492 3715 549 erroribus

490 591 595 632 tem
649 596 837 635 rursus
896 583 1117 652 colligas
1164 597 1383 636 necesse
1437 590 1517 636 cst
1569 582 1917 635 orthodoxam
1963 582 2029 637 de
2129 584 2408 652 depositis,
2442 588 2523 641 vel
2556 588 2767 656 publica
2792 589 3116 658 sinceraque
3152 584 3525 656 professione
3556 590 3714 637 erant

490 670 692 724 Christi
719 670 1015 733 divinitate,
1043 686 1252 739 unaque
1280 671 1424 724 illius
1453 685 1573 723 cum
1604 669 1758 723 Patre
1786 672 2030 723 substan-
2128 676 2431 742 amplexati,
2462 678 2668 743 veljam
2687 678 2797 745 jam
2827 680 3247 747 amplexaturos
3283 689 3348 727 se
3378 688 3534 735 esse,
3558 682 3713 728 certo

493 761 587 825 tia,
621 776 712 814 seu
762 762 1315 813 consubstantialitate
1362 760 1657 813 doctrinam
1707 774 1735 811 a
1782 759 2029 815 Patribus
2128 763 2535 829 pollicebantur.
2570 762 2665 816 His
2713 772 2913 827 autem,
2956 771 3014 817 ut
3048 761 3285 832 plenius
3332 757 3469 811 fidei
3518 758 3713 813 Chris-

492 850 647 919 primi
684 850 931 903 Ecclesiae
957 849 1157 911 sazculi,
1188 858 1237 902 ct
1266 849 1418 917 longe
1449 855 1570 901 ante
1595 847 1865 901 Nicrenum
1900 862 2029 901 con-
2127 852 2283 903 tiante
2311 858 2586 920 praeceptis
2605 858 2656 905 et
2675 851 3011 921 dogmatibus
3029 850 3520 907 informarentur,
3544 860 3713 928 gnos-

493 939 671 991 cilium
712 939 877 991 fuisse
918 937 1189 997 traditam,
1220 943 1477 989 assertam
1521 943 1573 989 et
1616 943 2024 1004 propugnatam.
2127 939 2247 991 dam
2268 940 2646 1007 prteliciebant,
2676 956 2812 1009 quos
2830 940 3126 1009 Apostolus
3159 939 3286 1007 ipse
3314 938 3588 989 doctores
3618 951 3713 1003 ap-

516 1036 631 1080 dem
663 1028 882 1096 quilibet
910 1036 962 1081 et
991 1028 1055 1080 de
1086 1026 1206 1081 aliis
1234 1026 1533 1094 quibusque
1564 1027 1859 1088 erroribus,
1892 1041 2028 1093 quos
2128 1028 2307 1095 pellat,
2326 1036 2377 1082 et
2409 1044 2437 1080 a
2458 1029 2671 1082 caeteris
2696 1029 2805 1082 fere
2827 1028 3080 1081 omnibus
3110 1027 3395 1079 Ecclesiae
3431 1023 3711 1077 ministris

494 1118 561 1169 ab
605 1117 868 1170 haereticis
915 1115 1163 1169 defensos
1191 1154 1205 1179 ,
1253 1129 1283 1167 a
1337 1114 1583 1168 Patribus
1634 1114 1860 1182 rejectos
1908 1130 2029 1168 esse
2127 1125 2307 1183 aperte
2339 1117 2618 1170 discernit.
2641 1116 2713 1170 De
2742 1117 2808 1170 iis
2836 1120 3031 1185 quippe
3068 1117 3228 1169 hunc
3260 1116 3321 1168 in
3360 1112 3599 1165 modum
3623 1112 3712 1164 ille.

493 1205 747 1267 diximus,
771 1205 1031 1272 judicium
1063 1204 1202 1259 ferre
1228 1205 1401 1259 debet.
2126 1206 2190 1258 ad
2241 1202 2520 1272 tEphesios
2572 1206 2796 1261 scribit:
2832 1206 2899 1258 Et
2934 1210 3039 1273 ipse
3078 1207 3233 1259 dedit
3288 1204 3565 1275 quosdam
3598 1204 3711 1272 qui-

562 1294 679 1345 Alia
716 1308 927 1362 quoque
962 1310 1028 1349 ex
1072 1294 1259 1347 iisdem
1312 1293 1575 1347 haereticis
1615 1292 1739 1347 inde
1777 1301 1901 1346 nata
1944 1301 2027 1347 est
2124 1298 2238 1351 dem
2266 1298 2545 1365 apostolos,
2577 1301 2826 1367 quosdam
2856 1315 2970 1351 vero
2992 1299 3314 1367 prophetas,
3350 1296 3496 1348 alios
3530 1280 3709 1347 aulam

495 1381 749 1437 Ecclesia:
790 1384 1013 1446 utilitas,
1060 1382 1202 1452 quod
1253 1382 1289 1435 ii
1336 1382 1584 1436 Ecclesiae
1622 1381 1870 1435 Patribus
1900 1396 2025 1436 suos
2122 1394 2356 1452 pastores
2395 1394 2444 1438 et
2468 1385 2699 1438 doctores
2746 1387 2809 1439 ".
2856 1385 2919 1437 Et
2955 1386 3020 1439 ad
3058 1379 3328 1437 Corinth.
3372 1400 3386 1437 :
3425 1381 3707 1447 Quosdam

493 1476 748 1528 adversus
780 1474 1009 1528 haereses
1039 1475 1204 1528 libros
1229 1481 1282 1528 et
1309 1478 1571 1526 tractatus
1624 1487 1759 1541 quos
1781 1471 2025 1526 fortassis
2123 1475 2325 1543 quidem
2347 1477 2517 1544 posuit
2546 1476 2678 1529 Deus
2725 1476 2778 1529 in
2825 1475 3081 1537 Ecclesia,
3121 1475 3371 1543 primum
3404 1474 3705 1541 apostolos,

492 1582 764 1635 nunquam
785 1566 1095 1628 edidissent,
1116 1564 1381 1619 scribendi
1404 1564 1646 1618 dederint
1667 1562 2021 1616 occasionem.
2123 1562 2342 1615 secundo
2391 1562 2685 1630 prophetas,
2735 1564 2880 1615 tertio
2904 1562 3149 1615 doctores
3181 1561 3254 1615 ⁸⁸.
3303 1559 3490 1614 Porro
3522 1570 3704 1615 autem

493 1656 586 1709 llis
608 1670 734 1724 ergo
756 1655 1039 1717 haereticis,
1075 1656 1197 1708 licet
1226 1653 1405 1707 invitis
1430 1660 1481 1707 et
1510 1653 1704 1721 saepius
1730 1652 2024 1706 reclaman-
2058 1705 2094 1724 η
2125 1652 2253 1705 illud
2282 1652 2517 1705 doctoris
2547 1667 2739 1705 munus
2766 1653 3033 1721 episcopis
3056 1652 3431 1720 potissimum
3457 1652 3703 1705 delatum

494 1748 659 1809 tibus,
691 1747 944 1800 debemus
974 1746 1204 1814 pretiosa
1232 1746 1319 1798 illa
1347 1752 1615 1797 tantorum
1649 1743 1881 1797 virorum
1908 1756 2023 1795 mo-
2056 1739 2095 1757 ”
2122 1756 2242 1795 esse
2271 1739 2406 1793 idem
2430 1756 2536 1793 non
2558 1741 2786 1794 obscure
2822 1742 2979 1794 docet
3010 1743 3194 1811 prima
3239 1741 3312 1794 ad
3344 1740 3702 1795 Timotheum

494 1843 770 1897 numenta,
802 1851 863 1889 ex
895 1836 1091 1905 quibus
1121 1849 1396 1889 sacrorum
1428 1832 1547 1886 fidei
1577 1834 1880 1901 dogmatum
1914 1840 2025 1885 tra-
2123 1830 2357 1897 Epistula
2390 1849 2402 1883 :
2436 1829 2649 1897 Oportet
2676 1848 2793 1900 ergo
2838 1833 3136 1898 episcopum
3176 1832 3702 1898 irreprehensibilem

493 1923 626 1976 ditio
650 1922 715 1975 ad
745 1937 842 1978 nos
869 1938 1036 1991 usque
1070 1922 1296 1976 deducta
1324 1929 1424 1975 est.
1452 1920 1631 1988 Neque
1663 1920 1804 1974 aliud
1838 1920 1934 1972 hac
1963 1918 2017 1972 in

493 2029 552 2067 re
594 2012 769 2081 magis
813 2012 1117 2081 lugendum,
1160 2027 1315 2079 quam
1363 2010 1502 2079 quod
1551 2012 1727 2063 omnia
1767 2009 2023 2078 ejusmodi

494 2103 690 2169 scripta
721 2100 784 2153 ad
807 2116 903 2155 nos
944 2116 1049 2153 non
1079 2101 1251 2155 solum
1284 2115 1389 2153 non
1414 2102 1772 2168 pervenerint,
1804 2100 1897 2154 sed
1928 2115 2023 2154 nec

495 2192 601 2243 ulla
631 2192 859 2258 plurium
903 2198 1077 2246 exstet
1124 2191 1350 2259 amplius
1397 2190 1671 2253 memoria,
1722 2206 1819 2245 nec
1861 2191 2024 2243 ullum

494 2296 677 2335 eorum
716 2281 864 2335 ullibi
898 2280 1052 2335 nobis
1082 2281 1357 2351 vestigium
1399 2279 1650 2348 supersit.

1103 2391 1326 2445 CAPUT
1364 2390 1430 2445 Χ.

720 2483 796 2536 De
824 2483 1113 2536 scholarum
1138 2482 1551 2536 Christianarum
1580 2484 1792 2552 origine.

564 2572 857 2626 Adversum
918 2573 1195 2626 haareticos
1250 2588 1355 2625 non
1414 2573 1621 2625 calamo
1675 2573 1933 2625 duntaxat
1974 2581 2026 2627 et

494 2667 732 2735 scriptis,
757 2666 849 2718 sed
872 2666 991 2717 viva
1019 2665 1178 2716 etiam
1204 2679 1356 2726 voce,
1381 2664 1655 2731 variisque
1685 2665 2024 2718 sermonibus

493 2754 841 2809 decertabant
870 2754 1159 2819 scriptorcs
1186 2752 1377 2814 nostri,
1412 2750 1851 2820 Christianosque
1902 2768 2024 2806 cum

494 2859 702 2900 morum
746 2843 1047 2911 praeceptis,
1101 2849 1208 2893 tum
1244 2841 1361 2893 tidei
1408 2841 1651 2915 doctrina
1687 2841 2023 2895 erudiebant.

495 2933 620 2985 lllos
648 2938 823 2983 autem
847 2945 908 2983 ea
938 2929 1200 2983 docebant
1226 2930 1279 2981 in
1311 2929 1440 2982 locis
1471 2930 1715 2997 privatis,
1758 2944 1819 2981 ac
1851 2945 2023 2999 quan-

2121 1934 2342 1974 esse.....
2381 1920 2704 1987 hospitalem,
2752 1922 3011 1975 doctorem
3035 1924 3105 1978 θ’.
3143 1922 3229 1976 Ad
3285 1922 3477 1977 Titum
3526 1938 3698 1977 vero:

2125 2010 2334 2079 Oportet
2361 2013 2649 2079 episcopum
2682 2014 2792 2065 sine
2832 2014 3046 2066 crimine
3077 2022 3321 2069 esse.....
3375 2014 3699 2081 amplecten-

2126 2110 2221 2155 tem
2250 2118 2383 2163 eum,
2410 2104 2497 2170 qui
2524 2104 2800 2156 secundum
2832 2104 3135 2157 doctrinam
3179 2114 3288 2168 est,
3329 2104 3546 2173 ﬁdelem
3589 2123 3700 2159 ser-

2122 2208 2318 2244 monem
2336 2207 2353 2253 ;
2384 2201 2439 2243 ut
2466 2202 2640 2259 potens
2682 2195 2751 2245 sit
2775 2194 3042 2247 exhortari
3070 2200 3127 2247 in
3154 2194 3410 2248 doctrina
3443 2213 3622 2261 sacra,
3647 2206 3698 2251 et

2121 2300 2206 2336 eos
2228 2284 2314 2351 qui
2334 2283 2694 2337 contradicunt
2718 2302 2934 2354 arguere
2967 2286 3054 2341 ¹⁰⁰.

2191 2369 2330 2424 ldem
2355 2378 2535 2424 tamen
2579 2372 2814 2427 doctoris
2846 2373 3076 2428 cilicium
3124 2374 3277 2437 aliis,
3312 2375 3578 2445 episcopo
3609 2376 3693 2429 in-

2124 2460 2445 2524 ferioribus,
2492 2475 2872 2529 nonnunquam
2931 2462 3401 2516 demandabatur.
3455 2462 3694 2515 Rursum

2121 2550 2260 2604 enim
2291 2548 2487 2604 Paulus
2511 2550 2575 2603 ad
2602 2549 2971 2605 Timotheum‘.
2997 2552 3103 2617 Qui
3134 2551 3286 2614 bene,
3322 2553 3525 2622 inquit,
3556 2570 3694 2623 prse-

2123 2649 2243 2693 sunt
2299 2640 2603 2710 presbyteri,
2656 2640 2853 2711 duplici
2906 2641 3106 2697 honore
3163 2644 3317 2714 digni
3368 2644 3689 2709 habeantur,

2123 2731 2345 2783 maxime
2379 2731 2468 2799 qui
2508 2730 2748 2784 laborant
2792 2733 2844 2786 in
2890 2732 3038 2786 verba
3061 2743 3113 2786 et
3160 2734 3414 2787 doctrina
3446 2735 3485 2791 ¹.
3535 2736 3689 2801 Quod

2125 2821 2170 2875 si
2225 2836 2286 2875 ea
2339 2822 2625 2891 presbyteri
2692 2838 2822 2877 voce
2866 2825 3155 2894 episcopos
3209 2826 3366 2896 ipsos
3412 2824 3688 2896 designari

2132 2910 2461 2978 pertinacius
2490 2913 2806 2975 contendas,
2848 2919 2901 2967 et
2932 2922 2985 2966 lu
3038 2916 3161 2983 ipse
3202 2915 3434 2970 fatearis
3461 2932 3687 2971 necesse

494 3024 669 3090 doque
708 3022 953 3090 publicis,
992 3029 1248 3089 quantum
1282 3021 1555 3090 pacatiora
1586 3023 2022 3090 persecutionum
2054 3004 2096 3060 (ἶ
2128 3010 2211 3055 εει
2238 3002 2468 3070 (“muas
2497 3004 2712 3072 generis
2741 3003 2906 3057 fuisse
2937 3004 3255 3074 episcopos,
3286 3021 3526 3074 Ψιοτιηη
3551 3021 3688 3059 "on‘

496 3120 736 3181 tempora
782 3112 831 3164 id
878 3110 1138 3173 ferebant,
1162 3110 1245 3164 vel
1274 3124 1366 3163 eos
1395 3125 1634 3164 summus
1662 3105 1900 3181 martyrii
1939 3126 2025 3165 ar-

496 3200 594 3254 dor
629 3201 694 3253 ad
724 3199 1113 3269 prazdicandam
1145 3199 1297 3252 fidem
1328 3198 1648 3266 impellebat.
1683 3199 1759 3253 Ac
1792 3200 2024 3269 primum

495 3289 710 3358 quidem
745 3296 895 3341 extra
938 3290 1358 3343 controversiam
1403 3298 1485 3344 est
1529 3293 1822 3362 apostolos,
1866 3300 2026 3363 atque

496 3395 681 3434 eorum
724 3378 1015 3447 discipulos
1055 3380 1109 3433 in
1138 3380 1371 3434 vicorum
1402 3381 1718 3450 urbiumque
1739 3383 1940 3451 plateas
1972 3392 2026 3453 et

496 3468 750 3536 compita,
786 3469 838 3521 in
867 3467 1167 3521 Iudaeorum
1212 3482 1507 3541 synagogas
1537 3479 1588 3525 et
1615 3472 1826 3528 scholas
1854 3475 2028 3543 genti-

498 3560 627 3611 lium
659 3574 775 3612 sese
827 3559 1123 3612 incredibili
1154 3575 1372 3628 prorsus
1396 3561 1585 3616 ardore
1616 3562 1815 3617 idcirco
1840 3572 2026 3618 contu-

498 3649 647 3710 lisse,
679 3657 734 3701 ut
758 3648 1098 3717 Evangelium
1120 3649 1337 3711 Christi,
1368 3657 1418 3703 et
1451 3665 1657 3704 sacram
1685 3652 1801 3720 ejus
1827 3653 2027 3708 doctri-

498 3755 621 3792 nam
652 3739 1048 3801 annuntiarent,
1079 3754 1301 3807 eamque
1335 3741 1717 3809 persuaderent
1757 3744 2024 3799 omnibus.

498 3826 563 3878 Et
604 3842 731 3879 sane
761 3824 957 3878 Paulus
989 3841 1110 3879 cum
1139 3827 1374 3881 Athenas
1404 3828 1637 3882 venisset
1668 3848 1682 3884 :
1720 3830 2026 3899 Disputabat

498 3916 550 3965 in
579 3913 850 3981 Synagoga
878 3929 992 3965 cum
1018 3912 1217 3967 Judwis
1245 3925 1291 3967 et
1316 3916 1619 3981 colentibus,
1649 3928 1697 3971 et
1726 3921 1777 3972 in
1802 3922 1915 3988 foro
1939 3939 2028 3990 per

499 4016 671 4051 omnes
693 4001 800 4051 dies
825 4000 891 4051 ad
918 4017 1021 4063 eos,
1050 4003 1137 4069 qui
1162 4001 1392 4056 aderant.
1426 4002 1649 4068 Quidam
1671 4015 1830 4058 autem
1848 4005 2029 4077 Epicu-

500 4086 573 4137 rei
606 4095 651 4135 et
675 4085 837 4139 Stoici
877 4087 1160 4154 philosophi
1202 4088 1517 4142 disserebant
1574 4108 1687 4143 cum
1733 4108 1789 4145 eo
1808 4093 1874 4155 ",
1918 4103 2023 4150 etc.

500 4174 635 4226 Cum
680 4181 855 4227 autem
914 4174 1105 4241 Ephesi
1178 4184 1477 4229 moraretur
1518 4197 1531 4232 :
1579 4178 1931 4249 Introgressus
1974 4184 2027 4237 in

2126 3093 2281 3156 nulli,
2310 3091 2478 3146 Paulo
2505 3101 2661 3159 teste,
2692 3096 2748 3147 in
2774 3094 2923 3148 verbo
2967 3105 3015 3149 et
3053 3096 3305 3149 doctrina
3338 3096 3681 3151 laborabant.

2124 3182 2501 3237 Verumtamen
2528 3190 2579 3238 et
2601 3184 2734 3238 alios
2763 3186 2828 3237 ab
2847 3185 3119 3255 episcopis
3154 3188 3351 3241 munia
3395 3187 3682 3241 doctorum

2123 3274 2321 3329 obiisse
2340 3273 2478 3327 haud
2500 3272 2725 3329 obscure
2736 3275 3104 3329 demonstrant
3126 3293 3191 3332 ea
3207 3278 3475 3332 Actorum
3492 3278 3678 3331 verba:

2126 3365 2293 3418 Erant
2319 3375 2489 3418 autem
2521 3366 2573 3418 in
2606 3364 2839 3419 Ecclesia
2857 3367 3150 3421 Antiochia:
3177 3369 3451 3437 propheta:
3481 3375 3531 3421 et
3560 3366 3681 3418 dor-

2127 3464 2279 3519 tores,
2320 3456 2371 3507 in
2401 3454 2580 3523 quibus
2604 3465 2652 3507 et
2694 3455 2965 3509 Barnabas
3006 3467 3055 3510 et
3091 3457 3306 3522 Simon,
3334 3460 3426 3528 qui
3467 3459 3682 3512 vocaba-

2126 3553 2211 3597 tur
2250 3543 2430 3613 Niger,
2468 3554 2516 3597 et
2564 3544 2752 3597 Lucius
2794 3545 3121 3615 Cyrenensis,
3180 3556 3231 3601 et
3264 3546 3555 3610 Manu/ten,
3594 3546 3681 3615 qui

2123 3642 2235 3688 erat
2283 3633 2503 3688 Herodis
2551 3634 2844 3690 Tetrarchce
2889 3637 3268 3700 collactaneus,
3316 3648 3366 3693 et
3414 3638 3614 3693 Saulus
3635 3638 3675 3690 '.

2068 3718 2083 3732 '
2126 3722 2234 3778 Hos
2256 3726 2398 3779 enim
2430 3740 2619 3781 omnes
2648 3735 2699 3780 et
2725 3727 2965 3795 singulos
3002 3727 3067 3781 ad
3091 3728 3421 3798 dignitatem
3464 3731 3677 3798 episco-

2126 3814 2301 3883 palem
2334 3821 2550 3868 evectos
2576 3814 2743 3870 fuisse
2771 3817 2892 3884 quis
2921 3817 3118 3870 audeat
3140 3819 3459 3873 afﬁrmare?

2192 3902 2272 3956 Ad
2303 3903 2605 3957 scholarum
2638 3913 2796 3973 porro
2825 3907 3085 3975 originem
3133 3908 3269 3962 illud
3297 3910 3474 3978 magis
3506 3910 3675 3979 perti-

2126 4009 2254 4048 nere
2283 3993 2504 4049 forsitan
2534 3994 2819 4061 videbitur,
2846 3997 2987 4067 quod
3020 3997 3311 4054 Timotheo
3340 3992 3521 4053 adhuc
3544 4000 3677 4055 scri-

2125 4083 2203 4137 bit
2223 4082 2420 4138 Paulus
2448 4104 2461 4138 :
2494 4084 2622 4149 Qua:
2648 4085 2842 4140 audisti
2869 4104 2899 4139 a
2928 4104 3005 4140 me
3022 4106 3110 4157 per
3138 4092 3333 4144 multos
3365 4101 3540 4155 testes,
3565 4091 3673 4143 lucc

2126 4174 2423 4227 commenda
2452 4174 2688 4243 ﬁdelibus
2718 4175 3031 4239 hominibus,
3078 4180 3167 4247 qui
3212 4180 3394 4234 idonei
3446 4192 3597 4235 erunt
3623 4191 3673 4233 et

502 4262 827 4333 Synagogam
853 4280 967 4315 cum
998 4262 1191 4331 ﬁducia
1221 4266 1523 4333 loquebatur
1546 4284 1633 4335 per
1671 4279 1771 4323 tres
1808 4288 2022 4338 menses,
2055 4304 2101 4361 ο
2128 4266 2257 4320 alios
2287 4266 2465 4320 άοσενε
2496 4267 2534 4320 ⁸ο
2581 4266 2655 4321 Ex
2686 4267 2772 4321 his
2830 4269 3026 4337 quippe
3062 4271 3246 4325 verbis
3280 4271 3410 4334 duo.
3452 4288 3576 4340 quae
3602 4272 3670 4325 ad

499 4353 770 4421 disputans
800 4362 847 4406 et
873 4354 1092 4408 suadens
1125 4354 1187 4408 de
1209 4372 1361 4424 regno
1401 4356 1517 4412 Dei.
1553 4356 1682 4412 Cum
1711 4369 1882 4413 autem
1905 4365 2024 4433 qui-

500 4441 621 4493 dam
672 4443 1039 4496 indurarentur
1085 4452 1133 4497 et
1170 4461 1271 4498 non
1324 4446 1604 4510 crederent,
1669 4450 2023 4507 maledicentes

500 4532 634 4583 uiam
679 4532 889 4585 Domini
918 4550 1092 4585 coram
1131 4534 1480 4595 multitudine,
1516 4536 1777 4592 discedens
1821 4540 1884 4593 ab
1926 4544 2020 4606 eis,

500 4623 775 4690 segregavit
804 4623 1104 4691 discipulos,
1150 4625 1374 4693 quotidie
1420 4625 1689 4693 disputans
1752 4629 1805 4681 in
1845 4630 2023 4684 schola

502 4712 709 4778 tyranni
736 4713 1026 4781 cujusdam.
1061 4714 1173 4766 Hoc
1197 4724 1363 4768 autem
1390 4716 1585 4784 factum
1630 4726 1706 4770 est
1750 4733 1840 4785 per
1884 4719 2025 4772 bien-

500 4801 641 4852 nium
664 4839 679 4861 ,
712 4801 786 4854 ita
825 4812 879 4854 ut
929 4820 1099 4856 omnes
1126 4804 1214 4872 qui
1246 4803 1547 4856 habitabant
1576 4805 1628 4857 in
1672 4805 1797 4859 Asia
1820 4844 1836 4870 ,
1873 4808 2018 4861 audi-

499 4898 611 4941 rent
636 4889 839 4942 verbum
868 4892 1074 4945 Domini
1099 4892 1273 4946 Judtci
1300 4904 1451 4962 atque
1512 4896 1723 4963 gentiles
1747 4895 1811 4950 ⁸⁸.
1836 4895 2025 4952 Nullus

500 4986 679 5033 autem
733 4979 1012 5035 dubitandi
1062 4984 1209 5037 locus
1245 4990 1347 5047 est,
1401 4983 1530 5050 quin
1559 4982 1778 5047 Paulus,
1824 4987 2023 5056 aliique

501 5069 751 5136 apostoli,
779 5071 977 5127 similes
1026 5073 1145 5128 aliis
1186 5072 1239 5125 in
1273 5072 1405 5125 locis
1444 5072 1834 5140 disputationes
1866 5076 2020 5131 insti—

501 5159 719 5213 tnerint.

573 5246 629 5300 In
689 5250 924 5316 privatas
971 5265 1097 5303 vero
1126 5251 1312 5304 domos
1341 5248 1537 5318 saapius
1586 5250 1620 5302 ii
1650 5250 1976 5319 cogebantur
2002 5295 2016 5317 ,

504 5350 611 5403 quo
643 5352 796 5390 sacra
825 5338 1193 5405 mysteriorum
1227 5346 1532 5393 nostrorum
1581 5341 1885 5407 cognitione
1930 5359 2023 5399 eos

579 5540 622 5569 "
664 5539 777 5593 Act.
810 5554 938 5595 xvn.
973 5539 1056 5592 l7.
1131 5539 1173 5569 “
1203 5539 1315 5593 Act.
1350 5506 1459 5600 mi,
1485 5540 1516 5593 8

518 5606 585 5660 ‘l
645 5606 766 5662 ['iin.
798 5608 951 5670 v.17.
1027 5610 1045 5638 ’
1073 5607 1187 5663 Act.
1233 5624 1344 5673 xm,
1382 5609 1431 5663 i.
1506 5609 1524 5638 ³
1548 5607 1587 5660 ll
1621 5607 1839 5674 TilllJl,
1871 5615 1915 5663 2.

2127 4355 2427 4411 institutum
2455 4366 2699 4411 nostrum
2732 4359 2958 4411 maxime
2982 4359 3315 4422 conducunt,
3352 4376 3459 4413 non
3490 4363 3671 4429 inepte

2128 4462 2259 4502 sane
2277 4447 2620 4516 colliguntur.
2643 4444 2823 4499 Primo
2847 4447 3057 4518 quidem
3084 4445 3284 4501 Paulus
3317 4447 3666 4503 Timotheum

2126 4537 2371 4593 doctrina
2403 4535 2706 4590 Christiana
2726 4534 3024 4599 erudierat,
3055 4551 3144 4603 per
3180 4537 3373 4589 multos
3408 4547 3590 4600 testes,
3613 4537 3668 4590 id

2129 4633 2231 4688 est,
2251 4639 2428 4678 coram
2451 4623 2654 4685 multis,
2671 4623 2762 4692 qui
2783 4639 2903 4677 eum
2924 4634 2975 4677 et
2993 4623 3271 4678 docentem
3289 4625 3596 4685 audierant,
3611 4632 3665 4677 et

2126 4714 2331 4770 traditae
2375 4712 2651 4767 Timotheo
2714 4713 2973 4767 doctrinae
3035 4713 3441 4781 locupletissimi
3494 4719 3665 4767 testes

2125 4816 2298 4861 erant.
2326 4802 2485 4871 Atqui
2535 4801 2581 4855 si
2628 4801 2828 4857 Paulus
2864 4801 3199 4856 Timotheum
3247 4801 3512 4868 aliosque,
3566 4802 3658 4869 qui

2122 4912 2241 4951 eum
2263 4891 2510 4948 audiendi
2532 4906 2696 4947 causa
2714 4891 2768 4945 in
2797 4893 3045 4948 eumdem
3068 4893 3239 4946 locum
3265 4899 3655 4953 convenerant,

2123 4988 2200 5041 sic
2233 4984 2477 5039 doctrina
2510 4982 2631 5036 fidei
2670 4983 2923 5049 instituit,
2971 4983 3091 5051 quis
3119 4978 3449 5032 inliciabitur
3477 4980 3653 5047 ipsum

2123 5076 2309 5129 eodem
2339 5072 2561 5126 docendi
2594 5074 2752 5127 modo
2802 5074 2936 5127 alios
2960 5086 3169 5140 quoque
3198 5069 3494 5138 discipulos
3523 5085 3652 5123 suos

2128 5165 2318 5221 iisdem
2350 5162 2609 5217 imbuisse
2637 5164 2929 5219 institutis?
2958 5160 3202 5214 Secundo
3237 5160 3437 5214 Paulus
3467 5160 3652 5213 Timo-

2123 5255 2246 5306 theo
2278 5250 2515 5319 praecipit
2553 5251 2689 5306 alios
2736 5251 2949 5313 docere,
2984 5247 3036 5301 id
3064 5254 3147 5301 est
3175 5248 3358 5300 eadem
3406 5264 3524 5317 qute
3577 5248 3643 5300 ab

2122 5346 2241 5413 ipso
2268 5340 2529 5405 audierat,
2560 5342 2681 5397 aliis
2704 5342 2886 5396 eadem
2928 5337 3177 5393 methodo
3218 5338 3451 5392 tradere.
3494 5339 3643 5403 Quod

1629 5540 1678 5613 ’_’_
1758 5504 1948 5604 prcs.
1978 5554 2023 5591 Iv

2147 5589 2156 5600 .
2209 5547 2252 5578 ⁵⁸
2292 5540 2453 5599 lCor.
2490 5563 2579 5613 xu,
2610 5547 2697 5603 28.
2771 5544 2814 5578 ”
2844 5543 2862 5598 Ι
2887 5543 3017 5597 Tim.
3050 5557 3131 5607 ut,
3156 5540 3295 5595 2.“.
3336 5534 3623 5611 Tll._l,7,.9.
