3832 6280
253 340 453 409 ,9
1269 344 1454 403 PRIMI
1494 348 1868 412 ECCLESIAS
1907 359 2168 414 SJSCULI
2208 358 2720 417 SCRIPTORIBUS.
3512 365 3581 419 30

256 453 588 517 Auideru
610 461 705 507 eta
736 456 1183 515 successoribus
1216 464 1335 533 ejus
1357 461 1659 533 diligenter
1688 469 1856 524 fuisse
1875 470 1967 523 ob-
1992 478 2038 532 Α
2134 470 2314 538 Neque
2340 486 2463 524 vero
2496 485 2664 537 prima
2709 469 2969 522 duntaxat
3008 471 3169 539 hujus
3208 472 3405 525 schola:
3431 473 3585 525 initia

288 553 664 605 amatum,
696 543 905 606 nullus,
939 546 1181 616 opinor,
1211 555 1501 625 negaverit.
1535 557 1607 610 At
1633 575 1798 628 porro
1830 560 1874 615 si
1897 560 1963 615 iis
2062 557 2259 610 indicat
2300 556 2584 621 Eusebius,
2646 572 2829 611 verum
2857 559 3015 610 etiam
3047 558 3174 628 quid
3208 559 3264 612 in
3296 574 3357 612 ea
3403 558 3584 615 docen

390 627 540 695 locis,
567 633 835 702 inquibus
863 633 1179 695 docentem
1212 643 1435 697 Paulum
1464 652 1547 699 t0t
1584 627 1830 716 tantique
1851 648 1963 701 dis-
2059 648 2383 717 tractarique
2439 648 2656 709 soleret,
2712 648 3015 701 luculenter
3068 627 3180 701 tum
3221 650 3409 718 aperit,
3461 665 3585 703 cum

395 725 550 797 cipuli
585 724 892 791 audierunt,
926 742 1144 785 nomen
1184 735 1384 789 scholae
1427 734 1685 805 deneges,
1725 738 1818 790 tibi
1841 739 1960 805 qui-
2056 751 2172 790 eam
2204 752 2477 790 sacrarum
2506 739 2803 790 litterarum
2828 739 3062 791 scholam
3087 740 3335 807 appellat.
3382 740 3477 794 His
3509 741 3586 793 si-

402 817 508 871 dem
553 830 652 867 non
695 814 928 869 omnino
985 824 1454 892 repugnabimus;
1504 826 1670 879 modo
1722 826 1787 878 ad
1838 826 1958 879 illos
2055 824 2270 891 quidem
2306 826 2484 879 verbis
2509 826 2597 879 ille
2618 827 2774 880 nobis
2813 838 2993 895 aperte
3019 828 3255 881 declarat
3278 844 3460 883 sacras
3490 831 3581 882 lit-

404 906 603 972 primam
632 902 1092 961 Christianarum
1132 912 1446 965 scholarum
1494 913 1761 982 originem
1798 914 1959 967 redu-
2054 920 2217 974 teras,
2241 913 2293 965 id
2334 922 2434 977 est,
2468 930 2653 969 sacros
2686 916 2892 971 Veteris
2915 926 2967 970 et
3002 917 3133 971 Novi
3165 917 3489 972 Testamenti
3516 919 3578 972 li-

398 993 597 1047 tendam
627 1008 746 1046 esse
772 997 1090 1053 concedas.
2052 1000 2178 1053 bros
2201 1001 2272 1053 ibi
2303 1015 2330 1052 a
2359 1000 2669 1057 doctoribus
2692 1012 2744 1057 et
2774 1005 3044 1073 magistris
3074 1005 3241 1059 fuisse
3262 1006 3575 1074 explicatos.

458 1082 627 1135 Primo
647 1090 831 1137 tamen
877 1086 1157 1143 Ecclesiae
1205 1091 1424 1153 szeculo,
1477 1092 1716 1145 nondum
1748 1092 1950 1160 elapso,
2048 1087 2156 1141 Nec
2177 1088 2457 1143 obscurius
2480 1091 2638 1157 paulo
2660 1102 2777 1159 post
2793 1094 2954 1145 tradit
2974 1092 3095 1145 huic
3118 1108 3387 1145 sacrarum
3406 1092 3582 1161 Scrip-

385 1172 631 1237 quasdam
687 1172 1151 1231 Christianorum
1205 1180 1441 1242 scholas,
1492 1182 1706 1249 proprie
1758 1181 1948 1243 dictas,
2049 1186 2289 1232 turarum
2336 1179 2675 1245 explicationi
2722 1181 2981 1246 adjectam
3009 1181 3309 1233 divinorum
3358 1180 3571 1248 dogma-

367 1258 476 1321 jam
522 1259 808 1315 institutas
859 1262 1062 1331 fuisse,
1082 1266 1318 1321 deducto
1359 1284 1424 1322 ex
1454 1267 1675 1323 Eusebii
1708 1267 1942 1321 Historia
2046 1275 2157 1320 tum
2183 1267 2608 1334 explanationem
2641 1287 2653 1322 :
2694 1269 3016 1333 Divinarum,
3049 1270 3242 1338 inquit,
3278 1271 3577 1339 dogmatam

358 1361 467 1400 non
498 1348 605 1402 levi
637 1352 808 1418 plane
859 1364 1215 1424 argumento,
1259 1358 1440 1427 colligi
1475 1373 1635 1427 posse
1676 1365 1944 1427 putamus.
2048 1354 2312 1408 thesauros
2342 1357 2594 1424 exposuit.

344 1435 428 1489 lbi
458 1440 612 1492 enim
639 1442 710 1495 de
736 1442 1039 1509 Pantmno,
1064 1446 1442 1501 Alexandrinae
1458 1448 1653 1501 schola;
1673 1448 1943 1516 prefecto,
2110 1442 2222 1507 Qua
2246 1454 2419 1497 autem
2443 1445 2754 1499 methodoid
2774 1445 2938 1512 ﬁeret,
2954 1448 3029 1501 sic
3046 1448 3363 1517 ipseibidem
3383 1448 3571 1502 docet:

324 1523 815 1597 hzcleguntur‘:
843 1533 956 1587 Per
982 1535 1119 1589 idem
1142 1536 1670 1604 tempus,Commodo
1690 1536 1942 1590 nimirum
2042 1529 2244 1584 Partim
2268 1534 2377 1586 viva
2399 1550 2531 1599 voce,
2556 1535 2748 1603 inquit,
2779 1537 2968 1602 partim
3001 1538 3229 1603 scriptis.
3248 1535 3417 1588 inhac
3445 1551 3573 1605 ergo

316 1612 693 1683 imperante,
750 1622 1008 1688 ﬁdelium
1062 1625 1254 1678 schola:
1302 1635 1524 1692 praeerat
1569 1627 1646 1679 vir
1691 1625 1943 1679 doctrina:
2038 1620 2409 1676 Alexandrina:
2435 1623 2889 1679 Ecclesiaaschola
2915 1632 2966 1678 et
2994 1640 3148 1678 sacra
3180 1625 3480 1693 Scriptura,
3508 1632 3563 1679 et

302 1715 519 1754 causa
562 1706 981 1773 celeberrimus,
1030 1714 1238 1765 nomine
1273 1711 1596 1773 Pantaenus;
1626 1714 1805 1782 quippe
1823 1713 1937 1780 jam
1970 1776 1998 1782 _
2038 1709 2216 1762 divina
2250 1710 2368 1763 ﬁdei
2385 1710 2700 1765 Christiana:
2740 1712 3005 1780 dogmata,
3034 1713 3224 1781 partim
3258 1714 3372 1765 viva
3408 1727 3563 1775 voce,

297 1787 465 1842 inde
525 1810 559 1843 a
629 1796 838 1861 priscis
909 1801 1228 1867 temporibus
1301 1818 1575 1853 sacrarum
1636 1776 1935 1854 titterarum
1968 1776 2232 1865 Bpartim
2254 1800 2467 1867 scriptis
2497 1776 3568 1868 explanabantur.AlcumEusebiusillud

286 1880 550 1945 schola,
601 1886 660 1937 in
691 1886 891 1940 eadem
941 1890 1174 1952 civitate,
1212 1890 1594 1953 Alexandrina,
1627 1890 1798 1956 fuerat
1836 1891 1939 1943 ins-
2031 1886 2413 1954 idemapriscis
2430 1889 2738 1955 temporibus
2756 1889 2949 1941 factum
2964 1896 3373 1952 esseasseveret,
3391 1888 3568 1942 nullus

307 1973 529 2037 ιὶιαια,
574 1990 703 2043 qua:
748 1976 974 2045 quidem
1019 1988 1203 2032 nostra
1253 1962 1404 2033 artata
1441 1980 1607 2032 adhuc
1634 1989 1936 2047 perseverat.
2035 1976 2219 2045 procul
2247 1976 2409 2029 dubio
2438 1978 2709 2046 negaverit
2739 1978 2977 2031 eamdem
3011 1976 3235 2031 docendi
3261 1977 3567 2030 methodum

298 2059 503 2131 Atqui
537 2063 905 2122 Commodus
938 2069 1008 2121 ab
1051 2083 1196 2123 anno
1225 2069 1329 2123 180
1372 2070 1438 2123 ad
1468 2084 1666 2123 annum
1698 2070 1798 2123 195
1830 2067 1939 2122 Ro-
2034 2065 2087 2117 in
2120 2064 2516 2132 antiquioribus
2558 2065 2798 2131 ejusdem
2838 2064 3093 2119 Ecclesia:
3122 2066 3342 2126 scholis,
3378 2064 3567 2133 quidni

295 2154 483 2205 mani
537 2154 779 2222 imperii
839 2156 1001 2211 frena
1050 2159 1458 2213 moderabatur.
1509 2157 1611 2213 Per
1666 2158 1768 2211 hoc
1812 2171 1939 2226 ergo
2033 2153 2166 2207 etin
2199 2155 2318 2207 aliis
2358 2156 2624 2222 pluribus,
2670 2154 2838 2209 fuisse
2866 2155 3225 2209 observatam.
3267 2154 3434 2207 Porro
3470 2168 3566 2206 au-

300 2239 563 2308 \empus
618 2240 942 2299 Pantaenus
1004 2246 1205 2300 schola:
1272 2246 1650 2301 Alexandrina:
1696 2246 1927 2314 praefuit.
2029 2250 2138 2297 tem
2167 2250 2290 2297 ante
2315 2252 2509 2311 etpost
2539 2245 2770 2312 scriptos
2795 2252 2954 2312 atque
2981 2245 3283 2312 publicatos
3318 2242 3439 2296 novi
3465 2242 3565 2297 fm-

329 2326 464 2381 Cum
523 2330 733 2399 itaque
784 2332 1066 2388 Eusebius
1114 2335 1361 2389 eamdem
1408 2335 1644 2388 scholam
1680 2351 1713 2386 a
1749 2335 1930 2401 priscis
2032 2333 2177 2388 deris
2209 2333 2447 2395 codices,
2490 2334 2720 2402 apostoli
2746 2348 3039 2402 eorumque
3077 2332 3330 2400 discipuli
3377 2331 3564 2386 Chris-

335 2420 677 2485 temporibus
708 2421 1031 2475 institutam
1072 2422 1245 2477 fuisse
1277 2431 1503 2489 asserat,
1541 2422 1663 2477 inde
1692 2423 1930 2491 profecto
2033 2422 2191 2475 tianis
2220 2422 2401 2476 eadem
2425 2422 2761 2490 explicabant
2798 2423 2918 2475 lidei
2947 2422 3213 2491 dogmata,
3241 2436 3407 2489 eaque
3432 2435 3561 2488 pro-

329 2521 431 2559 non
448 2507 910 2578 improbabilem
924 2511 1178 2565 ducimus
1190 2512 1576 2579 conjecturam,
1590 2512 1701 2580 jam
1716 2526 1743 2564 a
1759 2513 1931 2580 primo
2033 2511 2311 2579 phetarum
2336 2512 2589 2573 oraculis,
2613 2511 2837 2578 aliisque
2850 2511 3057 2565 Veteris
3080 2509 3429 2563 lustrumenti
3452 2517 3563 2563 tes-

327 2591 605 2648 Ecclesia:
667 2597 887 2650 saeculo
930 2597 1078 2666 jacta
1121 2597 1290 2652 fuisse
1329 2598 1525 2653 scholae
1566 2599 1708 2653 illius
1737 2598 1929 2651 funda-
2033 2602 2297 2664 timoniis,
2335 2615 2397 2654 ac
2439 2601 2655 2654 tandem
2684 2615 2791 2653 non
2822 2600 2996 2653 solum
3022 2598 3201 2651 divina
3228 2596 3428 2652 Christi
3464 2612 3561 2652 au-

319 2695 547 2749 menta,
577 2702 691 2742 nec
722 2703 853 2742 eam
881 2690 1049 2742 alium
1081 2689 1316 2743 fortasse
1337 2704 1496 2758 quam
1519 2688 1751 2743 Marcum
1774 2704 1930 2743 evan.
2030 2689 2298 2752 ctoritate,
2336 2688 2603 2757 variisque
2647 2686 2938 2750 miraculis,
2973 2686 3091 2754 ejus
3122 2685 3335 2739 nomine
3374 2684 3555 2747 editis,

314 2775 624 2841 gelistam,
662 2778 920 2845 primum
949 2779 1294 2833 Alexandriae
1321 2780 1652 2848 episcopum,
1674 2779 1928 2835 habuisse
2028 2778 2439 2839 confirmabant,
2490 2777 2583 2833 sed
2621 2777 2912 2847 saepissime
2940 2775 3061 2831 l'uso
3087 2776 3249 2831 etiam
3297 2772 3555 2845 sanguine

308 2871 653 2917 auctorem.
2031 2868 2436 2939 consignabant.
