3832 6222
491 309 558 367 81
1592 306 1679 360 ΑΙ)
1718 304 1774 359 S.
1814 302 2004 358 CLEM]

2186 302 2226 356 ιι
2264 302 2285 354 ι
2322 299 2546 355 ΡΑρΑιί
3637 280 3699 332 ⁵³

1167 631 1367 838 Ξ.
1530 627 2724 837 CLEMENS
2873 635 2971 832 Ι

1312 962 2020 1086 PONTIFEX
2113 970 2593 1083 ROMAN
2612 969 2814 1085 US.

846 1352 1271 1429 NOTlTIA
1338 1352 1457 1426 EX
1515 1352 1808 1427 LIBRO
1872 1348 2523 1427 PONTIFICALI
2603 1346 2973 1424 DAMASI
3045 1345 3372 1420 PAPIE.

534 1522 724 1587 (Μλιςει,
750 1521 945 1582 Concil.,
974 1523 1011 1583 Ι,
1030 1522 1169 1571 85.—
1188 1521 1257 1571 Cf.
1285 1522 1523 1570 variorum
1548 1528 1686 1568 notas
1708 1521 1766 1569 ad
1784 1521 1909 1568 hunc
1933 1520 2091 1567 locum
2113 1518 2245 1568 Libri
2279 1521 2380 1569 Pon
2397 1520 2599 1575 tiﬂcalis,
2627 1522 2765 1569 Patr.
2808 1515 2987 1567 Latina:
3022 1522 3059 1564 t.
3088 1513 3331 1572 CXXVII,
3356 1512 3459 1561 col.
3503 1509 3670 1570 1079.)

531 438 3447 483 Μ

562 1740 795 1795 (ἷιεηιειιε
810 1743 1013 1795 natione
1032 1740 1315 1804 Romanus,
1328 1739 1389 1793 de
1403 1740 1602 1809 regione
1617 1739 1776 1794 Cazlio
1791 1754 1976 1805 monte,
1990 1759 2052 1796 ex
2063 1752 2208 1811 patre
2224 1738 2496 1802 Faustino,
2510 1738 2639 1791 sedit
2655 1740 2802 1793 annis
2831 1737 2863 1792 9
2883 1737 3073 1804 imens.
3096 1752 3156 1797 ll,
3171 1733 3230 1788 ά.
3252 1731 3339 1803 x].
3366 1731 3502 1783 Fuit
3520 1742 3696 1784 autem

496 1832 805 1901 temporibus
820 1830 997 1885 Galba:
1007 1842 1054 1883 et
1082 1830 1401 1897 Vespasiani,
1416 1846 1447 1881 a
1461 1828 1732 1883 consulatu
1748 1830 1959 1900 Tragali
1973 1829 2289 1902 [Trachale
2306 1838 2354 1882 et
2375 1826 2573 1891 Italici,
2589 1844 2746 1898 usque
2757 1827 2823 1880 ad
2851 1827 3239 1896 Vespasianum
3258 1839 3405 1876 nono
3416 1831 3466 1874 et
3491 1820 3690 1876 Titum.

498 1924 598 1976 llic
614 1939 727 1975 cum
743 1922 1074 1975 multolibros
1092 1922 1199 1974 zelo
1216 1920 1335 1983 ﬁdei
1353 1930 1400 1972 et
1415 1918 1725 1975 Christiana:
1742 1922 2000 1993 religionis
2018 1922 2256 1977 scriberet
2269 1920 2544 1988 ,martyrio
2561 1927 2858 1973 coronatur.
2881 1918 2928 1970 Η
2934 1920 2980 1971 ic
2993 1910 3117 1988 fecit
3136 1932 3213 1970 vn
3275 1914 3523 1983 regiones
3540 1911 3700 1965 dividi

495 2013 714 2065 notariis
744 2012 980 2080 ﬁdelibus
1003 2012 1267 2071 Ecclesiae.
1291 2011 1379 2080 qui
1398 2020 1541 2078 gesta
1572 2022 1855 2081 martyrum
1874 2016 2092 2069 sollicite
2117 2023 2163 2068 et
2190 2014 2411 2077 curiose,
2436 2012 2780 2080 unusquisque
2799 2027 2888 2079 per
2927 2012 3192 2081 regionem
3219 2025 3406 2071 suam,
3432 2005 3698 2077 perquire-

492 2110 625 2153 rent.
658 2098 758 2153 Hic
784 2100 905 2167 fecit
932 2099 1063 2151 duas
1089 2096 1354 2165 epistolas,
1407 2114 1521 2166 qua:
1549 2097 1826 2154 Canonica:
1860 2105 2212 2155 nominantur.
2246 2100 2347 2153 Hic
2373 2115 2436 2152 ex
2460 2109 2709 2167 prarcepto
2738 2098 2801 2153 B.
2830 2099 2973 2154 Petri
3004 2099 3239 2167 suscepit
3285 2098 3547 2151 Ecclesiae
3572 2114 3697 2165 pon-

493 2191 751 2256 tiﬁcatum
778 2188 1188 2257 gubernandum,
1211 2188 1341 2241 sicut
1363 2188 1409 2241 ei
1426 2189 1598 2256 fuerat
1627 2207 1658 2241 a
1681 2189 1902 2244 Domino
1920 2190 2047 2244 Jesu
2070 2190 2272 2245 Christo
2299 2188 2543 2243 cathedra
2573 2190 2768 2241 tradita
2797 2188 2871 2242 vel
2899 2190 3204 2243 commissa.
3242 2187 3450 2242 Tamen
3486 2188 3540 2242 in
3572 2188 3695 2255 Epi-

492 2277 627 2330 stola
655 2292 769 2346 qua:
797 2280 864 2330 ad
885 2277 1136 2330 Jacobum
1166 2279 1357 2344 scripta
1386 2287 1484 2342 est,
1518 2282 1741 2348 qualiter
1763 2284 1809 2335 ei
1829 2285 2105 2337 commissa
2133 2294 2208 2338 est
2235 2299 2265 2335 a
2295 2281 2359 2334 B.
2394 2280 2546 2334 Petro
2571 2280 2826 2347 Ecclesia,
2858 2283 3098 2349 reperies.
3129 2280 3264 2334 Ideo
3295 2278 3468 2332 Linus
3500 2290 3551 2333 et
3582 2279 3697 2333 Cle—

495 2375 576 2420 tus
602 2377 720 2420 ante
756 2384 873 2421 eum
909 2368 1323 2430 conscribuntur,
1355 2371 1477 2439 quia
1517 2369 1579 2423 ab
1607 2372 1717 2425 ipso
1748 2372 1992 2443 Principe
2029 2374 2402 2444 apostolorum,
2440 2371 2507 2424 ad
2544 2374 2888 2426 ministerium
2922 2373 3262 2429 sacerdotale
3344 2372 3693 2428 exhibendum

491 2468 610 2512 sunt
630 2459 847 2526 episcopi
873 2459 1121 2514 ordinati.
1146 2458 1245 2513 Hic
1267 2459 1387 2527 fecit
1413 2461 1763 2516 ordinationes
1787 2461 1917 2517 duas
1939 2481 2027 2533 per
2051 2481 2272 2520 mensem
2297 2463 2640 2524 Decembrem,
2668 2464 2987 2533 presbyteros
3025 2465 3228 2528 decem,
3255 2467 3517 2520 diaconos
3541 2465 3690 2526 duos,

491 2550 756 2617 episcopos
780 2564 870 2614 per
897 2548 1101 2601 diversa
1131 2549 1244 2602 loca
1272 2550 1583 2619 quindecim.
1614 2551 1981 2625 Obiit'martyr
2012 2573 2146 2609 anno
2190 2553 2408 2623 Trajani
2441 2555 2608 2608 tertio.
2641 2555 2743 2620 Qui
2762 2556 2917 2608 etiam
2934 2557 3172 2625 sepultus
3190 2569 3269 2612 est
3304 2561 3359 2613 in
3388 2557 3597 2612 (Σηπία
3634 2575 3685 2613 Ix

493 2633 715 2691 Kalend.
748 2636 981 2691 Dccemb.
1014 2635 1081 2689 Et
1109 2640 1322 2692 cessavit
1350 2640 1671 2706 episcopatus
1693 2639 1800 2693 dies
1830 2657 1943 2697 XXI.

935 3025 939 3028 .
1081 2893 2057 3051 VARIORUM
2183 2899 3075 3058 PROOEMIA

1684 3154 2487 3215 HlSTORICO-LITTERARIA

787 3325 934 3415 AD
1002 3327 1634 3420 EPISTOLAS
1687 3329 2092 3417 SANCTI
2169 3331 2300 3419 CL

1878 3329 2092 3417 iCTI
2169 3331 2837 3423 CLEMENTIS
2899 3337 2934 3423 Ι
3014 3337 3391 3426 PAPJE.

507 2761 3689 2803 mm

1014 3772 1021 3779 ’
1096 3805 1307 3931 EX
1394 3810 2112 3936 EDITIONE
2209 3815 3083 3947 COTELERII.

1459 4037 1661 4101 (Patres
1677 4040 1939 4103 apostolici,
1962 4043 2332 4106 Amstelsedaml,
2357 4044 2491 4107 172i,
2514 4045 2695 4105 ιιι-τοι.)

1266 4279 1939 4401 VETERUM
2026 4212 2891 4409 'l‘ESTIMONIA

1036 4508 1180 4595 DE
1252 4509 1655 4603 SANCTI
1729 4519 2385 4697 CLENIFNTIS
2460 4524 3112 4619 EPISTOLIS.

1355 4722 1412 4779 S.
1454 4726 1694 4785 Ιιιιειιιιῖιιδ
1718 4771 1732 4794 ,
1769 4734 1858 4788 lib.
1890 4751 1988 4802 ιιι,
2018 4737 2261 4791 adversus
2304 4738 2571 4798 ereses.
2600 4752 2718 4807 cap.
2757 4740 2811 4795 5.

743 4805 1103 4873 Interpretatio
1129 4821 1287 4865 vetus.
1529 4816 1680 4888 Apud
1704 4821 1988 4880 Eusebium
2014 4828 2154 4883 Hist.
2192 4828 2317 4882 eccl.
2345 4829 2379 4882 l.
2410 4844 2462 4890 γ,
2490 4842 2538 4880 c.
2568 4827 2620 4879 6.
2667 4805 2678 4807 ί
2874 4832 3244 4903 Interpretatio
3277 4829 3487 4883 l’alesii.

573 4927 883 4987 Fundantes
911 4943 1070 5004 lglllll‘
1097 4943 1149 4989 et
1179 4936 1506 4993 instruentes
1637 4942 2061 5013 Θεμελιώσαντες

2138 4948 2178 5002 ἰν
2198 4952 2287 5003 καὶ
2307 4951 2575 5021 οἰκοδομή·
2715 4957 2958 5014 Fundata
2980 4962 3088 5031 jam
3113 4967 3166 5013 et
3184 4957 3442 5012 aulilicata
3468 4956 3651 5012 Eccle-

502 5013 644 5069 beati
701 5019 925 5084 apostoli
988 5020 1319 5084 Ecclesiam,
1371 5023 1504 5077 Lino
1577 5047 1759 5096 σαντες
1788 5036 1835 5086 οἱ
1872 5038 2015 5105 μακά

2174 5040 2451 5092 ἀπόστολοι
2478 5045 2574 5112 τὴν
2643 5046 2721 5099 sia
2744 5086 2759 5110 ,
2789 5013 3084 5104 beatissimi
3115 5044 3340 5114 apostoli
3370 5045 3647 5114 episc0pa-

502 5108 866 5199 episcOpatum
898 5113 1361 5199 administranda:
1407 5116 1505 5170 Ec-
1585 5120 1917 5193 Ἐκκλησίαν,
1947 5127 2012 5179 Δί

2130 5128 2209 5199 ςὴν
2238 5129 2333 5198 τῆς
2360 5108 2574 5183 ἐπισκὸ-
2642 5108 2753 5189 tusi
2791 5137 3021 5191 ollicium
3094 5108 3228 5187 lsi-no
3288 5108 3643 5190 ιναάῖἀετιιήι.

502 5198 679 5251 clesize
736 5198 1089 5254 tradiderunt.
1151 5202 1321 5271 Hujus
1387 5205 1503 5259 Lini
1579 5210 1687 5279 πῆς
1712 5210 2015 5284 λειτουργία

2125 5198 2406 5288 excipiam.
2442 5221 2571 5273 Τού-
2640 5222 2813 5294 Hujus
2846 5224 2963 5278 Lini
2994 5223 3314 5279 mentionem
3344 5221 3470 5275 facit
3504 5221 3638 5279 Pan-

503 5290 702 5344 Paulus
725 5290 779 5343 in
810 5290 894 5344 bis
916 5306 1032 5359 qua:
1066 5302 1190 5345 sunt
1219 5294 1285 5347 ad
1322 5296 1502 5350 Timo-
1574 5299 1766 5352 τουτοῦ
1780 5303 2016 5355 ΛίνουΠα

2124 5308 2577 5377 ςὲνταῖςπρὸςΤι-
2646 5290 2736 5366 ius
2786 5314 2841 5367 in
2895 5314 3114 5368 Litteris
3177 5313 3243 5367 ad
3291 5311 3637 5365 Timotheum.

502 5383 683 5435 tbeum
709 5382 922 5437 Litteris
964 5383 1223 5438 meminit.
1257 5384 1503 5442 Succedit
1574 5388 1759 5457 μόοεον
1794 5391 2015 5444 Ἐπιστοί

2152 5394 2445 5465 μέμνηται·
2472 5396 2576 5449 δια·
2646 5398 2780 5455 Huic
2822 5405 3087 5459 successit
3130 5400 3466 5455 Auencletus.
3514 5398 3636 5450 Post

502 5478 680 5524 autem
705 5470 755 5523 ei
778 5469 1080 5525 Anacletus.
1106 5469 1231 5526 Post
1253 5488 1371 5528 eum
1399 5484 1502 5531 ter-
1570 5478 1840 5546 δέχεταιδὲ
1854 5482 2009 5535 αὐτὸν

2096 5483 2378 5552 νὲγκλητος
2399 5501 2411 5514 ·
2444 5487 2578 5555 μετὰ
2646 5505 2804 5559 quem
2829 5493 2984 5548 tertio
3008 5493 3073 5547 ab
3097 5489 3350 5561 apostolis
3378 5488 3490 5540 loco
3512 5502 3608 5554 pun

502 5564 579 5618 tio
605 5562 722 5619 loco
751 5562 816 5618 ab
844 5562 1098 5632 apostolis
1141 5564 1499 5635 episcopatum
1572 5566 2003 5640 τοῦτονδὲτρίτῳ

2119 5570 2291 5641 apaula
2320 5572 2422 5625 τῶν
2447 5574 2577 5641 ἀπο-
2648 5578 2909 5636 lilicatum
2970 5583 3188 5640 sortitus
3239 5583 3319 5632 est
3370 5576 3632 5635 Clemens;
