3870 6360
205 354 267 409 55

1448 339 1787 396 PROCEMIA
1824 338 2206 396 VAMOBUM.

1159 453 1218 510 S.
1244 450 1512 519 lassatus,
1540 454 1637 511 lib.
1668 470 1727 508 ιιι
1750 453 1999 510 adversus
2028 453 2294 517 Ha'reses,
2324 467 2442 524 cap.
2473 454 2530 510 5.

445 552 836 622 lnterpretatio
863 561 1029 607 vetus.

1306 546 1465 617 Apud
1494 545 1787 603 Eusebium
1810 547 1954 603 Hist.
1986 547 2126 601 Eccl.
2153 548 2189 602 l.
2209 562 2264 601 ν.
2286 560 2336 600 c.
2369 544 2417 598 6.

204 648 422 704 sortitur
466 645 761 711 Clemens;
811 642 904 713 qui
979 648 1034 697 et
1109 639 1247 695 vidit
1319 639 1525 692 στόλων
1569 640 1668 711 τὴν
1709 640 2015 712 ἐπισκοπὴν

1923 640 2015 712 τὴν
2058 640 2158 711 κλη
2166 638 2357 711 ροῦται

202 738 347 809 ipsos
387 734 697 807 apostolos,
738 742 794 788 et
838 731 1070 787 contulit
1116 746 1242 785 cum

199 832 312 895 eis;
361 836 415 882 et
468 841 597 880 cum
652 825 835 879 adhuc
896 824 1242 878 insonantem

205 917 649 988 pmdicationem
721 913 1131 986 apostolorum,
1191 918 1243 966 et

201 1012 549 1066 traditionem
591 1014 723 1062 ante
752 1005 944 1061 oculos
980 1003 1239 1067 haberet,

200 1116 309 1155 non
340 1100 532 1155 solus:
565 1096 752 1150 adhuc
778 1094 923 1150 enim
951 1092 1110 1147 multi
1149 1107 1242 1147 su-

200 1202 453 1268 pererant
475 1201 634 1256 tunc,
670 1191 743 1244 ab
779 1187 1042 1260 apostolis
1070 1186 1238 1240 docti.

202 1288 314 1345 Sub
346 1290 453 1344 hoc
484 1288 657 1359 igitur
682 1285 990 1348 Clemente,
1027 1280 1244 1336 dissen-

200 1388 355 1442 sione
390 1401 507 1439 non
547 1383 771 1439 modica
823 1381 965 1435 inter
1011 1393 1106 1433 eos
1149 1376 1241 1448 qui

198 1473 450 1529 Corinthi
509 1479 701 1528 essent
768 1469 967 1523 fratres
1045 1464 1197 1533 facta
1224 1506 1239 1529 ,

198 1563 425 1633 scripsit
444 1577 566 1633 quas
581 1572 664 1617 est
680 1558 867 1614 Romae
878 1555 1125 1612 Ecclesia
1144 1571 1243 1627 po-

197 1656 547 1712 tentissimas
584 1654 801 1708 litteras
822 1648 1143 1712 Corinthiis,
1172 1648 1243 1702 ad

199 1763 386 1819 pacem
436 1762 533 1802 eos
576 1758 938 1814 congregans,
986 1748 1040 1795 et
1084 1754 1244 1809 repa-

198 1855 327 1894 rans
358 1838 521 1893 ﬁdem
550 1852 740 1892 eorum
761 1874 776 1899 ,
810 1841 864 1889 et
907 1832 1241 1886 annuntians

199 1944 360 1998 quam
404 1927 461 1981 in
498 1924 709 1981 recenti
743 1925 811 1978 ab
840 1922 1103 1994 apostolis
1148 1937 1240 1975 ac-

196 2028 423 2089 ceperat
466 2018 817 2073 traditionem
845 2054 860 2079 ,
903 2013 1234 2068 annuntian-

197 2119 305 2165 tem
355 2125 527 2163 unum
575 2109 747 2163 Deum
788 2105 1236 2181 omnipotentem,

1314 737 1572 807 Κλήμης
1600 732 1628 785 ὁ
1658 733 1753 786 καὶ
1796 730 2057 804 ἑωρακὼς
2096 732 2222 794 τοὺς
2258 748 2360 801 μα-

1314 825 1540 897 καρίους
1563 821 1911 883 ἀποστόλους,
1940 820 2036 873 καὶ
2056 836 2120 871 συ
2127 818 2362 890 μϐεϐλη-

1315 918 1427 982 κὼς
1456 918 1640 981 αύτοϊς
1659 933 1672 947 ·
1704 916 1799 970 καὶ
1827 914 1907 967 ἔτι
1936 912 2156 967 ἔναυλον
2171 912 2232 965 τὺ
2262 914 2362 984 κή-

1317 1028 1502 1082 ρυγμα.
1528 1008 1636 1062 τῶν
1656 1007 1988 1070 ἀποστόλων,
2017 1007 2111 1059 καὶ
2128 1004 2227 1077 τὴν
2256 1023 2361 1059 πα-

1316 1099 1531 1172 ράδοσιν
1549 1098 1656 1170 πρὸ
1696 1096 1989 1167 ὀφθαλμῶν
2015 1096 2152 1167 ἔχων
2187 1096 2249 1148 ού
2272 1096 2361 1167 μό-

1315 1207 1405 1253 νος
1440 1206 1456 1221 ’
1502 1188 1583 1242 ἔτι
1627 1187 1738 1260 γὰρ
1772 1186 1966 1260 ,πολλοὶ
2005 1185 2359 1239 ὑπελείποντο

1311 1280 1434 1334 τότε
1480 1280 1585 1333 ὑπὸ
1630 1257 1739 1332 τῶν
1771 1257 2101 1331 ’ἀποστόλων
2156 1276 2358 1329 δεδιδα-

1313 1389 1348 1441 γ
1355 1372 1525 1442 μένοι.
1558 1371 1679 1424 Ἐπὶ
1695 1368 1885 1423 τούτου
1899 1365 1991 1421 οὖν
2005 1366 2098 1421 τοῦ
2116 1366 2230 1438 Κλή
2239 1384 2359 1439 μεν-

1312 1478 1424 1525 τος,
1458 1459 1700 1523 στάσεως
1754 1460 1856 1513 οὐκ
1897 1458 2084 1529 ὀλίγης
2137 1461 2251 1521 τοῖς
2297 1457 2356 1510 ὲν

1312 1551 1562 1624 Κορίνθῳ
1580 1550 1880 1621 γενομένης
1902 1549 2169 1618 ἀδελφοῖς,
2192 1549 2291 1603 ὲπέ
2327 1579 2355 1590 -

1315 1639 1520 1693 στειλεν
1550 1640 1664 1709 ἠὲν
1699 1638 1884 1711 Ῥώμῃ
1912 1637 2205 1709 Ἐκκλησία
2237 1639 2355 1692 ἱκα-

1313 1730 1557 1799 νωτάτην
1576 1728 1916 1800 γραφὴντοῖς
1929 1727 2257 1800 Κορινθίοις,
2276 1731 2355 1793 εἰς

1315 1819 1536 1891 είρήνην
1591 1816 2002 1889 συμϐιδάζουσα
2022 1819 2240 1883 αὐτοὺς,
2259 1821 2353 1873 καὶ

1313 1908 1614 1963 ἀνανεοῦσα
1657 1910 1757 1980 τὴν
1801 1909 1985 1963 πίστιν
2028 1910 2229 1975 αὐτῶν,
2260 1913 2353 1965 καὶ

1310 2000 1377 2068 ἢν
1404 1998 1598 2051 νεωστὶ
1628 1996 1736 2050 ἀπὸ
1761 1996 1870 2050 τῶν
1910 1998 2221 2054 ἀποστόλων
2250 2017 2354 2053 πα.-

1312 2086 1527 2159 ράδοσιν
1556 2085 1786 2158 εἰλήφει.

2661 545 3036 620 lnterpretatio
3074 551 3289 612 Valesii.

2429 638 2521 707 qui
2563 640 2781 709 quidem
2813 645 3159 701 beatissimos
3190 652 3469 719 apostolos

2429 730 2662 797 viderat,
2684 742 2882 790 etcum
2910 737 3099 793 iisdem
3127 739 3468 799 familiariter

2429 834 2681 881 versatus
2707 828 2916 897 fuerat;
2945 838 2999 886 et
3020 834 3465 902 praedicationem

2432 913 2803 979 apostolorum
2852 916 3034 974 adhuc
3081 922 3307 978 auribus
3348 925 3466 980 suis

2432 995 2774 1054 insonantem
2796 1039 2812 1063 ,
2861 1004 3321 1075 tt'aditionemque
3357 1023 3469 1077 pra:

2430 1090 2602 1147 oculis
2634 1092 2887 1146 habebat.
2930 1091 3039 1149 Nec
3064 1111 3191 1150 vero
3216 1097 3332 1167 ipse
3372 1115 3467 1155 so-

2428 1178 2538 1249 lus,
2570 1183 2662 1237 sed
2698 1193 2751 1239 et
2774 1183 2866 1238 alii
2893 1185 3114 1254 plurimi
3155 1189 3318 1243 etiam
3352 1199 3469 1248 tum

2429 1279 2773 1338 supererant,
2807 1274 2876 1328 ab
2902 1276 3169 1344 apostolis
3200 1279 3459 1336 instituti.

2428 1357 2604 1428 Hujus
2639 1361 2936 1420 Clementis
2976 1370 3315 1436 temporibus
3337 1387 3463 1426 cum

2426 1456 2747 1525 gravissima
2850 1459 3128 1517 dissensio
3211 1464 3462 1522 Corinthi

2425 1556 2614 1600 exorta
2636 1555 2781 1604 esset
2810 1547 2955 1605 inter
2972 1552 3191 1620 fratres,
3217 1556 3464 1614 Ecclesia

2424 1636 2671 1694 Romana
2720 1642 3204 1702 luculentissimam
3257 1652 3456 1721 episto-

2426 1731 2530 1784 lam
2567 1731 2867 1790 Corinthiis
2896 1736 3153 1808 scripsit,
3186 1755 3292 1810 qua
3370 1757 3465 1797 eos

2426 1820 2493 1875 ad
2526 1838 2713 1892 pacem
2742 1827 3206 1901 concordiamque
3236 1847 3457 1887 revoca-

2427 1920 2545 1981 ret,
2579 1922 2633 1969 et
2682 1916 2839 1973 tidem
2898 1919 3139 1986 illorum,
3194 1928 3248 1977 et
3296 1939 3460 1994 quam

2426 2020 2620 2060 recens
2693 2007 2765 2063 ab
2828 2013 3094 2080 apostolis
3144 2025 3462 2087 susceperat

2422 2096 2774 2153 traditionem
2798 2112 3106 2159 renovaret.

192 2205 461 2259 factorem
496 2203 623 2258 cmli
644 2212 699 2257 et
731 2210 912 2264 terrai,
940 2199 1239 2270 plasmato-

193 2314 306 2351 rem
335 2297 612 2359 hominis,
636 2297 735 2367 qui
762 2296 1037 2351 induxerit
1064 2297 1479 2369 cataclysmum,
1503 2302 1556 2350 et
1572 2295 1919 2351 advocaverit
1941 2295 2240 2363 Abraham,
2267 2301 2361 2371 qui
2385 2300 2638 2358 eduxerit
2662 2305 2918 2375 populum
2941 2306 3007 2363 de
3038 2316 3181 2363 terra
3211 2307 3456 2381 Egypti,

190 2391 285 2461 qui
316 2392 629 2446 collocutus
659 2391 731 2446 sit
756 2390 951 2463 Moysi,
972 2393 1062 2464 qui
1095 2394 1267 2461 legem
1303 2389 1670 2459 disposuerit,
1718 2397 1772 2443 et
1801 2390 2098 2459 pr0phetas
2152 2392 2383 2459 miserit,
2415 2395 2509 2466 qui
2539 2395 2715 2466 ignem
2742 2401 3127 2469 praeparaverit
3160 2401 3377 2456 diabolo
3404 2414 3459 2459 et

193 2486 406 2555 angelis
426 2485 568 2553 ejus.
589 2483 748 2539 Hunc
767 2483 984 2540 Patrem
1008 2483 1223 2539 Domini
1246 2481 1421 2535 nostri
1444 2478 1573 2535 Jesu
1600 2480 1802 2536 Christi
1826 2485 1894 2535 ab
1948 2480 2193 2538 Ecclesia
2231 2487 2567 2552 annuntiari,
2613 2503 2679 2541 ex
2710 2488 2829 2558 ipsa
2860 2488 3140 2559 Scriptura
3168 2492 3261 2561 qui
3292 2494 3460 2548 velint

192 2578 408 2633 discere
428 2584 688 2645 possunt,
717 2584 774 2631 et
796 2577 1150 2646 apostolicam
1185 2573 1445 2630 Ecclesia}
1471 2572 1825 2627 traditionem
1848 2588 2002 2627 :cum
2035 2573 2106 2628 sit
2127 2576 2393 2630 vetustior
2422 2578 2651 2647 epistola
2675 2579 2761 2634 his
2784 2580 2877 2649 qui
2899 2597 3046 2635 nunc
3072 2582 3212 2637 falso
3236 2584 3455 2651 docent,

190 2678 246 2725 et
274 2670 514 2723 alterum
547 2668 718 2723 Deum
756 2684 921 2739 super
942 2668 1296 2741 Demiurgum
1332 2676 1388 2724 et
1431 2668 1692 2722 factorem
1722 2666 1919 2721 horum
1959 2667 2204 2722 omnium
2236 2684 2357 2740 quae
2386 2678 2552 2737 sunt,
2584 2674 3073 2731 commentiuntur.

1791 2758 1858 2815 ll.

462 2858 720 2914 Crenas
772 2858 1456 2927 Alexandrinus,£tpaw.
1481 2855 1577 2910 lib.
1608 2870 1645 2910 l.
1688 2871 1810 2926 cap.
1856 2856 1907 2919 7,
1962 2855 2093 2912 edit.
2129 2854 2329 2923 Oxon,
2371 2874 2462 2913 an.
2508 2859 2667 2923 l7l5,
2706 2866 2840 2915 tom.
2886 2858 2927 2924 l,
2964 2876 3019 2932 p.
3066 2860 3193 2916 559.

278 2953 402 3006 Ἐὰν
433 2953 492 3006 δὲ
523 2954 622 3024 τὴν
666 2952 950 3024 βασιλικήν
981 2970 1040 3005 τε
1086 2952 1175 3006 κα.ὶ
1211 2950 1534 3022 αύθεντικὴν
1578 2948 1781 3002 εἴσοδον
1962 2950 2057 3016 Ωιι(

1962 2950 2117 3016 Quod
2148 2953 2193 3006 si
2218 2952 2359 3007 viam
2395 2953 2597 3022 regiam
2628 2960 2682 3009 et
2724 2953 3098 3008 authenticum
3146 2955 3455 3025 ingressum

196 3046 382 3117 ζητῇς,
406 3046 648 3117 ἀκούσῃ·
682 3045 842 3111 Αὕτη
873 3046 910 3112 ἠ
941 3045 1104 3111 πύλη
1136 3044 1244 3099 τοῦ
1274 3044 1499 3112 Κυρίου
1520 3060 1533 3072 ’
1565 3041 1780 3095 δίκαιοι
1887 3042 2057 3111 quaeri

1926 3042 2111 3106 uteris,
2139 3043 2331 3099 audies
2357 3063 2371 3099 :
2405 3044 2536 3099 Haec
2560 3054 2637 3099 est
2666 3055 2820 3115 porta
2846 3044 3060 3100 Domini
3085 3061 3103 3098 :
3114 3046 3255 3114 justi
3286 3049 3455 3102 intra-

195 3140 647 3192 εὶσελεύσονται
674 3136 749 3189 ἐν
773 3134 945 3202 αὐτῇ.
976 3134 1193 3189 Πολλῶν
1220 3135 1399 3188 τοίνυν
1420 3133 1780 3205 ἀνεῳγμένων
1886 3125 2013 3180 bunt
2044 3129 2057 3180 ἱ

1923 3136 2013 3180 unt
2044 3129 2098 3181 in
2126 3146 2243 3183 eam
2270 3130 2313 3187 ⁸.
2345 3130 2480 3187 Cum
2514 3147 2645 3203 ergo
2684 3134 3098 3204 multae.aperta2
3134 3136 3244 3190 sint
3287 3147 3459 3207 porta:

198 3229 375 3283 πυλῶν
402 3231 463 3282 ὲν
493 3226 833 3298 δικαιοσύνῃ,
866 3225 1004 3298 αὕτη
1037 3222 1105 3299 ἦν
1134 3229 1191 3280 ὲν
1219 3225 1462 3300 Χριστῷ.
1886 3216 1940 3270 ill
1967 3218 2057 3288 jus

1923 3218 2203 3289 ijustitia,
2248 3222 2363 3278 haec
2411 3224 2467 3278 in
2510 3223 2731 3282 Christo
2774 3225 3102 3281 invenienda
3134 3235 3239 3283 est.
3280 3230 3453 3286 CLI-zu.

1882 3310 2043 3379 epist.
2082 3312 2135 3377 l,
2170 3328 2292 3383 cap.
2330 3314 2421 3370 48.

1385 3402 1515 3456 Ιοιιι
1536 3441 1551 3466 ,
1585 3400 1738 3465 ibid.,
1770 3398 1867 3455 lib.
1910 3409 1963 3455 et
1992 3418 2111 3474 cap.
2162 3404 2282 3462 citt.
2926 3466 2927 3469 η

256 3497 463 3552 Αὐτίκα
489 3497 517 3550 ὁ
543 3496 775 3568 Κλήμης
804 3497 860 3550 ὲν
886 3500 952 3570 τῇ
982 3497 1118 3569 πρὸς
1144 3496 1467 3570 Κορινθίους
1495 3496 1775 3567 ἐπιστολῇ,
1956 3496 2057 3552 Jan

1956 3496 2073 3553 Jam
2102 3499 2356 3557 Clemens
2395 3501 2450 3556 in
2493 3503 2725 3573 epistola
2755 3503 2823 3558 ad
2851 3502 3164 3562 Corinthios
3206 3504 3294 3561 his
3329 3523 3452 3562 ver-

193 3590 333 3643 κατά
359 3590 504 3653 λέξιν
534 3590 688 3661 φησι,
720 3588 820 3652 τὰς
835 3588 1095 3661 διαφορὰς
1124 3588 1471 3667 ἐκτιθέμενος
1498 3588 1605 3641 τῶν
1635 3587 1777 3640 κατά
1882 3588 1968 3646 bis
1998 3590 2057 3644 int

1923 3588 1968 3646 is
1998 3590 2194 3661 inquit,
2243 3608 2523 3663 exponens
2552 3595 2914 3651 differentiam
2955 3612 3145 3653 eorum
3190 3598 3285 3668 qui
3325 3611 3453 3654 sunt

192 3682 288 3753 τὴν
327 3681 650 3752 Ἐκκλησίαν
690 3680 927 3751 δοκίμων
950 3697 964 3711 ’
995 3684 1152 3736 Ἠτω
1198 3698 1289 3747 τις
1336 3679 1549 3745 πιστός
1581 3695 1594 3708 ·
1656 3677 1776 3746 ἤτω
1883 3675 2053 3751 proba

1923 3675 2099 3736 robati
2133 3683 2188 3738 in
2220 3683 2465 3741 Ecclesia
2492 3705 2507 3742 :
2541 3686 2625 3743 Sit
2656 3688 2848 3758 aliquis
2869 3688 3066 3758 ﬁdelis,
3090 3690 3159 3743 sit
3189 3700 3370 3760 potens
3394 3693 3451 3745 in

192 3773 449 3841 δυνατός
480 3792 570 3839 τις
597 3772 827 3843 γνῶσιν
853 3771 1113 3837 ἐξειπεῖν
1138 3780 1151 3793 ⁹
1176 3769 1297 3839 ἤτω
1330 3771 1523 3839 σοφὸς
1553 3769 1623 3823 ἐν
1649 3768 1776 3821 δια·
1880 3777 2055 3845 expue

1923 3777 2202 3845 rplicanda
2232 3781 2551 3851 cognitione,
2575 3783 2645 3835 sit
2675 3783 2883 3852 sapiens
2912 3783 2968 3836 in
2999 3782 3311 3837 discretione
3340 3801 3453 3837 ser-

194 3867 385 3933 κρὶσει
412 3867 629 3935 λόγων·
659 3864 782 3933 ἤτω
808 3863 1021 3934 γοργὸς
1046 3863 1116 3917 ἐν
1142 3863 1355 3931 ἔργοις.
1388 3861 1589 3916 Eadem
1618 3876 1771 3930 repe-
1881 3884 2057 3922 manu:

1923 3884 2117 3934 ianum,
2155 3872 2224 3924 sit
2256 3876 2546 3943 stupendus
2584 3875 2639 3928 in
2684 3874 2944 3943 oreribus.
2977 3872 3156 3930 Locus
3190 3883 3366 3931 exstat
3396 3877 3449 3931 in

193 3954 833 4013 titAlexandrinusinfra
858 3957 1057 4020 lib.v1,
1083 3970 1205 4025 cap.
1235 3955 1291 4020 8,
1315 3953 1608 4024 tum.ll,p.
1646 3954 1769 4009 775.
1879 3960 2068 4015 eodem
2100 3976 2222 4032 cap.
2256 3964 2349 4027 48,
2374 3965 2533 4035 epist.
2562 3965 2612 4020 1.

1022 4066 1192 4131 lusit,
1235 4066 1394 4131 ibid.,
1430 4067 1527 4122 lib.
1571 4082 1649 4132 tv,
1683 4081 1806 4138 cap.
1840 4069 1929 4139 17,
1970 4080 2105 4130 tom.
2151 4073 2193 4139 Ι,
2230 4092 2324 4146 pp.
2368 4077 2495 4143 609,
2536 4077 2660 4135 610.

255 4158 362 4211 Ναὶ
394 4158 503 4230 μὴν
531 4158 591 4211 ὲν
619 4159 689 4229 τῇ
719 4156 855 4229 πρὸς
893 4159 1213 4231 Κορινθίους
1254 4157 1512 4230 ἐπιστολῇ
1556 4160 1584 4211 ὁ
1638 4158 1776 4212 ἀπό·
1953 4161 2057 4217 Por

1953 4161 2123 4218 Porro
2157 4174 2337 4221 autem
2387 4166 2638 4223 Clemens
2680 4170 2960 4239 apostolus
3016 4172 3073 4227 in
3107 4173 3341 4243 epistola
3379 4175 3448 4229 ad

194 4252 372 4315 στολος
406 4252 659 4324 Κλήμης,
692 4253 786 4305 καὶ
814 4251 974 4316 αὐτὸς
1003 4254 1132 4323 ἡμῖν
1157 4251 1325 4306 τύπον
1350 4251 1473 4305 τινὰ
1512 4249 1606 4304 τοῦ
1636 4268 1776 4319 γνω-
1878 4255 2057 4310 Corinl

1924 4257 2215 4321 orinthios,
2263 4260 2379 4329 ipse
2409 4276 2627 4331 quoque
2669 4263 2828 4319 nobis
2864 4266 3155 4333 quamdam
3199 4264 3446 4321 Gnostici

195 4343 375 4397 στικοῦ
402 4344 763 4415 ὑπογράφων,
791 4343 970 4412 λέγει’
1006 4345 1101 4410 Τίς
1127 4346 1237 4414 γὰρ
1278 4343 1772 4413 παρεπιδημήσας
1878 4344 2057 4418 imagii

1923 4348 2167 4418 naginem
2192 4349 2530 4416 describens,
2565 4352 2699 4409 dicit
2722 4374 2733 4408 :
2768 4354 2901 4422 Quis
2922 4357 3060 4410 enim
3086 4357 3227 4426 apud
3255 4375 3343 4412 vos
3372 4359 3449 4411 di-

194 4436 337 4502 πρὸς
353 4433 531 4503 ὑμᾶς,
562 4454 618 4489 κ.
652 4454 705 4489 τ.
727 4436 779 4488 λ.
826 4436 927 4491 Hic
952 4435 1205 4492 Clemens
1236 4436 1387 4492 Alex.
1416 4436 1595 4505 capita
1625 4452 1655 4491 e
1682 4453 1770 4491 re-
1875 4450 2057 4495 versati

1923 4450 2134 4505 rrsatus,
2168 4449 2274 4499 etc.
2312 4442 2485 4514 Epist.
2514 4446 2566 4505 1.
2606 4461 2765 4518 capp.
2799 4449 2850 4517 1,
2884 4448 2937 4515 9,
2966 4449 3054 4514 10,
3093 4451 3183 4514 11,
3220 4451 3310 4515 12,
3354 4451 3443 4515 17,

193 4525 348 4595 gione
376 4533 562 4581 notata
580 4528 883 4597 excerpsit.

178 4728 183 4731 ’
293 4734 456 4788 Ἀλλὰ
502 4738 604 4790 κάν
634 4738 701 4808 τῇ
746 4735 882 4807 πρὸς
938 4734 1255 4807 Κορινθίους
1315 4736 1599 4807 Ῥωμαίων
1649 4740 1770 4791 ἐπι-

195 4826 346 4899 στολῇ
368 4844 384 4858 ’
420 4824 696 4894 Ὠκεανὸς
723 4827 1052 4895 ἀπέραντος
1077 4826 1407 4896 ἀνθρώποις
1434 4829 1765 4902 γέγραπται,

194 4917 285 4970 xui
315 4922 369 4972 οι
390 4919 523 4989 μετ’
550 4918 745 4974 αὐτὸν
773 4919 1008 4987 κόσμοι.

264 5105 535 5171 Τοσούτῳ
578 5100 692 5171 γὰρ
717 5099 956 5170 μᾶλλον
993 5102 1476 5171 ταπεινοφρονεῐν
1521 5106 1768 5176 ὀφείλει,

1876 4533 1962 4596 18,
1994 4534 2085 4599 21,
2109 4534 2202 4599 εει,
2236 4534 2328 4601 56,
2356 4536 2446 4601 58,
2477 4537 2568 4601 ιο,
2606 4539 2698 4604 ti,
2731 4539 2822 4608 ts,
2850 4540 2942 4611 49,
2976 4541 3065 4611 so,
3097 4542 3187 4612 5i,
3217 4542 3307 4597 53.

1098 4638 1250 4710 lusit,
1279 4640 1435 4706 ibid.,
1473 4641 1571 4698 lib.
1606 4659 1659 4707 ν,
1691 4657 1811 4713 cap.
1852 4643 1940 4711 12,
1973 4652 2107 4703 tom.
2141 4647 2207 4711 ll,
2250 4662 2375 4719 pag.
2419 4648 2546 4705 695.

1947 4740 2092 4808 Quin
2139 4743 2308 4796 etiam
2354 4744 2410 4796 in
2453 4743 2682 4812 epistola
2728 4743 3097 4800 Romanorum
3140 4745 3207 4799 ad
3244 4744 3441 4799 Corin-

1875 4834 2019 4889 thios
2060 4835 2325 4906 scriptum
2357 4842 2437 4890 est
2467 4854 2480 4889 :
2533 4834 2771 4892 Oceanus
2803 4838 3064 4908 inﬁnitus,
3094 4847 3144 4891 et
3183 4838 3273 4907 qui
3315 4848 3440 4890 sunt

1868 4936 1986 4996 post
2016 4926 2186 4995 ipsum
2219 4925 2428 4981 mundi.
2455 4925 2627 4998 Epist.
2664 4930 2714 4995 1,
2744 4943 2865 5000 cap.
2896 4928 2986 4984 20.

1118 5005 1272 5074 lusit,
1304 5009 1459 5076 ibid.,
1490 5009 1587 5068 lib.
1619 5028 1694 5078 vr,
1727 5030 1849 5089 cap.
1885 5015 1944 5082 8,
1978 5024 2114 5072 tom.
2146 5014 2212 5082 ll,
2243 5032 2364 5086 pag.
2394 5015 2516 5072 775.

1948 5109 2026 5164 Εο
2056 5111 2193 5164 enim
2231 5108 2379 5163 debet
2396 5127 2509 5165 esse
2529 5110 2795 5179 humilior,
2820 5128 2919 5182 quo
2950 5111 3157 5167 videtur
3181 5130 3297 5168 esse
3317 5133 3429 5170 ma-

195 5196 308 5260 δσῳ
334 5193 503 5249 δοκεῖ
516 5191 763 5263 μᾶλλον
784 5189 1209 5260 μείζων-εῖναι·
1256 5195 1286 5247 ὀ
1327 5194 1579 5267 Κλήμης,
1612 5199 1671 5252 ἐν
1698 5204 1764 5273 τῇ
1860 5205 1974 5275 jar,
2005 5204 2057 5259 di

1928 5222 1974 5268 r,
2005 5204 2137 5259 dicit
2159 5202 2411 5260 Clemens
2440 5204 2495 5259 in
2542 5204 2772 5275 cpistola
2810 5204 2879 5259 ad
2906 5194 3238 5264 Corinthios.
3257 5207 3411 5279 Epist

196 5289 320 5361 πρὸς
343 5285 674 5359 Κορινθίους
688 5284 859 5355 ’φησίσ

1866 5295 1919 5360 1,
1948 5311 2067 5365 cap.
2100 5294 2191 5350 48.

1692 5416 1695 5417 ν
1767 5385 1855 5442 Ill.

498 5468 960 5545 Onicssss,Hspl
982 5469 1202 5545 ἀρχῶν,
1227 5469 1321 5525 lib.
1352 5485 1414 5535 ιι,
1448 5486 1570 5542 cap.
1617 5471 1673 5540 5,
1710 5491 1865 5531 num.
1900 5475 1958 5543 6,
1997 5475 2057 5532 ed

1923 5477 1958 5543 ἰ,
1997 5475 2130 5532 edit.
2162 5473 2364 5542 Paris,
2398 5473 2551 5539 1755,
2582 5483 2712 5529 tom.
2744 5475 2788 5542 l,
2818 5493 2941 5548 pag.
2970 5478 3058 5535 82.

249 5564 503 5620 Meminit
535 5578 671 5617 sane
693 5560 946 5618 Clemens
974 5562 1346 5634 apostolorum
1375 5564 1678 5636 discipulus
1706 5569 1868 5623 etiam
1896 5583 2085 5624 eorum
2114 5583 2254 5640 quos
2287 5568 2601 5639 ἀντίχθονας
2634 5565 2807 5623 Graeci
2854 5572 3228 5636 nominarunt,
3262 5580 3426 5645 atque

193 5658 321 5713 alias
345 5663 549 5729 partes
576 5653 729 5708 orbis
757 5660 917 5710 terra:
945 5655 1013 5710 ad
1040 5670 1178 5727 quas
1202 5672 1382 5728 neque
1403 5666 1718 5716 nostrorum
1746 5660 2034 5734 quisquam
2068 5662 2329 5720 accedere
2356 5668 2571 5732 potest,
2604 5677 2783 5734 neque
2813 5678 2877 5719 ex
2918 5663 3029 5723 illis
3058 5669 3151 5738 qui
3191 5666 3268 5723 ibi
3299 5678 3427 5724 sunt

249 5768 270 5797 '
294 5765 450 5824 Psal.
483 5776 666 5828 cxvn,
695 5760 788 5818 20.
