3832 6286
432 337 499 390 55
1525 333 1612 385 ΑΙ)
1653 332 1710 388 S.
1745 331 1959 385 CLEME

2135 332 2159 386 ιι
2200 333 2219 386 l
2258 332 2488 388 PAPAM
3586 329 3657 385 36

430 448 715 519 quisquam
741 447 972 502 transire
1002 444 1067 499 ad
1100 461 1198 500 nos
1220 464 1234 511 ;
1260 461 1396 515 quos
1422 452 1475 500 et
1506 446 1653 514 ipsos
1680 445 1897 499 mundos
1926 446 2234 514 appellavit,
2276 462 2396 501 cum
2424 449 2530 501 ait:
2571 445 2803 501 Oceanus
2832 444 3300 532 intransmeabilis
3340 450 3428 496 est
3474 442 3659 532 nomi-

431 540 606 599 nibus,
630 550 679 594 et
707 539 760 591 hi
787 540 875 608 qui
906 549 1050 591 trans
1075 539 1239 604 ipsum
1275 543 1393 586 sunt
1417 534 1616 596 mundi,
1644 533 1732 601 qui
1763 532 1841 585 his
1863 533 2052 585 eisdem
2082 532 2424 585 dominatori:
2454 532 2548 585 Dei
2590 532 3017 601 dispositionibus
3047 531 3459 600 gubernantur.
3504 524 3654 580 Pau-

428 631 619 701 cisque
643 630 1049 698 interjectis.....
1082 627 1155 679 Ex
1191 626 1275 679 his
1305 634 1484 678 tamen
1517 639 1636 691 quae
1662 624 1908 676 Clemens
1936 622 2084 676 visus
2113 627 2194 674 est
2222 621 2461 675 indicare
2489 635 2609 674 cum
2642 621 2772 674 dicit
2806 641 2817 674 :
2861 622 3100 676 Oceanus
3132 621 3227 688 qui
3270 620 3653 671 intransmea-

434 727 554 781 bilis
575 735 652 779 est
676 721 993 781 hominibus,
1026 728 1074 771 et
1105 719 1157 769 hi
1180 715 1360 768 mundi
1381 717 1469 783 qui
1496 725 1611 783 post
1647 716 1812 780 ipsum
1847 723 2005 766 sunt:
2034 714 2125 781 qui
2151 722 2272 783 post
2316 715 2487 781 ipsum
2528 718 2654 765 sunt
2692 714 2921 767 mundos
2953 710 3253 782 pluraliter
3300 708 3615 762 nominans
3638 747 3653 771 ,

427 835 563 889 quos
589 825 641 871 et
667 815 851 870 eadem
902 815 993 869 Dei
1028 809 1359 882 providentia
1392 808 1474 876 agi
1505 808 1722 876 regique
1760 804 2042 874 signiﬁcat,
2083 806 2286 858 semina
2316 807 2557 874 quaedam
2588 806 2745 860 nobis
2777 806 3087 874 huiusmodi
3134 801 3539 871 intelligentiae
3576 804 3658 855 vi-

432 912 589 965 detur
617 922 923 976 aspergere,
952 918 1058 973 quo
1088 908 1306 971 putetur
1325 899 1501 951 omnis
1530 898 1743 965 quidem
1775 895 2100 949 universitas
2127 910 2310 948 eorum
2340 910 2457 963 qua:
2494 903 2619 948 sunt
2660 904 2818 964 atque
2856 897 3195 958 subsistunt,
3235 892 3569 947 cmlestium
3604 899 3657 945 et

426 1000 921 1071 supercmlestium,
956 1005 1293 1050 terrenorum
1325 992 1786 1057 inlernorumque,
1819 1004 1960 1042 unus
1988 995 2041 1042 et
2066 986 2332 1055 perlectus
2356 988 2589 1040 mundus
2621 988 2942 1055 generaliter
2972 984 3082 1041 dici
3116 1005 3130 1038 :
3168 986 3325 1038 intra
3359 999 3533 1052 quem
3569 985 3656 1038 vel

425 1107 455 1145 a
496 1107 604 1161 quo
633 1090 698 1159 (si
724 1091 813 1158 qui
840 1089 912 1141 illi
942 1089 1086 1155 sunt)
1118 1084 1336 1153 putandi
1367 1090 1492 1136 sunt
1521 1080 1803 1134 contineri.
1840 1079 2008 1148 Epist.
2046 1080 2094 1143 l,
2120 1095 2239 1147 cap.
2273 1079 2361 1132 20.

1302 1194 1447 1254 locu,
1472 1196 1526 1246 in
1563 1192 1842 1256 Ezechiel.,
1876 1209 1993 1262 cap.
2025 1193 2079 1256 8,
2107 1201 2239 1245 tom.
2272 1192 2358 1253 Ill,
2392 1208 2512 1262 pag.
2538 1193 2738 1255 4'22,A.

484 1291 557 1358 Φη
566 1290 615 1341 ei
641 1290 692 1341 δὲ
712 1292 739 1340 ὁ
753 1288 977 1357 Κλήμης
995 1303 1007 1316 ·
1041 1285 1305 1349 Ὠκεανὸς
1320 1284 1604 1350 ἀπέρατος
1630 1284 1968 1351 ἀνθρώποις,

2151 1284 2286 1337 Dicit
2330 1299 2541 1353 quoque
2583 1284 2865 1338 Clemens:
2918 1284 3162 1338 Oceanus
3220 1284 3655 1349 impermeabilis

418 1378 513 1430 emi
542 1381 594 1429 cl
620 1379 744 1445 μετ’
773 1378 955 1430 αὑτὸν
988 1377 1194 1443 κόσμοι
1209 1377 1519 1440 τοσαύταις
1535 1376 1828 1443 διαταγιιῖς
1856 1377 1957 1429 τοῦ

2135 1375 2366 1435 niuibus,
2394 1384 2441 1427 et
2460 1377 2547 1444 qui
2567 1385 2679 1441 post
2708 1391 2823 1426 eum
2848 1374 3051 1436 mundi,
3084 1376 3262 1427 tantis
3303 1375 3537 1428 Domini
3562 1394 3655 1429 or-

2056 1464 2413 1518 dinationibus
2436 1465 2809 1532 gubernantur.
2842 1464 3013 1533 Epist.
3048 1466 3102 1527 1,
3136 1480 3268 1533 cap.
3297 1465 3399 1521 20.

412 1468 705 1520 Δεσπότου
737 1466 1111 1519 διοικοῦνται.

971 1578 1120 1637 locu,
1156 1578 1208 1628 in
1230 1574 1413 1639 Joan.,
1443 1584 1571 1628 tom.
1603 1573 1690 1627 IX.
1722 1582 1858 1643 part.
1896 1590 1955 1637 ιι,
1989 1590 2110 1645 pag.
2138 1574 2259 1637 145,
2293 1573 2421 1627 edit.
2447 1571 2603 1625 Huet.
2633 1572 2843 1633 Colon.,
2885 1571 3044 1626 l685.

475 1686 899 1756 Μεμαρτύρηται
930 1685 985 1736 δὲ
1017 1686 1106 1736 καὶ
1136 1683 1287 1754 παρὰ
1312 1686 1423 1746 τοῖς
1455 1683 1676 1759 ἔθνεσιν,
1718 1685 1797 1735 ὅτι
1828 1683 1953 1735 πολ-

2120 1678 2361 1733 Relatum
2397 1683 2571 1730 autem
2596 1684 2754 1745 atque
2784 1684 3041 1731 testatum
3066 1679 3219 1747 apud
3272 1682 3524 1746 gentiles
3545 1694 3651 1747 est,

410 1777 489 1829 λοί
516 1794 657 1838 τινες
684 1775 940 1844 λοιμικῶν
986 1774 1363 1844 ὲνσκηψάντων
1394 1774 1707 1844 νοσημάτων
1736 1775 1956 1838 ἑαυτοὺς

2135 1770 2251 1823 iltos
2286 1783 2406 1820 cum
2435 1768 2745 1835 pestilentes
2776 1767 2947 1821 morbi
2986 1779 3423 1837 grassarentur,
3468 1790 3532 1828 se
3561 1776 3650 1844 ip-

360 1856 365 1862 ’
412 1869 610 1934 σφάγια
641 1868 775 1936 ὑπὲρ
802 1864 896 1917 τοῦ
931 1865 1109 1918 κοινοῦ
1140 1863 1579 1938 παραδεδώκασι·
1604 1867 1695 1917 καὶ
1724 1866 1955 1933 παραδέ-

407 1974 557 2025 χεται
596 1956 743 2008 ταῦθ’
780 1955 950 2017 οὕτως
992 1955 1266 2023 γεγονέναι
1310 1956 1410 2007 οὐκ
1439 1955 1640 2021 ἀλόγως
1668 1956 1957 2018 πιστεύσας

406 2049 523 2109 ταῖς
551 2046 808 2116 ἱστορίαις
843 2048 871 2097 ὁ
900 2045 1084 2107 πιστὸς
1113 2044 1357 2115 Κλήμης,
1392 2044 1494 2096 ὑπὸ
1523 2044 1729 2096 Παύλου
1763 2062 1958 2116 μαρτυ-

408 2137 684 2205 ρούμενος,
717 2135 963 2203 λέγοντος
987 2151 999 2164 ·
1032 2134 1191 2187 Μετὰ
1219 2134 1571 2203 Κλήμεντος,
1608 2153 1662 2187 κ.
1692 2153 1741 2187 τ.
1771 2135 1819 2187 λ.

645 2472 833 2555 Ruﬁno
874 2476 1169 2556 interprete.

471 2578 640 2662 Hujus
667 2596 957 2651 Clementis
987 2598 1215 2666 epistola
1252 2597 1415 2652 habe-

401 2691 492 2736 tur
537 2684 602 2737 ad
632 2684 938 2739 Corinthios
970 2688 1189 2755 scripta,
1227 2688 1415 2755 praeci-

400 2790 504 2843 pua
577 2777 732 2843 plane
787 2784 839 2830 et
896 2779 1047 2830 valde
1114 2778 1411 2831 mirabilis:

398 2878 559 2931 quam
612 2866 758 2916 velut
789 2880 853 2917 ex
894 2880 1118 2932 persona
1161 2865 1414 2919 Romanae

399 2949 661 3002 Ecclesia:
697 2949 951 3015 dictavit,
986 2966 1106 3003 eum
1145 2950 1415 3005 dissensio

398 3039 541 3107 apud
598 3038 906 3093 Corinthios
959 3040 1146 3094 inisset
1206 3050 1410 3095 exorta.

397 3124 568 3191 Quam
612 3126 892 3194 epistolam
941 3128 994 3179 in
1027 3128 1270 3195 plurimis
1314 3129 1413 3182 Ec-

396 3214 578 3268 elesiis
616 3215 828 3283 publice
860 3216 980 3285 legi,
1015 3225 1066 3270 et
1098 3228 1330 3272 veterum
1356 3228 1409 3274 et

397 3310 603 3361 nostris
632 3311 793 3363 etiam
823 3313 1151 3380 temporibus
1178 3322 1407 3367 conslat.

396 3395 600 3450 Verum
654 3400 720 3454 de
766 3401 1029 3455 seditione
1078 3402 1215 3455 facta
1271 3404 1409 3471 apud

397 3482 712 3540 Corinthios
741 3503 804 3541 ac
842 3490 1177 3544 dissensione
1217 3492 1409 3562 plebis,

400 3578 553 3631 testis
610 3581 762 3636 valde
827 3583 1000 3637 ﬁdelis
1080 3584 1412 3656 Hegesippus

397 3670 620 3726 indicat.

631 3878 816 3947 Ruﬁno
872 3881 1161 3949 interprete.

463 3964 713 4020 Clemens
752 3968 805 4020 in
845 3970 1069 4037 epistola
1098 3986 1256 4038 quam
1303 3972 1407 4025 Co-

396 4056 616 4111 rinthiis
661 4060 867 4121 scribit,
910 4064 1156 4115 meminit
1200 4064 1410 4133 Episto-

399 4144 461 4195 ιω
499 4142 648 4196 Pauli
701 4146 765 4198 ad
818 4146 1090 4211 Hebraeos,
1138 4159 1190 4204 et
1246 4154 1411 4205 utitur

398 4228 519 4295 ejus
562 4233 906 4287 testimoniis.
960 4233 1111 4289 Unde
1150 4246 1407 4303 constat,

397 4322 543 4390 quod
573 4324 862 4391 Apostolus
888 4338 1137 4397 tanquam
1176 4329 1411 4389 Hebrzeis

399 4407 715 4462 mittendam
764 4414 938 4479 patrio
991 4429 1106 4467 eam
1170 4432 1411 4473 sermone

398 4503 815 4569 conscripserit,
858 4514 910 4557 et
960 4513 1017 4558 ut
1049 4507 1261 4575 quidam
1305 4517 1413 4563 tra-

397 4584 551 4646 dunt,
607 4584 804 4641 Lucam
853 4591 1271 4658 evangelistam,
1322 4595 1409 4646 alii

398 4682 574 4726 autem
607 4675 752 4730 hunc
781 4677 951 4745 ipsum
979 4680 1298 4734 Clementem
1331 4684 1408 4735 in-

398 4771 746 4830 terpretatum
775 4782 916 4821 esse.
965 4768 1118 4832 Quod
1160 4770 1211 4822 et
1240 4774 1406 4841 magis

395 4866 579 4903 verum
636 4862 735 4916 est,
795 4858 918 4923 quia
972 4865 1024 4909 et
1077 4859 1247 4927 stylus
1296 4860 1409 4929 ipse

394 4941 636 5008 epistolae
663 4942 948 5000 Clementis
989 4962 1112 5001 cum
1146 4948 1246 5002 hac
1276 4965 1406 5003 eon-

395 5030 582 5083 cordat
605 5073 621 5096 ,
643 5038 695 5086 et
718 5049 907 5090 sensus
935 5038 1184 5092 nimirum
1210 5041 1405 5097 utrius-

395 5135 498 5187 que
528 5118 819 5189 Scriptura:
846 5126 1125 5193 plurimam
1157 5130 1403 5184 similitu-

394 5208 572 5261 dinem
606 5210 799 5266 ferunt.
831 5214 1034 5271 Dicitur
1060 5228 1236 5276 tamen
1283 5238 1402 5279 esse

396 5308 448 5352 et
496 5302 598 5354 alia
629 5302 917 5361 Clementis
956 5311 1197 5377 epistola,
1240 5315 1398 5384 cujus

396 5404 497 5446 nos
524 5394 767 5449 notitiam
798 5411 908 5451 non
942 5402 1266 5471 accepimus.

2051 2219 2279 2289 cap.55.

1946 2372 2034 2434 IV.

1416 2472 1697 2554 Ebseaws,
1722 2490 1863 2545 Hist.
1912 2490 2065 2555 eccl.,
2101 2482 2192 2544 lib.
2223 2504 2303 2550 Ill,
2333 2500 2451 2554 cap.
2491 2482 2577 2535 16.

1554 2601 1753 2654 Τούτου
1800 2602 1862 2673 δὴ
1913 2599 2003 2655 οὖν
2049 2600 2140 2654 τοῦ
2195 2601 2502 2672 Κλήμεντος

1483 2687 1875 2758 ὁμολογουμένη
1925 2688 2019 2758 μία
2067 2687 2315 2757 ἐπιστολὴ
2348 2686 2503 2757 φέρε-

1482 2792 1604 2839 ται,
1651 2776 1853 2846 μεγάλη
1882 2794 1940 2828 τε
1983 2778 2074 2828 καὶ
2107 2776 2396 2845 θαυμασία,
2438 2776 2501 2844 ἥν

1484 2863 1557 2925 ὼς
1586 2863 1692 2915 ἀπὸ
1721 2866 1816 2934 τῆς
1857 2866 2133 2935 Ῥωμαίων
2189 2866 2502 2934 Ἐκκλησίας

1605 2954 1900 3024 Κορινθίων
1944 2954 2324 3015 διετυπώσατο,
2381 2954 2501 3006 στά-

1489 3057 1622 3104 σεως
1662 3042 1913 3111 τηνικάδε
1942 3041 2081 3094 κατὰ
2119 3043 2215 3111 τὴν
2245 3041 2498 3111 Κόρινθον

1484 3129 1794 3199 γενομένης.
1829 3131 2039 3200 Ταύτην
2075 3131 2129 3183 δὲ
2156 3133 2247 3183 καὶ
2266 3132 2321 3183 ὲν
2350 3132 2521 3211 πλεῖ-ν

1486 3214 1973 3288 σταιςῈκκλησίαις
1996 3220 2086 3271 ἐπὶ
2111 3220 2202 3271 τοῦ
2224 3220 2399 3272 κοινοῦ
2418 3222 2501 3273 δε-

1480 3308 1899 3379 δημοσιευμένην
1946 3310 2107 3363 πάλαι
2152 3328 2211 3363 τε
2252 3313 2343 3364 καὶ
2379 3308 2497 3365 καθ’

1482 3396 1625 3465 ἡμᾶς
1670 3399 1863 3460 αὐτοὺς
1902 3397 2159 3469 ἔγνωμεν.
2193 3401 2299 3453 Καὶ
2327 3401 2407 3453 ὅτι
2435 3419 2498 3470 γε

1483 3488 1621 3540 κατὰ
1652 3489 1739 3542 τὸν
1780 3489 2118 3562 δηλούμενον,
2160 3490 2229 3543 τὰ
2274 3493 2370 3563 τῆς
2401 3494 2500 3545 Κο-

1487 3581 1701 3651 ρινθίων
1757 3587 2006 3654 κεκίνητο
2052 3587 2307 3654 στάσεως,
2356 3593 2498 3657 ἀξιό-

1482 3687 1653 3739 χρεως
1676 3672 1923 3742 μάρτυςὸ
1963 3676 2311 3745 Ἡγήσιππος.
2358 3679 2496 3750 Lege

1482 3756 1846 3823 Nicsrnonun,
1887 3762 1979 3815 lib.
2011 3778 2094 3825 ιιι,
2126 3780 2249 3833 cap.
2285 3754 2369 3822 l6.

1586 3886 1734 3951 lusu,
1762 3889 1912 3953 ibid.,
1943 3892 2036 3944 lib.
2071 3907 2153 3954 tn,
2182 3908 2301 3962 cap.
2329 3896 2416 3949 58.

1545 3976 1647 4029 Τοῦ
1681 3979 1986 4049 Κλήμεντος
2027 3984 2083 4035 ἐν
2118 3989 2184 4055 τῇ
2222 3988 2488 4058 ἀνωμολο-

1476 4066 1683 4136 γημένῃ
1705 4067 1851 4136 παρὰ
1880 4071 2060 4131 πᾶσιν,
2093 4074 2155 4140 ἢν
2181 4075 2244 4126 ὲκ
2276 4077 2488 4146 προσώ-

1478 4167 1578 4202 που
1611 4150 1705 4219 τῆς
1749 4152 2025 4222 Ῥωμαίων
2076 4158 2389 4229 Ἐκκλησίας
2423 4168 2487 4234 τῇ

1483 4237 1778 4307 Κορινθίων
1807 4239 2188 4297 διετυπὼσατο.
2233 4244 2369 4321 Ἐνῇ
2398 4252 2495 4320 τῆς

1484 4330 1616 4399 πρὸς
1646 4332 1921 4402 Ἐϐραίους
1950 4336 2114 4388 πολλὰ
2139 4340 2378 4408 νοήματα
2400 4360 2495 4393 πα-

1485 4421 1683 4488 ραθεὶς,
1716 4423 1810 4493 ἤδη
1829 4424 1881 4476 δὲ
1902 4426 1992 4476 καὶ
2018 4425 2286 4488 αὐτολεξεὶ
2316 4432 2494 4499 ῥητοῖς

1481 4522 1617 4556 τισιν
1647 4507 1705 4571 ἐξ
1736 4511 1899 4579 αὐτῆς
1928 4517 2261 4583 χρησάμενος
2282 4552 2296 4575 ,
2342 4516 2494 4583 σαφέ-

1484 4602 1646 4646 στατα
1660 4597 1979 4667 παρίστησιν
2000 4600 2078 4650 ὅτι
2103 4601 2173 4669 μὴ
2190 4601 2303 4652 νέον
2323 4602 2492 4671 ὑπάρ-

1476 4696 1557 4747 χει
1599 4682 1657 4733 τὸ
1700 4672 2045 4754 σύγγραμμα.
2071 4687 2224 4739 Ὅθεν
2274 4688 2491 4751 εἰκότως

1478 4769 1670 4833 ἔδοξεν,
1718 4774 1846 4825 αὐτὸ
1886 4779 1995 4837 τοῖς
2029 4772 2233 4838 λοιποῖς
2262 4778 2489 4843 ἐγκατα-

1477 4858 1723 4929 λεχθῆναι
1774 4863 2057 4932 γράμμασι
2098 4863 2189 4915 τοῦ
2242 4866 2488 4917 Ἀποστά-

1479 4945 1590 5000 λου.
1629 4947 2110 5023 Ἑϐραίοιςγὰρδιὰ
2136 4954 2231 5022 τῆς
2258 4954 2483 5023 πατρίου

1473 5028 1709 5110 γλώττης
1736 5042 2019 5113 ἐγγράφως
2038 5043 2365 5113 ὡμιληκότος
2392 5045 2483 5098 τοῦ

1472 5122 1702 5193 Παύλου,
1737 5131 1785 5182 oi
1837 5131 1931 5199 μὲν
1960 5131 2049 5182 τὸν
2105 5132 2484 5205 εὐαγγελιστὴν

1472 5218 1701 5279 Λουκᾶν,
1722 5220 1770 5270 οἱ
1797 5214 1851 5272 δὲ
1881 5219 1969 5272 τὸν
2001 5220 2284 5290 Κλήμεντα
2302 5221 2484 5277 τοῦτον

1472 5308 1650 5368 αὐτὸν,
1673 5308 1998 5379 ἑρμηνεῦσαι
2014 5308 2225 5377 λέγουσι
2239 5311 2335 5381 τὴν
2360 5330 2483 5384 γρα-

1469 5405 1590 5473 φήν.
1631 5406 1692 5456 Ὃ
1721 5408 1811 5458 καὶ
1844 5408 2036 5477 μᾶλλον
2066 5410 2145 5478 εἴη
2178 5408 2242 5461 ἂν
2270 5410 2479 5479 ἀληθὲς,

1469 5492 1543 5562 τῷ
1570 5493 1657 5544 τὸν
1699 5494 1878 5564 ὅμοιον
1921 5498 2015 5565 τῆς
2047 5498 2289 5567 φράσεως
2316 5518 2483 5572 χαρα-

1470 5582 1641 5652 κτῆρα
1669 5585 1764 5654 τήν
1796 5603 1852 5637 τε
1894 5588 1986 5639 τοῦ
2022 5588 2328 5657 Κλήμεντος
2364 5592 2480 5643 ἐπι-

1473 5676 1693 5742 στολὴν,
1738 5682 1829 5734 καὶ
1876 5682 1970 5753 τὴν
2016 5682 2147 5752 πρὸς
2202 5682 2478 5752 Ἐϐραίους

2056 1876 2145 1914 sos
2177 1869 2236 1912 ut
2271 1857 2516 1911 victimas
2553 1871 2651 1926 pro
2686 1858 2861 1925 patria
2900 1859 3206 1914 tradidisse
3237 1878 3252 1915 :
3306 1870 3485 1931 atque
3532 1863 3655 1924 haec

2060 1954 2134 2007 ita
2157 1952 2399 2006 evenisse
2429 1949 2657 2002 admittit
2684 1964 2787 2001 non
2814 1948 2931 2001 sine
2960 1960 3128 2004 cansa
3153 1990 3169 2013 ,
3207 1952 3479 2010 historiis
3521 1960 3652 2011 cre-

2058 2038 2189 2098 dens
2218 2041 2463 2095 Clemens
2489 2038 2575 2091 ille
2608 2037 2796 2099 ﬁdelis,
2832 2039 2917 2091 cui
2955 2038 3352 2096 testimonium
3392 2046 3657 2113 perhibet

2054 2130 2254 2184 Paulus
2302 2129 2487 2183 dicens
2525 2145 2538 2180 :

2591 2124 2722 2180 Cum
2787 2126 3097 2195 Clemente,
3169 2139 3285 2187 etc.
3349 2133 3540 2204 Epist.
3598 2134 3651 2202 l',

2833 2478 3045 2537 Vatesio
3074 2482 3397 2556 interprete.

2650 2590 2821 2663 Hujus
2868 2594 3032 2663 igitur
3082 2595 3404 2652 Clementis
3461 2604 3651 2652 exstat

2577 2683 2804 2752 epistola
2850 2700 2959 2738 uno
3013 2702 3299 2741 consensu
3370 2698 3646 2758 recepta,

2572 2769 2766 2822 eximia
2810 2784 3033 2836 prorsus
3086 2781 3260 2841 atque
3307 2778 3603 2833 mirabilis
3630 2822 3649 2847 ,

2571 2864 2730 2930 quam
2774 2863 2991 2915 nomine
3040 2861 3314 2919 Ecclesiae
3369 2866 3653 2925 Romana:

2570 2954 2636 3006 ad
2663 2950 3064 3008 Corinthiorum
3094 2956 3424 3013 Ecclesiam
3461 2960 3652 3032 Scrip-

2569 3044 2659 3106 sit,
2704 3058 2825 3095 cum
2884 3043 3027 3111 apud
3085 3060 3184 3099 eos
3239 3049 3448 3116 gravis
3494 3044 3653 3106 esset

2570 3139 2755 3185 exorta
2789 3131 3081 3190 dissensio.
3128 3134 3291 3190 Hanc
3342 3141 3401 3192 in
3440 3140 3655 3208 pleris~

2572 3241 2674 3294 que
2708 3227 2961 3281 Ecclesiis
3006 3236 3061 3281 et
3106 3238 3308 3284 nostra
3365 3240 3427 3286 et
3474 3242 3653 3305 supe-

2569 3313 2701 3367 riori
2727 3317 2982 3368 memoria
3006 3318 3187 3386 palam
3220 3323 3472 3376 recitari
3504 3339 3652 3378 con-6

2570 3404 2807 3457 suevisse
2854 3408 3249 3474 comperimus.
3294 3409 3493 3466 Porro
3548 3431 3653 3468 sua

2567 3489 2798 3558 pradicti
2829 3489 3126 3547 Clementis
3169 3503 3442 3566 tempore
3484 3502 3651 3554 sedi-

2568 3578 2767 3633 tionem
2793 3580 2932 3633 inter
2953 3580 3276 3640 Corinthios
3311 3603 3453 3644 esse
3486 3604 3653 3645 com;

2568 3668 2766 3722 motam
2806 3670 3279 3741 locupletissimus
3324 3684 3507 3736 testis
3556 3676 3651 3738 est

2568 3746 2753 3826 llegesi
2762 3767 2917 3827 ppus.

2820 3901 3025 3956 Vatesio
3055 3916 3379 3977 interprete.

2625 3993 2910 4050 Clementis
2932 3998 3017 4050 illa
3038 4002 3325 4074 (epistola)
3356 4011 3436 4063 ab
3454 4017 3649 4068 omni

2561 4084 2664 4139 bus
2701 4098 2931 4154 recepta,
2968 4104 3128 4155 quam
3176 4091 3470 4154 Ecclesiae
3520 4102 3647 4157 Ro-

2563 4189 2733 4227 mana:
2780 4176 2995 4229 nomine
3046 4179 3115 4232 ad
3172 4179 3644 4248 Corinthiorum

2564 4262 2851 4317 Ecclesium
2901 4265 3139 4334 scripsit.
3196 4270 3255 4323 ln
3304 4291 3436 4343 qua
3495 4297 3643 4336 cum

2565 4353 2761 4406 multas
2780 4354 2977 4407 inserat
3005 4359 3311 4416 sententias
3340 4366 3648 4441 desump-

2565 4443 2647 4491 tas
2678 4454 2741 4490 ex
2788 4439 3019 4507 Epistula
3054 4443 3120 4495 ad
3162 4443 3481 4518 Hebraeos,
3533 4439 3647 4512 iis-

2563 4520 2788 4592 demque
2826 4526 3094 4579 interdum
3137 4531 3330 4588 verbis
3378 4546 3645 4610 utatur,

2563 4609 2693 4663 satis
2746 4612 2946 4665 indicat
2999 4628 3135 4682 opus
3181 4617 3325 4673 illud
3398 4643 3647 4699 nequa-

2560 4714 2717 4766 quam
2770 4716 2956 4756 recens
3014 4719 3155 4760 esse.
3213 4705 3647 4777 Quamobrem

2559 4794 2677 4846 eum
2704 4794 2926 4864 reliquis
2950 4796 3189 4866 Apostoli
3214 4805 3473 4872 scriptis
3512 4816 3646 4869 non

2558 4884 2675 4939 sine
2727 4892 2889 4943 causa
2925 4891 3023 4944 hoc
3050 4878 3208 4944 etiam
3240 4902 3643 4962 recensitum

2562 4978 2790 5035 videtur.
2823 4972 3146 5036 Cum'enim
3197 4983 3266 5035 ad
3322 4984 3645 5055 Hebraeos

2556 5070 2730 5148 patrio
2752 5086 2995 5148 sermone
3018 5072 3331 5138 scripsisset
3360 5077 3638 5151 Paulus.

2555 5159 2647 5211 alii
2711 5142 2933 5235 Lucam,
2971 5159 3372 5228 evangelislam
3407 5209 3427 5233 ,
3526 5142 3638 5235 alii

2554 5244 2697 5298 hunc
2722 5246 2786 5299 de
2802 5260 2906 5313 quo
2922 5234 3187 5312 loquimur
3208 5234 3637 5323 Clementem.

2554 5328 2838 5400 Epistolam
2882 5335 3022 5385 illam
3076 5350 3194 5389 esse
3236 5337 3637 5414 ἱιιιει-ριοθιει-

2553 5425 2663 5470 tum
2710 5416 2902 5470 ferunt.
2945 5416 3096 5481 Quod
3125 5418 3351 5487 quidem
3400 5438 3637 5496 verius

2551 5507 2791 5562 videtur.
2839 5522 2958 5559 cum
3004 5510 3297 5573 praesertim
3355 5527 3422 5571 et
3482 5522 3634 5581 Cle-

2551 5599 2759 5663 mentis,
2777 5609 2827 5653 et
2850 5596 2936 5650 illa
2952 5593 3018 5647 ad
3047 5595 3293 5677 Hebraeos
3322 5602 3628 5677 Episrma

2549 5687 2790 5742 eumdem
2864 5689 3090 5742 habeant
3131 5689 3401 5766 ‘stylum,
3496 5720 3625 5764 nec
