3870 6356
176 332 234 388 57
1416 325 1759 383 ΡἎΟΈΜῘΑ
1798 325 2185 383 νΑιιιοιιυιι.
3358 332 3434 385 38

176 442 503 507 ἀποσώζειν·
538 444 637 497 καὶ
669 443 749 515 τῷ
800 443 875 516 μή
919 442 1106 517 πόρῤω
1149 441 1218 496 τὰ
1246 442 1304 494 ὲν
1335 440 1617 513 ἑκατέροις
1646 443 1760 505 τοῖς

1830 484 1835 503 λ
1865 443 2153 513 utriusque
2184 440 2377 511 scripti
2406 441 2695 498 sententia:
2750 440 2909 497 valde
2956 440 3101 498 inter
3129 457 3188 498 se
3230 441 3440 501 discre-

177 538 566 609 συγγράμμασι
587 536 841 608 νοήματα
875 535 1223 590 καθεστάναι.
1256 535 1447 588 Ἰστέον
1476 534 1532 587 δὲ
1560 533 1636 597 ὡς
1662 535 1757 588 καὶ

1869 542 2023 607 pent.
2059 531 2358 587 Sciendum
2412 540 2591 587 tamen
2619 539 2703 587 est
2767 534 2993 589 alteram
3069 549 3287 604 quoque
3316 533 3440 590 Cle-

171 631 387 702 δευτέρα
420 647 507 693 τις
558 623 703 682 εἶναι
736 629 953 697 λέγεται
983 627 1078 681 τοῦ
1118 628 1431 699 Κλήμεντος
1459 626 1752 698 ἐπιστολή·

1853 626 2055 682 mentis
2113 624 2400 694 epistolam
2452 623 2819 681 circumferri.
2870 624 3073 681 Verum
3127 610 3268 681 hanc
3326 643 3437 682 non

170 726 229 778 οὐ
250 724 357 796 μὴν
376 723 451 776 ἔθ’
479 723 692 793 ὁμοίως
722 724 787 794 τῇ
817 722 1059 793 προτέρᾳ
1102 721 1197 774 καὶ
1236 718 1437 790 ταύτην
1480 719 1755 791 γνώριμον

1856 717 2086 790 perinde
2133 723 2406 785 receptam
2454 723 2617 787 atque
2668 718 3023 786 approbatam
3082 716 3255 774 fuisse
3282 759 3299 784 ,
3336 734 3439 789 pro

169 815 509 887 ἐπιστάμεθα
526 833 539 844 ·
560 815 649 868 ὅτι
667 814 800 886 μηδὲ
815 815 940 877 τοὺς
956 812 1215 885 ἀρχαίους
1230 812 1367 883 αὐτῇ
1384 810 1757 882 κεχρημένους

1859 818 2014 865 certo
2062 809 2369 863 habemus:
2424 807 2867 877 quandoquidem
2937 810 3269 866 vetustiores
3315 813 3435 881 ejus

170 908 431 980 ῐσμεν.Ει
478 907 623 963 infra
659 926 674 963 :
708 909 773 962 Ἠ
807 909 901 979 μὲν
947 903 1039 961 οὖν
1069 906 1163 960 τοῦ
1208 905 1521 976 Κλήμεντος
1561 903 1753 974 ὁμολο-

1857 902 2175 958 testimonio
2236 915 2580 971 nequaquam
2610 916 2739 956 usos
2790 916 2912 956 esse
2942 903 3332 971 comperimus.
3366 904 3435 960 Et

166 1002 406 1072 γουμένη
452 999 664 1072 γραφὴ,
697 1000 979 1071 πρόδηλος.
1015 998 1155 1070 Lege
1173 995 1541 1062 Nlcspnonul,
1560 995 1656 1051 lib.
1684 1012 1746 1063 Ir,

1855 996 2003 1065 infra
2038 1010 2059 1046 .·
2092 993 2157 1046 Et
2184 990 2482 1048 Clementis
2516 992 2737 1061 quidem
2783 1008 2905 1061 quae
2954 994 3188 1062 genuina
3231 1000 3283 1049 et
3316 1010 3436 1049 om-

166 1107 287 1163 cap.
311 1092 403 1158 46,
426 1099 481 1148 et
504 1092 604 1146 lib.
633 1107 720 1155 ιιι,
758 1106 880 1162 cap.
905 1091 994 1150 18.

410 1320 604 1392 Rufino
648 1323 952 1391 interprete.

233 1424 410 1482 Simul
441 1439 494 1485 et
546 1431 612 1486 de
643 1430 876 1501 epistola
915 1424 1212 1493 Clementis

160 1516 409 1588 quaedam
479 1526 877 1575 commemorat
925 1516 1207 1589 (llegesip—

159 1610 284 1683 pus)
337 1625 461 1680 qua:
533 1610 697 1665 etiam
758 1611 1001 1665 inserere
1076 1609 1209 1662 huic

160 1703 312 1773 operi
339 1711 534 1759 nostro
562 1702 940 1759 necessarium
968 1699 1118 1757 duxi.

403 1909 598 1981 Ruﬁno
648 1912 951 1979 interprete.

222 2018 282 2077 In
325 2021 432 2076 hac
484 2022 601 2092 ipsa
630 2020 905 2091 scriptura
952 2018 1199 2074 meminit

155 2114 320 2167 etiam
371 2111 713 2184 (Dionysius)
762 2112 1007 2182 epistolae
1070 2112 1195 2167 Cle-

153 2203 355 2258 mentis
388 2202 457 2257 ad
487 2201 810 2258 Corinthios
840 2203 1089 2274 scripta;
1123 2204 1201 2259 si.

152 2293 424 2363 gnicans
452 2295 627 2349 veteri
680 2296 933 2350 instituto
970 2302 1024 2351 et
1055 2297 1199 2350 anti-

152 2399 260 2453 qua
295 2384 697 2441 consuetudine
759 2401 975 2456 semper
1022 2387 1197 2456 ipsam

153 2477 444 2544 epistolam
479 2477 677 2531 lectam
697 2492 823 2532 esse
845 2479 898 2531 in
930 2476 1194 2534 Ecclesia.

153 2566 397 2637 Denique
449 2569 533 2624 sic
580 2569 714 2623 dicit
751 2589 763 2624 :
808 2570 1052 2634 Beatam,
1110 2570 1197 2643 iq-

151 2658 289 2727 quit,
318 2658 573 2715 duximus
617 2661 926 2716 hodiernam
954 2662 1195 2718 Domini-

152 2767 266 2803 cam
295 2751 460 2817 diem,
504 2753 561 2806 in
590 2770 695 2824 qua
754 2754 971 2825 legimus
1001 2756 1196 2825 episto-

154 2841 256 2894 lam
281 2855 547 2908 uestram,
589 2862 752 2915 quam
794 2856 845 2901 et
891 2862 1091 2916 semper
1125 2848 1194 2901 ad

154 2938 319 2990 nostri
339 2941 803 2993 commonitionem
821 2940 1066 3010 legemus,
1092 2943 1197 2996 sic.

155 3037 211 3078 at
256 3039 306 3082 et
334 3030 496 3085 illam
518 3033 752 3101 priorem
776 3050 808 3086 a
835 3031 1097 3088 Clemente
1123 3036 1193 3089 ad

158 3135 246 3171 nos
268 3122 546 3189 scriptam.

395 3254 591 3323 Ruﬁno
640 3256 943 3325 interprete.

227 3370 405 3425 Utitur
428 3386 564 3426 sane
592 3375 882 3445 exemplis,
913 3377 1075 3431 etiam
1118 3394 1185 3433 ex

157 3462 239 3517 his
274 3463 431 3517 libris
462 3464 559 3533 qui
592 3478 621 3516 a
646 3466 929 3520 nonnullis
962 3468 1187 3524 minime

155 3553 446 3622 recipiendi
506 3553 763 3609 videntur
794 3574 807 3609 :
844 3556 899 3610 id
935 3564 1019 3613 est
1045 3598 1060 3624 ,
1118 3575 1188 3614 ex

157 3641 433 3713 Sapientia
463 3659 584 3714 qua:
609 3644 814 3700 dicitur
857 3645 1187 3717 Salomonis,

156 3741 286 3787 ctex
311 3733 591 3805 Sapientia
624 3734 818 3790 Sirach
850 3752 970 3807 quae
1004 3739 1190 3808 appel-

157 3824 292 3881 latur
318 3826 742 3883 Ecclesiasticus
771 3829 909 3899 apud
937 3827 1182 3887 Latinos:

157 3920 248 3973 sed
275 3929 328 3975 et
376 3921 447 3977 de
486 3920 771 3986 Barnabas,
802 3931 855 3978 et
888 3923 1185 3983 Clementis

156 4012 375 4081 epistola
402 4014 560 4086 ponit
594 4015 863 4086 exempla.

1854 1088 2006 1143 nium
2070 1099 2344 1141 consensu
2407 1092 2627 1153 recepta
2680 1083 2791 1137 sint
2843 1086 3046 1154 scripta
3078 1125 3094 1148 ,
3127 1085 3242 1155 jam
3298 1088 3433 1141 satis

1852 1180 2042 1253 liquet.
2073 1178 2215 1250 Lege
2250 1176 2512 1231 ΜΔιιιιυιί
2554 1176 2605 1230 in
2630 1176 2846 1246 prologo
2878 1176 2947 1229 ad
2987 1195 3145 1246 opera
3168 1177 3430 1249 Dionysii.

1274 1316 1541 1372 Eusssws
1574 1316 1721 1371 Hist.
1768 1316 1927 1382 eccl.,
1959 1315 2058 1373 lib.
2087 1330 2159 1380 Iv,
2190 1327 2312 1382 cap.
2339 1314 2431 1371 22.

1359 1431 1612 1487 Ἀκοῦσαι
1655 1431 1719 1501 γέ
1762 1450 1844 1486 τοι
1885 1431 2137 1503 πάρεστι,
2183 1428 2321 1501 μετά

1277 1540 1398 1578 τινα
1427 1523 1556 1596 περὶ
1582 1523 1682 1593 τῆς
1709 1523 2025 1596 Κλήμεντος
2045 1522 2183 1595 πρὸς
2209 1524 2289 1576 Κο

1276 1613 1511 1687 ρινθίους
1543 1614 1833 1685 ἐπιστολῆς
1862 1611 2009 1682 αὐτῷ
2030 1612 2313 1684 εἰρημένα,

1276 1704 1620 1773 ἐπιλέγοντος
1648 1703 1841 1758 ταῦτα.
1876 1703 2018 1776 Lege
2048 1702 2273 1757 NICEPH.
2295 1742 2310 1767 ,

1276 1793 1373 1849 lib.
1410 1809 1483 1859 tv,
1519 1808 1642 1864 cap.
1667 1795 1722 1851 5.

1368 1906 1524 1973 locu,
1560 1908 1714 1974 ibid.,
1751 1908 1846 1963 lib.
1882 1924 1955 1972 ιν,
1988 1923 2109 1979 cap.
2146 1907 2239 1962 25.

1352 2019 1441 2072 Ἐν
1474 2019 1610 2090 αὐτῇ
1642 2018 1697 2071 δὲ
1724 2017 1894 2090 ταύτῃ
1925 2020 2018 2072 καὶ
2044 2019 2145 2089 τῆς
2165 2018 2312 2089 Κλή-

1274 2129 1467 2184 μεντος
1511 2113 1648 2185 πρὸς
1682 2114 1999 2185 Κορινθίους
2041 2114 2309 2184 μέμνηται

1270 2205 1581 2277 ἐπιστολῆς,
1616 2205 1789 2276 δηλῶν
1821 2205 2083 2259 ἀνέκαθεν
2122 2204 2181 2269 ἐξ
2210 2206 2309 2276 ἁρ-

1269 2298 1422 2368 χαίου
1441 2296 1593 2359 ἔθους
1609 2297 1701 2349 ἐπὶ
1729 2297 1829 2367 τῆς
1862 2295 2184 2367 Ἑκκλησίας
2210 2294 2308 2366 τὴν

1268 2389 1572 2458 ἀνάγνωσιν
1613 2389 1785 2459 αὐτῆς
1814 2387 2102 2442 ποιεῖσθαι.
2147 2388 2309 2456 Λέγει

1270 2481 1434 2550 γοῦν·
1487 2481 1606 2551 Τὴν
1650 2482 1916 2551 σήμερον
1956 2482 2069 2536 οὖν
2094 2485 2311 2549 Κυρια-

1266 2576 1386 2646 κὴν
1426 2578 1601 2647 ἁγίαν
1645 2577 1874 2645 ἡμέραν
1914 2576 2270 2646 διηγάγομεν
2292 2615 2307 2639 ,

1265 2667 1383 2737 ἐνῇ
1417 2668 1832 2740 ἀνεγνώκαμεν
1858 2666 2024 2738 ὑμῶν
2047 2667 2163 2736 τὴν
2188 2667 2312 2720 ἐπι-

1264 2760 1497 2829 στολήν
1516 2779 1529 2793 ·
1549 2761 1629 2833 ἢν
1642 2762 1857 2831 ἕξομεν
1886 2760 1979 2816 ἀεί
1998 2775 2141 2813 ποτε
2169 2760 2313 2814 ἀνα-

1264 2853 1661 2924 γινώσκοντες
1714 2851 2122 2908 νουθετεῖσθαι
2146 2890 2162 2915 ,
2232 2851 2311 2916 ὡς

1266 2944 1363 2998 καὶ
1389 2945 1502 3011 τὴν
1532 2942 1827 3011 προτέραν
1854 2941 1999 3011 ἡμῖν
2026 2941 2124 2994 διὰ
2152 2939 2310 3006 Κλή-

1258 3052 1478 3103 μεντος
1509 3034 1861 3104 τραφεῖσαν.
1895 3031 2036 3101 Lege
2056 3028 2307 3096 NICEPH.,

1261 3131 1357 3186 lib.
1389 3147 1465 3188 iv.
1494 3146 1615 3202 cap.
1645 3130 1698 3186 8.

1373 3262 1527 3329 locu,
1559 3264 1715 3329 ibid.,
1749 3264 1843 3320 lib.
1875 3278 1949 3327 IV,
1979 3277 2101 3331 cap.
2138 3260 2222 3315 15.

1329 3383 1610 3454 Κέχρηται
1654 3381 1697 3433 δ’
1740 3382 1798 3435 ὲν
1828 3381 2012 3443 αὐτοῖς
2040 3380 2134 3432 καὶ
2180 3380 2301 3438 ταῖς

1258 3473 1367 3526 ἀπὸ
1420 3474 1529 3527 τῶν
1592 3472 2019 3542 ἀντιλεγομένων
2074 3467 2302 3541 Γραφῶν

1265 3566 1620 3637 μαρτυρίαις·
1654 3565 1755 3635 τῆς
1782 3581 1841 3617 τε
1868 3562 2164 3634 λεγομένης
2203 3563 2303 3615 Σο-

1260 3656 1533 3727 λομῶντος
1558 3656 1779 3725 Σοφίας,
1828 3655 1923 3710 καὶ
1966 3656 2067 3724 τῆς
2121 3652 2298 3725 Ἰησοῦ

1259 3748 1355 3801 τοῦ
1384 3745 1576 3818 Σιράχ,
1606 3745 1818 3815 καὶτῆς
1837 3745 1974 3816 πρὸς
2015 3745 2301 3816 Ἐϐραίους

1273 3837 1610 3908 Ἐπιστολῆς,
1653 3837 1753 3908 τῆς
1792 3854 1850 3891 τε
1888 3835 2164 3907 Βαρνάϐα,
2206 3838 2299 3890 καὶ

1257 3930 1593 4003 Κλήμεντος,
1638 3930 1731 3983 καὶ
1794 3928 1981 3982 Ἰούδα.
2028 3924 2250 3984 Νιοεριι.
2277 3971 2293 3997 ,

1257 4020 1351 4076 lib.
1378 4035 1452 4087 iv,
1476 4035 1596 4092 cap.
1625 4021 1713 4077 55.

1747 4193 1815 4251 V.

2635 1310 2838 1365 Valesio
2868 1313 3170 1382 interprete.

2461 1421 2755 1494 Postquam
2784 1422 3167 1499 (Hegesippus)
3206 1428 3273 1481 de
3306 1428 3432 1483 Cle-

2390 1519 2590 1574 mentis
2660 1520 2722 1574 ad
2809 1519 3125 1577 Corinthios
3194 1522 3430 1591 epistola

2386 1608 2634 1678 quiedam
2693 1610 3163 1675 commemoravit,
3192 1612 3304 1666 haec
3333 1612 3427 1665 ad-

2385 1701 2486 1769 dit,
2516 1717 2635 1771 quae
2661 1716 2782 1765 nos,
2816 1702 2861 1757 si
2890 1702 3089 1771 placet,
3117 1703 3425 1775 audiamus,

2622 1907 2832 1963 Valesio
2853 1909 3152 1980 interprete.

2453 2019 2511 2074 In
2559 2021 2663 2076 hac
2702 2023 2819 2091 ipsa
2859 2023 3022 2078 etiam
3071 2024 3301 2094 epistola
3335 2014 3424 2087 (ad

2344 2172 2345 2175 η
2385 2109 2655 2181 Soterem)
2698 2114 2948 2168 meminit
2974 2113 3289 2185 (Dionysius
3319 2116 3426 2170 Co-

2381 2203 2645 2273 rinthius)
2715 2202 3018 2260 Clementis
3073 2206 3317 2275 epistola:
3356 2206 3424 2260 ad

2381 2295 2697 2351 Corinthios
2731 2297 2969 2365 scriptae,
3004 2312 3166 2366 quam
3192 2314 3255 2351 ex
3283 2298 3427 2368 pris-

2382 2402 2447 2441 ca
2476 2388 2877 2442 consuetudine
2908 2387 2963 2442 in
3021 2386 3269 2444 Ecclesia
3319 2390 3425 2460 legi

2383 2481 2599 2536 solitam
2631 2496 2755 2537 esse
2810 2489 3047 2537 testatur
3075 2482 3160 2537 his
3192 2483 3372 2537 verbis
3406 2501 3419 2536 :

2386 2572 2581 2635 Hodie,
2611 2573 2811 2643 inquit,
2837 2589 3048 2625 sacrum
3076 2572 3213 2625 diem
3245 2573 3426 2626 Domi-

2385 2664 2558 2716 nicum
2588 2664 2958 2734 transegimus,
2993 2663 3047 2714 in
3082 2680 3183 2732 quo
3228 2664 3417 2731 episto-

2386 2756 2491 2811 lam
2510 2767 2733 2811 vestram
2750 2756 2989 2828 legimus,
3038 2774 3193 2827 quam
3211 2756 3421 2825 quidem

2380 2860 2626 2917 perpetuo
2650 2850 2887 2916 deinceps
2912 2849 3134 2917 legentes
3153 2888 3166 2911 ,
3202 2847 3418 2916 perinde

2382 2957 2444 2994 ac
2468 2941 2694 3010 priorem
2729 2940 2880 2993 illam
2922 2940 3069 2993 nobis
3096 2956 3127 2992 α
3155 2937 3421 2993 Clemente

2381 3032 2633 3099 scriptam
2658 3030 2955 3099 epistolam,
2988 3031 3201 3099 optimis
3230 3047 3423 3098 pra'ce-

2378 3122 2481 3187 ptis
2507 3137 2568 3174 ac
2592 3121 2916 3174 documentis
3008 3119 3415 3174 abundabimus.

2667 3252 2877 3308 Valesio
2906 3255 3201 3324 interprete.

2449 3372 2507 3427 ln
2528 3371 2719 3428 iisdem
2750 3372 2906 3429 libris
2932 3371 3308 3446 (Stromateis)
3335 3375 3419 3428 af-

2376 3466 2481 3520 fert
2505 3463 2779 3529 (Clemens
2805 3463 3230 3536 Alexandrinus)
3264 3468 3417 3521 testi-

2376 3554 2564 3610 monia
2596 3554 3007 3625 Scripturarum
3045 3571 3165 3625 quae
3194 3570 3223 3609 a
3273 3572 3414 3611 non-

2381 3652 2548 3706 nullis
2573 3650 2929 3719 repudiantur
2952 3669 2966 3705 :
2998 3666 3194 3720 nempe
3213 3666 3275 3705 ex
3313 3649 3415 3705 Sa-

2381 3743 2583 3813 pientia
2615 3757 2738 3812 quae
2761 3741 2963 3797 dicitur
2985 3741 3315 3805 Salomonis,
3360 3754 3411 3798 et

2373 3848 2441 3886 ex
2505 3831 2783 3902 Sapientia
2841 3830 2971 3886 Jesu
3042 3831 3137 3884 filii
3181 3829 3408 3898 Sirach;

2368 3930 2497 3983 item
2536 3943 2601 3982 ex
2648 3927 2892 3997 Epistola
2933 3927 3001 3980 ad
3046 3925 3328 3993 Hebrazos,
3356 3935 3411 3980 et

2368 4034 2436 4074 ex
2465 4018 2743 4085 Barnabas,
2776 4018 3096 4085 Clementis,
3150 4017 3410 4090 Judzeque

2365 4108 2635 4181 epistolis.

958 4305 1230 4363 CYRILLUS
1256 4305 1801 4376 Hierosolymitanus,
1831 4305 2120 4365 Cateches.
2152 4328 2309 4381 xvm,
2337 4328 2459 4385 cap.
2500 4313 2556 4381 8,

1292 4400 1423 4455 edit.
1454 4397 1657 4464 Paris.,
1692 4399 1857 4467 1720,
1888 4402 2164 4487 pag.288,
2192 4403 2255 4460 ι).

218 4514 372 4588 ᾜδει
414 4513 546 4577 Θεὸς
574 4514 682 4567 τῶν
718 4513 1018 4586 ἀνθρώπων
1058 4515 1154 4587 τήν
1182 4515 1459 4578 ἀπιστίαν,
1491 4514 1584 4568 καὶ¹
1633 4514 1727 4587 δρ-
1758 4523 1782 4577 ε

1901 4515 2138 4573 Noverat
2160 4518 2306 4576 Deus
2357 4520 2499 4576 hanc
2523 4520 2805 4576 hominum
2841 4523 2898 4577 in
2926 4522 3201 4579 credendo
3226 4528 3409 4594 pervi-

156 4614 266 4659 νεον
281 4610 359 4669 είς
375 4605 530 4659 τοῦτο
545 4607 964 4679 κατειργάσατο,
986 4608 1200 4677 φοίνικα
1210 4608 1270 4663 οὖ
1277 4627 1351 4661 τω
1364 4607 1719 4679 καλούμενον.

155 4699 338 4764 Τοῦτο,
390 4700 466 4763 ὡς
495 4700 698 4771 γράφει
726 4700 975 4772 Κλήμης,
1024 4702 1119 4754 καὶ
1148 4700 1419 4774 ἱστοροῦσι
1452 4700 1719 4765 πλείονες,

159 4793 435 4862 μονογενὲς
454 4792 718 4864 ὑπάρχον,
734 4792 873 4845 κατὰ
889 4792 985 4864 τὴν
998 4794 1307 4861 Αἰγυπτίων
1337 4792 1518 4864 χώραν
1548 4795 1604 4846 ὲν
1627 4811 1721 4846 πε-

156 4884 335 4954 ρώδοις

159 5346 255 5399 πῶν
295 5350 633 5420 ἀρωμάτων,
677 5348 770 5401 καὶ
799 5348 857 5401 ἐν
898 5350 964 5419 τῇ
1011 5347 1397 5421 συμπληρώσει
1429 5349 1537 5403 τῶν
1582 5347 1718 5400 ὲτῶν

154 5441 217 5501 tl;
254 5442 441 5495 τοῦτον
488 5437 751 5503 εἰσελθὸν,
779 5440 1002 5511 τελευτᾷ
1042 5441 1288 5511 φανερῶς
1316 5443 1410 5495 καὶ
1452 5442 1714 5513 σήπεται·

152 5526 246 5586 εἶτα
291 5537 355 5587 ἐκ
406 5534 515 5603 τῆς
568 5533 834 5603 σαπείσης
879 5532 1082 5603 σαρκὸς
1121 5530 1217 5585 τοῦ
1260 5533 1715 5605 τελευτήσαντος,

152 5624 338 5696 σκώληξ
363 5644 453 5689 τις
482 5626 766 5694 γεννᾶται·
798 5624 891 5676 καὶ
934 5615 1089 5687 οὗτος
1118 5623 1390 5695 αὐξηθεὶς,
1425 5628 1503 5689 εἰς
1531 5626 1716 5697 ὄρνεον

151 5719 451 5789 μορφοῦται.
505 5716 819 5787 Paucisque
848 5715 1184 5786 interjectis:
1233 5713 1364 5771 Εἶτα
1409 5720 1715 5790 πτεροφυή-

386 4884 764 4939 πεντακοσίων
808 4885 941 4938 ὲτῶν
984 4885 1298 4957 ἐρχόμενον,
1342 4885 1578 4938 δείκνυσι
1622 4884 1720 4956 τὴν

154 4975 453 5030 ἀνάστασιν·
504 4976 608 5031 οὐκ
647 4978 708 5029 ὲν
740 4977 968 5049 ἐρήμοις
1008 4978 1213 5043 τόποις,
1245 4978 1331 5031 ἵνα
1364 4977 1438 5050 μὴ
1478 4978 1715 5049 ἀγνοηθῇ

156 5068 208 5119 τὺ
234 5070 525 5141 μυστήριον
552 5068 856 5139 γινόμενον,
886 5068 997 5122 ἀλλ’
1029 5071 1088 5122 ὲν
1121 5073 1329 5142 φανερᾷ
1359 5071 1508 5123 πόλει
1539 5089 1721 5142 παρα-

158 5160 444 5230 γενόμενον,
490 5162 580 5214 ἴνα
628 5160 920 5232 ψηλαφηθῇ
966 5160 1029 5213 τὸ
1065 5162 1482 5233 ἀπιστούμενον.
1544 5162 1718 5232 Σηκὸν

158 5252 249 5323 γὰρ
271 5255 445 5325 ἑαυτῷ
472 5254 712 5324 ποιῆσαν
741 5255 805 5307 ἐκ
831 5253 1048 5308 λιϐάνου
1077 5255 1171 5307 καὶ
1212 5256 1476 5328 σμύρνης,
1500 5256 1594 5308 καὶ
1609 5256 1719 5309 λοι-

1823 5538 1963 5592 ritur
2012 5536 2186 5606 palam
2242 5549 2306 5588 ac

1829 4611 2060 4675 caciam,
2093 4618 2256 4682 atque
2286 4611 2354 4667 ad
2381 4612 2434 4667 id
2489 4629 2643 4669 avem
2689 4616 3049 4684 comparavit,
3093 4617 3402 4686 phaanicetn

1832 4706 2178 4775 appellatam.
2210 4704 2356 4772 Haec,
2391 4714 2450 4761 ut
2493 4708 2683 4763 scribit
2713 4709 2989 4771 Clemens,
3018 4708 3219 4777 aliique
3248 4723 3403 4761 com-

1830 4799 2017 4867 plures
2061 4809 2309 4861 narrant,
2343 4814 2469 4853 cum
2516 4800 2587 4855 sit
2626 4801 2881 4870 unigena,
2915 4801 2967 4853 in
3020 4798 3401 4870 {Egyptiorum

1828 4890 2105 4958 regionem
2153 4889 2466 4959 quingentis
2509 4889 2821 4960 quibusque
2873 4888 3033 4941 annis
3081 4887 3399 4951 adveniens,

1827 4979 2287 5034 resurrectionem
2316 4979 2556 5035 ostendit
2591 4998 2603 5035 :
2645 4994 2755 5033 non
2784 4978 2837 5031 in
2865 4977 3099 5033 desertis
3127 4977 3284 5038 locis,
3332 4994 3402 5033 ne

1826 5084 1916 5123 res
1940 5070 2031 5122 illa
2069 5068 2389 5139 mysterium
2422 5069 2587 5135 facta,
2613 5070 2834 5134 lateret;
2861 5067 2954 5122 sed
2982 5068 3035 5121 in
3068 5069 3202 5123 urbe
3264 5082 3399 5122 con-

1820 5165 2007 5235 spicua
2023 5173 2343 5234 praesentem
2375 5181 2435 5221 se
2464 5166 2690 5227 sistens,
2732 5170 2793 5217 ut
2833 5178 2998 5217 manu
3030 5171 3401 5219 contrectetur

1825 5257 1970 5326 qnod
2002 5256 2207 5327 alioqui
2244 5255 2403 5311 ﬁdem
2439 5272 2551 5310 non
2580 5253 2872 5309 inveniret.
2899 5253 3231 5310 Constructo
3253 5254 3395 5307 enim

1826 5350 1932 5403 sibi
1954 5365 2017 5405 ex
2048 5350 2230 5417 thure,
2269 5348 2491 5420 myrrha
2517 5347 2840 5414 exterisque
2870 5348 3207 5401 aromatibus
3244 5345 3394 5408 nido,

1826 5442 1883 5497 in
1914 5443 2061 5497 hunc
2091 5444 2305 5512 eXpleto
2334 5454 2604 5495 annorum
2635 5440 2914 5495 curriculo
2940 5440 3255 5509 ingrediens
3275 5452 3395 5491 mo-

2364 5532 2649 5604 putrescit.
2711 5531 2915 5589 Deinde
2972 5548 3038 5587 ex
3093 5528 3396 5602 putrefacta

1824 5636 2055 5682 mortuae
2097 5625 2213 5680 avis
2244 5639 2408 5678 carne
2439 5622 2641 5678 vermis
2673 5623 2893 5694 quidam
2927 5623 3240 5687 enascitur;
3278 5618 3396 5672 hic-

1823 5734 1928 5788 que
1960 5724 2310 5788 augmentum
2333 5714 2575 5786 capiens,
2616 5714 2669 5768 in
2695 5715 2969 5770 volucrem
2994 5710 3389 5768 conformatur.
