3832 6276
477 328 544 382 59
1572 326 1658 380 AD
1700 326 1757 380 S.
1798 325 2000 378 CLEMI

2103 327 2210 380 ἘΜ
2248 328 2267 382 ι
2304 328 2527 383 PAPAM
3581 323 3642 375 ιω

481 454 578 499 σας
617 437 645 487 6
694 435 1078 506 προειρημένος
1121 436 1307 504 φοῖνιξ,
1351 437 1441 487 καὶ
1485 434 1681 497 τέλειος
1714 428 1822 495 οἷος
1872 430 1939 505 ἦν
1981 436 2000 486 ἐ

2113 438 2400 510 Paucisque
2450 441 2727 509 interjectis
2768 457 2787 495 .'

476 527 755 599 πρότερος,
788 526 958 595 φοῖνιξ
1001 527 1296 596 γενόμενος,
1337 527 1616 577 ἀνίπταται
1654 524 1887 586 τοιοῦτος
1932 527 2009 585 είς

475 618 611 688 άέρα
631 655 646 680 ,
693 612 801 679 οἷος
848 618 939 669 καὶ
985 616 1371 685 ἐτετελευτήκει
1417 613 1751 683 σαφεστάτην
1803 614 2005 683 νεκρῶν

474 707 763 761 ἀνάστασιν
792 706 1090 778 ἀνθρώποις
1115 705 1396 768 ἐπιδείξας.

2844 442 3040 497 Postea
3095 437 3331 509 phmnix
3372 435 3644 504 przedictns

2111 525 2411 593 plumescit,
2443 527 2833 597 perfectusque,
2864 529 3040 597 qualis
3072 534 3197 580 erat
3226 524 3404 594 prior,
3442 523 3645 592 phoenix

2111 614 2301 680 factus,
2330 616 2384 667 in
2413 629 2535 668 aera
2559 616 2679 669 talis
2706 618 2901 680 avolat,
2940 617 3120 685 qualis
3154 621 3282 669 erat
3336 627 3455 664 cum
3485 626 3647 665 more-

2108 713 2274 767 retur,
2321 705 2772 758 evidentissimam
2811 715 3151 759 mortuorum
3197 699 3645 755 resurrectionem

2105 789 2410 845 hominibus
2434 801 2729 849 ostentans.
2757 793 2923 860 Epist.
2952 795 3003 856 1,
3028 808 3151 860 cap.
3181 790 3277 845 25.

2010 881 2094 935 Vl.

1229 976 1568 1037 EPIPBANIUS,
1591 974 1805 1028 Advers.
1846 972 2248 1040 Carpocrasios,
2280 973 2480 1028 Hmrcsi
2507 976 2594 1039 27,
2620 993 2767 1031 num.
2815 976 2866 1033 6.

545 1071 702 1138 Λέγει
732 1069 837 1141 γὰρ
867 1071 924 1123 ἐν
956 1070 1052 1139 μιᾷ
1077 1067 1182 1121 τῶν
1210 1067 1501 1120 ἐπιστολῶν
1528 1064 1688 1119 αὑτοῦ
1706 1082 1719 1095 ο
1765 1065 2013 1131 Ἀναχω-

2183 1063 2317 1117 Dicit
2340 1066 2480 1118 enim
2508 1065 2795 1136 (Clemens)
2822 1067 2873 1119 in
2904 1083 3010 1120 una
3024 1065 3393 1134 epistularum
3421 1073 3646 1116 suarum:

465 1162 573 1230 ρῶ,
597 1162 811 1229 ἄπειμι,
834 1161 889 1213 ἐν
903 1158 1168 1224 σταθήτω
1186 1161 1219 1211 ό
1236 1159 1382 1222 λαὸς
1407 1157 1510 1209 τοῦ
1532 1157 1695 1209 Θεοῦ·
1727 1154 1836 1207 τισὶ
1859 1153 2000 1206 τοῦτ(

2110 1151 2323 1215 Recedo,
2355 1154 2498 1218 abeo,
2531 1157 2683 1209 instet
2741 1156 2960 1223 populus
3007 1155 3141 1216 Dei;
3190 1152 3474 1207 nonnullis
3513 1150 3651 1202 vide-

477 1251 875 1322 συμϐουλεύων⁸
919 1249 1145 1320 εὕρομεν
1184 1247 1290 1318 γὰρ
1330 1247 1385 1299 έν
1426 1262 1564 1299 τισιν
1607 1246 2011 1314 ὑπομνηματισ-

478 1343 593 1411 μοῖς
620 1341 772 1392 τοῦτο
792 1339 1116 1409 ἐγκείμενον.

2110 1243 2232 1295 licet
2279 1243 2379 1296 hoc
2430 1246 2586 1297 modo
2626 1245 2914 1298 consulens
2966 1263 2979 1298 :
3034 1259 3164 1297 nam
3222 1242 3280 1294 in
3338 1234 3647 1309 quibusdam

2107 1332 2506 1395 commentariis
2558 1332 2630 1385 ita
2677 1334 2932 1401 scriptum
2994 1332 3337 1401 reperimus.
3392 1327 3558 1396 Epist.
3602 1326 3647 1388 l,

2105 1436 2223 1488 cap.
2247 1422 2333 1475 54.

1390 1535 1537 1595 lusu,
1561 1533 1773 1586 Advers.
1810 1528 2101 1588 Ebiouaros,
2127 1526 2322 1582 [heresi
2349 1529 2435 1593 50,
2474 1545 2621 1583 num.
2656 1530 2739 1584 15.

542 1632 708 1694 Ᾱύτδς
740 1631 967 1701 Κλήμης
995 1629 1188 1691 αὐτοὺς
1216 1626 1352 1681 κατὰ
1381 1626 1552 1678 πάντα
1581 1621 1693 1689 ἐλέγ
1704 1637 1783 1690 χει
1810 1619 1901 1686 ἀφ’
1932 1612 2004 1669 ὧν

470 1722 698 1793 εγραψεν
740 1718 1031 1793 ἐπιστολῶν
1076 1718 1389 1786 ἐγκυκλίων,
1429 1714 1532 1767 τῶν
1579 1714 1635 1764 ἐν
1666 1712 1781 1771 ταῖς
1828 1707 2003 1775 ἁγίαις

474 1792 813 1878 Ἐκκλησίαιξ
844 1804 1368 1874 ἀναγινωσκομένων,
1407 1803 1485 1854 ὅτι
1512 1800 1665 1856 ἄλλον
1697 1802 1805 1869 ἔχει
1831 1817 1998 1870 χαρα-

466 1904 641 1973 κτῆρα
667 1905 698 1970 ή
728 1897 913 1951 ἐαυτοῦ
962 1895 1137 1956 πίστις
1169 1894 1260 1946 καὶ
1293 1894 1320 1944 6
1351 1892 1534 1959 λόγος,
1595 1889 1741 1961 παρά
1786 1890 1852 1943 τὰ
1896 1890 1999 1941 ὑπὸ

466 1991 663 2044 τούτων
696 1992 772 2051 είς
801 1988 964 2057 ὄνομα
988 1984 1144 2037 αὑτοῦ
1184 1985 1240 2034 ἐν
1267 1985 1383 2043 ταῖς
1422 1980 1717 2047 Περιόδοις
1759 1979 1997 2033 νενοθευ-

470 2068 637 2150 μένα·
667 2080 825 2140 αὐτὸς
853 2077 956 2148 γὰρ
989 2073 1276 2145 παρθενίαν
1300 2072 1575 2133 διδάσκει,
1614 2070 1706 2123 καὶ
1745 2069 1893 2121 αὐτοὶ
1938 2070 1998 2121 ού

465 2166 733 2235 δέχονταιο
765 2165 921 2226 αὐτὸς
947 2163 1053 2232 γὰρ
1085 2159 1410 2229 ἐγκωμιάζει
1447 2157 1659 2222 Ἠλίαν,
1703 2158 1794 2211 καὶ
1817 2158 1997 2215 Δασὶδ.

471 2253 562 2303 καὶ
604 2252 856 2322 Σαμψὼν,
888 2254 979 2305 καὶ
1010 2252 1212 2313 πάντας
1242 2252 1365 2312 τοὺς
1394 2249 1691 2319 προφήτας,
1731 2242 1822 2303 οὒς
1858 2235 1999 2291 οὗτοι

472 2339 848 2409 βδελύττονται.

2177 1616 2423 1672 Clemens
2467 1619 2578 1688 ipse
2642 1621 2887 1675 omnibus
2927 1620 3048 1674 illos
3097 1615 3440 1689 (Ebionzeos)
3485 1616 3647 1669 modis

2108 1706 2376 1775 redarguit
2404 1708 2469 1761 iis
2498 1710 2737 1777 epistolis
2771 1710 3154 1769 circularibus,
3186 1723 3314 1775 mite
3339 1706 3406 1759 ab
3433 1720 3497 1759 eo
3521 1707 3650 1760 scri-

2105 1802 2205 1863 pta:
2251 1796 2305 1849 in
2354 1800 2714 1852 sacrosanctis
2744 1800 2999 1854 Ecclesiis
3040 1800 3324 1867 leguntur.
3355 1795 3433 1848 Ex
3459 1794 3645 1862 quibus

2104 1893 2333 1948 constat,
2369 1887 2521 1956 longe
2570 1890 2636 1941 ab
2682 1890 2748 1942 iis
2793 1903 2912 1956 quae
2957 1889 3009 1941 in
3042 1882 3378 1939 Circuitibus
3421 1885 3527 1938 illis
3552 1884 3646 1936 sub

2104 1974 2220 2041 ejus
2250 1976 2468 2030 nomine
2498 1977 2795 2031 adulterina
2823 1985 3057 2039 exstant,
3091 1977 3246 2029 illius
3277 1975 3433 2028 fidem
3460 1988 3521 2026 ac
3540 1988 3645 2026 ser-

2106 2078 2314 2117 monem
2361 2066 2719 2121 abhorruisse.
2747 2068 2953 2120 Etenim
2987 2066 3364 2135 virginitatem
3406 2063 3645 2117 Clemens

2102 2153 2337 2215 edocuit,
2365 2164 2417 2207 et
2441 2156 2528 2208 isti
2564 2157 2882 2224 repudiant:
2922 2154 3011 2209 ille
3059 2154 3265 2219 Eliam,
3298 2151 3551 2206 Davidem
3594 2159 3644 2203 et

2103 2236 2448 2307 Sampsonem
2472 2256 2762 2311 omnesque
2792 2242 3082 2311 prophetas
3106 2240 3492 2304 commendat,
3514 2254 3644 2308 quos

2101 2322 2152 2374 bi
2184 2323 2538 2381 detestantur.

1978 2452 2089 2506 γη.

919 2558 1277 2621 Hisnouruus,
1314 2558 1417 2613 lib.
1451 2557 1520 2610 De
1541 2555 1661 2609 viris
1682 2549 1993 2607 illustribus,
2025 2557 2144 2611 cap.
2178 2545 2262 2606 15,
2296 2561 2417 2599 cum
2450 2558 2624 2602 vetere
2654 2548 2836 2603 Graeco
2866 2552 3189 2621 interprete.

538 2638 801 2710 Κλήμης,
842 2643 969 2713 περὶ
994 2637 1055 2694 οὗ
1090 2643 1294 2707 Παῦλος
1316 2647 1344 2697 6
1392 2646 1701 2709 Ἀπὸστολος
1733 2648 1865 2718 πρὸς
1910 2650 2007 2703 Φιά

469 2727 787 2799 λιππησίους
830 2732 1071 2800 γράφων,
1102 2732 1280 2799 λέγει’
1307 2735 1465 2787 Μετὰ
1499 2735 1596 2787 καὶ
1636 2734 2003 2805 Κλήμεντος,

468 2817 610 2881 κτλ.,
645 2818 899 2889 τέταρτος
929 2821 1061 2889 μετὰ
1082 2822 1279 2891 Πέτρον
1311 2823 1519 2893 Ῥώμης
1545 2825 1860 2889 ἐπίσκοπος·
1889 2828 2005 2880 δεύ-

466 2921 620 2976 τερος
649 2904 756 2975 γὰρ
787 2909 941 2969 Λίνος
970 2908 1196 2973 ἐγένετο,
1230 2909 1406 2978 τρίτος
1445 2911 1809 2981 Ἀνέγκλητος,
1844 2916 1892 2965 εί
1912 2917 2003 2967 καὶ

466 2995 646 3048 πολλοὶ
669 2994 775 3047 τῶν
824 2994 1099 3064 Ῥωμαίων
1121 2997 1568 3065 ὑπολαμϐάνουσι,
1593 3000 1836 3072 δεύτερον
1866 3003 2000 3072 μετὰ

464 3086 553 3138 τὸν
584 3085 871 3137 ἀπόστολον
900 3086 1097 3156 Πέτρον
1125 3087 1441 3155 γεγενῆσθαι
1462 3089 1765 3159 Κλήμεντα.
1806 3094 2003 3165 Ἔγρα-

463 3175 560 3245 ψεν
592 3177 656 3227 ἐκ
694 3175 979 3245 προσώπου
1011 3177 1108 3245 τῆς
1152 3176 1466 3245 Ἐκκλησίας
1505 3179 1717 3250 Ῥώμης
1744 3183 1875 3251 πρὸς
1905 3183 2001 3254 τὴν

463 3267 521 3320 ὲν
547 3266 791 3335 Κορίνθῳ
832 3263 1148 3335 Ἐκκλησίαν
1181 3266 1458 3335 ἐπιστολὴν
1492 3268 1628 3320 πάνυ
1652 3270 1958 3342 θαυμαστὴν
1982 3311 1998 3336 ,

462 3355 583 3426 ἥτις
616 3358 672 3408 ἐν
700 3359 945 3426 φανεροῖς
966 3356 1145 3417 τόποις
1175 3356 1402 3428 δημοσίᾳ
1450 3358 1893 3425 ἀναγινώσκεται,
1925 3361 1999 3430 τῷ

462 3447 765 3517 χαρακτῆρι
807 3447 902 3516 τῆς
947 3447 1079 3516 πρὸς
1121 3447 1395 3516 Ἐϐραίους
1437 3448 1743 3518 Ἐπιστολῆς
1792 3450 1999 3502 Παύλου

464 3536 775 3606 συνᾴδουσα,
809 3536 867 3587 οὑ
893 3537 1047 3606 μόνον
1073 3537 1350 3606 νοήμασιν,
1383 3537 1517 3591 ἀλλὰ
1544 3540 1635 3592 καὶ
1664 3539 1857 3608 λόγοις.
1893 3542 2006 3595 Καὶ

465 3622 644 3683 ἁπλῶς
676 3622 898 3690 μεγίστη
938 3621 1083 3672 ἐστὶν
1111 3622 1167 3673 ἐν
1199 3620 1427 3689 ἑκατέρα
1470 3620 1736 3689 ὁμοίωσις.
1776 3621 1993 3691 Φέρεται

465 3711 555 3763 καὶ
596 3711 752 3780 ἑτέρα
799 3709 858 3774 ἐξ
908 3710 1164 3779 ὀνόματος
1204 3709 1364 3761 αὑτοῦ
1404 3703 1540 3760 εἶναι
1577 3709 1844 3779 ἐπιστολὴ,
1878 3711 1994 3779 ἥτις

464 3800 611 3869 παρὰ
642 3800 852 3851 πάντων
876 3798 1344 3869 άποδοκιμάζεται.
1392 3799 1499 3851 Καὶ
1525 3798 1761 3864 διάλογος
1792 3800 1990 3869 Πέτρου

464 3890 555 3939 καὶ
595 3888 847 3950 Ἀπίωνος
889 3887 1079 3958 μακρῷ
1105 3887 1243 3957 λόγῳ
1280 3890 1613 3954 συνταγεῖσα,
1655 3889 1837 3956 ἥντινα
1891 3889 1993 3941 Εὐ-

408 4016 415 4041 ,
460 3963 635 4026 σέϐιος
669 3963 877 4016 εὐθύνει
918 3966 976 4017 ἐν
1001 3964 1076 4035 τῷ
1107 3963 1271 4035 τρίτῳ
1324 3963 1422 4033 τῆς
1476 3963 1997 4037 Ἐκκλησιαστικῆς

457 4052 718 4120 ἱστορίας
748 4054 942 4123 τεύχει.
965 4055 1194 4124 Τελευτᾷ
1218 4054 1293 4124 τῷ
1320 4055 1483 4125 τρίτῳ
1525 4056 1751 4126 ἐνιαυτῷ
1792 4056 1995 4125 Τραϊα-

463 4141 572 4204 νοῦ,
595 4142 684 4194 καὶ
711 4142 806 4212 τὴν
820 4143 1003 4195 τούτου
1029 4146 1238 4213 μνήμην
1257 4146 1380 4215 ἄχρι
1395 4147 1624 4216 τήμερον
1637 4147 1702 4213 ,ὲν
1718 4147 1781 4215 τῇ
1813 4144 1993 4217 Ῥώμῃ

463 4233 866 4303 οἰκοδομηθεῖσα
900 4234 1156 4303 ἐκκλησία
1186 4235 1461 4303 φυλάττει.

2166 2632 2431 2695 Clemens,
2463 2637 2527 2690 de
2552 2654 2657 2706 quo
2684 2641 2957 2707 apostolus
3003 2640 3210 2697 Paulus
3235 2643 3306 2695 ad
3339 2641 3643 2715 Philippen-

2098 2738 2186 2777 ses
2233 2726 2329 2794 (Iv,
2360 2726 2413 2795 ὅ)
2444 2728 2684 2782 scribens
2729 2730 2801 2781 ait
2841 2731 3012 2784 :Cum
3056 2732 3327 2787 Clemente
3357 2742 3406 2787 et
3446 2738 3645 2789 cwteris

2094 2815 2507 2879 cooperatoribus
2537 2818 2682 2879 meis,
2708 2834 2924 2886 quorum
2950 2822 3166 2872 nomina
3189 2823 3395 2890 scripta
3423 2833 3546 2876 sunt
3591 2825 3643 2877 in

2094 2898 2226 2949 libro
2252 2899 2366 2950 vita:
2399 2915 2418 2952 :
2459 2908 2680 2967 quartus
2708 2909 2827 2968 post
2842 2901 3060 2956 Petrum
3098 2903 3290 2959 Roma:
3315 2907 3602 2979 episcopus
3623 2927 3644 2966 :

2094 2986 2356 3053 siquidem
2390 2989 2663 3043 secundus
2700 2989 2868 3044 Linus
2900 2991 3020 3053 fuit,
3067 2996 3270 3050 tertius
3314 2997 3643 3067 Anacletus;

2096 3076 2305 3128 tametsi
2332 3075 2568 3144 plerique
2585 3076 2917 3144 Latinorum,
2942 3082 3247 3136 secundum
3280 3096 3404 3154 post
3425 3085 3645 3142 Petrum1

2096 3165 2394 3232 apostolum
2454 3172 2641 3234 putent
2678 3166 2845 3222 fuisse
2894 3168 3252 3225 Clementem.
3308 3173 3543 3245 Scripsit
3574 3191 3641 3231 ex

2092 3271 2319 3325 persona
2350 3255 2601 3312 Romana:
2624 3258 2875 3313 Ecclesia
2910 3261 2975 3313 ad
2998 3260 3305 3318 Ecclesiam
3338 3266 3649 3321 Corinthio;

2091 3360 2208 3398 rum
2230 3346 2380 3399 valde
2410 3347 2592 3400 utilem
2622 3348 2925 3417 epistolam,
2950 3366 3071 3419 quae
3091 3360 3148 3405 et
3175 3354 3233 3406 in
3259 3357 3542 3411 nonnullis
3564 3356 3640 3410 lo-

2090 3435 2170 3489 cis
2222 3436 2432 3506 publice
2476 3438 2686 3507 legitur,
2713 3454 2830 3506 qua:
2878 3440 3007 3493 mihi
3066 3442 3289 3496 videtur
3338 3444 3645 3500 characteri

2085 3522 2349 3592 Epistolze,
2368 3542 2484 3595 qua:
2509 3528 2608 3580 sub
2633 3527 2782 3581 Pauli
2813 3530 3028 3584 nomine
3057 3532 3122 3585 ad
3153 3532 3412 3588 Hebraeos
3444 3536 3638 3599 fertur,

2089 3615 2528 3671 convenire.ISed
2557 3623 2610 3670 et
2658 3617 2839 3671 multis
2866 3619 2933 3673 de
2986 3620 3176 3674 eadem
3220 3624 3478 3693 epistola,
3532 3628 3646 3679 non"

2089 3705 2258 3758 solum
2280 3706 2547 3772 sensibus,
2572 3705 2666 3761 sed
2678 3706 2829 3775 juxta
2846 3708 3129 3762 verborum
3151 3728 3371 3781 quoque
3388 3712 3639 3767 ordinem

2059 3812 2061 3816 ‘
2089 3796 2341 3848 abutitur.
2367 3794 2596 3849 Omnino
2615 3797 2830 3865 grandis
2860 3798 2912 3850 in
2946 3808 3176 3867 utraque
3204 3803 3513 3857 similitudo
3535 3814 3635 3857 est.

2086 3885 2274 3939 Fertur
2301 3892 2353 3939 et
2394 3885 2626 3940 secunda
2647 3886 2763 3955 ejus
2786 3890 2999 3941 nomine
3025 3889 3283 3956 epistola,
3317 3908 3442 3961 quae
3489 3909 3517 3947 a
3546 3902 3641 3948 νει-⁷

2088 3978 2289 4030 teribus
2328 3977 2662 4045 reprobatur.
2704 3977 2768 4030 Et
2811 3979 3099 4045 disputatio
3133 3979 3282 4034 Petri
3313 3990 3370 4036 et
3408 3982 3651 4053 Apionii'

2086 4069 2242 4134 longo
2269 4081 2513 4121 sermone
2546 4068 2867 4136 conscripta,
2890 4083 3046 4135 quam
3076 4069 3349 4126 Eusebius
3384 4073 3437 4125 in
3472 4075 3637 4127 tertio

2090 4153 2339 4209 Historia:
2376 4157 2735 4214 ecclesiastica:
2767 4159 3034 4213 volumine
3054 4164 3317 4230 coarguit.
3356 4164 3507 4218 Obiit
3528 4175 3639 4218 ter-

2086 4247 2160 4302 tio
2187 4247 2400 4314 Trajani
2429 4263 2588 4310 anno,
2613 4254 2665 4301 et
2691 4247 2919 4301 nominis
2940 4248 3055 4314 ejus
3089 4254 3411 4306 memoriam
3459 4271 3637 4324 usque

2085 4338 2241 4392 hodie
2273 4336 2452 4389 Romae
2484 4345 2752 4391 exstructa
2805 4337 3030 4391 ecclesia
3057 4342 3315 4394 custodit.

1448 4442 1595 4507 Ῑυεδιν
1620 4446 1712 4500 lib.
1740 4463 1754 4500 ι
1782 4451 1979 4509 adve’rs.
2042 4453 2393 4511 Jovinianum,
2426 4465 2543 4516 cap.
2570 4449 2619 4504 7.

532 4527 606 4579 Ad
631 4528 728 4581 hos
759 4527 1078 4601 (eunuchos)
1102 4541 1155 4587 et
1183 4533 1426 4589 Clemens
1453 4550 1738 4591 successor
1758 4547 1985 4610 apostoli
2011 4546 2171 4607 Petri,
2204 4544 2358 4608 cujus
2380 4541 2576 4593 Paulus
2599 4541 2870 4607 apostolus
2922 4540 3165 4593 meminit
3200 4539 3426 4611 (Philip.
3462 4561 3540 4611 tv,
3574 4542 3642 4617 3):

460 4614 648 4667 scribit
666 4614 946 4681 epistolas,
981 4631 1299 4687 omnemque
1328 4635 1461 4687 pene
1478 4636 1775 4678 sermonem
1800 4644 1955 4682 suum
1978 4632 2043 4684 de
2065 4628 2387 4700 virginitatis
2409 4626 2638 4695 puritate
2663 4628 2954 4680 contexuit.

1455 4708 1604 4772 IDEII,
1633 4713 1724 4766 lib.
1755 4731 1845 4768 xw
1876 4717 2160 4773 Comment.
2187 4719 2238 4770 in
2266 4716 2376 4770 Isa.
2409 4727 2502 4776 LII,
2530 4715 2613 4766 15-

527 4794 769 4848 Clemens
822 4794 904 4846 vir
949 4796 1293 4863 apostolicus,
1320 4799 1410 4865 qui
1469 4809 1588 4867 post
1633 4800 1844 4856 Petrum
1896 4809 2034 4860 rexit
2080 4808 2393 4867 Ecelesiam,
2446 4804 2631 4856 scribit
2677 4804 2743 4858 ad
2797 4803 3147 4859 Corinthios:
3190 4804 3469 4872 Sceptrum
3523 4814 3635 4869 Dei

459 4884 708 4939 Dominus
736 4881 887 4935 Iesus
923 4882 1185 4948 Christus,
1219 4901 1318 4938 non
1360 4888 1493 4939 venit
1533 4890 1586 4940 in
1618 4889 1881 4956 jactantia
1906 4895 2175 4962 superbiae,
2206 4908 2320 4945 cum
2347 4892 2509 4961 possit
2550 4893 2743 4956 omnia,
2774 4884 2866 4947 sed
2910 4894 2962 4945 in
2990 4892 3299 4947 humilitate.
3333 4893 3521 4966 Epist.
3566 4907 3623 4971 1,

456 4992 576 5045 cap.
604 4974 690 5027 16.

1316 5041 1466 5105 lusu,
1498 5045 1589 5098 lib.
1624 5060 1639 5097 ι
1674 5044 1957 5105 Comment.
1985 5051 2040 5104 in
2060 5049 2223 5117 Epist.
2259 5046 2325 5100 ad
2358 5045 2563 5112 Ephes.,
2597 5062 2656 5101 tt.
2687 5034 2741 5102 3.

524 5134 821 5201 Quatrimus
846 5149 1055 5203 quoque
1088 5138 1218 5204 quid
1248 5137 1355 5190 sit:
1383 5136 1445 5188 In
1481 5137 1664 5205 quibus
1711 5140 1988 5207 aliquando
2018 5142 2324 5194 ambulastis
2350 5140 2628 5194 secundum
2666 5138 2910 5196 siccatum
2939 5138 3114 5192 mundi
3137 5135 3289 5208 hujus
3322 5157 3342 5194 .'
3393 5146 3627 5207 utrum-4

453 5239 577 5280 nam
611 5233 664 5278 et
702 5220 843 5274 aliud
871 5224 1119 5276 saeculum
1144 5225 1233 5288 sit,
1263 5223 1403 5291 quod
1439 5239 1543 5276 non
1573 5226 1836 5292 pertineat
1888 5228 1952 5279 ad
1993 5227 2249 5280 mundum
2297 5227 2481 5289 istum,
2534 5234 2625 5282 sed
2670 5228 2736 5281 ad
2784 5226 3008 5280 mundos
3038 5227 3289 5289 alios,'dc
3315 5234 3534 5297 quibus
3558 5250 3619 5294 et

451 5312 698 5368 Clemens
725 5314 779 5366 in
801 5311 1034 5381 Epistola
1064 5329 1161 5366 sua
1187 5315 1409 5368 scribit:
1443 5312 1693 5378 Oceanus,
1725 5324 1772 5366 et
1803 5316 1979 5369 mundi
2011 5317 2098 5385 qui
2128 5326 2272 5369 trans
2296 5317 2462 5382 ipsum
2491 5327 2631 5375 sunt.
2653 5319 2818 5387 Epist.
2850 5316 2903 5381 1,
2930 5329 3046 5383 cap.
3082 5314 3171 5374 20.

1522 5402 1671 5466 lusu,
1718 5404 1871 5469 i’bid.,
1897 5407 1990 5461 lib.
2022 5420 2082 5469 ll,
2116 5406 2182 5459 ad
2223 5420 2340 5473 cap.
2368 5422 2441 5468 tv,
2475 5408 2526 5464 1.

523 5490 690 5559 Cujus
714 5492 791 5545 rei
820 5501 869 5546 et
908 5489 1152 5547 Clemens
1184 5492 1249 5547 ad
1275 5492 1584 5549 Corinthios
1628 5496 1782 5550 testis
1811 5504 1894 5552 est
1922 5517 1937 5554 :
1996 5495 2262 5550 Vinculum
2290 5496 2559 5553 charitatis
2603 5498 2700 5553 Dei
2736 5498 2849 5569 quis
2886 5499 3070 5565 poterit
3098 5506 3387 5557 enarrare?
3417 5495 3616 5578 Epist:

456 5580 510 5646 1,
539 5595 655 5651 cap.
687 5580 772 5634 69.
