3870 6358
166 285 227 345 u
1407 273 1749 331 paomum
1790 271 2155 328 vsmonun
3363 280 3437 341 η

1720 385 1855 443 Vill.

170 490 698 554 Pmoolcs'rums,
760 502 857 544 seu
893 493 1088 543 auctor

1115 482 1479 551 Quwstionum
1498 491 1547 535 et
1578 482 1976 549 responsionum
2000 480 2068 533 ad
2101 478 2441 551 orthodoxos,
2480 476 2819 551 in_r_c_spons.
2845 474 2911 530 ad
2938 484 3131 546 quiest.
3170 474 3236 530 74
3267 474 3431 545 (inter

880 556 1055 627 Opera
1087 547 1153 610 SI
1176 553 1377 609 Justini
1406 547 1684 623 martyr-is,
1728 566 1755 621 ι]

1875 551 2002 615 469,
2037 551 2095 615 B,
2121 552 2250 607 edit.
2298 548 2471 603 Paris.
2507 547 2684 619 me).

232 662 294 730 Εἰ
336 676 439 746 τῆς
484 675 776 747 παρούσης
820 669 1207 733 καταστάσεως
1248 667 1311 722 τὸ
1349 666 1501 730 τέλος
1528 667 1673 719 ἐστὶν
1722 668 1755 737 ὴ

1933 665 1989 720 Si
2019 665 2309 735 prasentis
2334 680 2517 720 rerum
2540 671 2715 721 status
2744 664 2866 721 ﬁnis
2894 672 2979 721 est
3013 664 3301 736 impiorum
3334 676 3434 735 per

163 767 246 821 διὰ
301 768 395 822 τοῦ
437 767 609 836 πυρὸς
654 766 835 836 κρίσις
878 764 985 817 τῶν
1027 761 1257 826 ἀσεϐῶν,
1304 759 1448 815 καθά
1494 776 1659 830 φασιν
1698 759 1755 812 αἱ

1865 757 2041 827 ignem
2091 754 2379 825 judicium,
2429 763 2591 827 prout
2647 765 2921 813 testantur
2962 756 3261 828 Scriptura
3300 772 3431 827 pro-

162 853 376 931 Γραφαὶ
408 853 709 925 προφητῶν
732 869 790 906 τε
813 852 906 905 καὶ
937 852 1249 906 ἀποστόλων
1273 891 1287 915 ,
1322 851 1402 903 ἔτι
1427 850 1483 904 δέ
1515 850 1607 905 καὶ
1654 854 1755 925 τῆς

1860 852 2148 920 phetarum
2196 856 2251 903 et
2304 848 2715 918 apostolorum,
2766 860 2928 921 atque
2983 854 3149 905 etiam
3188 852 3427 923 Sibyllae.

162 948 440 1015 Σιδύλλης,
456 944 644 1008 καθώς
680 962 845 1016 φησιν
865 945 893 997 ὁ
922 945 1191 1016 μακάριος
1206 945 1436 1016 Κλήμης
1455 946 1511 998 ἐν
1531 949 1596 1017 τῇ
1618 947 1753 1019 πρὸς

160 1038 476 1110 Κορινθίους
516 1036 831 1107 Ἐπιστολῇ.

1860 950 1917 995 ut
1949 940 2025 994 ait
2065 940 2259 995 beatus
2289 938 2540 994 Clemens
2591 941 2645 995 in
2702 940 2943 1012 Epistola
2978 944 3043 997 ad
3091 944 3426 999 Corinthios.

1742 1152 1833 1207 IX.

1012 1245 1336 1301 Donormzus
1362 1246 1829 1313 Archimandrita,
1860 1247 2113 1302 doctrina
2135 1246 2226 1312 23,
2260 1249 2364 1303 sub
2405 1248 2586 1303 ﬁnem.

226 1362 315 1424 Ὦς
342 1358 493 1427 λέγει
516 1360 610 1413 καὶ
637 1361 666 1412 ὁ
680 1360 835 1429 ἆγιος
847 1360 1095 1431 Κλήμης·
1114 1361 1239 1413 Κᾶν
1251 1360 1334 1429 μὴ
1362 1362 1739 1429 angam-(Bm!

150 1468 256 1520 τις,
299 1453 465 1507 ἀλλὰ
502 1452 830 1521 σπουδάσῃ
861 1452 947 1523 μὴ
989 1455 1227 1523 μακρὰν
1272 1453 1583 1523 εὑρεθῆναι
1634 1454 1752 1508 τῶν

149 1562 416 1615 στεφανο
422 1547 675 1615 ιψένων.

1934 1363 2002 1420 Ut
2032 1366 2177 1421 enim
2206 1364 2282 1418 ait
2313 1370 2366 1417 et
2399 1372 2623 1419 sanctus
2652 1364 2903 1419 Clemens
2933 1385 2943 1417 :
2997 1365 3169 1417 Etiam
3220 1368 3267 1418 .ςὶ
3312 1368 3426 1433 quis

1862 1476 1965 1511 non
1997 1465 2294 1521 coronetur,
2324 1456 2531 1510 studeat
2564 1465 2735 1510 tamen
2760 1474 2859 1511 non
2890 1460 3071 1526 procul
3101 1476 3132 1511 a
3161 1463 3425 1513 coronatis

1857 1551 2094 1603 inrcnirt’.
2130 1548 2299 1618 Epist.
2336 1548 2392 1611 2,
2419 1564 2536 1618 cap.
2573 1547 2625 1600 7-

932 1792 1209 1849 Gaoncms
1255 1793 1570 1866 Syncellus,
1611 1795 1929 1866 Chronogr.,
1967 1814 2088 1868 pag.
2128 1797 2253 1863 544,
2300 1798 2435 1853 edit.
2474 1796 2651 1853 Paris.

212 1888 416 1943 Τούτου
447 1886 706 1959 ἐπιστολὴ
734 1888 768 1958 ἡ
804 1885 901 1956 μία
928 1886 1125 1956 γνησία
1157 1886 1465 1958 Κορινθίοις
1502 1887 1746 1958 φέρεται,

1930 1886 2105 1957 Hujus
2138 1888 2476 1958 (Clementis)
2529 1888 2759 1957 epistola
2818 1902 2937 1958 qua:
2970 1906 3127 1945 unica
3189 1894 3426 1961 genuina

146 1982 223 2046 ὡς
250 1982 359 2037 ἀπὸ
386 1981 489 2051 τῆς
519 1980 811 2051 Ῥωμαίων
844 1978 1167 2049 Ἐκκλησίας
1195 1981 1485 2050 γραφεῖσα,
1511 1980 1751 2043 στάσεως

1852 1987 1957 2044 est,
1989 1977 2058 2031 ad
2114 1977 2429 2033 Corinthios
2482 1978 2685 2041 fertur,
2742 1986 3003 2049 tanquam
3052 1981 3120 2035 ab
3181 1980 3426 2039 Ecclesia

148 2077 204 2127 ἐν
235 2074 489 2146 Κορίνθῳ
522 2072 811 2145 συμϐάσης
850 2071 992 2135 τότε,
1036 2071 1113 2135 ὡς
1155 2074 1421 2144 μαρτυρεῖ
1472 2072 1741 2143 Ἡγήσιπ-

149 2184 266 2232 πος,
326 2168 449 2237 ἦτις
481 2167 576 2219 καὶ
605 2164 1042 2236 ἐκκλησιάζεται.

1738 2370 1822 2425 XI.

1852 2071 2099 2127 Romana
2128 2072 2357 2143 scripta,
2386 2073 2653 2127 seditione
2699 2080 2829 2127 tunc
2866 2074 3148 2145 temporis,
3230 2085 3290 2138 ut
3344 2087 3423 2133 te-

1848 2173 2028 2219 statur
2062 2163 2424 2235 Hegesippus,
2472 2164 2719 2219 Corinthi
2749 2173 2897 2231 orta;
2954 2183 3073 2237 qua:
3133 2169 3292 2222 etiam
3353 2172 3422 2224 ab

1847 2256 2090 2312 Ecclesia
2114 2259 2393 2329 recipitur.

1348 2462 1607 2528 Pnonus,
1644 2465 1921 2531 Biblioth.,
1954 2467 2077 2521 cod.
2110 2467 2230 2523 H5.

211 2554 384 2625 Οἶιτός
403 2562 553 2615 ἐστιν
583 2564 612 2615 ὁ
654 2560 909 2634 Κλήμης,
942 2558 1069 2633 περὶ
1101 2551 1161 2613 οὗ
1193 2576 1358 2631 φησιν
1386 2561 1414 2612 ό
1458 2558 1742 2621 θεσπέσιος

146 2653 359 2716 Παῦλος
377 2654 437 2705 ἐν
452 2655 522 2723 τῇ
545 2650 681 2723 πρὸς
693 2652 1085 2719 Φιλιππησίους
1120 2652 1425 2723 Ἐπιστολῇο
1452 2655 1611 2706 Μετὰ
1630 2656 1727 2707 καὶ

147 2745 497 2816 Κλήμεντος
522 2744 621 2798 καὶ
654 2744 775 2798 τῶν
803 2744 1030 2798 λοιπῶν
1061 2744 1374 2815 συνεργῶν
1384 2763 1525 2815 μου,
1545 2741 1631 2799 ὧν
1660 2750 1729 2800 τὰ

145 2840 410 2908 ὀνόματα
431 2838 505 2891 ἐν
521 2838 717 2903 βίϐλῳ
733 2836 898 2907 ζωῆς.
915 2832 1082 2901 Οὗτος
1103 2840 1196 2893 καὶ
1214 2838 1503 2911 ἐπιστολὴν
1524 2839 1728 2906 ἀξιόλο-

146 2944 238 2994 γον
270 2927 408 2999 πρὸς
428 2926 756 2997 Κορινθίους
782 2926 1002 2998 γράφει,
1032 2928 1153 2997 ἥτις
1185 2927 1336 2996 παρὰ
1365 2925 1576 2989 πολλοῖς
1607 2925 1743 2978 ἀπο-

148 3018 303 3090 δῦκῆς
331 3017 564 3089 ἠξιώθη,
596 3018 671 3082 ὡς
713 3019 808 3071 καὶ
851 3017 1084 3089 δημοσίᾳ
1125 3017 1610 3086 ἀναγινώσκεσθαι.
1681 3018 1743 3070 ’Π

150 3113 204 3166 δέ
240 3112 511 3184 λεγομένη
552 3113 780 3183 δευτέρα
831 3110 968 3183 πρὸς
1023 3112 1147 3174 τοὺς
1192 3112 1407 3174 αὐτοὺς,
1464 3110 1540 3174 ὡς
1591 3109 1743 3174 νόθος

1927 2558 2026 2614 Hic
2055 2559 2307 2616 Clemens
2340 2559 2429 2613 ille
2452 2565 2556 2620 est,
2600 2560 2666 2614 de
2697 2575 2806 2630 quo
2855 2560 3073 2616 divinus
3118 2560 3319 2616 Paulus
3354 2571 3421 2617 ad

1850 2652 2228 2725 Philippenses
2251 2653 2326 2706 ait
2355 2672 2368 2707 :
2422 2651 2555 2707 Cum
2607 2652 2872 2707 Clemente
2896 2662 2945 2706 et
2973 2655 3176 2708 ueteris
3208 2654 3422 2723 adjuto-

1849 2745 1994 2801 ribus
2045 2747 2173 2801 meis
2220 2762 2442 2815 quorum
2489 2746 2702 2799 nomina
2757 2756 2879 2800 sunt
2934 2747 2988 2799 in
3025 2745 3159 2799 libro
3217 2748 3335 2801 vita:
3376 2748 3415 2801 ⁸.

1850 2838 2085 2909 Scripsit
2148 2837 2290 2893 idem
2363 2837 2543 2908 magni
2611 2837 2917 2894 faciendam
2978 2838 3046 2893 ad
3105 2838 3419 2897 Corinthios

1852 2924 2157 3000 epistolam,
2191 2944 2311 2998 quae
2335 2943 2365 2981 a
2405 2929 2677 2999 plerisque
2720 2938 2870 2984 tanto
2900 2930 2954 2984 in
2992 2930 3165 3001 pretio
3209 2940 3295 2986 est
3316 2931 3419 2985 ba-

1850 3020 1984 3083 bita,
2017 3026 2076 3073 ut
2096 3020 2257 3074 etiam
2285 3021 2499 3090 publice
2525 3021 2632 3092 legi
2662 3023 2880 3077 soleret.
2913 3022 2982 3075 At
3026 3037 3148 3093 qua:
3178 3026 3420 3080 secunda

1847 3112 2050 3168 dicitur
2079 3113 2143 3167 ad
2174 3113 2413 3178 eosdem,
2439 3120 2500 3169 ut
2538 3115 2704 3170 notha
2746 3115 3013 3185 rejicitur,
3064 3119 3423 3188 quemadmo-

149 3182 607 3279 ἀποδοκιμάζεται
631 3224 643 3236 ·
677 3182 885 3277 ὥσπερ
906 3204 1341 3277 ἐπιγραφόμενος
1378 3203 1464 3255 ἐπ’
1514 3202 1736 3275 ὀνόματι

1852 3206 1977 3261 dum
2016 3215 2071 3260 et
2103 3208 2262 3278 longa
2295 3207 2386 3277 illa
2417 3206 2735 3277 disputatio,
2772 3182 2946 3278 ipsius
2996 3182 3140 3265 Petri
3169 3221 3223 3266 et
3252 3211 3419 3281 Apio-

150 3301 308 3356 αὐτοῦ
366 3301 579 3371 Πέτρου
624 3301 723 3354 καὶ
783 3299 1042 3362 Ἀπίωνος
1088 3296 1407 3368 πολύστιχος
1470 3296 1732 3365 διάλογος.

149 3393 341 3448 Τοῦτόν
371 3410 539 3463 φασιν
566 3393 617 3445 οἱ
665 3392 765 3463 μὲν
801 3390 1048 3463 δεύτερον
1092 3390 1227 3461 μετὰ
1270 3392 1475 3462 Πέτρον
1516 3390 1738 3445 ἐπισκο-

148 3486 311 3557 τῆσαι
355 3485 598 3556 Ῥώμης,
626 3486 677 3537 οἱ
707 3484 765 3538 δὲ
792 3484 1047 3557 τέταρτον
1068 3501 1080 3513 ·
1127 3486 1282 3537 Λῖνον
1308 3483 1416 3555 γὰρ
1446 3484 1539 3536 καὶ
1580 3483 1738 3538 Ἀνά-

148 3578 336 3649 κλητον
366 3575 574 3649 μεταξὺ
605 3575 773 3629 αὐτοῦ
804 3576 897 3629 καὶ
928 3576 1137 3647 Πέτρου
1172 3575 1387 3646 Ῥώμης
1406 3575 1735 3639 ἐπισκόπους

146 3669 532 3739 διαγεγονέναι·
549 3667 935 3738 τελευτῆσαιδέ
952 3666 1114 3721 αὐτὸν
1124 3668 1292 3739 τρίτῳ
1311 3668 1420 3721 ἔτει
1437 3668 1728 3739 Τραϊανοῦ.

1847 3298 1933 3354 nis
1956 3315 2153 3355 nomen
2185 3298 2324 3355 falso
2346 3300 2659 3370 praal‘erens.
2688 3298 2844 3355 Hunc
2870 3302 3168 3358 secundum
3198 3319 3227 3356 a
3255 3302 3422 3360 Petro

1850 3388 2035 3447 Roma:
2062 3392 2438 3463 episcopatum
2462 3393 2699 3464 gessisse
2730 3394 2953 3463 quidam
2993 3403 3297 3460 autumant,
3322 3397 3417 3451 alii

1844 3498 1975 3538 vero
2001 3493 2299 3554 quartum:
2336 3482 2532 3539 Linum
2562 3485 2706 3541 enim
2758 3492 2812 3540 et
2866 3486 3214 3549 Anacletum,
3274 3487 3421 3543 inter

1841 3576 2022 3645 ipsum
2052 3584 2106 3631 et
2132 3574 2374 3639 Petrum,
2408 3575 2592 3633 Romae
2614 3577 2903 3647 episcopos
2938 3576 3127 3645 fuisse,
3161 3594 3224 3633 ac
3254 3581 3418 3635 tertio

1842 3671 2060 3726 demum
2092 3667 2316 3740 Trajani
2345 3685 2489 3725 anno
2511 3671 2677 3725 vitam
2704 3670 2929 3726 (iniisse.

1464 3800 1618 3865 locu,
1650 3800 1806 3868 ibid.,
1835 3798 1958 3857 cod.
1986 3801 2110 3856 126.

224 3916 562 3988 Ἂνεγνώσθη
594 3915 941 3987 βιόλιδάριον,
985 3915 1043 3968 ἐν
1084 3909 1129 3983 ᾧ
1160 3914 1469 3986 Κλήμεντος
1516 3915 1732 3968 ἐπιστο-

149 4010 232 4066 λαὶ
246 4012 336 4065 δύο
346 4010 486 4084 πρὸς
508 4009 829 4083 Κορινθίους
845 4008 1163 4081 ὲνεφέροντο
1182 4024 1193 4036 ·
1215 4003 1335 4078 ὦνή
1362 4004 1552 4079 πρώτη
1572 4008 1731 4061 διἀξ-

150 4104 262 4168 τίας
298 4104 500 4168 αὐτοὺς
545 4104 667 4171 ἄγει
690 4141 705 4165 ,
764 4101 985 4154 στάσεσι
1043 4101 1138 4155 καὶ
1176 4103 1441 4173 ταραχαῖς
1482 4100 1576 4153 καὶ
1616 4100 1729 4171 σχί-

155 4212 310 4267 σμασι
354 4195 457 4268 τὴν
502 4197 818 4267 πρέπουσαν
856 4196 1040 4257 αὐτοῖς
1082 4191 1302 4266 εἰρήνην
1345 4193 1437 4247 καὶ
1481 4194 1731 4263 ὁμόνοιαν

154 4289 614 4360 ἐμπολιτεύεσθαι,
646 4288 935 4352 λύσαντας,
979 4288 1074 4341 καὶ
1117 4290 1371 4360 παραινεῖ
1417 4286 1727 4339 παύσασθαι

153 4382 447 4437 mitram-3.
494 4380 727 4445 Ἀπλοῦς
754 4380 809 4434 δὲ
838 4380 978 4434 κατὰ
1021 4381 1119 4451 τὴν
1165 4380 1363 4452 φράσιν
1431 4381 1523 4432 καὶ
1554 4381 1729 4450 σαφής

1911 3927 2110 3983 Lectus
2128 3935 2214 3983 est
2245 3927 2480 3991 libellus,
2505 3927 2558 3981 in
2572 3941 2681 3996 quo
2703 3925 2997 3981 Clementis
3027 3925 3271 3995 epistola:
3294 3924 3414 3977 dua:

1843 4017 1909 4071 ad
1931 4015 2250 4072 Corinthios
2278 4016 2744 4071 continebantur:
2776 4029 3006 4085 quarum
3050 4015 3227 4084 prima
3263 4016 3415 4084 ipsos

1841 4117 2084 4172 accusat,
2118 4107 2264 4178 quod
2294 4106 2683 4171 seditionibus,
2716 4106 2893 4160 turbis
2921 4120 2986 4161 ac
3014 4106 3279 4172 dissidiis,
3316 4122 3413 4176 pa-

1840 4214 1956 4254 cem
1989 4207 2043 4254 et
2070 4199 2419 4254 concordiam
2451 4213 2570 4269 qua:
2604 4197 2745 4252 inter
2768 4198 2915 4266 ipsos
2946 4196 3155 4251 versari
3204 4197 3409 4252 debue-

1840 4300 1945 4357 rat,
1976 4292 2273 4357 solverint;
2340 4292 2698 4361 hortaturque
2729 4290 2797 4344 ab
2836 4290 2943 4344 hoc
2991 4291 3134 4345 malo
3166 4305 3406 4346 cessare.

1841 4382 1936 4440 Est
1973 4392 2155 4439 autem
2183 4383 2423 4438 dictione
2473 4383 2703 4454 simplex
2738 4397 2801 4437 ac
2852 4382 3197 4452 perspicuus,
3251 4397 3410 4436 acce-

155 4475 310 4539 ὲστιν,
340 4477 436 4530 καὶ
468 4477 639 4544 ἐγγὺς
664 4472 762 4527 τοῦ
790 4472 1244 4543 ἐκκλησιαστικοῦ
1290 4473 1383 4525 καὶ
1402 4472 1728 4543 ἀπερίεργον

1852 4478 2084 4547 ﬂensque
2116 4476 2184 4531 ad
2212 4476 2639 4531 ecclesiasticam
2670 4482 2723 4530 et
2753 4474 3145 4529 inelaboratam
3191 4474 3407 4529 dicendi

156 4570 507 4641 χαρακτῆρος.
543 4568 853 4622 Αίτιάσοιτο
885 4567 929 4619 δ’
960 4568 1025 4620 ἄν
1070 4584 1152 4630 τις
1182 4566 1342 4619 αὑτὸν
1370 4566 1427 4619 ἐν
1468 4564 1690 4629 ταύταις
1710 4583 1721 4595 ·

155 4662 226 4714 ὅτι
264 4680 322 4715 τε
362 4661 458 4715 τοῦ
502 4659 747 4715 ὠκεανοῦ
790 4660 892 4726 ἐξω
930 4659 1169 4729 κόσμους
1217 4659 1368 4723 τινάς
1414 4656 1723 4712 ὑποτίθεται

154 4746 280 4806 εἶναι
299 4770 315 4783 ·
346 4754 442 4807 καὶ
470 4752 717 4825 δεύτερον
750 4752 897 4818 ἴσως,
928 4751 1009 4806 ὅτι
1035 4752 1111 4815 ὡς
1155 4750 1609 4821 παναληθεστάτῳ
1648 4752 1725 4822 τῷ

156 4847 281 4901 κατὰ
321 4848 413 4901 τὸν
456 4848 679 4901 Φοίνικα
713 4845 775 4899 τὸ
810 4846 992 4917 ὄρνεον
1035 4844 1388 4915 ὑποδείγματι
1426 4843 1713 4916 κέχρηταιο

156 4942 237 4993 καὶ
274 4942 452 5012 τρίτον
498 4941 581 4993 ὅτι
626 4938 887 5011 ἀρχιερέα
920 4938 1012 4991 καὶ
1045 4937 1355 5009 προστάτην
1384 4939 1474 4991 τὸν
1521 4939 1719 5011 Κύριον

155 5032 295 5102 ἡμῶν
338 5032 545 5103 Ἰησοῦν
574 5030 811 5103 Χριστὸν
840 5030 1197 5101 ἐξονομάζων,
1227 5032 1346 5084 οὐδὲ
1373 5030 1471 5094 τὰς
1500 5031 1723 5105 θεοπρε-

160 5128 262 5190 mi;
281 5127 372 5179 καὶ
412 5125 753 5198 ὑψηλοτέρας
795 5124 974 5194 ἀφῆκε
1015 5123 1140 5195 περὶ
1184 5123 1351 5178 αὐτοῦ
1398 5125 1609 5194 φωνάς’
1658 5128 1719 5181 ού

164 5215 252 5286 μὴν
286 5220 393 5273 οὐδ’
426 5215 915 5290 ἀπαρακαλύπτως
956 5216 1118 5269 αὐτὸν
1161 5216 1369 5289 οὐδαμῆ
1416 5218 1474 5270 ἐν
1515 5216 1724 5282 τούτοις

163 5306 461 5383 βλασφημεῖ.
525 5312 593 5365 Ἡ
638 5311 695 5363 δέ
740 5308 965 5381 δευτέρα
1006 5309 1100 5363 καὶ
1143 5308 1279 5381 αὐτὴ
1309 5308 1589 5364 νουθεσίαν
1632 5312 1726 5363 καὶ

1838 4568 2089 4625 formam.
2152 4567 2579 4639 Reprehenderit
2636 4583 2765 4622 vero
2822 4567 2876 4620 in
2915 4567 3036 4629 illis
3086 4567 3403 4636 quispiam:

1835 4662 1981 4733 quod
2031 4670 2184 4716 extra
2242 4676 2508 4716 oceanum
2566 4660 2801 4716 mundos
2852 4660 3117 4731 quosdam
3171 4660 3406 4714 existere

1836 4753 2094 4822 supponit
2121 4771 2133 4805 :
2163 4750 2358 4806 deinde
2384 4752 2521 4806 forte
2545 4753 2708 4806 etiam
2730 4791 2745 4817 ,
2792 4751 2938 4821 quod
2974 4751 3243 4816 phtenicis
3288 4751 3405 4806 avis

1835 4844 2084 4913 exemplo
2136 4850 2395 4911 tanquam
2446 4844 2733 4898 verissimo
2780 4844 2950 4897 utitur
2988 4859 3001 4895 :
3043 4844 3206 4897 tertio
3256 4845 3401 4915 quod

1834 4934 2153 4989 Puntiiicem
2187 4930 2591 5003 Praesidemque
2614 4932 2901 4987 Dominum
2936 4941 3184 4989 nostrum
3212 4934 3401 4992 Jesum

1833 5028 2112 5083 Christum
2141 5029 2444 5099 appellans,
2471 5026 2593 5081 illas
2635 5025 2745 5081 Deo
2792 5029 3178 5085 convenientes
3214 5046 3278 5084 ac
3306 5047 3395 5087 suc
3444 5086 3445 5089 η

1833 5120 2111 5175 blimiores
2162 5120 2229 5174 de
2277 5134 2342 5175 eo
2378 5133 2540 5175 voces
2588 5134 2698 5173 non
2750 5120 3005 5187 protulit;
3038 5122 3251 5178 tametsi
3298 5139 3400 5177 nec

1833 5220 2017 5283 aperte
2050 5212 2227 5281 ipsum
2284 5210 2437 5265 ullibi
2480 5211 2535 5265 in
2594 5209 2680 5265 his
2738 5209 3095 5281 blasphemet.
3147 5210 3399 5269 Secunda

1826 5321 1958 5362 vero
1985 5314 2039 5361 et
2062 5305 2177 5376 ipsa
2208 5304 2607 5359 institutionem
2636 5318 2702 5357 ac
2743 5302 3171 5359 admonitionem
3200 5307 3393 5361 melio-

161 5404 454 5474 παραίνεσιν
513 5404 827 5475 κρείττονος
880 5402 1088 5471 εἰσάγει
1143 5401 1278 5472 βίου,
1328 5403 1420 5456 καὶ
1465 5403 1523 5456 ἐν
1578 5402 1719 5473 ἀρχῇ

1856 5399 1903 5454 is
1938 5400 2063 5453 vitae
2096 5397 2342 5463 inducit;
2376 5404 2538 5467 atque
2562 5395 2615 5449 in
2629 5395 2899 5466 principio
2924 5394 3203 5452 Christum
3222 5396 3392 5452 Deum

161 5492 362 5565 Χριστὸν
390 5497 487 5550 τὸν
528 5493 665 5549 Θεὸν
694 5494 976 5566 κηρύσσει.
1023 5493 1167 5566 Πλὴν
1196 5495 1276 5547 ὅτι
1306 5494 1445 5566 ῥητά
1474 5511 1614 5559 τινα,
1646 5494 1720 5557 ὡς

160 5584 244 5641 ἀπὸ
268 5589 364 5660 τῆς
412 5590 576 5652 θείας
636 5588 873 5658 Γραῄς,
924 5587 1194 5653 ξενίζοντα
1245 5588 1595 5658 παρεισάγει’
1644 5580 1719 5643 ὢν

159 5723 388 5796 'Ephes.
448 5744 527 5787 tv,
595 5724 649 5778 2.
932 5804 935 5807 ν

542 5822 819 5880 Vtram.
867 5819 983 5881 Gn.
1052 5832 1093 5893 Ι,

1825 5494 2105 5562 ριέοᾱίοιιι.
2137 5489 2340 5546 Verum
2366 5489 2511 5546 dicta
2561 5488 2805 5559 quaedam
2839 5490 3122 5561 peregrina
3179 5490 3325 5543 velut
3364 5506 3397 5544 e

1827 5600 1985 5641 sacra
2021 5583 2305 5655 Scriptura
2333 5580 2683 5638 subindueit:
2743 5584 2942 5652 quibus
2976 5599 3042 5637 ne
3073 5584 3245 5653 prima
3279 5585 3399 5657 φης

3077 5819 3118 5875 2
