3832 6228
462 280 529 332 ιδ

1596 268 1683 319 ΑΙ)
1712 264 1767 320 S.
1807 266 2228 321 CLEMENTEM
2266 268 2286 321 l
2324 264 2553 320 PAPAM

3667 237 3737 291 Η

461 389 563 441 οὐδ’
606 389 638 457 ἡ
683 388 867 457 πρώτη
899 388 1203 458 ἀπήλλακτο
1243 385 1527 444 παντελῶς.
1577 384 1682 434 Καὶ
1724 383 1989 451 ἑρμηνείας

2178 401 2232 438 ιη
2262 384 2482 453 epistola
2514 383 2730 436 omnino
2761 392 2934 436 vacat.
2976 380 3045 433 Et
3081 364 3629 458 interpretationes
3657 355 3742 455 lo-

459 480 513 534 δὲ
544 478 716 549 ῥητῶν
743 497 899 532 τινων
924 479 1235 540 ἀλλοκότους
1266 478 1372 547 ἔχει
1396 493 1408 504 ’
1440 475 1607 535 ἄλλως
1633 490 1690 525 τε
1734 474 1789 525 δὲ
1822 475 1912 525 καὶ
1940 474 2005 526 τὰ

460 572 517 622 ἐν
545 571 731 632 αὑταῖς
772 573 1011 641 νοήματα
1053 570 1351 641 ὲρῤιμμένα
1393 584 1525 628 πως,
1571 567 1661 618 καὶ
1706 566 1764 617 οὐ
1811 565 2000 633 συνεχῆ

458 658 553 727 τὴν
583 659 893 712 ἀκολουθίαν
926 661 1131 729 ὑπῆρχε
1159 657 1497 727 φυλάττοντα.

2110 488 2297 527 eorum
2358 471 2713 541 quorumdam
2763 475 3059 527 alieniores
3118 465 3376 538 profert.
3453 450 3741 541 Alioquin

2108 564 2220 630 ipsa
2254 578 2371 631 qua:
2402 563 2456 614 in
2478 561 2564 614 his
2592 561 2833 628 epistolis
2856 560 3047 613 insunt
3077 570 3282 617 sensa,
3312 541 3605 603 nonnihil
3636 536 3741 589 ab-

2104 650 2245 717 iecta
2277 640 2420 711 sunt,
2472 665 2646 717 neque
2687 651 3051 703 continentem
3102 645 3323 699 seriem
3375 632 3465 689 ac‘
3517 640 3737 684 conse-

2103 742 2373 808 quentiam
2404 747 2636 793 servant.

1995 848 2106 902 XII.

1111 967 1438 1018 Amsnsms
1468 962 1927 1026 Bibliothecarius,
1968 963 2106 1018 Ilist.
2160 966 2366 1026 eccles.,
2400 962 2527 1016 edit.
2554 959 2753 1023 Paris,
2783 975 2904 1029 pag.
2940 960 3027 1011 i7.

539 1060 708 1129 Hujus
738 1056 1070 1131 (Clementis)
1125 1057 1359 1126 Epistola
1387 1056 1556 1109 fertur
1610 1055 1677 1108 ad
1710 1056 2018 1110 Corinthios
2070 1058 2268 1118 missa,
2305 1071 2461 1124 quam
2494 1062 2605 1109 tota
2657 1053 2862 1121 recipit,
2921 1062 2979 1103 ut
3038 1048 3420 1118 [legesippus
3458 1042 3736 1100 testatur,

472 1150 735 1205 Ecclesia.

1984 1236 2116 1292 XIII.

1391 1332 1556 1385 Νιεοκ
1584 1332 1900 1393 monachus,
1933 1332 1986 1383 in
2022 1330 2269 1383 Pandect.
2321 1343 2483 1384 serm.
2525 1329 2609 1381 l8.

525 1441 862 1509 Κλήμεντος
901 1439 1136 1509 Ῥώμης.
1171 1441 1381 1492 Δίκαιον
1409 1437 1499 1492 οὖν
1545 1442 1636 1492 καὶ
1664 1442 1867 1492 ὅσιον...
1912 1442 2003 1491 καὶ⁸

458 1533 668 1596 στάσεις
694 1530 786 1584 τοῦ
814 1530 1237 1601 ἀπαλλοτριῶσαι
1265 1530 1409 1600 ἡμᾶς
1435 1528 1527 1582 τοῦ
1566 1530 1740 1592 καλῶς
1772 1530 1996 1599 ἔχοντος.

455 1623 640 1675 Τοίνυν
669 1620 1105 1690 ἀκολουθήσωμεν
1132 1624 1241 1682 τοῖς
1275 1622 1387 1688 μετ’
1429 1621 1763 1682 εὐσεϐείας...
1811 1620 2000 1689 ΙΙόρρω

2178 1437 2452 1491 Clementis
2485 1436 2721 1490 Romani.
2754 1434 2965 1490 Justum
2998 1449 3132 1504 ergo
3172 1440 3232 1486 et
3264 1435 3643 1485 sanctum...
3682 1427 3738 1482 in

2108 1529 2331 1584 dissidia
2353 1538 2406 1582 et
2436 1527 2726 1582 seditiones
2767 1527 3037 1595 (homines
3072 1521 3491 1589 coilimantes)
3532 1528 3599 1571 ut
3632 1531 3740 1570 nos

2104 1635 2133 1671 a
2162 1626 2312 1673 recto
2354 1626 2406 1671 et
2452 1619 2678 1671 honesto
2709 1624 2973 1669 avertant.
3028 1615 3138 1668 Eos
3190 1627 3346 1682 ergo
3374 1622 3736 1679 sequamur,

453 1712 641 1781 ἀπέχει
678 1712 769 1763 ἀπ’
819 1711 1015 1780 ἐμοῦ...
1051 1710 1405 1780 Κολληθῶμεν
1437 1706 1527 1761 οὖν
1555 1714 1664 1772 τοῖς
1692 1710 1883 1771 ἀθώοις
1910 1710 1989 1761 καλ

2180 1709 2339 1762 icum
2370 1709 2565 1777 pietate
2598 1749 2609 1759 .
2650 1749 2662 1760 .
2699 1748 2712 1760 .
2740 1706 2936 1759 Procul
2961 1721 2989 1758 a
3019 1722 3108 1760 me
3137 1705 3316 1758 abest
3358 1744 3374 1757 .
3418 1744 3434 1756 .
3478 1743 3493 1755 .
3522 1701 3739 1754 Adhae-

454 1801 678 1863 δικαίοις
698 1818 709 1830 ·
743 1802 845 1852 εἰσὶ
873 1802 926 1853 δὲ
955 1793 1096 1853 οὗτοι
1126 1801 1365 1854 ἐκλεκτοὶ
1390 1799 1483 1852 τοῦ
1513 1799 1662 1852 Θεοῦ.
1695 1801 1999 1869 Γέγραπται

456 1890 591 1960 γάρ·
627 1890 963 1943 Κολλᾶσθαι
1006 1891 1127 1955 τοῖς
1169 1891 1372 1959 ἁγίοις,
1425 1890 1511 1943 ὅτι
1552 1894 1604 1943 οὶ
1646 1889 2001 1958 κολλώμενοι

455 1981 673 2045 αὐτοῖς,
700 1980 1175 2049 ἀγιασθήσονται.
1219 1982 1325 2034 Καὶ
1364 1982 1392 2031 ὁ
1438 1981 1635 2051 Κύριος
1677 1981 1838 2047 λέγει’
1893 1982 1999 2033 Τὸν

457 2070 904 2138 ὀμολογὴσαντά
925 2087 1063 2137 με...
1094 2071 1196 2123 τοῦ
1219 2071 1439 2136 Πατρός
1460 2088 1592 2137 μου.
1636 2072 1718 2121 Ἑν
1746 2071 1845 2120 τίνι
1876 2069 1994 2121 δὲ...

455 2160 561 2211 τῶν
588 2160 825 2211 ἐντολῶν.
860 2157 979 2213 Ilazc
1006 2176 1072 2212 ex
1095 2161 1245 2215 codd.
1273 2160 1444 2227 Regiis
1465 2160 1621 2220 9:418,
1647 2159 1804 2220 ⁸2425,
1836 2158 1995 2224 2424,

458 2248 743 2317 descripsit
767 2248 1081 2311 Cotelerius,
1130 2248 1399 2315 ediditque
1457 2250 1510 2300 in
1560 2260 1671 2300 not.
1717 2247 1782 2299 ad
1827 2246 1985 2315 epist.

455 2335 625 2392 Clem.
657 2353 775 2407 cap.
809 2339 894 2400 l4,
927 2338 1067 2392 unde
1111 2338 1215 2391 huc
1245 2338 1506 2391 translata
1536 2345 1677 2391 sunt.

2102 1812 2316 1851 rcamus
2340 1811 2466 1865 ergo
2496 1796 2626 1849 viris
2678 1795 2919 1849 honestis
2949 1803 3001 1849 et
3028 1795 3237 1863 justis:
3280 1793 3346 1846 hi
3405 1806 3558 1846 vero
3598 1796 3738 1846 sunt

2105 1887 2258 1940 electi
2281 1886 2394 1939 Dei.
2430 1884 2701 1952 Scriptum
2730 1892 2815 1939 est
2859 1885 3046 1938 enim:
3106 1883 3319 1937 Facite
3386 1894 3456 1935 ut
3516 1885 3735 1935 sanctis

2103 1977 2433 2040 adlttereatis,
2451 1977 2573 2042 quia
2599 1977 2686 2045 qui
2713 1975 2819 2029 illis
2839 1975 3130 2038 adltwrent,
3162 1975 3732 2042 sanctiﬁcabuntur.

2102 2065 2166 2118 Et
2196 2065 2455 2119 Dominus
2485 2065 2649 2119 dicit:
2685 2064 2787 2129 Qui
2816 2080 2893 2116 me
2915 2064 3190 2131 confessus
3214 2064 3405 2132 fuerit
3444 2105 3464 2122 .
3504 2103 3525 2121 .
3566 2104 3581 2116 .
3617 2061 3736 2115 Pa-

2102 2157 2195 2209 tris
2264 2156 2379 2209 mei.
2430 2153 2486 2207 In
2535 2169 2768 2223 quonam
2828 2163 3007 2207 autem
3041 2194 3055 2209 .
3093 2196 3105 2207 .
3141 2195 3155 2208 .
3202 2154 3508 2207 mandata
3574 2152 3735 2207 illius

2097 2246 2225 2313 (non
2249 2242 2775 2315 spernendo).Epist.
2798 2242 2849 2307 1,
2878 2259 2999 2312 cap.
3020 2244 3109 2311 14,
3143 2244 3219 2298 15
3248 2254 3312 2299 et
3358 2246 3475 2309 46;
3534 2243 3728 2313 Epist.

2094 2334 2149 2399 2,
2182 2350 2299 2404 cap.
2331 2336 2382 2389 5.

1218 2653 1770 2766 JUDICIA
1849 2649 2850 2765 RECENTIORUM

1771 2885 1837 2924 ET
1871 2883 2071 2924 parum!
2098 2871 2294 2933 quinam

1225 3038 1745 3128 PATRICII
1821 3039 2150 3127 JUNII
2231 3034 2903 3127 PREFATIO.

528 3309 585 3365 Si
613 3310 823 3380 plenius
872 3308 937 3363 de
978 3308 1249 3362 Clemente
1276 3316 1459 3362 nostro
1506 3315 1560 3361 et
1603 3307 1720 3374 ejus
1751 3305 1986 3375 scriptis,
2015 3311 2057 3367 C

456 3401 624 3455 amice
650 3400 860 3461 Lector,
892 3398 1029 3452 scire
1065 3395 1355 3460 desideras,
1374 3394 1685 3465 Gregorium
1717 3394 1992 3448 Turonen-

458 3506 571 3544 sem
605 3490 680 3544 De
702 3495 987 3557 martyrum
1010 3487 1198 3556 gloria,
1243 3484 1540 3540 Simeonem
1563 3484 1987 3553 Metaphrastem,

454 3579 771 3634 Pontiﬁcum
802 3577 1158 3631 Romanorum
1201 3575 1535 3646 βιογράφους,
1559 3574 1865 3636 Baronium,
1895 3587 1991 3624 an-

456 3671 659 3724 nalium
702 3668 1054 3733 conditorem,
1098 3664 1303 3719 Sixtum
1357 3663 1666 3727 Senensem,
1718 3662 1991 3716 Bellarmi-

452 3775 583 3815 num
604 3766 657 3813 et
684 3759 836 3821 alios,
866 3758 955 3825 qui
986 3755 1379 3810 ecclesiasticos
1408 3752 1695 3821 scriptores
1719 3758 1771 3805 et
1803 3765 1987 3804 eorum

453 3848 655 3917 scripta
694 3846 848 3899 nobis
894 3842 1249 3903 tradiderunt,
1281 3856 1374 3910 per
1422 3840 1586 3893 otium
1617 3848 1765 3907 potes
1795 3852 1987 3891 consu-

453 3934 584 3987 lere.
613 3932 720 3986 Nos
749 3932 889 3985 nube
919 3931 1017 3982 hac
1050 3938 1157 3981 tam
1186 3928 1469 3982 illustrium
1495 3926 1734 3988 testium,
1769 3940 1903 3993 quos
1935 3923 1986 3975 in

454 4033 789 4076 antecessum
832 4020 1220 4089 praemisimus,
1278 4017 1532 4079 contenti,
1582 4016 1754 4069 oculis
1797 4014 1902 4068 tuis
1936 4021 1988 4067 et

453 4111 708 4181 patientia
737 4109 936 4163 diutius
966 4109 1110 4160 abuti
1147 4107 1462 4166 desinimus,
1491 4112 1543 4158 et
1579 4104 1645 4159 de
1678 4104 1780 4157 ﬁde
1806 4110 1858 4158 et
1887 4118 1985 4157 au-

452 4202 701 4253 ctoritate
714 4201 873 4267 hujus
890 4200 1067 4267 operis
1086 4197 1300 4265 γνησίου
1322 4197 1413 4248 καὶ
1439 4193 1816 4263 ἀναμφιὸόλου,
1835 4194 1986 4261 plura

453 4288 519 4342 de
562 4296 746 4341 nostro
795 4286 1025 4353 adjicere
1078 4282 1503 4352 supersedemus,
1547 4297 1615 4335 ne
1664 4283 1762 4336 soli
1814 4282 1987 4335 lucem

452 4377 704 4439 fenerari,
755 4382 807 4429 et
846 4375 1071 4428 faculam
1110 4374 1391 4426 obscuram
1440 4372 1659 4427 meridie
1697 4371 1987 4425 accendere

450 4468 591 4522 velle
626 4466 1259 4531 videamurfnnteqnam
1292 4472 1466 4517 autem
1499 4463 1566 4516 ad
1591 4463 1872 4517 lectionem
1905 4462 1987 4516 di-

455 4556 562 4608 vini
593 4555 752 4623 hujus
792 4565 844 4607 et
888 4556 1039 4622 plane
1084 4554 1357 4621 apostolici
1408 4554 1591 4622 scripti
1620 4560 1673 4607 te
1711 4554 1981 4623 accingas,

451 4655 653 4714 patere,
683 4660 882 4714 quaeso,
940 4653 996 4697 ut
1042 4644 1107 4699 de
1154 4644 1468 4713 antiquitate
1500 4644 1817 4713 exemplaris
1874 4656 1980 4713 quo
2013 4626 2056 4680 Ῑ)

448 4748 550 4787 nos
580 4735 660 4787 usi
684 4747 887 4799 sumus,
916 4741 968 4786 et
995 4732 1060 4786 de
1088 4733 1333 4786 versione
1362 4741 1542 4786 nostra
1568 4734 1725 4801 plana
1751 4741 1803 4786 et
1834 4734 1975 4796 rudi,

447 4822 636 4893 paucis
666 4830 717 4875 te
748 4837 1075 4876 moneamus.
1110 4822 1357 4892 Cyrillus,
1391 4825 1482 4892 qui
1532 4824 1687 4877 hodie
1718 4824 1982 4877 Constan-

434 4911 671 4978 tinopoli
703 4911 1117 4979 patriarchatum
1148 4912 1372 4975 obtinet,
1401 4914 1483 4965 vir
1512 4913 1705 4981 pietate
1725 4920 1777 4966 et
1800 4912 1981 4966 erudi-

447 5003 595 5055 tione
626 5001 868 5067 insignis,
897 5016 958 5054 ex
994 5000 1238 5071 Egypln,
1276 5018 1395 5055 ettm
1442 5003 1619 5058 sedem
1669 5001 1984 5055 Alexandri-

449 5107 573 5145 nam
624 5091 962 5158 relinqueret,
1001 5108 1244 5162 magnam
1294 5095 1547 5147 librorum
1598 5095 1975 5164 supellectilem

450 5193 632 5234 secum
663 5178 892 5241 advexit,
928 5181 1061 5236 inter
1101 5197 1234 5252 quos
1281 5180 1518 5239 codicem
1558 5184 1794 5237 omnium
1823 5192 1975 5238 vetu-

450 5268 746 5323 stissimum
789 5276 840 5320 et
871 5269 1022 5339 longe
1054 5274 1498 5339 pretiosissimum
1545 5275 1619 5342 (in
1640 5288 1747 5342 quo
1783 5273 1977 5327 veteris

450 5369 503 5411 et
548 5358 671 5413 novi
717 5359 931 5415 foederis
977 5362 1092 5415 libri
1143 5365 1332 5420 litteris
1380 5364 1771 5435 grandioribus,
1813 5380 1975 5418 manu

453 5448 661 5503 Thecla:
707 5451 899 5506 nobilis
940 5451 1145 5509 feminae
1179 5456 1457 5526 Egyptize,
1491 5456 1631 5509 circa
1660 5456 1814 5524 primi
1846 5472 1977 5509 con-

462 5541 559 5596 tilii
588 5539 783 5593 Μαιξηὶ
831 5549 1087 5611 tempora,
1123 5547 1410 5602 bellissime
1452 5546 1649 5601 exarati
1698 5546 1841 5614 sunt)
1884 5560 1976 5613 per

2090 3306 2489 3360 ornatissimum
2510 3312 2563 3359 et
2590 3305 2948 3359 clarissimum
2983 3306 3162 3361 virum
3197 3308 3519 3367 dominum
3556 3313 3719 3371 Tho-

2093 3410 2229 3448 mam
2276 3394 2408 3457 Roe,
2448 3395 2678 3464 equitem
2732 3402 2998 3459 auratum,
3047 3402 3102 3450 et
3154 3399 3311 3466 apud
3368 3401 3716 3461 Turcarum

2092 3485 2254 3554 impp.
2305 3486 2629 3541 serenissimi
2662 3488 2803 3555 regis
2834 3487 3003 3541 nostri
3044 3494 3378 3557 oratorem,
3436 3510 3582 3550 eum
3641 3515 3715 3555 ex

2090 3575 2304 3630 Oriente
2340 3577 2564 3638 rediret,
2607 3575 2746 3630 dono
2781 3576 2845 3627 ad
2880 3577 3304 3633 serenissimum
3342 3597 3557 3654 regem
3604 3604 3717 3643 no-

2089 3674 2258 3720 strum
2278 3666 2596 3720 transmisit.
2613 3666 2691 3719 Ad
2714 3667 2913 3719 calcem
2935 3670 3233 3723 venerandi
3258 3670 3449 3740 hujus
3476 3678 3714 3739 codicis

2091 3763 2141 3810 et
2171 3755 2445 3825 κειμηλίου
2483 3756 2929 3825 τιμαλφεστάτου,
2958 3756 3010 3809 ἱη
3044 3761 3407 3819 membranis
3454 3766 3706 3833 laceris,

2091 3844 2291 3911 adjecta
2316 3851 2429 3896 erat
2456 3842 2741 3897 Clementis
2768 3843 2833 3897 ad
2855 3844 3170 3901 Corinthios
3188 3847 3466 3918 Epistola
3489 3857 3707 3914 eadem

2087 3948 2246 3985 manu
2270 3933 2488 3999 scripta,
2519 3946 2676 4001 quam
2702 3949 2843 3987 nunc
2879 3933 3020 3986 bono
3045 3935 3272 4002 publico
3306 3949 3369 3995 et
3404 3952 3517 4001 tuo
3565 3951 3706 4004 usui

2087 4019 2142 4072 in
2170 4020 2339 4073 lucem
2361 4019 2571 4080 damus,
2611 4019 2742 4088 legis
2766 4019 3135 4089 Pythagorica:
3154 4037 3263 4076 non
3303 4026 3707 4092 immemores

2088 4109 2246 4179 (quae,
2277 4118 2334 4163 ut
2361 4109 2614 4179 Synesius
2666 4109 2719 4162 in
2757 4109 2912 4165 Dione
2958 4119 3153 4164 auctor
3178 4121 3288 4177 est,
3320 4118 3437 4173 οὐκ
3475 4124 3552 4194 ἐᾷ
3580 4132 3709 4192 τοῖς

2089 4201 2314 4289 βιϐλίοις
2341 4202 2623 4289 ἐπιποιεῖν,
2647 4199 2777 4251 ἀλλὰ
2795 4200 3035 4289 βοιὲλεται
3054 4203 3235 4270 μένειν
3266 4208 3431 4263 αὐτὰ
3466 4214 3574 4269 ἐπὶ
3597 4219 3712 4289 τῆς

2086 4287 2301 4356 πρώτης
2324 4285 2517 4353 χειρὸς,
2534 4284 2676 4345 ὅπως
2698 4285 2824 4336 ποτὲ
2846 4285 2964 4355 ἔσχε
2977 4285 3164 4356 τύχης,
3192 4289 3225 4358 ἢ
3246 4292 3525 4369 τέχνηςλ
3556 4284 3709 4362 nihl!

2085 4376 2375 4441 dementes,
2406 4375 2535 4427 nihil
2573 4375 2638 4428 de
2684 4384 2868 4465 nostro
2898 4376 3178 4465 addentes,
3214 4394 3333 4435 non
3371 4391 3704 4465 syllabam,

2084 4480 2191 4519 non
2212 4466 2459 4525 litteram,
2484 4480 2589 4516 non
2616 4464 2819 4532 apicem
2848 4472 2938 4517 aut
2967 4464 3073 4518 iota
3107 4480 3305 4533 unum,
3337 4464 3707 4542 ﬁdelissime

2084 4564 2339 4626 quantum
2368 4554 2539 4622 potuit
2581 4553 2691 4606 ﬁeri
2719 4556 3100 4623 expressimus.
3133 4554 3316 4611 Voces
3349 4575 3562 4623 autem
3595 4576 3706 4629 de-

2085 4644 2320 4713 perditas
2352 4649 2404 4695 et
2434 4642 2640 4695 litteras
2669 4651 2931 4697 vetustate
2975 4660 3187 4709 exesas,
3234 4653 3453 4715 spatiis
3492 4668 3556 4714 et
3605 4664 3708 4721 in-

2083 4734 2326 4789 terstitiis
2356 4733 2756 4787 accuratissime
2774 4734 3025 4796 dimensi,
3052 4750 3149 4803 pro
3172 4735 3457 4803 ingenioli
3493 4761 3699 4811 nostri

2080 4826 2337 4879 tenuitate
2367 4825 2728 4893 supplevimus
2776 4834 2829 4879 et
2866 4826 3030 4879 minio
3056 4826 3219 4878 rubro
3248 4826 3439 4892 (novo
3472 4836 3597 4897 hoc
3635 4858 3697 4903 et

2080 4917 2335 4970 inusitato
2375 4915 2713 4982 imprimendi
2755 4918 2991 4986 genere),
3022 4914 3336 4969 notavimus
3372 4938 3387 4984 ;
3438 4936 3611 4995 quod
3658 4956 3693 4992 η

2081 5008 2236 5061 nobis
2266 5005 2511 5060 consulto
2544 5006 2741 5060 factum
2765 5016 2865 5073 est,
2901 5021 2966 5060 ne
3000 5005 3310 5072 rejicientes
3358 5018 3422 5066 te
3456 5026 3689 5093 sapius

2082 5099 2144 5151 ad
2177 5104 2350 5157 notas,
2392 5097 2689 5150 molestiam
2738 5100 2835 5153 tibi
2881 5096 3118 5151 inutilem
3164 5108 3538 5177 crearemus,
3590 5124 3683 5173 νο,

2080 5203 2226 5240 oram
2267 5186 2388 5240 libri
2416 5188 2797 5256 supplementis
2835 5196 2886 5242 et
2923 5184 3409 5247 emendationibus
3441 5206 3683 5268 crebris

2081 5278 2298 5331 nimium
2332 5276 2678 5343 fmdaremus,
2710 5280 2937 5349 denique
2963 5293 3029 5331 ne
3055 5277 3349 5335 industriis
3392 5286 3679 5355 feliciori-

2080 5368 2181 5420 bus
2222 5375 2273 5420 et
2313 5366 2540 5435 ingeniis
2562 5368 3065 5439 στοχαστικωτέροις
3093 5366 3487 5435 conjecturam
3523 5385 3677 5444 libc-

2079 5471 2193 5507 ram
2220 5455 2285 5507 ad
2304 5454 2565 5521 judicium
2600 5458 2820 5512 liberius
2849 5457 3266 5526 praaripereiuus.
3321 5457 3387 5513 In
3433 5471 3674 5543 reliquo

2079 5546 2234 5600 etiam
2263 5559 2439 5613 Opere,
2468 5556 2643 5602 errata
2671 5550 3061 5620 quamplurima
3086 5560 3493 5628 expummnus,
3517 5573 3573 5619 οι
3608 5586 3670 5625 ιιι
