3832 6298
238 297 350 355 J5

1540 290 1858 347 PROQ}th

1963 290 2166 346 ARIOR
2176 289 2294 349 UM.
3435 295 3504 350 66

226 399 459 470 οσιτιιιίε
505 412 659 469 quam
697 399 1189 459 emendatissima
1236 409 1534 476 prodirent,
1566 421 1663 475 pro
1701 406 1869 461 lacul—
1897 407 1943 463 A
1969 405 2214 469 caudam,
2246 411 2299 458 et
2331 403 2553 474 gratiam
2596 417 2660 456 ac
2698 404 2920 459 salutem
2952 405 3176 459 auditori
3211 421 3505 474 procuran-

221 491 405 560 ‘,ie
421 498 591 544 nostra
615 495 672 542 et
692 489 927 544 modulo
962 493 1170 551 adnisi
1199 513 1408 553 sumus.
1433 495 1630 551 Verum
1668 497 1769 553 hoc
1791 497 1870 551 sic

213 573 451 653 ,εφθίρὶ
474 579 740 641 volumus,
765 594 883 634 non
914 587 1210 653 tanquam
1241 596 1517 642 assecutos
1546 601 1644 641 nos
1684 587 1870 641 creda-

207 705 294 743 n,
331 669 428 724 418,
455 665 545 720 sed
585 674 851 736 tanquam
903 673 1156 741 assequi
1198 674 1638 736 laboraverimus,
1671 681 1724 726 et
1763 673 1874 726 for-

212 787 282 831 m
307 756 426 810 ﬁse
451 770 550 808 non
583 753 828 820 frustra;
861 756 913 810 si
941 762 1130 815 modo
1165 770 1224 816 tu
1256 763 1536 816 candidum
1567 762 1871 815 te'aestima-

219 842 452 921 μίτρη]
477 845 718 898 laborum
762 857 1134 916 nostrorum,
1163 861 1217 905 et
1239 852 1521 921 diligentia:
1558 851 1869 920 qualiscun-

244 935 397 1019 ψχιε
420 932 697 1003 benignum
730 937 1112 1006 interpretem
1142 943 1456 1011 praebueris,
1484 943 1652 1011 stylus
1687 948 1870 995 aucto-

274 1038 374 1085 M
397 1035 439 1081 et
459 1025 729 1080 scribendi
769 1043 961 1096 genus
997 1032 1318 1099 primaevam
1359 1033 1752 1100 simplicitatem
1784 1045 1870 1085 sa—

289 1119 384 1187 pit,
407 1123 454 1169 et
482 1123 665 1168 tenera
701 1114 898 1171 adhuc
921 1122 1221 1190 pascentis
1244 1120 1494 1174 Ecclesia:
1521 1119 1864 1183 incunabula,

286 1207 471 1278 quibus
514 1214 734 1261 veteres
779 1206 990 1264 Patres
1031 1217 1086 1264 et
1129 1210 1384 1264 Ecclesia:
1429 1210 1585 1278 primi
1636 1210 1862 1272 nutritii,

282 1298 410 1351 nihil
433 1296 713 1350 excelsum
753 1305 857 1350 aut
888 1299 1126 1362 elatum,
1168 1315 1268 1353 nec
1297 1301 1360 1352 ad
1390 1300 1671 1353 audientiae
1698 1314 1866 1368 popu-

279 1389 406 1441 laris
433 1387 725 1441 illecebras
770 1389 933 1442 culto
963 1405 1219 1444 sermone
1255 1389 1512 1452 fucatum,
1552 1390 1605 1442 in
1632 1390 1863 1444 medium

277 1479 619 1547 proterebant
653 1496 670 1545 ;
703 1480 807 1535 sed
854 1482 926 1534 ad
979 1483 1220 1537 divinam
1252 1483 1630 1553 indulgentiam
1672 1485 1858 1555 praedi.

1969 493 2091 545 dam
2123 491 2202 562 (ut
2229 491 2528 561 Cyprianus
2563 491 2629 544 ad
2661 491 2942 563 Donatum)
2979 495 3150 549 verbis
3193 511 3303 550 non
3337 497 3507 552 diser—

1968 585 2040 638 tis
2066 584 2159 638 sed
2191 583 2441 648 fortibus,
2462 591 2517 638 et
2539 583 2656 637 rudi
2687 583 2910 638 veritate
2931 585 3264 654 simplicibus
3284 589 3506 643 uteban-

1968 683 2076 728 tur.
2108 673 2283 738 Quare
2327 675 2372 729 si
2413 674 2469 728 in
2517 675 2760 728 versione
2798 683 2982 729 nostra
3025 676 3222 744 eloquii
3257 686 3508 733 venusta-

1967 770 2074 815 tem
2105 769 2196 816 aut
2224 763 2475 816 rhetorici
2511 763 2781 818 sermonis
2814 763 3036 818 nitorem
3065 775 3363 833 exspectas,
3392 765 3508 820 fru-

1970 860 2080 905 stra
2102 851 2296 913 fueris;
2327 851 2478 916 tides,
2505 866 2615 905 non
2663 859 2885 907 ornatus
2949 860 3040 906 aut
3081 855 3362 908 verborum
3394 856 3505 910 ele—

1971 942 2170 1011 gantia,
2202 942 2356 996 nobis
2379 956 2487 1010 prae
2517 943 2686 997 oculis
2734 943 2787 994 in
2820 943 2920 996 hoc
2948 945 3161 1013 negotio
3189 953 3322 999 erat.
3353 945 3506 1012 Quod

1970 1031 2232 1100 reliquum
2267 1037 2368 1094 est,
2400 1032 2683 1086 conatibus
2719 1032 2921 1088 nostris
2968 1033 3102 1098 fave,
3128 1043 3180 1088 et
3216 1037 3509 1104 pleniorem

1969 1138 2123 1191 opem
2153 1123 2278 1176 huic
2305 1132 2491 1176 nostro
2516 1123 2710 1181 tribue.
2743 1124 2980 1192 aliosque
3017 1133 3243 1187 veteres,
3275 1127 3364 1196 qui
3395 1142 3508 1181 mc-

1970 1213 2193 1268 moriam
2225 1228 2376 1268 suam
2402 1214 2498 1266 tibi
2530 1215 2924 1276 commendant,
2957 1215 3023 1267 ab
3046 1215 3330 1270 oblivionis
3365 1217 3507 1285 inju-

1969 1305 2049 1359 ria
2096 1319 2313 1370 assere;
2361 1319 2590 1373 quorum
2644 1305 3028 1358 immortalitati
3070 1307 3197 1359 dum
3242 1309 3502 1370 consulis,

1968 1395 2166 1463 pariter
2200 1402 2254 1448 et
2295 1401 2397 1447 tuas
2431 1393 2742 1462 prospicies.
2778 1391 2925 1454 Vale,
2956 1404 3007 1446 et
3034 1393 3384 1448 :eternitatem
3413 1410 3504 1450 co-

1967 1488 2095 1556 gita.
2128 1486 2319 1540 Oxonii
2348 1486 2515 1555 pridie
2543 1485 2659 1541 Kal.
2685 1484 2816 1540 Nov.
2849 1484 3002 1539 1652.

1260 1737 1363 1814 EJ
1378 1738 1707 1816 USDEM
1779 1734 2606 1823 ΠΡΟΣΗΜΕΙΩΣΙΣ.

353 1887 556 1943 Veteres
587 1892 886 1958 primitiuae
941 1889 1194 1946 Ecclesia:
1239 1894 1482 1960 episcopi,
1526 1911 1624 1949 non
1670 1905 1868 1949 tantum
1886 1905 1941 1957 ’Β
1966 1894 2228 1960 exemplar
2254 1889 2563 1946 imitandum
2592 1899 2930 1958 proponeret:
2959 1899 3005 1943 et
3037 1890 3350 1952 Corinthios,
3382 1909 3507 1960 quos

251 1979 514 2046 gregibus
547 1983 655 2034 sibi
682 1983 1016 2045 commissis,
1047 1994 1102 2035 ut
1134 1992 1303 2036 monet
1331 1983 1556 2048 Paulus,
1581 1985 1755 2038 sedulo
1789 1996 1866 2038 at-

245 2064 574 2130 tendebant,
602 2086 738 2138 quos
773 2070 930 2123 verbo
959 2081 1008 2124 et
1037 2088 1292 2136 sermone,
1323 2082 1600 2143 sanctaque
1620 2085 1666 2126 et
1695 2076 1862 2128 incul-

228 2164 398 2219 pata
432 2161 843 2214 conversatione
874 2162 1237 2224 instruebant;
1260 2178 1431 2215 verum
1449 2166 1627 2228 etiam,
1657 2175 1713 2218 ut
1741 2166 1865 2218 dile-

222 2241 500 2298 ctionem
551 2247 822 2316 Spiritus,
867 2248 1184 2302 charitatem
1229 2250 1571 2315 individuam,
1602 2269 1756 2305 unam
1793 2254 1860 2321 [i-

210 2331 406 2396 dem,
434 2354 608 2391 unam
636 2337 964 2402 Ecclesium,
989 2349 1040 2394 et
1067 2342 1417 2408 episcopatum
1447 2359 1604 2395 unum
1633 2344 1862 2398 ostende-

200 2433 403 2485 rent,
428 2443 624 2480 curam
670 2445 831 2481 suam
864 2439 915 2482 et
945 2430 1354 2483 sollicitudinem
1382 2431 1450 2484 ad
1477 2433 1621 2501 longe
1649 2433 1858 2487 dissitos

195 2516 645 2583 “tendebant,
679 2528 731 2572 et
773 2535 908 2587 quos
934 2521 1047 2574 viva
1102 2537 1240 2586 voce,
1289 2532 1490 2590 propter
1519 2525 1744 2576 locorum
1776 2523 1857 2577 di-

195 2608 558 2676 stantiam,
598 2611 654 2662 in
687 2609 846 2662 verba
881 2610 1096 2664 Domini
1146 2620 1196 2665 et
1237 2629 1354 2665 vera
1401 2614 1590 2680 pietate
1656 2615 1861 2668 erudire

233 2725 316 2757 τις,
348 2711 384 2746 ιι
410 2708 672 2762 poterant,
705 2716 801 2763 per
828 2700 1083 2767 epistolas
1113 2717 1336 2764 monere,
1366 2703 1647 2765 consulere,
1675 2704 1853 2773 objur-

289 2803 417 2853 θυι
449 2788 743 2850 interdum,
791 2798 842 2842 et
889 2791 1188 2842 universam
1219 2791 1598 2858 fraternitatem
1639 2791 1717 2863 (ut
1751 2793 1857 2862 Cy-

292 2875 492 2943 prianus
525 2881 593 2931 de
636 2879 890 2945 epistolis
928 2881 1040 2932 suis
1072 2878 1140 2931 ad
1169 2879 1359 2933 clerum
1397 2880 1680 2934 Romanum
1723 2885 1857 2937 scri-

292 2968 396 3032 ptis
433 2969 690 3039 loquitur)
727 2969 801 3021 ad
856 2969 1241 3038 deprecandum
1281 2970 1374 3024 Dei
1427 2973 1856 3038 misericordiam,

294 3058 469 3127 alloqui
514 3071 565 3114 et
617 3061 838 3113 hortari
893 3076 997 3112 non
1045 3060 1344 3113 desinebant
1377 3077 1394 3114 :
1426 3061 1718 3132 duplicique
1764 3062 1860 3116 hac

286 3150 478 3204 ratione
529 3150 742 3205 Christi
778 3149 1128 3217 Evangelium
1156 3150 1526 3217 prwdicabant.
1565 3152 1712 3217 Quod
1743 3154 1862 3208 Cle-

283 3239 823 3293 mentiAlexandrino
840 3240 862 3269 ⁷
885 3247 962 3291 est
987 3238 1276 3310 ἐγγράφως
1293 3239 1384 3292 καὶ
1402 3241 1756 3310 ἀγράφωςτὺν
1775 3242 1857 3296 λό-
1883 3221 1927 3280 C

278 3337 380 3388 γον
403 3331 723 3399 κηρύττειν,
747 3344 872 3380 voce
898 3325 1096 3380 scilicet
1122 3337 1171 3380 et
1201 3329 1518 3394 scripto;ubi
1533 3331 1719 3395 probat
1740 3335 1858 3385 ἐπι-

276 3417 488 3488 στήμην
517 3420 620 3489 τὴν
667 3418 760 3470 διὰ
788 3419 893 3486 τῆς
931 3419 1133 3487 χειρὸς,
1178 3433 1332 3486 quant
1362 3429 1509 3472 vocat
1542 3418 1856 3492 ἀγγελικὴν,

264 3519 377 3558 non
407 3512 582 3564 minus
607 3508 888 3562 commodi
916 3518 965 3561 et
990 3508 1236 3561 utilitatis
1266 3507 1511 3561 Ecclesia:
1532 3510 1627 3562 Dei
1649 3513 1855 3580 afferre,

263 3610 429 3659 quam
469 3601 632 3651 illam
685 3598 946 3659 alteram,
990 3613 1106 3666 qua’
1168 3598 1254 3654 διὰ
1277 3599 1373 3670 τῆς
1407 3595 1644 3668 γλώττης
1680 3610 1774 3665 est,
1807 3612 1859 3654 et

258 3689 543 3757 κηρυκικὴ
565 3687 894 3757 appellatur.
912 3685 1047 3738 Hinc
1073 3697 1172 3751 est,
1198 3687 1332 3755 quod
1359 3688 1491 3740 inter
1510 3687 1776 3757 Cypriani,
1808 3700 1856 3744 et

257 3769 502 3828 aliorum
543 3776 784 3828 Patrum
819 3777 1041 3842 scripta,
1071 3777 1358 3845 frequentes
1401 3779 1632 3843 epistola:
1661 3779 1727 3832 ad
1758 3781 1860 3834 cle-

253 3875 393 3916 ηιηι
421 3878 469 3920 et
504 3867 713 3934 plebem
744 3865 1080 3918 diversarunt
1108 3863 1482 3928 Ecclesiarum,
1515 3871 1855 3934 reperiantur,

250 3946 531 4026 ludusque
565 3956 778 4025 generis
835 3966 959 4008 sunt
1003 3971 1118 4023 qua:
1162 3953 1455 4023 Encyclicw
1503 3959 1854 4023 nominantur,

248 4048 446 4106 qualis
462 4058 510 4100 et
534 4048 670 4111 haec,
702 4062 828 4115 qua:
854 4047 910 4098 in
939 4046 1180 4098 manibus
1207 4054 1302 4109 est,
1333 4064 1432 4099 non
1457 4049 1710 4102 immerito
1741 4068 1857 4104 cen-

247 4138 437 4190 senda
466 4149 565 4200 est,
599 4154 724 4190 cum
758 4134 970 4204 publice
999 4137 1050 4186 in
1081 4135 1315 4189 omnibus
1359 4139 1587 4191 ecclesiis
1616 4141 1853 4206 primitus

241 4218 550 4293 legeretur,
582 4230 707 4282 licet
746 4225 820 4278 ad
869 4241 1032 4276 unam
1081 4223 1295 4291 scripta,
1328 4243 1388 4277 ac
1437 4227 1531 4281 hoc
1561 4229 1764 4281 nomine
1790 4230 1853 4282 ab

241 4308 572 4386 Epiphanio
601 4319 771 4372 etiam
810 4315 1150 4383 insigniatur.
1207 4314 1448 4384 Magnam
1513 4327 1683 4370 autem
1730 4318 1852 4372 olim

235 4395 413 4457 inter
443 4405 742 4457 Ecclesiam
789 4401 1088 4454 Romanam
1125 4410 1172 4454 et
1213 4402 1600 4458 Corinthiacam
1634 4410 1852 4460 necessi-

230 4491 534 4555 tudinem,
564 4503 611 4545 et
659 4485 972 4544 animorum
1022 4491 1427 4555 conjunctionem
1456 4495 1636 4562 fuisse,
1666 4505 1851 4562 praeter

226 4570 413 4635 ’“htc
464 4584 862 4652 responsoriam
916 4579 1218 4645 Clementis,
1250 4593 1502 4638 testantur
1545 4587 1703 4639 etiam
1745 4589 1850 4654 epi-

219 4673 429 4725 Slola'
461 4673 700 4741 Dionysii
750 4669 1151 4726 Corinthiorum
1192 4676 1427 4741 episcopi,
1446 4671 1679 4743 'quarum
1710 4692 1850 4728 men-

243 4750 466 4814 ὶίιιῖδηρηι
496 4764 628 4832 facit
658 4763 934 4817 Eusebius
967 4761 1219 4815 Historia:
1246 4780 1352 4815 sua:
1380 4764 1471 4817 lib.
1505 4780 1577 4828 ιν,
1610 4779 1728 4832 cap.
1757 4764 1848 4829 2"2,

277 4845 452 4914 Ψίρρε
479 4870 593 4922 qua:
620 4853 847 4908 eosdem
873 4851 1140 4917 apostolos
1169 4852 1367 4904 Petrum
1392 4861 1439 4905 et
1470 4851 1714 4913 Paulum,
1744 4855 1853 4921 pri-

295 4942 389 4982 πίοι
403 4943 712 5006 lundatores
743 4941 1034 4994 haberent.
1065 4948 1112 4991 et
1136 4939 1186 4990 in
1215 4940 1389 4994 eadem
1417 4940 1520 5006 [ide
1549 4941 1851 5006 conspiran-

280 5020 362 5080 t“:
386 5033 639 5090 doctrinm
680 5029 1167 5097 consanguinitate
1199 5029 1274 5096 (ut
1318 5029 1480 5081 verbis
1541 5029 1850 5084 Tertulliani

268 5109 410 5195 τίων),
438 5130 592 5199 pacis
637 5121 1180 5182 communicatione,
1236 5118 1577 5178 fraternitatis
1627 5121 1855 5184 appella-

243 5193 468 5289 ρξ’δθςέι
509 5212 938 5290 hospitalitatis
995 5210 1443 5271 contesseratione,
1486 5218 1728 5278 tanquam
1759 5211 1853 5275 fir-

197 5283 460 5398 ίῗδδθὲριο
489 5283 740 5386 glutino,
781 5306 937 5358 inter
979 5315 1034 5351 se
1076 5298 1287 5349 invicem
1317 5297 1703 5364 copularentur.
1743 5295 1848 5349 Ec-

231 5374 291 5398 .._
1539 5389 1557 5398 -
1680 5389 1690 5398 .

231 5374 265 5405 Ε

260 5389 390 5468 \‘ia:
413 5421 599 5465 autent
629 5405 927 5459 Romana!
991 5407 1095 5443 non
1128 5404 1277 5440 suum
1299 5403 1480 5439 nomen
1530 5389 1690 5455 fronti
1713 5403 1850 5454 pra:—

173 5433 250 5493 βιδ
284 5433 390 5468 ‘m'
413 5433 599 5465 auten:
629 5433 923 5459 ιιυηιωηυυ
992 5433 1095 5443 "vv-
1113 5433 1274 5490 ’νζ-νην.-
1299 5433 1478 5439 -νν---νη
1521 5433 1565 5486 ἰ·
1585 5433 1686 5440 -σνν-
1713 5433 1758 5488 Γ.-
1777 5433 1815 5440 νν

253 5479 357 5570 δη
386 5514 441 5560 ut
497 5496 810 5556 modestiae
863 5495 920 5542 et
976 5478 1292 5533 humilitatis
1338 5487 1555 5543 posteris
1610 5477 1849 5531 uitalibus

317 5648 427 5704 Lib.
472 5661 492 5700 ι
538 5640 782 5697 Strom.

1964 1986 2032 2038 ad
2071 1985 2356 2052 fraternam
2401 1981 2728 2035 concordiam
2781 1990 2829 2033 et
2867 1981 3211 2034 humilitatem
3259 1992 3366 2034 tota
3413 1981 3510 2034 hac

1960 2076 2178 2141 epistola
2212 2073 2471 2135 hortatur,
2503 2087 2603 2124 non
2653 2079 2852 2124 tantum
2905 2073 3118 2140 scripto,
3149 2070 3239 2124 sed
3281 2072 3510 2140 exemplo

1963 2166 2125 2218 etiam
2155 2180 2270 2225 suo,
2302 2178 2474 2215 veram
2497 2171 2545 2215 et
2602 2177 2702 2214 non
2747 2161 2976 2229 fucatam
3023 2161 3511 2233 ταπεινοφροσύνην

1961 2251 2181 2310 doceret,
2203 2266 2338 2320 quw,
2362 2248 2563 2303 Basilio
2595 2259 2737 2315 teste,
2754 2251 2858 2302 τῶν
2879 2250 3046 2304 ἄλλων
3078 2251 3280 2320 ἀρετῶν
3309 2250 3510 2319 Θησαυ-

1963 2339 2282 2410 ροφυλάκιον
2296 2348 2390 2392 est.
2407 2341 2520 2404 Quo
2531 2356 2664 2392 anno
2688 2351 2857 2392 autem
2870 2340 3193 2408 episcopatus
3210 2341 3322 2409 ejus
3350 2341 3510 2393 missa

1961 2431 2028 2483 sit
2056 2429 2162 2483 hwc
2182 2413 2422 2496 epistola,
2452 2439 2502 2482 et
2530 2447 2596 2482 an
2628 2428 2802 2483 Romae
2824 2439 2954 2483 esset
2976 2428 3210 2483 Clemens
3234 2446 3350 2482 cum
3377 2431 3511 2482 hanc

1960 2518 2221 2580 scriberet,
2263 2518 2398 2585 apud
2443 2519 2683 2586 antiquos
2727 2519 2928 2572 nullum
2973 2520 3243 2587 vestigium
3270 2535 3288 2572 :
3317 2519 3508 2586 proba-

1961 2605 2058 2659 bile
2088 2617 2162 2660 est
2189 2623 2291 2660 non
2321 2608 2466 2676 prius
2504 2609 2748 2675 scriptam
2788 2609 2949 2676 fuisse
2989 2625 3145 2676 quam
3181 2610 3232 2661 in
3269 2609 3510 2661 exsilium

1959 2698 2289 2766 relegaretur,
2318 2697 2452 2766 quod
2481 2697 2678 2765 factum
2702 2706 2776 2750 est
2820 2697 3021 2750 biennio
3060 2706 3335 2766 antequam
3367 2714 3513 2751 mar-

1961 2788 2093 2855 tyrio
2121 2788 2280 2840 vitam
2309 2788 2516 2854 ﬁniret;
2542 2785 2676 2856 quod
2704 2801 2768 2838 ea:
2795 2786 2956 2853 ipsius
2975 2787 3136 2840 verbis
3168 2803 3268 2840 non
3300 2787 3512 2840 obscure

1959 2874 2132 2943 colligi
2158 2884 2344 2943 potest,
2382 2875 2468 2926 ubi
2505 2875 2567 2928 de
2598 2875 2758 2927 Pauli
2797 2875 3082 2939 laboribus,
3117 2877 3179 2931 de
3212 2879 3394 2930 mortis
3423 2893 3510 2946 ge-

1959 2981 2098 3027 nere,
2129 2974 2178 3018 et
2225 2967 2466 3036 martyrii
2509 2965 2620 3018 loco
2650 2965 2930 3030 disserens,
2961 2968 3056 3030 ait,
3091 2984 3206 3020 eum
3234 2969 3287 3020 in
3317 2969 3510 3036 ﬁnibus

1970 3055 2261 3109 Occidentis
2281 3073 2493 3124 passum
2517 3073 2646 3110 esse.
2671 3057 2961 3110 Verisimile
2983 3066 3079 3119 est,
3107 3059 3152 3110 si
3173 3059 3225 3110 in
3248 3057 3371 3112 urbe
3400 3071 3513 3112 tum.

1965 3144 2166 3212 fuisset,
2200 3145 2256 3196 ἐν
2284 3144 2452 3215 ταύτῃ
2481 3147 2546 3214 τῇ
2580 3145 2802 3214 βασιλίδι
2831 3145 3000 3208 πόλει,
3040 3148 3115 3200 vel
3145 3147 3344 3216 aliquid
3369 3148 3512 3215 ejus-

1957 3233 2117 3297 modi,
2166 3235 2386 3288 voluisse
2420 3234 2568 3287 illum
2607 3235 2847 3290 scribere.
2885 3237 3031 3290 Adde
3073 3238 3207 3306 quod
3245 3241 3423 3292 statim
3453 3241 3510 3292 in

1956 3324 2127 3384 initio,
2142 3339 2257 3377 cum
2276 3321 2573 3376 tarditatem
2592 3339 2741 3376 suam
2759 3325 2811 3376 in
2825 3326 3149 3379 rescribendo
3165 3338 3400 3392 excusat,
3418 3344 3510 3381 ca-

1957 3417 2252 3469 lamitatum
2274 3432 2489 3469 suarum
2508 3425 2558 3467 et
2580 3414 2958 3485 περιπτώσεων
2988 3419 3293 3472 mentionem
3313 3420 3507 3487 faciat:

1961 3506 2073 3559 ἀλλ’
2103 3506 2280 3576 ἐπέχω
2310 3508 2402 3558 καὶ
2430 3505 2575 3558 οὐδὲν
2591 3505 2772 3575 ὁρίζω,
2792 3516 2838 3557 et
2849 3522 2912 3558 ea:
2927 3508 3008 3559 via
3021 3507 3117 3560 hac
3133 3509 3332 3578 ἀϐάτῳ,
3351 3525 3506 3579 quam

1957 3611 2103 3648 nemo
2129 3607 2248 3649 ante
2277 3596 2515 3660 calcavit,
2540 3595 2717 3664 pedem
2749 3596 2932 3664 refero.
2960 3597 3089 3651 Post
3115 3602 3502 3663 salutationem,

1955 3698 2069 3750 qute
2104 3682 2264 3736 verbis
2313 3682 2556 3736 Paulinis
2598 3683 2904 3750 concipitur,
2955 3681 3257 3737 Corinthios
3300 3695 3506 3753 propter

1955 3772 2242 3824 constantis
2275 3770 2396 3838 ﬁdei
2433 3772 2804 3833 sinceritatem,
2829 3782 3037 3841 propter
3055 3791 3254 3826 morum
3273 3776 3506 3842 probita-

1957 3867 2076 3922 tem,
2113 3868 2157 3913 ει
2179 3860 2429 3928 insignem
2459 3861 2513 3911 in
2542 3859 2778 3912 omnibus
2793 3862 3081 3930 εὐκοσμίαν
3109 3865 3200 3914 καὶ
3224 3862 3501 3927 εὐταξίαν,

1955 3946 2268 4000 vehementer
2299 3948 2502 4011 laudat,
2532 3959 2580 4002 et
2605 3950 2660 4000 in
2688 3948 2781 4002 hoc
2817 3951 2976 4002 etiam
3005 3950 3165 4004 Pauli
3191 3951 3502 4020 discipulum

1953 4053 2008 4089 se
2035 4036 2237 4103 probat,
2263 4038 2350 4106 qui
2378 4037 2639 4105 Epistolas
2663 4055 2784 4091 suas
2809 4056 2840 4092 a
2873 4040 3114 4094 laudibus
3144 4042 3307 4096 ordiri
3337 4055 3508 4101 amat.

1954 4124 2039 4179 Sic
2063 4127 2198 4179 enim
2220 4126 2288 4178 ad
2304 4126 2598 4182 Romanos:
2623 4129 2686 4180 Ἦ
2705 4130 2883 4192 πίστις
2912 4131 3058 4200 ὑμῶν
3085 4135 3501 4202 καταγγέλλεται

1953 4215 2010 4267 ἐν
2034 4204 2140 4284 ὅλῳ
2162 4215 2238 4285 τῷ
2261 4216 2466 4287 κόσμῳ,
2487 4219 2561 4270 sic
2577 4218 2645 4269 ad
2664 4217 2988 4275 Corinthios:
3008 4221 3411 4294 Ἑπλουτίσθητε
3443 4227 3500 4278 ἐν

1953 4305 2116 4374 αὐτῷ,
2134 4307 2188 4358 ἐν
2217 4309 2380 4361 παντὶ
2395 4307 2532 4378 λόγῳ
2547 4310 2638 4360 καὶ
2657 4309 2802 4382 πάσῃ
2835 4310 3049 4378 γνώσει,
3067 4311 3204 4364 ὥστε
3247 4315 3387 4382 ὑμᾶς
3425 4314 3497 4384 μὴ

1953 4394 2289 4465 ὑστερεῖσθαι
2307 4397 2364 4448 ὲν
2396 4397 2577 4466 μηδενὶ
2594 4400 2908 4469 χαρίσματι.
2929 4398 3029 4454 Sed
3051 4419 3151 4454 non
3171 4415 3245 4460 est
3265 4405 3498 4469 proposi-

1953 4494 2059 4536 tum
2090 4497 2321 4538 nostrum
2343 4497 2641 4540 accuratam
2670 4489 2930 4558 analysin,
2960 4495 3050 4542 σοι
3076 4491 3326 4560 longiores
3358 4509 3512 4544 com-

1956 4578 2232 4628 mentarios
2263 4578 2482 4630 scribere
2503 4596 2522 4632 :
2551 4595 2705 4648 neque
2747 4595 2912 4646 opera:
2959 4581 3353 4649 typographicw,
3381 4599 3509 4652 quce-
3577 4601 3585 4608 κ

1956 4677 2203 4719 connatas
2235 4667 2326 4720 has
2357 4678 2405 4720 et
2432 4671 2727 4738 congenitas
2768 4671 3042 4722 stricturas
3070 4672 3320 4737 prnrcipiti
3348 4673 3495 4739 festi-

1956 4757 2162 4808 natione
2196 4756 2496 4820 extrudunt,
2524 4759 2857 4810 immaturum
2896 4757 3054 4825 fetum
3091 4759 3338 4813 teneriore
3367 4778 3495 4816 cura

1959 4846 2198 4910 lambere,
2230 4856 2277 4900 et
2305 4849 2507 4914 paterni
2533 4849 2745 4916 affectus
2775 4849 3122 4917 γνωρίσματα
3149 4851 3307 4903 simul
3338 4867 3494 4920 expo-

1957 4953 2094 5001 nere,
2123 4940 2412 5004 patiuntur.
2438 4938 2610 5002 Quare
2645 4949 2830 5006 praeter
2859 4939 2951 4990 illa
2984 4955 3098 5006 qua:
3139 4941 3303 5008 magis
3344 4941 3494 4997 obvia

1957 5037 2122 5091 erant,
2152 5036 2198 5080 et
2241 5024 2396 5095 supra
2426 5045 2457 5080 a
2486 5030 2629 5082 nobis
2659 5029 2764 5081 suis
2794 5028 2919 5080 locis
2953 5031 3006 5080 in
3056 5031 3287 5098 margine
3319 5049 3493 5086 emen-

1951 5119 2074 5170 data
2111 5127 2249 5181 sunt,
2294 5119 2529 5187 quwdam
2574 5119 3043 5184 inprwsentiarum,
3074 5135 3188 5188 qua:
3236 5121 3487 5175 medicam

1953 5225 2161 5260 manum
2194 5208 2508 5272 desiderant,
2541 5208 2615 5260 vel
2659 5215 2838 5259 notatu
2874 5208 3114 5277 digniora
3159 5211 3485 5274 videbuntur,

1951 5298 2350 5362 observabimus,
2405 5299 2598 5366 reliqua
2658 5313 2774 5349 cum
2833 5296 3034 5352 Graecia
3081 5311 3170 5353 aut
3229 5301 3484 5370 Afgyptus

1950 5391 2210 5457 exemplar
2228 5389 2564 5442 emaculatius
2588 5397 2634 5438 et
2658 5387 2930 5455 perfectius
2955 5391 3097 5444 nobis
3121 5392 3486 5446 subministra-
3575 5426 3582 5440 ς

1950 5481 2074 5543 rint,
2104 5481 2178 5533 vel
2220 5481 2270 5532 in
2318 5478 2614 5545 Hieronymi
2665 5479 2944 5533 versionem
2974 5481 3212 5534 Latinam
3262 5481 3482 5535 incidere
