3832 6274
493 305 559 358 ιτ
1624 308 1711 360 AD
1742 306 1796 361 S.
1834 303 2244 364 CLEMENTEM
2284 309 2303 362 Ι
2337 301 2566 365 PAPAM
3595 317 3657 371 $8

487 414 773 483 contigerit,
802 430 953 482 quam
991 415 1043 468 in
1073 415 1383 471 bibliothecis
1425 417 1614 470 alicubi
1656 420 1833 482 latere,
1877 437 2014 487 spem
2042 429 2086 484 Α
2115 423 2541 492 calcemOperum
2565 425 2858 496 Fulgentii;
2884 436 3041 496 atque
3066 427 3279 478 utinam
3310 424 3366 476 id
3395 425 3658 494 aliquando

486 503 632 556 nobis
663 504 788 572 facit
817 506 1081 574 catalogus
1117 507 1348 560 codicum
1390 508 1613 575 fratrum
1660 509 2007 572 Lobiensium,

483 608 626 660 quem
657 593 794 647 domi
844 594 1083 647 habemus
1127 595 1372 663 scriptum
1427 606 1543 650 ante
1570 597 1673 652 400
1719 615 1903 662 annos,
1941 598 2008 650 ad

2112 515 2326 576 eveniat,
2351 521 2398 565 et
2428 529 2538 581 spes
2565 525 2753 569 nostrae
2776 533 2878 570 non
2905 518 3090 569 inanes
3115 513 3598 582 deprehendantur!

859 827 956 883 Ex
989 826 1252 902 epistola
1284 827 1516 889 Gallica
1549 831 1622 890 V.
1648 833 1724 891 A.
1758 833 2129 912 Hieronymi
2162 835 2454 913 Bignonii
2484 836 2559 896 ad
2591 837 2927 913 Hugonem
2967 833 3302 907 Grotium,
3394 872 3402 879 ι

1455 931 1591 992 data
1619 933 1881 993 Lutetiae
1935 959 1988 997 a.
2045 943 2099 998 d.
2139 939 2174 996 7
2205 938 2468 1014 Augusti
2503 938 2673 998 1633.

549 1034 712 1089 Velim
755 1034 894 1088 scire
933 1029 1199 1100 quodnam
1226 1029 1296 1083 sit
1325 1039 1474 1082 tuum
1497 1030 1758 1097 judicium
1789 1030 1856 1084 de
1893 1032 2008 1100 epi-
2106 1035 2250 1088 ximo
2277 1037 2634 1103 apostolorum
2664 1034 2961 1104 discipulo;
2993 1036 3255 1104 quamvis
3285 1035 3379 1104 qui
3427 1050 3548 1091 eum
3585 1057 3662 1096 se-

474 1126 612 1179 stola
640 1124 928 1177 Clementis
956 1136 1125 1189 nuper
1166 1120 1220 1172 in
1247 1119 1433 1188 Anglia
1475 1119 1638 1173 edita.
1671 1117 1826 1173 Fides
1861 1121 2009 1174 codi-
2105 1127 2214 1178 cuti
2249 1135 2391 1188 sunt,
2423 1140 2488 1179 eo
2509 1135 2822 1194 argumento
2843 1128 2928 1181 usi
2963 1128 3100 1189 sint,
3133 1127 3237 1180 sed
3273 1134 3470 1180 contra
3493 1129 3665 1183 ethni-

472 1220 550 1272 cis
579 1215 946 1282 manuscripti,
979 1213 1071 1279 qui
1100 1228 1166 1266 ex
1197 1211 1412 1266 Oriente
1446 1211 1697 1266 advectus
1729 1212 1930 1266 dicitur
1951 1221 2006 1266 et
2104 1229 2196 1267 eos
2234 1223 2286 1268 et
2329 1215 2695 1283 philosophos,
2745 1217 2908 1285 inque
2962 1217 3191 1284 scriptis
3244 1215 3390 1268 alius
3438 1220 3664 1284 generis,

472 1309 541 1360 M.
568 1306 853 1358 Britannia:
871 1305 982 1373 regi
1008 1303 1258 1363 donatus,
1283 1301 1564 1355 sinceritas
1591 1299 1804 1354 Patrieii
1833 1301 2000 1364 Junii,

468 1399 555 1466 qui
581 1412 694 1450 eam
725 1395 911 1457 edidit,
937 1395 1237 1448 testimonia
1256 1409 1284 1445 a
1315 1392 1582 1444 veteribus
1604 1407 1666 1444 ex
1689 1407 1749 1444 ea
1777 1393 2001 1460 epistola

465 1488 798 1554 deprompta,
837 1499 954 1552 qua:
977 1484 1028 1535 in
1057 1483 1157 1536 hac
1170 1483 1458 1535 etiamnum
1481 1481 1747 1549 leguntur,
1772 1482 2000 1548 primum

463 1590 641 1627 veram
667 1581 724 1626 ιιι
773 1571 1044 1625 crederem
1092 1570 1381 1624 Clementis
1410 1569 1686 1636 epistolam
1719 1585 1803 1623 me
1833 1570 2002 1622 addu-

463 1672 680 1718 xerunt.
729 1662 921 1716 Postea
965 1661 1086 1730 styli
1142 1660 1383 1729 quaedam
1417 1660 1555 1712 ratio
1583 1666 1635 1712 et
1666 1660 1907 1726 spiritus,
1941 1667 1999 1713 ut

462 1755 536 1808 ita
563 1755 758 1816 dicam,
800 1751 979 1806 saeculi
1046 1750 1117 1801 ita
1148 1751 1196 1804 ei
1221 1750 1395 1802 inesse
1441 1747 1779 1808 videbantur,
1810 1757 1866 1801 ut
1911 1749 1997 1801 vix

2103 1316 2259 1368 quam
2295 1309 2376 1355 est
2424 1302 2648 1369 epistola
2677 1303 2740 1356 ad
2777 1303 3074 1357 Ecclesiam
3121 1303 3487 1372 apostolicam
3523 1307 3663 1372 data,

2100 1405 2323 1457 quaeque
2373 1391 2685 1459 aliquandiu
2727 1407 2824 1460 pro
2865 1395 3139 1446 canonica
3191 1392 3385 1445 habita
3414 1401 3516 1448 est.
3567 1394 3665 1452 0c-

2100 1481 2269 1532 currit
2315 1481 2477 1534 etiam
2520 1481 2691 1545 locus,
2743 1483 2797 1534 in
2839 1498 2946 1551 quo
2992 1483 3317 1536 oblationes
3363 1485 3482 1538 vult
3533 1485 3664 1555 loco,

2097 1575 2335 1637 tempore
2351 1576 2402 1622 et
2424 1570 2572 1624 horis
2593 1572 2755 1624 certis
2771 1571 3093 1641 ollerri,pag.
3119 1573 3192 1626 5‘2
3205 1580 3262 1626 et
3286 1573 3376 1637 55,
3397 1573 3489 1627 ubi
3512 1578 3663 1629 etiam

2099 1659 2295 1727 legitur
2324 1661 2514 1712 vocula
2545 1661 2730 1721 laicus,
2774 1677 2895 1729 qua:
2943 1662 3078 1713 mihi
3121 1670 3390 1729 suspecta
3419 1670 3523 1718 est.
3568 1663 3664 1717 Pa-

2098 1749 2220 1818 gina
2248 1751 2408 1802 etiam
2438 1750 2506 1802 62
2527 1749 2814 1805 Eeclesiam
2855 1751 3200 1806 Corinthium
3226 1754 3468 1823 ἀρχαίαν
3494 1766 3661 1819 vocat,

461 1841 739 1896 dubitandi
775 1847 916 1894 esset
952 1840 1120 1892 locus.
1151 1838 1418 1898 Attamen,
1443 1837 1568 1890 dum
1598 1853 1713 1890 eam
1746 1837 1880 1904 lego,
1918 1836 1999 1888 fa-
2101 1837 2243 1903 quod
2268 1837 2355 1888 vix
2382 1835 2642 1891 Clementi
2666 1841 2955 1894 convenire
2983 1851 3174 1910 queat.
3230 1840 3502 1911 Denique,
3546 1860 3664 1899 cum

460 1942 575 1986 teor
600 1932 727 1984 mihi
751 1928 990 1998 quaedam
1018 1928 1071 1980 in
1100 1943 1160 1981 ea
1184 1941 1467 1980 occurrere
1487 1943 1515 1978 a
1544 1927 1681 1996 stylo
1703 1926 1997 1994 apostolico

459 2024 652 2076 aliena.
683 2017 1278 2087 Insunt-frequentiora
1325 2017 1578 2086 epitheta,
1611 2015 1995 2084 ampliﬁcandi-

457 2129 561 2181 que
599 2111 856 2176 formulae,
896 2123 1014 2178 qum
1045 2121 1216 2162 aevum
1266 2107 1571 2175 posterius,
1621 2104 1993 2173 Liturgiasque

458 2211 510 2255 et
562 2200 885 2269 Enchologia
931 2197 1236 2251 Grzecorum
1285 2211 1472 2266 sapere
1515 2194 1779 2248 videntur.
1829 2193 1996 2261 Arguo

458 2306 694 2362 mentum
744 2308 774 2347 e
834 2293 1076 2360 pbmnice
1134 2293 1382 2355 ductum,
1431 2290 1653 2360 ejusque
1708 2286 1998 2356 descriptio

456 2387 649 2449 aliena,
682 2397 802 2437 meo
829 2382 1042 2452 quidem
1069 2381 1294 2450 judicio,
1321 2387 1447 2436 sunt
1478 2393 1508 2431 a
1537 2379 1827 2440 Clemente,
1868 2390 1995 2445 pro-

2103 1923 2360 1993 scriptum
2419 1925 2704 1993 genuinum
2757 1943 3048 1992 censeam,
3100 1929 3442 1985 crediderim
3495 1943 3665 1988 tamen

2100 2014 2279 2082 plures
2304 2016 2569 2070 clausulas
2592 2026 2643 2071 et
2671 2033 2831 2072 voces
2863 2019 2912 2072 ei
2935 2019 3160 2074 additas
3189 2021 3262 2072 ab
3287 2021 3357 2076 iis
3410 2036 3441 2074 a
3473 2023 3668 2092 quibus

2098 2111 2283 2172 postea
2312 2107 2582 2175 exscripta
2596 2115 2723 2174 «est;
2759 2108 2899 2177 quod
2929 2109 3097 2162 etiam
3131 2109 3272 2165 aliis
3298 2110 3546 2180 ejusdem
3583 2129 3668 2164 an-

2097 2193 2361 2261 tiquitatis
2394 2197 2633 2264 scriptis,
2669 2197 2880 2266 ipsique
2918 2198 3055 2253 adeo
3104 2198 3386 2255 Clementi
3419 2202 3660 2272 contigit.

2101 2282 2352 2339 Libenter
2382 2287 2676 2341 audiverim
2720 2289 2846 2357 quid
2877 2289 2944 2344 de
2973 2304 3033 2344 re
3081 2291 3300 2345 sentias
3334 2300 3414 2354 tu,
3449 2294 3536 2346 cui
3561 2310 3662 2348 non

2096 2375 2268 2438 facile,
2295 2377 2360 2430 ad
2392 2377 2519 2429 talia
2546 2379 2754 2447 egregie
2781 2379 3032 2447 sapienti,
3059 2380 3277 2449 imponi
3313 2389 3502 2451 queat.

455 2573 636 2648 nugo
667 2565 922 2630 Grotius
955 2562 1203 2641 epistol.
1235 2560 1308 2620 ad
1341 2558 1566 2648 Gallos
1587 2575 1748 2648 cur,
1780 2555 1854 2648 ad
1886 2553 2352 2648 amplissimum
2393 2554 3093 2648 virumnllieronymum
3127 2557 3559 2635 Bignonium,
3594 2556 3658 2619 in

1185 2653 1489 2714 supremo
1532 2637 1766 2696 Senatu
1795 2634 2132 2692 Parisiensi
2168 2634 2558 2692 Advocatum
2588 2634 2883 2710 Regium.

2084 2755 2366 2826 λοπρεπὲς,
2397 2753 2905 2825 ἀπροσωπολήπτως
2935 2755 3370 2825 ῥιψοκινδύνως,
3403 2757 3659 2810 aurea-ml-

2081 2863 2246 2908 νετος,
2263 2847 2685 2917 ὲργοπαρέκτης,
2731 2845 3124 2915 ἀξιαγάπητος,
3146 2850 3658 2918 μωμοσκοπεῖσοαι,

2081 2937 2427 3010 ἑτεροκλινές,
2484 2935 2886 3006 ἑτερογνώμων,
2946 2946 3023 3001 ει,
3068 2955 3184 3008 quo
3243 2940 3428 2996 Lucas
3468 2943 3657 3007 utitur,

449 3050 582 3098 sem,
613 3047 757 3086 nunc
801 3031 1034 3093 demum,
1070 3036 1351 3097 postquam
1382 3024 1790 3078 Francoftlrlum
1835 3024 1978 3087 veni.
2079 3028 2484 3098 ἀντοφθαλμεῖν,
2508 3029 2718 3096 aliaque
2745 3028 2963 3083 similia.
2991 3028 3060 3082 Et
3084 3033 3209 3100 ipse
3231 3048 3441 3098 sermo,
3468 3051 3578 3089 non
3603 3045 3660 3090 ut

445 3125 550 3177 viri
580 3121 818 3184 maximi,
868 3119 1160 3173 Succorum
1207 3117 1339 3185 regii
1369 3115 1674 3170 eancellarii
1709 3123 1921 3176 vocatu,
1947 3130 1977 3167 a
2004 3160 2042 3193 ί,
2079 3120 2418 3191 ἐδραῖξουσιν
2439 3119 2491 3171 in
2519 3119 2774 3173 minutias
2798 3120 3078 3183 concisus,
3104 3122 3204 3175 sed
3226 3123 3438 3193 largius
3464 3124 3656 3182 ﬂuens.

445 3213 649 3269 familia
677 3209 958 3280 Anglicani
985 3207 1142 3276 legati
1168 3206 1395 3276 accipio.
1426 3203 1585 3257 Nolui
1619 3218 1745 3257 vero
1771 3203 1839 3255 ad
1870 3218 1977 3256 m0-
2007 3203 2044 3216 ν
2076 3209 2209 3263 Nam
2258 3217 2310 3264 et
2339 3210 2532 3262 lectum
2570 3208 2638 3260 ab
2686 3208 2778 3262 illo
2836 3207 3156 3276 Euripidem
3210 3221 3267 3265 et
3329 3212 3658 3284 Sophoclem

444 3320 560 3359 ram
581 3304 743 3366 hanc,
776 3302 893 3356 sine
919 3315 1035 3354 mea
1067 3297 1221 3366 culpa
1253 3306 1452 3356 natam,
1479 3294 1636 3346 aliam
1668 3293 1976 3362 adjungere,
2075 3299 2365 3355 ostendunt
2395 3299 2668 3352 scntentize
2698 3315 2764 3353 ex
2794 3299 2938 3352 illius
2968 3297 3292 3365 Pliwnissis,
3313 3302 3482 3372 hujus
3502 3305 3664 3374 Ajare

443 3392 690 3460 quamvis
709 3405 808 3445 nec
835 3390 1024 3443 littera:
1051 3395 1154 3441 tua:
1182 3386 1379 3456 quibus
1407 3398 1721 3451 responsum
1750 3389 1858 3435 tam
1886 3383 1979 3436 diu
2079 3390 2368 3443 translatae.
2391 3387 2666 3440 Accedunt
2701 3387 2900 3441 indicia
2940 3403 3051 3442 non
3085 3391 3374 3446 simulata:
3413 3401 3657 3446 vetusta-

443 3483 633 3545 debeo,
685 3489 865 3535 essent
914 3479 980 3533 ad
1025 3492 1265 3540 manum,
1318 3487 1490 3542 neque
1528 3472 1808 3535 librorum,
1845 3487 1980 3539 quos
2076 3476 2361 3542 tiszQuod
2392 3477 2457 3529 de
2485 3475 2702 3530 Christo
2745 3493 2958 3546 semper
2989 3477 3267 3547 loquitur,
3318 3498 3433 3536 non
3477 3489 3534 3535 ut
3563 3499 3658 3551 po-

443 3575 715 3642 inspectos
746 3571 958 3634 vellem,
987 3568 1162 3637 COpia.
1195 3565 1345 3632 Quod
1375 3579 1538 3617 unum
1568 3562 1736 3632 potui,
1780 3563 1980 3630 episto-
2074 3568 2327 3622 steriorcs
2363 3565 2848 3636 πλατωνικώτερον,
2881 3566 2972 3619 sed
3004 3568 3341 3636 simpliciter
3373 3573 3560 3641 plane,
3606 3580 3660 3628 et

443 3664 550 3718 lam
594 3663 737 3715 illam
782 3660 886 3730 legi
938 3659 1210 3728 relegique
1264 3655 1580 3724 aliquoties,
1629 3659 1682 3706 et
1732 3652 1979 3705 omnibus
2075 3667 2135 3710 ut
2164 3655 2362 3710 Paulus
2387 3656 2662 3723 apostolus
2692 3657 2845 3710 solet.
2876 3653 3245 3725 Aliaquoque
3268 3659 3655 3731 dogmatapo.

442 3762 705 3824 quantum
747 3767 987 3806 mearum
1028 3758 1112 3805 est
1155 3749 1349 3802 virium
1385 3745 1654 3814 expensis,
1694 3744 1848 3796 aliter
1874 3743 1980 3796 exi-
2077 3753 2189 3800 stea
2217 3743 2464 3798 subtilius
2493 3742 2756 3810 explicata
2804 3750 2999 3796 tractat
3032 3743 3435 3818 ἀφελέστερον,
3465 3755 3522 3804 et
3561 3762 3661 3804 vo-

442 3847 664 3899 stimare
692 3857 798 3896 non
829 3842 998 3910 potui,
1029 3840 1161 3909 quin
1189 3839 1304 3891 bzec
1334 3836 1404 3891 sit
1431 3835 1615 3888 eadem
1659 3848 1818 3901 quam
1853 3832 1980 3901 legit

2096 3835 2233 3888 :ibus
2288 3833 2546 3903 κλήσεως,
2620 3832 2856 3901 κλητῶν,
2916 3833 3212 3900 ἐκλεκτῶν,
3268 3854 3446 3893 sensu
3493 3841 3658 3909 plane

441 3933 684 3995 Photius,
717 3931 875 4000 cujus
911 3938 1147 3998 tempore
1183 3943 1306 3980 cum
1336 3923 1622 3987 exstiterit,
1651 3938 1758 3974 non
1785 3921 1978 3975 mirum
2075 3926 2299 3979 Paulino
2338 3925 2535 3988 utitur;
2591 3925 2733 3993 quod
2763 3928 2820 3978 in
2846 3922 3055 3981 Veteris
3102 3925 3477 3986 Instrumenti
3519 3932 3658 3988 locis

441 4031 543 4082 est,
573 4020 618 4074 si
651 4019 718 4072 ad
751 4027 934 4072 nostra
955 4025 1196 4086 tempora
1219 4017 1274 4068 in
1299 4014 1664 4069 sanctioribus
1694 4012 1846 4065 libris
1873 4025 1981 4064 ser-
2077 4016 2418 4086 purissimam
2467 4031 2641 4083 neque
2697 4014 2872 4068 adhuc
2932 4015 3327 4086 interpolatum
3399 4025 3659 4091 sequitur

439 4114 563 4157 rata
594 4105 772 4158 fuerit.
803 4103 986 4172 Neque
1025 4118 1148 4157 vero
1173 4117 1349 4156 causae
1375 4101 1664 4170 quidquam
1687 4100 1862 4164 video,
1885 4114 1981 4153 cur
2080 4105 2422 4174 Septuaginta
2445 4120 2630 4158 senum
2657 4105 2978 4158 versionem.
3013 4105 3121 4160 Sed
3148 4124 3251 4162 nec
3283 4111 3417 4165 illos
3442 4116 3660 4181 spernit

440 4203 533 4248 aut
562 4195 648 4249 illa
676 4209 837 4263 quam
874 4193 1095 4248 Photius
1126 4193 1271 4263 legit,
1303 4208 1412 4245 non
1437 4193 1620 4246 eadem
1645 4193 1714 4246 sit
1746 4207 1869 4245 cum
1915 4205 1980 4244 ea
2079 4194 2420 4251 Hebraeorum
2453 4195 2637 4256 libros,
2671 4195 2762 4263 qui
2794 4196 3092 4248 secundum
3110 4197 3279 4254 Vetus
3306 4201 3661 4257 Instrumen-

439 4296 600 4349 quam
631 4279 982 4350 Hieronymus
1022 4289 1076 4334 et
1116 4288 1239 4333 ante
1279 4294 1402 4332 eum
1458 4278 1705 4333 Clemens
1751 4279 1980 4331 Alexan-
2080 4298 2191 4341 tum
2219 4286 2358 4356 apud
2388 4285 2819 4340 Christianorum
2863 4286 3284 4354 antiquissimos
3334 4296 3654 4348 auctorita-

439 4369 648 4433 dl‘iﬂus.
682 4368 1006 4438 Propiusque
1033 4366 1322 4422 Clementis
1362 4365 1588 4419 Romani
1613 4377 1848 4434 lcmpom
1872 4366 1981 4420 ιῐόο
2080 4387 2184 4432 tem
2221 4376 2484 4441 habuere;
2515 4375 2656 4443 quod
2696 4375 2877 4429 verbis
2906 4376 3178 4445 rebusque
3205 4381 3392 4434 utitur
3425 4384 3659 4439 desum-

440 4476 609 4524 nzeus,
639 4461 937 4520 habuerunt
961 4479 974 4513 :
998 4467 1090 4512 aut
1117 4474 1213 4512 cur
1233 4459 1308 4512 illi
1330 4458 1466 4511 alius
1497 4458 1705 4512 dandus
1733 4459 1803 4510 sit
1836 4458 1971 4510 scri-
2001 4471 2044 4524 ι)
2072 4470 2179 4540 pus
2206 4483 2271 4522 ex
2317 4467 2383 4519 iis
2431 4480 2549 4534 qua:
2574 4464 2791 4528 Paulus,
2823 4464 3014 4519 Petrus
3037 4473 3089 4520 ct
3133 4468 3226 4520 alii
3262 4471 3333 4524 ad
3386 4472 3658 4531 Hebraeos

438 4558 580 4619 ptor,
619 4565 778 4618 quam
819 4549 866 4602 is
895 4549 1006 4617 ipse
1037 4547 1280 4602 Clemens
1325 4546 1620 4610 Romanus,
1651 4547 1793 4615 quod
1823 4553 1973 4599 tanto
2074 4557 2356 4624 scripsere,
2382 4570 2489 4607 non
2537 4555 2696 4608 etiam
2741 4571 2805 4608 ex
2839 4555 2943 4608 illis
2976 4555 3132 4611 libris
3163 4574 3289 4627 quae
3343 4561 3658 4633 Evangelia

439 4655 708 4695 consensu
738 4640 804 4692 ab
830 4638 1078 4692 omnibus
1109 4637 1377 4705 proditum
1419 4644 1516 4692 est.
1546 4636 1662 4690 Non
1711 4639 1823 4690 loca
1849 4647 1970 4690 tan-
2073 4659 2173 4700 nos
2202 4657 2474 4706 vocamus,
2516 4658 2739 4712 quaeque
2786 4651 2906 4712 post
2951 4643 3224 4713 Epistolas
3266 4650 3658 4721 prodierunt;

442 4740 554 4782 tum
582 4731 780 4793 omnia,
809 4745 928 4799 qum
953 4729 1020 4781 ab
1048 4727 1282 4797 antiquis
1308 4727 1666 4788 adducuntur,
1695 4727 1780 4781 hic
1806 4741 1971 4795 appa-
2073 4735 2216 4806 quod
2251 4734 2393 4787 dicta
2447 4733 2689 4802 quaedam
2733 4744 2959 4802 usurpat
3006 4750 3116 4788 non
3164 4739 3404 4807 scripta,
3452 4747 3558 4799 sed
3599 4757 3659 4800 ιιι

440 4827 582 4884 rent,
613 4821 704 4874 sed
726 4829 778 4874 et
799 4835 884 4874 res
915 4820 1199 4889 ipsm,quas
1221 4818 1468 4872 observat
1492 4819 1733 4882 Photius,
1751 4825 1803 4872 et
1827 4817 1971 4887 quod

2096 4826 2329 4881 nemoria
2359 4835 2572 4878 recente
2601 4840 2696 4893 per
2711 4839 2905 4878 manus
2928 4826 3128 4879 tradita
3150 4844 3163 4892 ;
3184 4829 3337 4896 quod
3357 4847 3656 4902 nusquam

441 4907 765 4971 minimum.
804 4908 1081 4962 CharaClel‘
1119 4906 1440 4978 Hieronymo
1484 4907 1688 4972 diClUS.
1721 4907 1786 4961 ad
1821 4908 1970 4961 illum
2073 4916 2316 4973 meminit
2363 4916 2594 4969 exs-ortis
2642 4916 2787 4969 illius
2839 4917 3216 4984 episcoporum
3249 4927 3655 4990 auctoritatis,

440 4999 534 5067 qui
573 5005 656 5052 est
701 4997 756 5050 in
799 4998 1032 5067 Epistola
1061 5000 1129 5054 ad
1180 4998 1430 5055 Hebraeos
1481 5000 1748 5054 accedere.
1801 4996 1968 5065 Cujus
2069 5022 2185 5075 qua:
2229 5005 2479 5058 Ecclesiae
2523 5006 2931 5070 consuetudine,
2981 5014 3102 5073 post
3137 5005 3313 5060 Marci
3369 5022 3651 5076 mortem,

441 5104 606 5144 causa
628 5104 735 5142 non
776 5089 876 5142 alia
897 5099 996 5153 est,
1027 5107 1186 5160 quam
1216 5091 1358 5161 quod
1397 5091 1483 5145 hic
1517 5091 1785 5152 Clemens,
1815 5096 1873 5141 ut
1915 5094 1968 5142 et
2067 5094 2416 5154 Alexandriae,
2443 5102 2600 5161 atque
2637 5110 2701 5148 eo
2739 5095 2980 5162 exemplo
3003 5094 3154 5156 alibi,
3181 5096 3480 5156 introduci
3534 5121 3657 5160 coe-

440 5181 635 5246 Lucas,
657 5188 712 5234 et
736 5181 977 5250 quisquis
1007 5184 1092 5237 ille
1118 5191 1200 5238 est
1231 5183 1459 5251 scriptor
1479 5182 1545 5235 ad
1576 5181 1824 5234 llebraios
1843 5177 1968 5246 Epi-
2068 5186 2164 5253 pit,
2196 5183 2289 5236 sed
2321 5183 2474 5251 plane
2506 5192 2561 5235 ut
2584 5182 2782 5237 Paulus
2806 5182 3103 5253 apostolus,
3137 5187 3395 5241 ostendit
3452 5196 3650 5248 cccle-

440 5273 612 5337 stolai,
667 5279 948 5341 antequam
992 5274 1281 5329 Christiani
1327 5275 1532 5338 tierent,
1572 5273 1812 5326 Graecum
1855 5285 1958 5324 ser»
2068 5277 2177 5328 sias
2214 5273 2482 5325 communi
2518 5274 2980 5343 presbyterorum,
3012 5272 3102 5341 qui
3141 5273 3307 5328 iidem
3349 5292 3560 5336 omnes
3597 5294 3656 5338 et

440 5377 651 5416 manem
674 5378 736 5416 ex
767 5364 990 5418 eruditis
1018 5367 1324 5420 auctoribus
1351 5365 1660 5426 hauserant,
1692 5362 1846 5430 cujus
1881 5363 1965 5415 ni-
2067 5360 2303 5431 episcopi
2329 5361 2430 5428 ipsi
2456 5359 2624 5415 Paulo
2652 5363 2922 5425 dicuntur,
2959 5362 3188 5415 consilio
3219 5362 3407 5421 fuisse
3438 5372 3656 5438 gubcr-

439 5460 546 5516 tor,
575 5451 664 5505 ubi
685 5467 790 5506 non
821 5454 990 5508 aliena
1027 5456 1189 5517 dicta,
1215 5466 1306 5510 aut
1329 5471 1395 5510 ex
1436 5455 1605 5526 sacris
1644 5453 1837 5506 litteris
1865 5451 1960 5506 de-

2096 5460 2241 5506 latas.
2280 5448 2433 5502 Nam
2489 5452 2634 5521 quod
2687 5452 2964 5524 ἀρχιερέα,
3018 5451 3229 5514 λευίτας
3290 5462 3351 5507 ει
3409 5456 3654 5526 λαῖκοὺς

439 5551 679 5610 prompta
707 5544 863 5597 verba
886 5546 998 5618 suis
1041 5547 1307 5610 inserunt,
1337 5545 1429 5599 sed
1458 5543 1694 5598 liberiori
1726 5541 1962 5595 dictione
2067 5540 2324 5602 nominat,
2355 5541 2534 5593 omnia
2565 5543 2668 5596 ista
2692 5543 2908 5596 nomina
2941 5557 3048 5595 non
3077 5541 3143 5594 ad
3171 5541 3525 5607 Ecclesiam.
3548 5554 3652 5606 sed

440 5641 681 5698 utuntur,
713 5632 862 5690 facile
890 5639 1247 5706 cognoscitur.
1283 5634 1416 5688 llinc
1448 5635 1548 5688 illa:
1576 5649 1751 5690 voces.
1797 5647 1959 5700 μέγα·
2066 5634 2128 5686 ad
2159 5630 2412 5698 templum
2454 5631 2977 5694 llierosolvmilicum
3019 5635 3332 5704 pertinent;
3368 5642 3532 5700 unde
3558 5644 3650 5700 iti-

524 2763 811 2834 Epistolam
839 2776 957 2831 quae
986 2759 1275 2815 Clementis
1304 2757 1370 2810 ad
1399 2755 1705 2811 Corinthios
1733 2756 1983 2811 inscribi—

449 2865 559 2918 tur,
603 2854 687 2907 vir
723 2851 1078 2920 amplissime,
1122 2849 1190 2900 ab
1236 2847 1418 2915 Anglis
1472 2847 1790 2915 promissam
1849 2846 1981 2900 mibi

444 2947 556 3014 jam
586 2941 810 3011 pridem,
851 2954 973 2992 cum
1012 2936 1304 3004 llamburgi
1338 2934 1538 2988 frustra
1561 2933 1652 2987 diu
1682 2942 1982 3002 exspectas-
