3832 6244
222 321 361 384 49

1546 332 1881 387 ΡΒΟΟΕΜΙΑ

1966 331 2291 387 ARIORUM.
3437 337 3506 391 50

215 452 293 504 ﬁ:
328 440 394 481 ll
430 431 599 486 omnia
627 438 782 485 certo
836 434 1052 492 ordine
1103 447 1341 513 agenda,
1374 447 1418 501 si
1457 445 1673 507 Judaeis,
1721 452 1869 498 tanto
1898 493 1906 505 .

1970 453 2168 508 monet,
2202 445 2275 515 μὴ
2330 444 2435 515 γάρ
2487 460 2565 505 τις
2595 442 2742 512 ὑμῶν
2794 445 3043 514 πασχέτω
3088 446 3161 508 ὡς
3214 449 3419 515 φονεὺς,
3472 451 3504 518 ἢ

204 554 301 596 Π,
340 522 449 586 agis
495 522 852 578 Christianis.
897 525 1174 602 Tempus
1219 538 1395 605 ipsum
1434 553 1540 608 quo
1561 537 1760 605 scripta
1791 542 1873 591 est

202 620 400 690 ᾑβθ
425 614 664 684 θρίδίοιίιν
718 631 823 683 ego
856 618 928 671 ad
978 620 1162 678 finem
1212 626 1460 690 Neronis,
1514 635 1605 680 aut
1634 633 1778 680 certe
1806 625 1872 679 ad

200 708 382 786 θρξ
402 716 558 759 annos
611 705 707 774 qui
735 705 1097 777 Vespasiani
1124 717 1409 786 imperium
1435 721 1869 779 antecesserunt,

206 780 521 872 ;%feram.
550 792 689 847 Nam
720 796 1096 855 oblationum
1129 780 1394 869 meminit,
1420 822 1539 876 qua:
1577 806 1631 859 in
1676 805 1873 873 templo

221 875 478 959 εριεεθ
503 886 717 951 ﬁerent,
764 890 924 947 sicut
964 901 1026 947 et
1060 896 1133 949 ad
1161 896 1414 952 Hebraeos
1445 875 1711 965 scriptor,
1752 900 1871 964 post

258 971 436 1047 cilius
486 976 783 1046 epistolam
864 982 1025 1037 hanc
1091 987 1257 1041 credo
1316 989 1569 1055 scriptam
1626 1004 1639 1040 :
1701 999 1872 1053 eoque

291 1071 400 1125 fieri
428 1079 483 1123 ut
512 1069 696 1138 aliqua
728 1070 865 1126 inde
903 1084 1136 1145 sumpta
1170 1093 1281 1131 suae
1313 1075 1599 1130 intexuerit
1634 1075 1872 1142 epistola:

287 1163 541 1217 Clemens.
580 1160 793 1215 Mirum
839 1164 1027 1219 videri
1069 1169 1243 1235 possit
1282 1167 1501 1221 dissidia
1550 1166 1651 1219 ista
1680 1162 1870 1217 Corin-

284 1252 509 1305 thiorum
556 1249 1035 1308 Christianorum
1068 1257 1137 1310 ad
1172 1258 1276 1311 vim
1310 1271 1498 1325 usque,
1527 1265 1580 1309 ct
1608 1261 1666 1307 ut
1696 1253 1870 1321 loqui-

283 1353 386 1401 tur,
410 1341 630 1405 bellum,
657 1341 713 1395 id
730 1351 849 1408 est,
883 1345 1090 1408 rixam,
1118 1361 1422 1415 progressa,
1448 1345 1555 1399 nisi
1583 1352 1635 1399 et
1659 1344 1725 1398 de
1749 1342 1870 1396 aliis

278 1444 348 1488 ex
371 1430 588 1486 Hebraea
618 1442 794 1502 gente
827 1434 1174 1491 Christianis
1199 1438 1395 1492 similia
1424 1440 1868 1490 commemoraret

280 1525 339 1576 in
364 1522 602 1590 Epistola
626 1524 911 1582 Jacobus.
943 1528 1025 1581 Ex
1058 1530 1126 1582 iis
1152 1539 1353 1591 autem,
1394 1543 1620 1597 quorum
1663 1526 1729 1579 ad
1758 1524 1866 1578 vim

278 1626 453 1678 usque
482 1627 792 1682 progressa
833 1626 956 1670 erat
988 1619 1158 1671 animi
1187 1620 1517 1688 impotentia,
1548 1615 1807 1686 quosdam
1835 1630 1866 1667 a

275 1701 698 1769 magistratibus
738 1708 799 1759 in
834 1722 1116 1763 carcerem
1141 1710 1319 1772 datos,
1347 1724 1455 1763 non
1485 1716 1565 1763 est
1595 1707 1735 1776 quod
1766 1706 1867 1758 mi-

1973 534 2223 603 κλέπτης,
2270 534 2302 603 ἢ
2353 533 2656 597 κακοποιός.
2707 532 2797 587 llze
2849 544 2974 590 sunt
3029 551 3225 600 causae,
3274 551 3372 591 cur
3406 554 3506 607 ego

1972 624 2111 676 hanc
2138 625 2423 691 epistolam
2452 638 2560 676 non
2587 624 2743 678 modo
2790 625 3074 695 genuinam
3122 628 3370 689 arbitrer,
3411 627 3505 682 sed

1970 723 2023 769 et
2052 715 2199 771 nulla
2233 714 2286 766 in
2329 730 2391 768 ea
2430 730 2620 769 manus
2650 716 2904 771 adulterae
2942 718 3165 787 vestigia
3194 734 3504 787 agnoscam.

1971 806 2205 859 Alteram
2235 806 2534 874 epistolam,
2562 806 2717 875 cujus
2747 807 3099 877 fragmentum
3131 809 3369 862 additum
3398 819 3503 874 est,

1969 912 2277 966 quanquam
2337 896 2625 950 Clementis
2662 904 2725 950 .et
2772 897 2887 965 ipsa
2929 898 2983 949 in
3033 898 3186 951 libris
3230 900 3504 953 nonnullis

1969 1004 2162 1043 nomen
2212 988 2477 1055 praetulit,
2527 1002 2634 1040 non
2675 1002 2793 1040 esse
2838 995 3013 1041 tamen
3056 989 3102 1041 ei
3147 988 3503 1053 tribuendam,

1969 1080 2128 1132 etiam
2157 1076 2726 1143 veteresjudicarunt:
2759 1092 2985 1145 quorum
3017 1077 3321 1129 auctoritati
3352 1092 3506 1131 acce-

1970 1167 2049 1219 dit
2100 1166 2429 1220 characteris
2478 1166 2785 1220 diversitas.
2843 1165 3025 1234 Neque
3071 1175 3248 1220 tamen
3293 1166 3501 1227 dubito.

1968 1259 2097 1326 quin
2128 1258 2283 1326 primi
2337 1257 2518 1311 smculi
2568 1257 2639 1310 sit
2671 1273 2825 1326 opus,
2858 1258 3117 1326 scriptum
3148 1266 3270 1310 ante
3301 1258 3503 1311 consti-

1968 1352 2141 1398 tutqu
2188 1344 2536 1399 ecclesiarum
2565 1360 2832 1398 consensu
2862 1359 3143 1407 canonem,
3175 1352 3227 1398 et
3258 1344 3394 1399 forte
3425 1346 3503 1397 al-

1968 1436 2136 1491 terius
2166 1435 2398 1503 alicujus
2430 1432 2743 1490 Clementis.
2790 1433 2911 1487 llznc
2939 1450 3057 1503 quae
3086 1433 3214 1486 mihi
3245 1434 3381 1497 visa,
3414 1449 3503 1487 ea-

1966 1527 2085 1582 dem
2113 1527 2354 1580 libertate
2378 1542 2483 1595 qua
2513 1525 2746 1593 colloqui
2774 1532 2948 1578 tecum
2980 1523 3103 1576 mihi
3133 1538 3499 1586 concesseras,

1965 1617 2029 1671 ad
2053 1617 2455 1670 exactissimum
2483 1616 2549 1669 de
2577 1615 2737 1671 rebus
2765 1614 3021 1666 omnibus
3039 1612 3300 1681 judicium
3326 1620 3498 1672 tuum,

1966 1709 2048 1763 vir
2075 1709 2220 1762 omni
2244 1724 2307 1761 ex
2336 1716 2485 1776 parte
2502 1704 2958 1775 incomparabilis,
2982 1703 3184 1768 defero,
3205 1708 3307 1757 etc.
3336 1702 3502 1757 Fran-

269 1767 477 1847 remur.
520 1793 722 1863 Neque
771 1798 924 1851 enim
973 1800 1042 1852 de
1085 1801 1256 1853 nihilo
1295 1767 1397 1864 est,
1442 1798 1583 1868 quod
1612 1767 1862 1850 l’onticis
1895 1767 1938 1820 Β
1967 1799 2160 1854 cofurti
2194 1767 2581 1852 i7Jullii1654.

263 1876 609 1942 Christianis
669 1888 937 1944 scribens
986 1888 1185 1945 Petrus
1212 1892 1256 1921 τ’
1311 1899 1417 1943 tam
1492 1888 1716 1944 sollicite
1764 1900 1859 1940 eos

764 2104 865 2163 Ex
898 2102 1024 2175 alia
1056 2103 1325 2180 epistola
1359 2104 1644 2182 ejusdem
1688 2104 1978 2183 Bignonii
2001 2147 2016 2172 ,
2061 2125 2110 2163 a.
2175 2111 2228 2168 d.
2273 2103 2350 2162 28
2380 2100 2649 2179 Augusti
2686 2099 2836 2160 1631i
2872 2097 3031 2157 data.

338 2217 571 2274 Gratias
598 2221 696 2274 tibi
730 2235 872 2291 ago,
906 2222 1110 2275 eruditi
1156 2229 1210 2277 et
1243 2223 1399 2277 solidi
1440 2224 1518 2277 tui
1555 2225 1763 2292 judicii,
1794 2226 1858 2278 de

217 2306 580 2371 Clemente,
616 2326 815 2366 causa.
854 2312 1021 2367 Solus
1052 2312 1213 2365 hodie
1242 2312 1386 2366 hora:
1423 2320 1692 2367 momento
1713 2314 1857 2380 ejus-

205 2415 287 2453 nn
308 2399 419 2451 odi
459 2416 553 2454 res
584 2401 857 2454 dirimere
914 2410 1093 2469 potes,
1151 2402 1309 2470 idque
1362 2400 1535 2454 cuivis
1584 2402 1779 2454 saeculo
1808 2410 1859 2453 et

201 2488 561 2556 scriptori,
598 2492 750 2561 quod
780 2492 833 2546 ei
854 2490 1108 2556 debetur,
1135 2491 1378 2553 reddere,
1405 2501 1457 2544 et
1489 2491 1742 2553 fructum,
1766 2492 1857 2558 qui

196 2591 325 2653 eg
359 2592 437 2632 eo
475 2582 600 2651 capi
654 2583 866 2651 possit,
897 2583 1208 2638 ostendere.
1240 2582 1560 2637 Rationibus
1590 2583 1696 2636 tuis
1728 2582 1858 2634 nihil

231 2673 367 2733 ge\
391 2673 532 2741 quod
565 2674 898 2742 objiciatur,
927 2673 1231 2743 iudiciique
1260 2675 1336 2727 tui
1378 2673 1749 2728 auctoritatem
1783 2673 1860 2725 ir-

278 2757 671 2830 \el‘ragabilem
724 2777 855 2817 esse
900 2778 1000 2832 par
1028 2772 1130 2817 est.
1171 2761 1472 2817 Genuinum
1498 2762 1708 2832 quidem
1737 2777 1853 2814 om-

302 2848 415 2902 nino
436 2858 873 2905 monumentum
904 2853 1007 2906 hoc
1042 2868 1163 2908 esse
1194 2862 1526 2922 putaveram,
1562 2853 1654 2908 sed
1679 2853 1856 2921 suspi-

302 2939 444 2993 cabar
481 2943 533 2995 ei
565 2942 840 3011 periodos
869 2953 964 2996 aut
989 2959 1153 2999 voces
1194 2946 1398 3013 aliquot
1436 2960 1465 2997 a
1504 2945 1736 2998 librariis
1763 2958 1855 2998 as-

302 3037 450 3087 sutas.
488 3032 572 3086 Tu
619 3050 757 3088 vero
786 3035 1131 3090 dubitatione
1165 3037 1253 3090 illa
1284 3052 1366 3091 me
1391 3037 1555 3099 levas,
1578 3037 1683 3090 nisi
1713 3036 1853 3104 quod
1882 3015 1923 3073 (ἶ

296 3124 519 3176 narratio
540 3124 612 3177 de
645 3124 911 3189 phmnice
931 3141 1017 3180 me
1038 3128 1331 3181 etiamnum
1350 3127 1595 3180 nonnihil
1616 3126 1855 3188 offendit;

292 3210 473 3283 quippe
488 3230 616 3282 qua:
628 3215 918 3284 cepiosior
934 3225 1019 3271 est
1034 3226 1085 3270 et
1103 3217 1544 3289 σοφιστικωτέρα,
1568 3232 1725 3287 quam
1745 3226 1857 3288 sty-

290 3295 368 3352 lus
392 3304 742 3371 apostolicus
765 3306 1028 3372 patiatur.
1065 3305 1135 3358 Ea
1169 3306 1369 3373 fabula,
1398 3308 1643 3376 quamvis
1663 3322 1691 3358 a
1719 3308 1857 3360 scri-

1968 2227 2214 2295 ptoribus
2247 2221 2572 2277 Christianis
2602 2229 2788 2289 postea
2810 2218 3070 2279 adhibita,
3104 2215 3322 2284 scriptis
3344 2213 3500 2281 primi

1967 2315 2298 2374 successoris
2348 2311 2716 2381 apostolorum
2749 2308 3017 2377 Principis
3079 2312 3187 2359 non
3218 2312 3301 2358 sat
3339 2303 3500 2371 digna

1965 2410 2201 2469 videtur,
2243 2404 2537 2474 praesertim
2568 2408 2645 2453 tot
2670 2400 2849 2453 verbis
2879 2399 3142 2465 exposita.
3168 2392 3379 2462 Alioqui
3400 2390 3502 2444 mi-

1964 2517 2087 2554 rum
2147 2498 2315 2552 videri
2382 2510 2488 2549 non
2531 2494 2702 2563 possit
2731 2505 2851 2545 eum
2890 2504 3010 2542 esse
3046 2502 3202 2541 usum
3248 2484 3500 2553 opinione

1964 2600 2094 2644 tunc
2138 2587 2392 2656 temporis
2433 2591 2670 2652 recepta,
2722 2588 2780 2635 ut
2823 2579 3066 2633 ethnicos
3108 2576 3183 2645 ad
3219 2574 3499 2628 veritatem

1962 2680 2216 2734 doctrinae
2235 2676 2551 2731 Christiana:
2573 2672 2785 2743 plenius
2802 2668 3183 2724 admittendam
3215 2665 3462 2719 invitaret
3482 2681 3496 2723 ;

1962 2769 2229 2840 quomodo
2248 2776 2298 2822 et
2318 2766 2512 2819 Paulus
2533 2744 2770 2817 usus'est
2793 2759 3145 2828 inscriptione
3169 2755 3259 2808 Dei
3280 2754 3440 2824 ignoti
3454 2753 3495 2813 ³,

1962 2859 2209 2928 quamvis
2256 2856 2516 2911 sententia
2548 2852 2758 2906 diversa
2783 2850 2849 2903 ab
2880 2847 3131 2917 opinione
3169 2842 3372 2914 vulgari
3417 2848 3500 2892 at-

1961 2965 2066 3018 que
2085 2947 2449 3015 inscriptionis
2477 2944 2592 2999 basi
2620 2957 2725 2995 ara:
2754 2939 3053 3006 insculptie.
3091 2934 3348 2988 Putabam
3372 2945 3502 3000 ergo

1961 3037 2374 3107 descriptionem
2406 3032 2667 3104 phoenicis
2697 3029 2958 3107 adjectam
2981 3027 3050 3080 ab
3073 3026 3176 3079 alio
3202 3023 3366 3077 fuisse
3394 3036 3498 3073 nu-

1960 3130 2041 3183 da:
2068 3130 2185 3197 ejus
2215 3126 2492 3189 mentioni,
2516 3140 2546 3178 a
2569 3123 2841 3177 Clemente
2866 3120 3037 3175 obiter
3057 3118 3296 3186 injectze;
3328 3113 3421 3168 sed
3445 3111 3498 3163 in

1961 3220 2181 3274 meliore
2208 3229 2297 3272 tua
2321 3217 2587 3271 sententia
2617 3214 2922 3283 acquiesco,
2968 3226 3067 3265 nec
3097 3224 3273 3265 meum
3305 3214 3389 3262 est
3418 3212 3499 3259 te-

1961 3326 2082 3364 cum
2114 3309 2459 3362 contendere.

259 3447 541 3529 (IEIcerpta
574 3462 695 3514 lucc
720 3473 849 3515 sunt
881 3478 911 3515 e
938 3463 1247 3515 testimoniis
1268 3463 1330 3517 de
1356 3463 1609 3532 Bignom'o
1633 3504 1647 3527 ,
1674 3481 1787 3531 quae
1808 3465 1959 3601 alter;
1994 3465 2204 3604 ed;tioui
2228 3466 2487 3522 Parisina:
2514 3466 2889 3522 Formularum
2914 3463 3160 3530 Marculﬁ
3188 3460 3313 3512 anni
3361 3455 3498 3512 1665

1658 3542 1776 3586 sunt
1803 3548 1910 3600 prw
1953 3549 2040 3589 asa.

1658 3542 1776 3586 sunt
1803 3542 2040 3600 prwﬁxa.

1119 3788 1273 3874 HE
1296 3788 1850 3878 RMANNUS
1919 3787 2279 3880 CONRI
2304 3792 2655 3880 NGIUS

789 3977 1205 4039 JOACHIMO
1257 3977 1543 4037 JOANNI
1582 3976 1943 4050 MADERO,
1980 3976 2175 4039 ΥΠὶο
2206 3978 2683 4039 DOCTISSIMO
2715 3978 2773 4038 S.
2823 3980 2887 4037 P.
2925 3980 2991 4038 D.

350 4226 617 4280 Praeclare
645 4224 717 4278 de
740 4221 969 4291 publico
994 4236 1238 4281 mereris,
1271 4220 1584 4274 doctissime
1618 4219 1847 4297 madere,
1882 4227 1925 4279 D
1954 4222 2125 4284 nium,
2176 4221 2346 4273 induti
2389 4222 2501 4289 jam
2556 4220 2778 4289 proinde
2831 4223 2981 4276 stolis
3004 4223 3263 4288 candidis,
3295 4234 3344 4277 et
3374 4238 3492 4279 ante

248 4308 403 4369 illas
431 4318 618 4376 horas,
649 4327 794 4380 quas
826 4309 1111 4364 succidere
1134 4309 1231 4361 tibi
1255 4309 1377 4362 licet
1414 4309 1688 4363 ordinario
1730 4326 1847 4362 mu-

241 4407 419 4467 neri,
453 4407 508 4459 in
543 4404 599 4458 id
630 4401 989 4471 impendens,
1030 4406 1090 4452 ut
1125 4399 1432 4455 hominibus
1466 4399 1670 4453 nostris
1699 4401 1851 4455 exhi-

237 4486 414 4550 beas
444 4497 632 4565 prima:
664 4494 824 4547 illius
854 4506 1034 4545 aureae
1073 4493 1403 4560 tempestatis
1441 4506 1562 4560 quae
1597 4503 1851 4559 superant

232 4589 652 4638 naonumenta.
716 4581 840 4635 Etsi
893 4580 1369 4649 enim’perfectus
1428 4582 1496 4634 sit
1546 4580 1849 4634 divinarum

227 4664 678 4742 scripturarum
726 4687 927 4733 canon,
973 4677 1028 4724 et
1058 4670 1371 4739 jamdudum
1416 4686 1539 4724 cum
1586 4670 1641 4724 S.
1676 4670 1851 4741 Augu-

252 4772 284 4807 Ξ
312 4765 419 4820 tino
437 4767 479 4798 ¹⁰
508 4766 897 4829 didicerimus,
924 4761 1052 4816 solis
1084 4762 1190 4815 illis
1232 4762 1377 4816 libris
1427 4764 1563 4815 hunc
1608 4762 1849 4816 honorem

290 4852 611 4929 timoremque
642 4858 886 4926 deferre,
916 4864 972 4905 ut
1003 4852 1206 4905 nullum
1245 4870 1423 4907 eorum
1451 4852 1719 4906 scribendo
1744 4854 1851 4906 ali-

288 4942 391 5002 φιίά
422 4966 656 5014 errasse,
687 4944 1015 5017 ﬁrmissime
1046 4942 1315 4995 credamus
1339 4959 1357 4995 :
1406 4958 1503 5011 per
1540 4951 1716 4995 tamen
1774 4946 1849 4999 si-

274 5032 367 5111 ξξιυι
391 5050 478 5097 est
500 5037 833 5111 jucundum
863 5042 1033 5101 atque
1059 5031 1206 5091 utile,
1241 5032 1607 5101 apostolorum
1638 5046 1850 5102 quoque

256 5102 549 5205 discipulos
581 5129 1010 5191 auditoresque
1040 5121 1345 5184 consulere,
1378 5121 1507 5189 quid
1538 5121 1616 5172 illi
1646 5122 1849 5176 scilicet

234 5201 457 5295 flantis
488 5220 807 5295 magistris
842 5210 1186 5280 acceperint,
1220 5217 1309 5263 aut
1338 5218 1485 5264 certe
1514 5217 1714 5279 quanta
1746 5211 1849 5267 fide

214 5272 539 5374 "Os-tr:an
574 5272 901 5379 ;cceptam
937 5299 1235 5361 servarint,
1265 5300 1353 5367 qui
1392 5314 1501 5351 non
1534 5298 1850 5355 dubitavere

863 5386 1205 5460 profundere
1250 5363 1304 5437 in
1354 5385 1554 5438 Christi
1611 5388 1853 5443 testimo-

140 5570 169 5615 ’κ
283 5592 361 5647 τοι
390 5587 572 5646 Ρειη
600 5596 691 5641 ιν,
743 5571 851 5627 15.
978 5565 1001 5644 ξ
1032 5562 1154 5615 Aet.
1189 5576 1318 5639 xvii,
1350 5560 1441 5613 23.

196 5618 366 5703 \ltt.
428 5677 495 5703 ..ι
572 5653 878 5703 [listor.;
929 5633 1047 5687 Lib.
1084 5634 1146 5686 de
1181 5640 1420 5695 SCHPlOt‘.

1545 5562 1563 5591 ⁹
1595 5560 1745 5616 Vinc.
1775 5564 2047 5623 Lirinens.

1955 4310 2196 4362 thronum
2236 4309 2331 4363 Dei
2358 4312 2627 4363 constituti
2656 4313 2883 4365 serviunt
2914 4314 2999 4366 illi
3038 4314 3122 4367 die
3156 4332 3216 4366 ac
3261 4326 3406 4368 nocte
3438 4317 3490 4368 in

1955 4402 2145 4470 templo
2172 4402 2306 4470 ejus,
2336 4401 2428 4453 illo
2453 4404 2542 4471 qui
2578 4402 2717 4456 sedet
2756 4404 2811 4455 iu
2843 4404 3023 4456 throno
3051 4404 3315 4458 habitante
3339 4422 3491 4472 super

1955 4493 2073 4546 illas
2095 4493 2158 4556 “,
2182 4507 2289 4560 quo
2318 4493 2492 4561 elogio
2520 4502 2782 4565 martyres
2828 4493 3061 4563 Spiritus
3092 4504 3311 4549 sanctus
3362 4512 3488 4564 pro-

1957 4589 2176 4636 secutus
2202 4589 2301 4637 est.
2338 4580 2540 4636 saltem
2586 4583 2675 4637 illa
2698 4582 2851 4638 nefas
2881 4590 2964 4638 est
2983 4591 3344 4650 contemnere,
3370 4601 3489 4654 quae

1956 4674 2169 4743 publica
2209 4673 2481 4727 auditione
2510 4673 2625 4742 ipsa
2658 4680 2811 4728 vetus
2842 4680 2894 4727 et
2921 4680 3105 4727 saneta
3136 4673 3373 4728 Ecclesia
3404 4674 3489 4727 di-

1951 4773 2109 4834 gnata
2153 4770 2235 4819 est
2259 4771 2349 4818 :ut
2377 4763 2655 4834 Polycarpi
2688 4765 2967 4833 epistolam
3014 4766 3068 4816 in
3102 4765 3242 4817 Asia:
3271 4781 3489 4819 conven-

1952 4854 2112 4917 tibus,
2132 4854 2387 4908 Clementis
2403 4854 2452 4908 in
2491 4856 2757 4908 nonnullis
2788 4855 2912 4907 locis
2941 4854 3157 4922 publice
3185 4855 3483 4909 lectitatam

1950 4958 2089 5002 esse.
2123 4955 2174 4999 et
2215 4944 2431 4999 Eusebii
2462 4952 2515 4998 et
2554 4944 2609 4999 S.
2639 4945 2949 5014 Hieronymi
2977 4945 3286 5000 testimonio
3330 4947 3485 5001 novi-

1950 5050 2070 5089 mus
2085 5036 2147 5088 “.
2183 5034 2332 5089 Hanc
2362 5041 2504 5089 certe
2535 5044 2812 5103 utramque
2840 5033 3131 5103 Epistolam
3171 5037 3347 5105 magni
3403 5036 3482 5089 fa-

1949 5141 2070 5180 cere
2100 5140 2196 5192 par
2219 5132 2321 5185 est,
2354 5125 2437 5178 vel
2473 5126 2592 5179 ideo
2643 5125 2895 5187 quoniam
2938 5125 3004 5177 ad
3048 5137 3350 5195 utramque,
3379 5142 3477 5180 ceu

1949 5217 2012 5269 ad
2056 5216 2427 5270 secundarium
2466 5215 2746 5284 quemdam
2786 5215 3011 5270 sincera:
3040 5216 3158 5271 fidei
3192 5233 3475 5279 canonem,

1946 5304 2055 5372 jam
2085 5314 2193 5358 tum
2226 5308 2351 5361 olim
2387 5306 2643 5359 adversus
2672 5304 2900 5359 hzereses
2937 5308 3018 5361 sui
3073 5309 3251 5361 saeculi
3286 5323 3479 5376 provo-

1953 5398 2153 5450 caverit
2183 5397 2554 5451 sanctissimus
2583 5404 2785 5465 martyr
2809 5396 3041 5454 Irenaus
3061 5399 3122 5451 ’³.
3156 5398 3209 5450 lu
3251 5407 3477 5467 utraque

2150 5572 2190 5602 ¹⁰
2225 5571 2389 5640 Epist.
2451 5585 2559 5633 ur,
2618 5569 2681 5623 ad
2715 5569 2860 5626 Hier.
2966 5573 3004 5604 “
3035 5570 3200 5640 Apoc.
3234 5585 3329 5636 vn,
3380 5568 3469 5623 45.

281 5629 828 5722 [ηλιιῖῖηιὶῖέιον.
858 5654 878 5702 ;
929 5633 1047 5687 Lib.
1084 5634 1146 5686 de
1181 5631 1420 5695 scriptor.
1456 5629 1635 5683 ecclcs.
1715 5632 1756 5661 ³³
1790 5633 1905 5692 Lib.
1949 5654 2028 5700 ill,
2072 5654 2117 5692 c.
2148 5642 2197 5695 5.
