3832 6234
472 365 531 421 Si
1589 358 1673 413 AD
1713 357 1767 411 S.
1806 356 2218 412 CLEMENTEM
2257 358 2277 412 l
2313 357 2537 411 PAPAM
3613 350 3676 403 52

472 486 646 531 autem
674 477 763 530 illa
782 475 1100 546 publicanda
1130 477 1386 530 hactenus
1406 481 1551 526 tuam
1577 486 1790 540 operam
1821 471 1984 524 collo—
2011 472 2059 527 Α
2084 478 2287 537 perant,
2306 471 2459 537 plane
2482 469 2923 539 quemadmodum
2955 466 3268 536 Epistolam
3292 461 3450 515 illam
3487 457 3677 511 lauda-

471 567 627 629 casti,
658 567 887 633 primum
936 566 1235 635 Polycarpi,
1273 579 1414 617 nunc
1455 570 1506 616 et
1535 561 1821 615 Clementis
1866 576 1991 614 san-
2088 559 2164 611 vit
2202 557 2261 614 S.
2302 557 2613 613 Irenzeus“.
2654 558 2781 623 Quae
2824 559 3082 612 Clemens
3140 549 3575 607 Alexandrinus
3622 558 3674 599 ct

471 664 586 709 ctas
612 656 731 709 illas
762 656 967 709 litteras
991 656 1173 708 edens.
2091 646 2401 716 Origenes"
2429 664 2494 702 ex
2539 650 2628 700 illa
2666 648 2901 716 Epistola
2946 646 3269 716 proferunt,
3302 639 3501 693 verbis
3546 638 3675 690 toti~

542 743 723 813 Neque
760 760 885 798 vero
912 745 1201 812 quidquam
1232 742 1384 795 video
1408 755 1601 805 causae,
1632 755 1727 793 cur
1754 740 1993 807 suspice-
2089 737 2208 791 dem
2234 739 2289 790 in
2317 746 2501 792 nostra
2523 738 2881 805 reperiuntur,
2912 748 2965 790 et
2993 735 3221 804 quidem
3248 733 3330 785 ita
3350 740 3412 781 ut
3441 729 3515 781 ibi
3547 736 3673 781 nata

472 850 593 887 mur
632 835 767 887 alias
795 849 914 887 esse
961 835 1078 886 illas
1120 838 1331 884 nostras
1374 830 1440 882 ab
1479 830 1544 882 iis
1596 844 1730 897 quas
1763 836 1909 879 tanto
1938 827 1992 880 in
2090 826 2310 891 dixeris,
2341 843 2449 881 non
2499 835 2675 881 autem
2734 828 2919 880 dolosa
2969 841 3141 879 manu
3192 823 3459 876 inducta.
3504 817 3675 872 Euse-

470 922 644 990 pretio
694 922 870 990 prisca
922 920 1158 975 Ecclesia
1197 918 1400 970 habuit.
1430 918 1487 970 In
1536 916 1813 986 Polycarpi
1864 928 1993 968 sane
2090 913 2491 983 bius'squoque
2519 916 2715 983 prodit,
2740 914 2964 968 dissidio
2992 911 3138 981 apud
3160 908 3500 965 Corinthios
3531 919 3671 969 orto,

471 1011 696 1079 epistola
746 1009 1136 1078 deprehendere
1188 1015 1269 1060 est
1318 1006 1486 1074 ipsam
1519 1004 1660 1056 illam
1694 1004 1758 1058 de
1808 1003 1915 1056 Deo
1940 1010 1993 1057 et
2091 1006 2344 1074 scriptam
2373 1022 2401 1058 a
2429 1005 2697 1061 Clemente
2721 1013 2909 1059 nostro
2939 1004 3252 1073 Epistolam
3297 1000 3381 1060 ὼς
3436 997 3549 1049 ἀπὸ
3576 998 3673 1065 τῆς

474 1097 698 1151 Domino
728 1107 908 1151 nostro
939 1095 1063 1149 Jesu
1090 1093 1305 1147 Christo
1335 1108 1519 1147 sanam
1551 1093 1871 1156 doctrinam,
1896 1106 1993 1144 cu-

2118 1097 2381 1165 Ρωμαίων
2417 1096 2763 1165 Ἐκκλησίας,
2810 1104 2904 1147 aut
2961 1102 3021 1146 ut
3077 1092 3213 1144 alibi
3268 1089 3549 1157 loquitur,
3612 1090 3673 1139 ἐκ

472 1190 563 1258 jus
586 1189 799 1244 nomine
819 1186 1119 1241 refellendis
1144 1186 1227 1240 sui
1256 1186 1436 1239 saeculi
1466 1185 1778 1246 haeresibus,
1805 1185 1993 1236 ἱκανω-

2118 1187 2371 1257 εροσώπου
2423 1188 2519 1255 τῆς
2557 1187 2829 1255 Ῥωμαίων
2871 1183 3234 1252 Ἐκκλησίας,
3304 1194 3548 1247 eamque
3594 1180 3674 1231 di—

475 1278 639 1345 τάτην
678 1278 819 1330 illam
862 1276 1226 1344 pronuntiavit
1256 1276 1754 1342 commendavitque
1787 1272 1843 1327 S.
1880 1271 1989 1326 Ire-
2091 1275 2285 1330 ctionis
2321 1275 2629 1328 charactere
2668 1284 2721 1328 et
2763 1273 3052 1329 sententiis
3107 1286 3239 1324 cum
3299 1267 3558 1336 Epistola
3605 1267 3671 1319 ad

475 1380 658 1419 natus:
690 1365 1085 1432 deprehendere
1153 1371 1235 1418 est
1281 1365 1459 1418 locum
1516 1364 1782 1432 integrum
1826 1378 1991 1416 unum
2094 1364 2344 1419 Hebraeos
2392 1366 2679 1433 plurimum
2710 1364 3000 1417 convenire
3032 1379 3045 1412 :
3080 1375 3209 1430 quae
3238 1360 3439 1412 omnia
3469 1357 3561 1408 hic
3593 1357 3674 1408 lu-

473 1455 826 1521 alterumque,
860 1469 1016 1522 quem
1061 1453 1277 1507 adducit
1324 1452 1665 1516 Eusebius“,
1700 1462 1753 1504 et
1781 1458 1901 1520 post
1931 1451 1995 1502 il-
2092 1456 2456 1509 culentissime
2507 1462 2783 1524 apparent.
2815 1453 3041 1518 Qualem
3092 1466 3230 1505 vero
3262 1448 3578 1516 Epistolam
3610 1448 3672 1499 il-

474 1543 582 1596 lum
625 1542 958 1612 Nicephorus
984 1542 1257 1604 Callistus,
1286 1548 1340 1594 et
1368 1540 1581 1610 quidem
1613 1541 1683 1593 ita
1706 1547 1761 1593 ut
1792 1540 1994 1608 liquido
2091 1546 2197 1598 lam
2229 1544 2515 1607 Eusebius,
2546 1546 2704 1597 talem
2742 1550 2795 1597 et
2831 1542 2887 1595 S.
2921 1541 3305 1609 Hieronymus
3327 1538 3372 1568 ¹⁹
3405 1551 3531 1590 eam
3570 1551 3670 1588 no-

471 1641 741 1700 appareat,
776 1633 959 1686 fraude
987 1633 1131 1684 nulla
1162 1633 1391 1686 insertos
1416 1647 1535 1686 esse
1561 1649 1574 1684 :
1600 1631 1995 1699 deprehendere
2092 1634 2176 1688 bis
2200 1634 2483 1702 descripsit
2509 1642 2597 1685 :ut
2625 1632 2847 1701 proinde
2893 1638 3089 1685 nostra
3143 1631 3268 1683 haec
3298 1628 3373 1682 ab
3426 1627 3521 1681 illa
3552 1642 3670 1696 quae

469 1733 553 1778 est
576 1739 641 1777 ex
663 1723 833 1791 prima
863 1721 1003 1775 Petri
1027 1721 1260 1791 Epistola
1283 1721 1597 1789 deprompta
1623 1720 1764 1773 haud
1802 1734 1992 1787 pauca,
2026 1772 2067 1791 ﬁ
2097 1720 2418 1790 Hieronymo
2442 1722 2507 1773 ad
2535 1736 2749 1773 manum
2782 1721 2902 1782 fuit,
2935 1720 3073 1773 nihil
3109 1720 3299 1773 abeat.
3338 1717 3450 1772 Sed
3470 1725 3525 1771 et
3555 1733 3673 1787 qua:

473 1830 591 1882 qua:
622 1813 758 1867 idem
800 1811 1064 1866 Eusebius
1086 1818 1364 1865 notaverat
1393 1833 1405 1867 ί
1430 1809 1822 1878 deprehendere
1845 1808 1995 1861 deni-
2026 1808 2067 1830 "
2097 1810 2234 1865 idem
2258 1809 2683 1880 S.llieronymus
2702 1812 2745 1841 “
2772 1812 2937 1865 semel
2970 1811 3297 1878 iterumque
3325 1824 3397 1862 ex
3428 1808 3668 1878 Epistola

472 1918 576 1971 que
605 1909 688 1955 est
734 1902 864 1955 illud
902 1915 1079 1963 omne,
1114 1899 1253 1968 quod
1287 1898 1530 1959 Photius,
1562 1899 1997 1951 accuratissimus
2094 1898 2186 1951 illa
2229 1899 2284 1951 in
2336 1898 2568 1952 medium
2620 1898 2792 1962 atl'ert,
2836 1899 2981 1952 haud
3014 1899 3070 1952 in
3103 1905 3310 1952 nostra
3347 1897 3671 1952 desideran-

473 1992 733 2044 librorum
779 2004 990 2053 censor,
1033 1989 1087 2042 in
1140 1990 1276 2043 lecta
1306 1988 1585 2057 Polycarpi
1615 1988 1838 2056 epistola
1879 1988 1997 2039 ani-
2096 1997 2187 2041 tur
2221 2003 2234 2038 :
2264 1988 2481 2056 perinde
2509 1996 2566 2041 ut
2597 1988 2683 2041 hic
2732 1989 2998 2057 reperitur
3048 1988 3223 2041 etiam
3267 1988 3367 2041 illa
3396 1988 3668 2056 phmnicis

473 2081 849 2144 madverterat,
892 2079 1071 2131 multis
1115 2080 1359 2131 nimirum
1404 2078 1644 2145 refertam
1691 2076 1999 2131 admonitio-
2096 2079 2552 2140 commemoratio,
2579 2094 2737 2147 quam
2769 2093 2832 2131 ex
2860 2078 3166 2133 Clementis
3195 2078 3441 2146 epistola
3468 2077 3670 2147 produ-

472 2168 645 2231 nibus,
704 2169 836 2238 μετὰ
889 2168 1179 2237 σαφηνείας
1232 2168 1325 2220 κα)⁸
1379 2168 1669 2235 ἁπλότητος
1724 2167 1859 2219 κατὰ
1911 2166 1999 2219 τὸν

2118 2168 2171 2221 :it
2209 2168 2438 2237 Cyrillus
2487 2168 3085 2237 llierosolymitanus“.
3147 2168 3321 2223 Omni
3390 2183 3456 2221 ex
3518 2177 3667 2237 parte

473 2256 907 2326 ἐκκλησιαστικὸν
990 2258 1087 2326 τῆς
1128 2258 1411 2327 ἑρμηνείας
1438 2258 1621 2321 τύπον,
1654 2260 1899 2327 quodque
1946 2259 2000 2312 in

2118 2273 2308 2327 [noque
2334 2266 2515 2312 nostra
2538 2258 2648 2311 haec
2669 2258 2953 2327 respondet
2978 2260 3057 2311 illi
3086 2259 3461 2326 descriptioni
3509 2275 3667 2326 quam

472 2361 539 2402 ea
576 2346 718 2398 dicat
753 2353 941 2399 auctor
969 2362 1022 2399 se
1065 2344 1259 2413 Ignatii
1312 2346 1553 2412 epistolas
1594 2346 1660 2398 ad
1702 2345 2001 2414 Philippen-
2098 2343 2319 2399 Photius
2351 2345 2404 2397 in
2453 2346 2769 2401 Bibliotheca
2808 2346 2989 2411 habet,
3023 2354 3365 2416 argumento
3394 2346 3663 2407 videlicet,

474 2452 556 2489 us
591 2437 810 2498 misisse,
840 2445 1101 2503 petereque
1137 2434 1200 2487 ab
1235 2434 1343 2487 illis
1372 2436 1573 2487 edoceri
1621 2436 1669 2487 si
1699 2436 1820 2503 quid
1848 2436 1910 2489 de
1943 2453 2000 2489 eo
2099 2436 2331 2488 dictione
2356 2445 2409 2489 et
2437 2436 2676 2487 doctrina
2715 2435 2780 2488 de
2810 2435 3031 2490 mundis
3063 2444 3231 2491 trans
3272 2451 3571 2497 oceanum,
3604 2438 3668 2489 de

473 2524 766 2579 inaudiant.
831 2524 1052 2587 Horum,
1109 2525 1344 2592 inquam,
1394 2524 1629 2578 omnium
1672 2526 2003 2580 desideratur
2098 2522 2349 2577 Phoenice
2386 2530 2438 2575 et
2468 2521 2531 2575 de
2562 2521 2763 2577 Christi
2813 2537 3067 2591 persona.
3096 2524 3345 2577 Tantum
3376 2524 3533 2579 deest
3561 2524 3667 2577 for-

474 2614 629 2668 nihil.
676 2612 755 2665 Ad
780 2612 900 2677 hoc,
933 2611 1107 2681 ipsum
1149 2611 1399 2681 Epistola:
1425 2613 1701 2666 exordium
1744 2614 2000 2677 ostendit,
2100 2614 2262 2667 tassis
2316 2613 2456 2681 quod
2501 2611 2557 2666 S.
2606 2611 2851 2666 Justinus
2898 2616 3191 2683 martyr",
3231 2616 3351 2668 sive
3381 2616 3510 2684 quis
3532 2616 3666 2669 alius

477 2703 731 2769 scriptam
785 2701 949 2763 illam,
981 2714 1086 2768 quo
1130 2708 1367 2767 tempore
1418 2715 1524 2753 non
1573 2699 1732 2755 unius
1775 2701 2003 2754 exsortis
2101 2709 2289 2755 auctor
2315 2701 2646 2769 Responsion.
2673 2701 2739 2753 ad
2769 2702 3046 2754 orthodox.
3080 2718 3147 2756 ex
3175 2702 3432 2772 Epistola
3464 2705 3555 2757 illa
3586 2721 3666 2758 re-

474 2791 711 2858 episcopi
741 2790 796 2843 in
826 2806 986 2842 manu
1014 2789 1261 2844 Ecclesia:
1311 2800 1424 2843 erat
1471 2790 1877 2853 administratio,
1911 2791 2004 2844 sed
2101 2788 2224 2854 fert,
2252 2789 2502 2857 quodque
2539 2803 2636 2841 ceu
2666 2788 2925 2842 Clementi
2951 2789 3165 2842 dictum
3204 2792 3402 2845 laudat
3434 2793 3665 2847 Basilius

477 2878 751 2931 communi
808 2878 1238 2947 presbyterorum
1298 2878 1526 2931 consilio
1575 2884 1627 2931 et
1686 2879 2006 2932 auctoritate
2103 2878 2167 2930 ad
2195 2876 2641 2946 Amphilochium.
2666 2876 2863 2931 Verum
2915 2893 3025 2931 non
3073 2889 3160 2933 est
3193 2882 3347 2950 quod
3380 2892 3667 2952 propterea

476 2968 659 3020 omnia
689 2974 999 3034 regerentur
1029 2966 1208 3035 :quod
1236 2981 1341 3019 non
1368 2966 1458 3019 diu
1490 2974 1609 3035 post
1653 2965 2003 3036 Polycarpum
2103 2969 2319 3036 sequius
2350 2967 2704 3035 suspicemur,
2734 2983 2855 3021 cum
2886 2978 3127 3037 quatuor
3156 2972 3376 3041 integra
3406 2974 3537 3027 folia
3570 2991 3665 3027 no-

479 3054 725 3108 mutavit.
760 3051 863 3106 Sed
888 3060 941 3107 et
966 3052 1146 3107 videre
1169 3062 1252 3108 est
1281 3054 1530 3107 damnata
1551 3053 1744 3123 placita
1772 3053 2003 3107 Marcio-
2029 3074 2075 3138 ε
2105 3056 2186 3111 bis
2215 3056 2401 3111 deesse
2446 3064 2670 3110 testetnr
2700 3058 2743 3111 is
2773 3060 2858 3111 cui
2887 3060 3187 3115 editionem
3240 3065 3479 3130 primam
3508 3064 3667 3118 debe-

480 3145 569 3197 nis
610 3142 677 3197 de
730 3157 889 3196 carne
940 3150 994 3196 et
1035 3145 1283 3210 passione
1334 3142 1556 3206 Christi.
1614 3145 2003 3199 resurrectione
2101 3162 2242 3209 mus,
2268 3146 2533 3199 Patricius
2561 3145 2753 3201 Junius
2784 3166 2796 3200 :
2831 3157 2884 3202 et
2933 3148 3174 3205 Basilius
3205 3152 3352 3220 (sive
3379 3153 3522 3207 alius
3548 3154 3665 3206 libri

481 3232 607 3285 item
660 3238 713 3285 et
754 3230 958 3299 judicio
981 3240 1333 3293 mortuorum,
1367 3233 1616 3301 illamque
1644 3233 1775 3287 adeo
1809 3235 2005 3289 solem-
2100 3234 2242 3288 illius
2272 3234 2519 3303 scriptor)
2556 3233 2643 3286 illa
2698 3250 2791 3288 sua
2821 3251 2887 3289 ex
2917 3236 3020 3289 hac
3047 3236 3303 3305 Epistola
3364 3239 3508 3295 forte
3558 3258 3665 3295 non

481 3336 604 3375 nem
633 3328 685 3373 et
714 3321 806 3373 uni
840 3320 916 3373 illi
973 3321 1193 3389 martyri
1250 3322 1518 3389 propriam
1574 3324 2002 3388 detestationem,
2100 3326 2437 3395 prompserit.
2468 3323 2609 3377 Nihil
2660 3339 2787 3379 sane
2827 3340 2892 3379 ex
2941 3328 3090 3379 omni
3123 3330 3495 3398 .antiqnitate
3544 3348 3667 3400 pro-

481 3423 587 3478 qua
635 3408 844 3462 obviam
892 3407 995 3461 sibi
1047 3405 1228 3460 Romae
1258 3408 1454 3460 factum
1501 3408 1820 3465 Marcionem
1850 3427 2006 3466 exce-
2103 3414 2321 3468 duxeris
2366 3412 2431 3467 de
2479 3412 2769 3467 Clementis
2803 3413 2892 3465 illa
2920 3429 3183 3482 germana
3216 3417 3493 3487 Epistola,
3522 3420 3664 3490 quod

484 3500 627 3568 pisse
658 3497 1029 3567 Polycarpum,
1060 3496 1392 3564 πρωτοτόκου
1425 3498 1627 3553 scilicet
1657 3499 1747 3552 τοῦ
1776 3501 2004 3565 Σατανᾶ,

2118 3494 2292 3557 merito
2319 3517 2474 3571 quem
2504 3500 2685 3555 fecerit
2712 3501 2777 3555 de
2803 3510 2989 3554 nostra
3023 3502 3305 3560 dubitare.

484 3599 743 3645 memorat
792 3588 1103 3642 Irenaaus“.
1134 3587 1211 3641 Ex
1260 3590 1504 3654 adverso,
1538 3592 1732 3659 quibus
1768 3592 2004 3659 Flacius,
2171 3592 2285 3646 Jam
2314 3606 2438 3644 vero
2460 3606 2581 3643 cum
2611 3605 2739 3643 cura
2786 3599 3027 3643 nostram
3086 3593 3235 3646 hanc
3280 3596 3487 3666 legenti
3530 3598 3665 3652 nihil

482 3698 715 3751 eumque
738 3681 904 3735 secuti
923 3679 1033 3741 alii,
1062 3680 1278 3733 dubiam
1308 3683 1528 3737 reddere
1544 3683 1834 3752 Epistolam
1862 3685 2005 3736 illam
2106 3682 2342 3736 occurrit
2385 3680 2545 3734 fucati
2576 3687 2668 3732 aut
2709 3679 2952 3745 subdoli;
2981 3690 3035 3734 et
3066 3690 3253 3738 tamen
3281 3689 3474 3739 omnia
3510 3687 3652 3741 refe-

487 3781 783 3835 tentavere,
814 3773 942 3825 talia
980 3778 1107 3825 sunt
1156 3778 1215 3824 ut
1267 3772 1320 3824 in
1375 3773 1713 3825 commodum
1766 3772 2007 3839 συλλογι-
2106 3781 2233 3826 runt
2258 3772 2412 3839 plane
2441 3770 2733 3838 apostolica
2764 3778 3028 3837 tempora,
3052 3772 3382 3829 charactere
3414 3778 3663 3830 scriben-

488 3864 621 3932 opbv
661 3863 861 3918 referre
912 3880 1166 3933 nequeas,
1200 3863 1443 3933 quamvis
1470 3864 1702 3918 coneris.
1739 3862 2010 3931 Simplici-
2105 3862 2181 3925 di,
2228 3868 2280 3915 et
2318 3860 2561 3913 doctrina
2596 3859 2731 3927 ipsa.
2782 3858 2933 3924 Quod
2976 3860 3132 3914 firmo
3186 3873 3272 3916 est
3313 3875 3661 3934 argumento,

486 3960 571 4006 tas
600 3962 743 4007 certe
790 3953 1038 4008 dictionis
1069 3963 1121 4007 et
1144 3954 1509 4008 inelaboratus
1552 3968 1749 4013 sermo,
1786 3967 1905 4021 quae
1933 3952 2013 4009 illi
2106 3955 2296 4012 saltem
2326 3968 2391 4007 ex
2419 3952 2509 4004 illo
2545 3965 2657 4004 aevo
2693 3949 2760 4003 ad
2803 3964 2901 4003 nos
2932 3948 3235 4017 Epistolam
3285 3954 3440 4006 illam
3474 3971 3666 4023 perve-

487 4050 800 4104 causantur,
833 4051 1061 4110 arguunt
1084 4044 1260 4111 potius
1278 4043 1621 4112 apostolicam
1652 4050 1857 4096 aetatem
1877 4043 2013 4096 scri-
2109 4044 2274 4106 nisse,
2301 4043 2400 4096 etsi
2430 4041 2495 4095 de
2528 4047 2745 4092 auctore
2784 4037 2921 4090 forte
2964 4054 3072 4090 non
3124 4049 3432 4097 constaret.
3475 4042 3663 4097 Sermo

490 4131 852 4200 ptionemque,
883 4139 1071 4198 utqute
1094 4132 1182 4183 uni
1215 4131 1291 4183 illi
1314 4131 1618 4198 tempestati
1648 4137 1700 4182 et
1729 4130 1859 4183 solis
1882 4144 2011 4198 apo-
2112 4148 2239 4188 sane
2276 4132 2321 4185 is
2350 4138 2453 4191 est,
2482 4130 2692 4198 qualem
2733 4143 2976 4181 summus
3005 4128 3234 4183 criticus
3265 4129 3665 4201 Photiusjudi-

489 4220 662 4284 stolis,
696 4234 985 4287 eorumque
1007 4218 1283 4286 discipulis
1314 4219 1593 4271 familiaria
1623 4218 1836 4273 fuerint.

2118 4223 2283 4285 cavit,
2326 4218 2522 4280 ἁπλοῦς
2566 4217 2701 4269 κατὰ
2742 4216 2836 4285 τὴν
2883 4217 3078 4284 φράσιν
3128 4219 3223 4270 καὶ
3296 4222 3513 4292 σαφὴς,
3573 4224 3663 4275 καὶ

558 4309 663 4361 Par
704 4310 841 4360 ratio
885 4316 967 4361 est
989 4308 1334 4362 Clementinae
1358 4308 1501 4361 illius
1533 4307 1779 4376 Epistola}
1807 4309 1873 4362 ad
1902 4308 2010 4362 Co-

2118 4292 2270 4378 ὲγγὺξ
2296 4308 2386 4361 τοῦ
2434 4304 2868 4373 ὲκκλησιαστικοῦ
2898 4306 3243 4377 χαρακτῆρος
3262 4325 3277 4372 ;
3296 4321 3455 4365 extra
3484 4322 3662 4365 autem

490 4400 743 4460 rinthios,
774 4413 934 4466 quam
957 4413 1023 4451 ex
1051 4397 1412 4451 vetustissimo
1438 4396 1798 4451 Alexandrino
1827 4400 2012 4454 codice
2043 4392 2085 4444 D
2117 4402 2342 4470 primum
2373 4398 2501 4449 illud
2522 4395 2774 4449 Ecclesiae
2797 4409 2967 4447 aevum
3000 4394 3202 4449 frustra
3243 4398 3483 4453 formam
3515 4403 3661 4455 illam

492 4491 650 4544 nobis
668 4505 775 4543 non
808 4488 941 4542 adeo
972 4488 1173 4555 pridem
1201 4487 1466 4540 Patricius
1492 4485 1681 4542 Junius
1706 4490 1787 4541 vir
1803 4490 2012 4545 clariss.
2116 4486 2381 4543 scribendi
2436 4484 2730 4553 quaesieris.
2785 4482 2875 4536 Sic
2919 4485 3063 4552 quod
3098 4487 3333 4554 epistola
3399 4490 3661 4544 Romanae

493 4580 930 4642 communicavit,
961 4588 1013 4633 et
1042 4588 1098 4632 tu
1116 4579 1274 4632 hodie
1301 4594 1366 4632 ex
1385 4578 1711 4632 Londinensi
1733 4580 2011 4647 exprimis.
2118 4577 2387 4639 Ecclesiae,
2412 4590 2519 4627 non
2549 4588 2674 4627 vero
2701 4573 2940 4640 episcopi
2976 4581 3029 4627 et
3072 4577 3520 4645 presbyterorum
3569 4592 3661 4635 aut

495 4668 667 4721 Etiam
692 4670 780 4721 hic
805 4668 947 4722 enim
971 4667 1208 4720 invenire
1235 4673 1480 4733 est,quaa
1504 4681 1625 4720 cum
1660 4666 1725 4720 de
1758 4667 1869 4731 illa,
1901 4676 2013 4721 tum
2116 4666 2348 4737 episc0pi
2401 4666 2567 4720 solius
2618 4662 2834 4715 nomine
2883 4671 3102 4716 exarata
3147 4674 3250 4726 est,
3298 4656 3459 4721 alteri
3512 4675 3660 4725 aztati

492 4773 562 4812 ex
612 4758 703 4809 illa
740 4765 945 4811 veteres
1004 4771 1189 4810 omnes
1244 4755 1610 4824 prodiderunt.
1657 4755 2017 4813 Observamus

493 4860 627 4901 sane
650 4854 703 4898 et
725 4846 904 4900 στάσιν
932 4847 1030 4898 οὐκ
1062 4845 1243 4912 ὀλίγην
1281 4844 1523 4898 Corinthi
1553 4854 1725 4899 ortam
1748 4848 1884 4901 inter
1905 4848 2015 4905 fra-

494 4942 628 4994 tres,
656 4949 987 5001 progressam
1040 4934 1287 4987 nimirum
1320 4932 1386 4985 ad
1428 4934 1535 4986 vim
1585 4944 1637 4987 et
1664 4935 1879 4999 bellum,
1903 4937 2017 4991 sive

495 5023 673 5077 duella
702 5040 716 5073 :
740 5032 793 5075 et
815 5021 1063 5077 Romanae
1088 5022 1357 5085 Ecclesiae,
1386 5037 1492 5075 non
1517 5032 1691 5077 autem
1714 5026 1874 5079 unius
1897 5026 2015 5080 Cle-

498 5113 694 5169 mentis
719 5114 931 5167 nomine
953 5122 1199 5168 exaratas
1224 5114 1461 5178 litteras;
1495 5129 1693 5183 easque
1730 5115 1795 5167 ad
1830 5131 2014 5184 pacem

498 5213 553 5258 et
588 5202 927 5256 concordiam
970 5202 1279 5258 Corinthios
1308 5202 1600 5267 ﬂectentes,
1632 5213 2019 5259 memorantes—

500 5309 604 5360 que
623 5306 807 5345 eorum
839 5290 1013 5355 ﬁdem,
1044 5308 1201 5359 quam
1222 5302 1464 5348 recenter
1484 5292 1551 5346 ab
1580 5292 1832 5360 apostolis
1860 5308 2013 5347 acce-

574 5487 618 5517 “
642 5485 757 5539 Lib.
791 5499 848 5536 ιιι
897 5483 1059 5548 Hist,
1096 5503 1142 5539 c.
1175 5486 1261 5549 36;
1286 5488 1322 5541 l.
1353 5503 1425 5549 tv,
1479 5504 1529 5541 c.
1564 5489 1648 5541 M.

514 5555 653 5621 Περὶ
674 5552 1101 5621 ἀρχῶν.¹⁸1,ἰιι.
1133 5570 1189 5606 ιιι
1243 5555 1381 5610 Hist.
1442 5572 1489 5610 c.
1550 5556 1616 5611 12
1647 5564 1699 5609 et
1753 5556 1839 5610 32.

506 5622 798 5678 “Cutet‘h.
854 5624 935 5676 is.
1013 5625 1053 5653 υ
1096 5622 1249 5692 Resp.
1307 5626 1369 5679 7t
1430 5625 1695 5689 Basi|.,c.
1729 5623 1814 5678 aa.

1727 5488 1767 5519 18
1800 5488 1819 5519 Ι
1842 5504 1905 5519 nn
1982 5491 2026 5519 ιιῖ

1800 5487 1925 5543 Loc.
1981 5494 2015 5543 c‘

1800 5556 1839 5610 ξ.
1919 5559 2015 5610 "‘L

2118 5532 2128 5545 .
2208 5490 2248 5519 ¹⁶
2282 5488 2393 5543 Lib.
2438 5504 2518 5549 Ill.
2559 5504 2609 5543 c.
2670 5489 2752 5542 l3.
2853 5489 2891 5518 "’
2930 5487 3042 5539 Lib.
3080 5502 3130 5539 IV
3175 5487 3396 5550 Strom.;
3462 5491 3555 5544 lib.
3602 5506 3634 5543 ιι

2118 5559 2349 5613 scrivtor.
2423 5557 2551 5611 "In
2612 5573 2730 5627 cap.
2784 5575 2853 5613 LII
2916 5556 3036 5611 lsai.
3100 5564 3152 5610 et
3196 5571 3313 5624 cap.
3344 5573 3397 5613 ιν
3442 5558 3634 5630 Ephcs.

2118 4770 2276 4825 quam
2308 4754 2405 4809 soli
2446 4750 2749 4819 apostolica:
2777 4766 2885 4803 non
2911 4754 3197 4806 convenit:
3234 4757 3498 4822 paulatim
3537 4773 3661 4812 cre-

2118 4852 2307 4915 scente
2341 4842 2655 4895 auctoritate
2705 4839 2935 4907 primum
2983 4843 3187 4910 collegii
3238 4844 3652 4913 presbyteralis.

2114 4935 2239 4990 inde
2269 4933 2426 4987 unius
2453 4930 2711 4999 episcopi,
2764 4938 2816 4983 et
2864 4933 3062 4984 sensim
3091 4946 3119 4980 a
3142 4932 3428 4986 curatione
3478 4952 3659 4990 sacra-

2115 5040 2233 5079 rum
2271 5036 2448 5076 rerum
2486 5030 2690 5075 remoto
2719 5024 2933 5091 pepulo.
2977 5021 3216 5086 Sequens
3257 5021 3425 5074 etiam
3478 5041 3656 5079 aevum

2118 5117 2272 5182 longe
2307 5112 2459 5166 aliter
2488 5111 2553 5165 dc
2589 5126 2815 5179 persona
2846 5112 3045 5167 Christi
3084 5110 3322 5162 locutum
3370 5124 3456 5166 est
3485 5134 3497 5167 :
3527 5132 3654 5171 cum

2118 5206 2207 5258 hic
2236 5218 2341 5257 non
2376 5201 2485 5254 fere
2511 5202 2611 5254 alia
2638 5204 2892 5272 reperias,
2910 5216 3067 5270 quam
3086 5199 3175 5251 illa
3204 5202 3402 5267 quibus
3433 5204 3491 5258 S.
3511 5205 3653 5261 Pau-

2125 5295 2208 5348 lus
2235 5300 2318 5347 est
2342 5307 2489 5346 usus.
2518 5290 2708 5347 Videre
2735 5294 2894 5347 etiam
2928 5290 3012 5342 hic
3034 5297 3117 5341 est
3146 5292 3197 5341 in
3227 5290 3420 5345 ordine
3442 5294 3628 5348 hierar

2208 5490 2248 5519 ¹⁶
2282 5488 2393 5543 Lib.
2438 5504 2518 5549 Ill.
2559 5504 2609 5543 c.
2670 5489 2752 5542 l3.
2853 5489 2891 5518 "’
2930 5486 3042 5539 Lib.
3080 5502 3130 5539 IV
3175 5484 3396 5550 Strom.;
3462 5491 3555 5544 lib.
3602 5506 3634 5543 ιι
