3832 6236
186 403 265 459 53
1540 399 1875 456 ΝιῡωΜΙΑ
1918 396 2298 465 VARIOBUM.
2874 440 2877 449 ι
3422 395 3485 449 54

178 527 263 579 «τι,
288 510 431 565 ica
454 504 721 561 numerari
748 520 864 559 non
899 508 1058 565 alios
1093 528 1269 582 quam
1295 517 1573 585 episcopos
1603 528 1654 570 et
1682 517 1864 569 diaco-
1892 528 1938 575 Α
1968 514 2335 583 deprehendas
2364 511 2503 579 quod
2535 510 2757 564 Photius
2814 512 3039 575 notavit,
3090 528 3279 581 nempe
3310 514 3472 567 voqu

170 604 397 672 ποθι.
423 597 649 666 episc0pi
692 598 928 652 nomine
980 615 1197 659 omnes
1236 607 1575 675 presbyteros
1612 620 1855 674 compre-

171 709 287 762 δε.
324 680 530 740 ﬁdente
567 704 579 739 :
609 700 776 739 secus
817 702 1000 756 quam
1038 691 1196 745 infra
1235 694 1527 761 apostolica
1554 700 1608 747 et
1638 700 1855 760 aposto-

124 774 127 779 λ
176 800 293 853 uc;
350 762 398 853 Δῖε
430 776 688 830 viciniora
736 784 1012 847 tempora
1062 784 1327 837 obtinuit.
1374 782 1507 836 Huic
1558 783 1652 836 uni
1708 783 1871 836 tetati

188 849 432 941 g¢am
459 882 696 937 congrua
742 876 836 922 est
878 872 1303 927 sacriﬁciorum
1326 874 1613 928 celebratio
1643 874 1700 926 in
1726 873 1854 929 Ilie-

222 952 647 1027 ‘QAolymitano
675 960 919 1027 templo,
950 962 1126 1029 cujus
1167 963 1282 1017 haec
1313 962 1547 1030 Epistola
1588 964 1853 1018 meminit.

256 1049 432 1102 Xvilta
456 1046 554 1097 alia
582 1061 697 1099 non
729 1048 1031 1104 simulata:
1083 1052 1371 1105 vetustatis
1404 1052 1603 1105 indicia
1631 1066 1856 1121 conges-

270 1140 354 1190 sit
369 1135 503 1201 Hugo
532 1132 787 1198 Grotius,
823 1137 918 1189 vir
951 1154 1236 1200 summus,
1268 1139 1493 1207 epistola
1522 1139 1755 1207 quadam
1786 1141 1854 1193 ad

264 1226 645 1293 Hieronymum
693 1224 1073 1295 Bignonium,
1114 1244 1235 1297 quae
1277 1230 1331 1282 in
1386 1229 1523 1282 libro
1564 1230 1851 1296 Epistolar.

261 1311 538 1366 “Gallos
576 1320 666 1365 est
716 1328 852 1369 οων
901 1332 1079 1385 είιυτθ
1120 1332 1230 1370 non
1292 1332 1511 1386 possum
1567 1334 1674 1372 non
1729 1335 1854 1389 pro-

260 1406 428 1458 bare:
456 1403 559 1455 nisi
592 1402 651 1456 in
697 1418 772 1457 eo
804 1409 1087 1461 erraverit
1119 1408 1210 1461 ille
1264 1409 1292 1458 ὁ
1320 1407 1479 1470 πάνυ,
1516 1410 1658 1476 quod
1698 1420 1854 1478 neget

259 1494 595 1548 Clementem
628 1495 858 1564 aliquid
888 1512 957 1550 ex
994 1497 1326 1567 Evangeliis,
1351 1514 1468 1567 quae
1496 1500 1847 1567 appellamus,

259 1581 577 1644 adduxisse,
618 1597 757 1636 cum
790 1591 985 1637 tamen
1018 1600 1084 1638 ex
1120 1583 1177 1638 S.
1211 1584 1369 1638 Luca:
1415 1600 1534 1652 cap.
1588 1601 1637 1638 γι
1692 1586 1851 1638 verba

270 1670 486 1724 Domini
533 1674 722 1727 nostri
772 1674 890 1728 sint
935 1676 1189 1743 repetita.
1235 1674 1377 1728 Satis
1422 1690 1549 1728 vero
1582 1676 1663 1729 vel
1707 1676 1850 1728 illaa

258 1760 426 1815 nobis
452 1763 618 1814 allata
640 1771 780 1816 sunt
815 1765 972 1832 paria
1000 1763 1338 1818 vindicanda:
1362 1780 1473 1819 sua:
1503 1766 1749 1833 dignitati
1774 1764 1850 1817 illi

255 1859 469 1904 nostra:
507 1852 770 1921 epistolae
802 1870 815 1903 :
852 1869 1033 1922 eoque
1072 1854 1207 1907 nihil
1239 1856 1429 1909 attinet
1454 1856 1607 1925 plura
1637 1856 1689 1908 in
1720 1870 1849 1908 con-
1881 1846 1922 1898 Β

252 1937 640 1995 ﬁrmationem
678 1958 836 1997 nunc
861 1944 1191 2012 producere.
1232 1943 1296 1997 Et
1326 1959 1457 1998 sane
1484 1946 1579 1997 tibi
1611 1944 1846 2012 quidem,

240 2026 330 2077 mi
370 2028 607 2095 Madere,
641 2030 894 2087 fortasse
930 2033 1064 2087 satis
1101 2040 1187 2087 est
1218 2032 1291 2096 id,
1326 2033 1470 2101 quod
1517 2034 1729 2086 nemine
1757 2032 1850 2085 ad-

228 2128 523 2175 versante
554 2136 761 2176 omnes
790 2122 1043 2184 omnino,
1077 2137 1242 2189 penes
1278 2138 1414 2191 quos
1464 2122 1623 2175 hodie
1649 2123 1852 2176 criticai

216 2218 496 2275 regnum
525 2218 631 2268 est.
670 2211 977 2279 Epistolam
1012 2211 1157 2264 hanc
1186 2219 1245 2265 ut
1295 2228 1600 2282 germanam
1658 2214 1852 2267 admit-

208 2305 406 2351 tant.
442 2300 658 2365 Quidni
690 2303 844 2355 enim
892 2310 1016 2356 tuto
1040 2304 1290 2371 sequaris
1319 2303 1420 2356 hac
1448 2304 1501 2356 in
1532 2318 1589 2357 re
1616 2302 1848 2367 Grotius,

199 2386 597 2453 Salmasios,
642 2391 921 2453 Calixtos,
971 2390 1260 2457 Horneios,
1309 2391 1549 2457 Vossios,
1603 2393 1844 2457 Rivetos,

194 2479 608 2543 Blondellos,
644 2480 945 2548 Seldenos,
978 2482 1249 2546 Petavios,
1285 2482 1570 2545 l’atricios,
1612 2484 1852 2553 aliosque

187 2581 531 2639 cantores
561 2572 839 2626 librorum
861 2574 1245 2628 exactissimos
1260 2574 1282 2625 ?
1298 2573 1600 2628 Prmsertim
1632 2574 1676 2628 si
1696 2589 1853 2629 nemo

219 2659 488 2723 ξος-,των
538 2662 867 2727 dissentiat,
910 2669 972 2716 ut
1017 2663 1104 2715 hic
1140 2662 1411 2726 dissentit,
1463 2663 1606 2732 quod
1661 2662 1849 2727 sciam,

266 2762 451 2804 nemo.

367 2836 566 2908 Loquor
604 2856 765 2904 vero,
804 2841 885 2895 uti
915 2842 1140 2904 novisti,
1169 2848 1374 2895 tantum
1404 2841 1467 2895 de
1489 2841 1730 2910 Epistola
1764 2841 1853 2894 illa

296 2929 573 2995 prolixiore
606 2931 681 2983 ad
705 2931 1052 2993 Corinthios,
1083 2948 1192 2986 non
1223 2932 1288 2985 de
1321 2932 1487 2986 altera
1526 2933 1651 2994 ista,
1694 2931 1851 2999 cujus

299 3019 646 3089 fragmentum
676 3020 872 3075 itidem
904 3021 1200 3089 publicavit
1220 3019 1487 3076 Patricius
1516 3021 1603 3074 ille
1636 3019 1849 3075 Junius.

292 3106 595 3179 Quanquam
619 3118 679 3163 et
709 3109 860 3162 hanc
889 3108 1195 3163 existimem
1221 3123 1340 3163 esse
1376 3109 1520 3162 illam
1548 3108 1735 3162 Photio
1780 3108 1855 3161 le-

1960 602 2080 651 σξαν
2146 600 2237 651 καὶ
2318 598 2631 667 παραίνεσιν
2712 599 3011 667 κρείττονος
3075 600 3210 669 βίου,
3292 602 3385 653 καὶ
3434 604 3480 654 ἐκ

1957 690 2095 757 ἀρχῇ
2175 687 2235 737 τὸ
2298 687 2551 755 κήρυγμα
2604 684 2835 755 Χριστοῦ
2917 685 3009 737 τοῦ
3075 686 3223 739 Θεοῦ.
3289 686 3488 751 Solam,

1956 777 2231 839 nimirum,
2293 775 2438 828 illam
2510 775 2735 844 primam
2794 789 2917 828 cum
2976 778 3121 830 omni
3174 778 3489 847 antiquitate

1955 881 2265 937 germanam
2359 880 2589 934 agnosco
2649 884 2661 919 :
2712 866 2933 919 alteram
2988 883 3094 921 non
3166 870 3312 931 item.
3390 871 3491 924 etsi

1958 957 2028 1009 sit
2083 963 2314 1016 vetusta,
2367 963 2419 1007 et
2453 955 2607 1023 longe
2655 955 2893 1009 melioris
2946 968 3102 1019 noue,
3148 964 3307 1026 atque
3368 967 3493 1010 sunt

1954 1046 2189 1113 illazquae
2217 1044 2377 1112 vulgo
2405 1045 2544 1113 apud
2576 1044 2792 1099 Latinos
2828 1044 3117 1099 Clementis
3150 1049 3364 1100 nomine
3385 1047 3493 1100 cir-

1956 1131 2351 1185 cumferuntur.
2395 1131 2458 1182 Et
2502 1147 2629 1184 vero
2678 1133 2893 1185 nonnisi
2925 1134 3135 1187 unicam
3165 1151 3193 1187 a
3222 1136 3493 1189 Clemente

1953 1223 2233 1291 epistolam
2266 1222 2560 1290 profectam
2595 1238 2733 1286 esse,
2766 1224 2967 1293 reliqua
3000 1241 3125 1279 vero
3152 1230 3350 1290 omnia,
3376 1242 3493 1295 qua:

1954 1314 2067 1368 sive
2088 1311 2542 1366 Constitutionum
2572 1313 3004 1381 apostolicarum,
3020 1315 3130 1369 sive
3149 1314 3489 1385 Recognitio-

1954 1418 2104 1465 num,
2154 1403 2273 1457 sive
2309 1402 2666 1471 Epistolarum
2721 1403 2936 1457 nomine
2985 1406 3226 1469 veniunt,
3277 1408 3490 1461 mentiri

1954 1504 2250 1557 auctorem,
2282 1496 2362 1549 vel
2422 1496 2555 1548 illud
2586 1511 2753 1549 unum
2789 1511 2886 1565 pro
2912 1496 3203 1551 sulliciente
3224 1508 3304 1551 est
3332 1514 3491 1567 argu-

1955 1594 2157 1651 mento,
2186 1586 2329 1654 quod
2360 1584 2415 1639 S.
2448 1585 2680 1641 Irenaaus
2709 1587 2923 1640 nonnisi
2958 1590 3166 1639 unicam
3206 1588 3348 1640 illam
3384 1589 3493 1641 lau-

1953 1675 2043 1730 det
2072 1678 2125 1729 in
2160 1677 2403 1731 veritatis
2448 1677 2729 1729 catholica:
2760 1676 3148 1737 testimonium,
3206 1675 3331 1729 dum
3374 1686 3492 1731 stu-

1958 1767 2108 1821 diose
2132 1775 2404 1836 Oppugnat
2442 1767 2693 1831 hmrescs,
2726 1768 3101 1836 episcoporum
3128 1765 3493 1820 Romanorum

1951 1871 2236 1911 consensu.
2294 1857 2410 1910 lmo
2461 1857 2598 1909 tanti
2626 1864 2709 1911 est
2752 1855 2965 1910 roboris
2997 1855 3087 1907 illa
3118 1852 3299 1908 lrenzei
3347 1868 3496 1907 com-

1950 1945 2236 2007 mendatio,
2270 1951 2327 1997 ut
2354 1959 2451 2013 par
2484 1945 2554 1999 sit
2582 1945 2909 2014 reliquorum
2933 1945 3090 1999 etiam
3120 1944 3495 2013 episcoporum

1951 2035 2311 2088 Romanorum
2344 2035 2461 2102 ejus
2488 2035 2587 2088 aevi
2619 2035 2883 2103 epistolis,
2916 2050 3052 2103 quas
3089 2034 3325 2087 Isidorus
3358 2032 3498 2087 Mer-

1951 2133 2102 2179 cator
2128 2125 2311 2187 edidit,
2333 2124 2450 2179 falsi
2479 2126 2886 2179 convincendis.
2914 2124 3069 2189 Quod
3093 2124 3247 2177 ulcus
3279 2131 3497 2193 tangere

1952 2228 2061 2267 non
2100 2224 2181 2268 est
2214 2214 2374 2282 hujus
2400 2214 2652 2267 instituti.

2022 2304 2089 2357 Ut
2120 2306 2329 2360 redeam
2362 2305 2523 2374 igitur
2552 2306 2616 2358 ad
2646 2305 2885 2373 epistola:
2912 2303 3071 2372 hujus
3102 2318 3231 2357 mea:
3256 2302 3490 2364 initium,

1952 2394 2274 2448 laudabilem
2310 2393 2548 2462 profecto
2585 2410 2801 2463 operam
2832 2402 3054 2462 praestas
3080 2394 3220 2447 bono
3250 2392 3489 2462 publico,

1955 2481 2038 2533 vir
2066 2481 2399 2545 doctissime,
2429 2496 2590 2534 aurea
2638 2481 2726 2533 illa
2781 2482 3064 2549 primitivze
3097 2478 3351 2533 Ecclesia:
3378 2492 3498 2554 nio-

1952 2579 2232 2633 numenta,
2280 2570 2487 2622 rariora
2528 2571 2748 2622 inventu
2790 2570 2941 2623 hisce
2980 2569 3033 2621 in
3063 2569 3174 2623 oris
3216 2575 3268 2621 et
3308 2566 3495 2635 paucis

1952 2659 2107 2720 lecta,
2141 2657 2341 2710 nostris
2368 2657 2520 2725 'typis
2568 2654 2867 2723 publicans.
2926 2654 3042 2708 Non
3097 2667 3316 2723 possum
3366 2667 3495 2705 sane

1952 2762 2051 2816 ego
2081 2761 2188 2799 non
2217 2745 2308 2798 tibi
2346 2752 2535 2798 auctor
2575 2758 2715 2807 esse,
2762 2745 2815 2796 in
2860 2743 2951 2795 illo
2978 2744 3224 2795 instituto
3274 2749 3494 2794 strenue

1953 2834 2228 2904 pergendi.
2269 2832 2543 2901 Ejusmodi
2593 2832 2774 2900 utique
2829 2832 3029 2900 scripta
3072 2836 3304 2891 volvere,
3339 2829 3495 2896 longe

1955 2924 2315 2994 priestabilius
2347 2924 2637 2992 utiliusque
2658 2929 2763 2985 est,
2795 2937 2957 2989 quam
2980 2925 3198 2991 rixosis,
3228 2928 3332 2983 imo
3359 2945 3493 2983 con-

1953 3012 2253 3067 tumeliosis
2303 3011 2499 3065 libellis
2552 3009 2791 3078 legendis
2835 3017 3047 3078 tempus
3085 3020 3278 3076 terere,
3310 3017 3495 3085 quales

1956 3103 2069 3156 hac
2099 3110 2283 3156 nostra
2311 3109 2440 3155 agtas
2474 3107 2672 3154 aeterna
2721 3115 2842 3153 cum
2871 3100 3091 3154 infamia
3134 3103 3244 3157 edit
3293 3107 3493 3174 passim

289 3168 574 3261 ctam-imo
597 3200 754 3253 illam
778 3199 940 3266 cujus
967 3198 1252 3261 Eusebius,
1286 3198 1659 3269 Hieronymus,
1690 3208 1741 3253 et
1762 3199 1852 3252 alii
1880 3168 1921 3225 θ
1952 3192 2231 3262 plurimos-

284 3289 665 3354 nleminerunt,
722 3298 787 3342 ut
832 3288 1098 3343 Clementi
1125 3287 1340 3358 quidem
1372 3288 1575 3343 auctori
1616 3288 1847 3349 tributae,

279 3375 368 3428 sed
392 3395 713 3449 perperam.
750 3378 949 3449 Utique
974 3380 1119 3434 enim
1169 3380 1223 3432 in
1252 3379 1353 3432 hoc
1386 3379 1503 3448 ipso
1549 3378 1846 3446 fragmento

2025 3281 2176 3344 Vale,
2201 3282 2271 3334 mi
2302 3279 2535 3339 Madere,
2568 3288 2621 3334 et
2652 3280 2798 3334 salve
2840 3281 3149 3350 plurimum.
3199 3282 3497 3342 llelmcsta~
3559 3285 3563 3288 ’
3592 3250 3600 3263 ⁸

1948 3374 2020 3428 dii
2048 3374 2099 3426 in
2123 3373 2283 3426 Acad.
2315 3371 2455 3425 Julia
2490 3370 2644 3434 1654,
2684 3386 2736 3424 γι
2767 3370 2884 3425 Kal.
2921 3371 3193 3426 Decembr.

938 3704 1606 3820 JOACHIMI
1679 3702 2268 3819 JOANNIS
2338 3704 2871 3818 MADERI

1093 3980 1242 4067 AD
1312 3978 1935 4071 LECTOBEM
2021 3978 2689 4071 PRIEFATIO.

351 4243 614 4315 PrOperat
632 4242 703 4295 ad
726 4248 803 4305 te,
821 4239 1015 4293 Lector
1035 4238 1312 4302 benevole,
1334 4239 1445 4292 inec
1461 4237 1754 4292 Clementis
1782 4237 1845 4290 ad

251 4324 593 4385 Corinthios
604 4329 846 4399 cpistola
862 4327 1162 4395 ἱκανωτάτη
1178 4328 1267 4379 καὶ
1282 4326 1573 4396 Θαυμασία,
1582 4327 1732 4394 juxta
1749 4327 1856 4380 Ire-

1956 4238 2146 4290 nebula
2194 4254 2361 4307 nuper
2410 4237 2668 4291 voluisset
2697 4238 2986 4303 obducere,
3013 4249 3066 4294 et
3096 4242 3257 4312 hujus
3303 4242 3487 4315 scripti

1954 4328 2275 4395 γνησιότητα
2328 4336 2529 4382 temere
2578 4328 2737 4383 nimis
2784 4339 2943 4399 atque
2981 4331 3373 4389 inconsiderate
3393 4348 3489 4391 ne-

250 4429 459 4475 uaeum
487 4430 541 4475 et
567 4419 900 4480 Eusebium,
933 4416 1118 4470 multis
1138 4416 1246 4484 jam
1278 4418 1489 4471 saeculis
1522 4417 1846 4472 desiderata.
1882 4440 1924 4493 ι)
1953 4432 2097 4487 gare.
2152 4416 2291 4473 Sane
2340 4418 2393 4471 in
2423 4420 2730 4474 verminoso
2757 4421 2897 4474 libro
2927 4437 3027 4475 suo
3062 4440 3220 4495 quem
3250 4424 3484 4485 interim,
3562 4466 3565 4467 ν

244 4500 416 4565 Luci
458 4511 605 4563 illam
630 4524 746 4564 non
773 4509 851 4559 ita
874 4505 1086 4574 pridem
1130 4506 1345 4560 donavit
1392 4523 1609 4561 rursum
1640 4509 1721 4559 vir
1743 4509 1851 4560 cla-

238 4604 538 4658 rissimus
567 4600 850 4655 Patricius
900 4596 1115 4660 Junius,
1148 4599 1497 4660 serenissimi,
1545 4598 1645 4651 heu
1678 4614 1852 4667 quon-

233 4693 433 4747 (iam!
502 4692 927 4747 Britanniarum
998 4703 1142 4757 regis
1210 4687 1693 4748 bibliothecarius,
1764 4688 1851 4741 cui

262 4790 561 4854 ‘iropterea
594 4784 880 4838 maximas
909 4790 1057 4831 certe
1082 4778 1282 4846 gratias
1308 4778 1587 4831 debemus.
1632 4775 1853 4841 Quanta:

296 4881 403 4931 Vero
438 4876 582 4946 apud
609 4881 836 4929 veteres
863 4868 1030 4922 fuerit
1053 4868 1414 4929 auctoritatis.
1459 4874 1537 4920 tot
1586 4867 1683 4920 tibi
1734 4867 1853 4919 illo-

293 4965 408 5029 "lm,
460 4982 605 5037 quos
653 4962 945 5027 deinceps
971 4956 1304 5021 exhibemus,
1359 4963 1655 5025 suggerunt
1696 4958 1852 5009 testi-

281 5051 470 5124 monia;
502 5070 633 5127 qua:
659 5067 779 5106 una
815 5064 947 5103 cum
1000 5045 1122 5098 aliis
1163 5046 1489 5114 propheticis
1514 5046 1853 5114 apostolicis-

263 5137 359 5205 que
380 5149 607 5219 scriptis
662 5141 779 5212 legi
815 5138 953 5191 olim
991 5135 1046 5187 in
1084 5135 1400 5202 quibusdam
1436 5130 1690 5185 Ecclesiis
1719 5134 1853 5187 soli-

246 5213 374 5305 (am,
407 5213 580 5294 fidem
618 5234 882 5290 faciunt,
916 5226 1211 5291 itidemque
1231 5223 1295 5276 de
1335 5237 1499 5275 causa
1546 5220 1852 5287 scriptionis

229 5307 295 5377 θ(
316 5330 431 5387 stvli
455 5341 682 5401 genere
717 5332 775 5375 te
797 5315 1103 5371 certiorem
1132 5312 1385 5366 reddunt.
1420 5310 1538 5362 Non
1566 5324 1691 5378 ergo
1712 5320 1849 5373 erat,

208 5390 339 5478 ¹ἶηο
361 5389 416 5478 te
454 5389 726 5488 amplius
764 5418 1049 5464 morarer,
1102 5400 1539 5469 quandoquidem
1582 5415 1856 5467 nunquam

204 5487 353 5571 \atis
385 5487 672 5568 laudatus
703 5493 1007 5553 Patricius
1032 5504 1130 5542 sua
1157 5490 1221 5541 ad
1244 5487 1519 5541 Lectorem
1550 5488 1858 5553 prmfationc

261 5621 451 5668 .cterum
492 5587 892 5657 testimoniis
933 5593 1101 5668 supra
1119 5579 1390 5668 subnexa,
1428 5576 1482 5629 in
1511 5578 1730 5647 reliquis
1760 5582 1855 5637 ubi

220 5664 409 5780 poterat
469 5685 875 5754 satisfacere
908 5692 939 5758 .;
971 5669 1027 5725 ni
1054 5666 1246 5723 fuisset
1294 5664 1388 5736 qui
1430 5672 1635 5721 tantam
1679 5668 1857 5728 lucem

1946 4509 2078 4561 dum
2103 4508 2167 4561 de
2194 4508 2293 4561 hac
2326 4510 2560 4563 editione
2590 4510 2785 4579 cogito,
2825 4511 2877 4563 in
2905 4513 3093 4582 vulgus
3122 4514 3321 4575 emisit,
3374 4522 3484 4566 tam

1953 4598 2207 4652 audacter
2249 4597 2444 4651 famam
2476 4600 2593 4667 ejus
2620 4600 2844 4664 arrodit,
2879 4610 2938 4653 ut
2969 4618 3034 4655 ne
3073 4602 3231 4656 tineis
3265 4604 3483 4671 quidem

1951 4688 2302 4759 trucibusque
2350 4688 2554 4752 blattis,
2606 4705 2726 4759 qua:
2767 4688 3021 4744 damnum
3068 4691 3168 4758 ipsi
3204 4691 3313 4759 jam
3360 4700 3485 4747 ante

1953 4791 2217 4832 summum
2248 4778 2555 4842 intulerant,
2589 4780 2936 4834 mordacitate
2964 4780 3134 4833 cedat.
3171 4779 3278 4835 Nec
3305 4790 3485 4836 tamen

1952 4869 2128 4921 virum
2162 4869 2319 4922 istum
2346 4868 2479 4922 alias
2508 4884 2777 4938 magnum,
2808 4869 2886 4920 vel
2916 4869 3053 4921 hanc
3079 4870 3380 4939 epistolam,
3403 4874 3485 4926 vel

1953 4962 2069 5013 loca
2100 4967 2377 5013 auctorum
2416 4974 2445 5010 a
2477 4959 2674 5026 quibus
2705 4957 3016 5011 testimonia
3047 4960 3233 5026 sumit,
3284 4969 3485 5015 attente

1956 5064 2188 5117 unquam
2220 5061 2341 5101 reor
2387 5048 2580 5115 legisse
2608 5054 2661 5099 et
2696 5047 2859 5113 probe
2884 5050 3237 5113 examinasse,
3271 5050 3363 5103 sed
3404 5049 3485 5101 fu-

1922 5152 2075 5206 _cum
2131 5136 2307 5205 potius
2355 5134 2771 5203 simplicioribus
2816 5150 3001 5203 parum
3050 5137 3118 5190 ab
3168 5138 3485 5206 antiquitate

1954 5225 2229 5283 instructis
2274 5223 2449 5276 facere
2482 5222 2733 5274 voluisse.
2773 5221 2838 5277 Ut
2870 5226 3011 5277 enim
3054 5227 3268 5280 silentio
3312 5228 3484 5279 invol-

1953 5330 2070 5367 vam
2103 5314 2289 5366 frivola
2318 5315 2417 5366 ista
2449 5311 2514 5363 de
2547 5310 2711 5362 minio
2738 5311 2918 5377 rubro,
2946 5330 3054 5381 quo
3084 5316 3288 5368 lacunae
3315 5316 3365 5368 in
3391 5332 3483 5370 su-

1958 5403 2163 5475 periore
2205 5402 2439 5456 editione
2484 5412 2673 5465 magna
2701 5398 2973 5467 diligentia
3008 5414 3132 5456 sunt
3179 5413 3392 5465 notatae,
3430 5412 3483 5455 et

1957 5510 2073 5562 qua:
2103 5502 2352 5561 prmterea
2379 5488 2444 5540 de
2472 5486 2593 5555 styli
2625 5486 2967 5556 simplicitate
2988 5500 3039 5545 et
3074 5493 3342 5545 incondita
3365 5493 3480 5559 ejus

1959 5584 2286 5638 connexioue
2316 5577 2538 5648 profert,
2572 5583 2629 5627 ut
2673 5578 2991 5645 jamdudum
3035 5583 3133 5649 ipsi
3164 5581 3351 5636 Photio
3381 5584 3484 5635 oh-

1961 5683 2168 5733 servata
2203 5692 2210 5701 ·
2255 5670 2478 5742 primum
2512 5669 2875 5738 imprudenter
2910 5672 3038 5728 satis
3082 5673 3489 5729 consarcinatm
