3832 6230
401 391 470 445 55

1488 382 1577 435 AD
1617 381 1671 436 S.
1712 376 2120 435 CLEMENTEM
2160 377 2181 430 ι
2216 376 2441 429 ΡΑΡΑΜ

3650 352 3729 406 56

400 518 512 561 rem
536 501 773 570 epistola:
820 500 917 569 (ita
940 514 1168 568 namque
1208 498 1323 566 ejus
1367 504 1558 549 sonant
1592 492 1926 561 Germanica)
1957 498 1996 553 Α
2029 492 2172 545 bonte
2196 490 2314 558 ﬁdei
2344 490 2654 543 conscientia
2678 490 2756 542 illi
2786 488 3166 542 inseruierunt.
3204 479 3311 532 Ita
3471 467 3728 567 Paulus

401 592 566 647 multa
598 590 842 644 omisisse
871 589 964 652 ait,
997 602 1113 658 quae
1134 587 1233 642 sub
1259 584 1544 639 Clementis
1575 583 1800 636 Romani
1820 598 1921 635 no-

401 683 543 735 mine
592 681 659 734 ab
697 680 817 733 aliis
847 678 1097 732 Patribus
1127 677 1381 737 citentur,
1432 674 1578 728 velut
1618 672 1924 742 Hieronymi

402 773 577 825 locum
608 771 660 823 in
686 783 802 837 cap.
857 784 895 820 ll
937 768 1001 821 ad
1030 765 1284 835 Ephesios
1317 784 1329 818 :
1362 763 1595 818 Oceanus
1639 775 1688 817 et
1746 762 1926 815 mundi

401 863 489 931 qui
541 871 685 915 trans
733 861 901 927 ipsum
936 868 1085 918 sunt;
1139 861 1192 909 et
1240 855 1293 909 in
1346 861 1596 923 quartum
1643 853 1921 920 ejusdem:

413 950 683 1003 Vinculum
712 949 978 1002 charitatis
1009 945 1104 997 Dei
1145 946 1257 1013 quis
1284 953 1445 1011 potest
1470 941 1923 1009 enarrare?quasi

405 1058 511 1096 non
554 1049 855 1108 utrumque,
887 1037 1015 1089 illud
1056 1035 1260 1090 scilicet
1320 1049 1437 1103 pag.
1470 1033 1539 1087 29
1575 1032 1675 1087 sub
1728 1031 1884 1088 ﬁnem
1907 1050 1951 1095 ,ι

406 1133 505 1190 hoc
533 1146 651 1199 pag.
682 1128 749 1182 65
790 1127 930 1180 clare
972 1126 1272 1179 inveniatur
1293 1126 1569 1192 scriptum.
1605 1122 1700 1177 His
1732 1122 1929 1177 subne-

404 1223 520 1284 ctit,
555 1221 715 1275 etiam
762 1218 1147 1272 centuriatores
1176 1214 1439 1284 Magdeb.,
1469 1220 1728 1274 centur.t,
1750 1214 1841 1267 lib.
1868 1211 1922 1275 2,

404 1329 456 1371 ι.
492 1313 804 1364 observasse
851 1306 982 1360 illud
1010 1304 1153 1375 quod
1180 1305 1410 1359 Basilius
1434 1303 1657 1374 Magnus
1706 1318 1826 1372 cap.
1857 1302 1926 1361 29

404 1400 527 1455 libri
559 1398 632 1451 De
658 1397 858 1465 Spiritu
888 1395 944 1450 S.
980 1411 1045 1449 ex
1087 1395 1188 1448 hoc
1230 1393 1503 1449 Clemente
1552 1395 1677 1448 citat
1720 1394 1773 1447 in
1812 1394 1926 1445 haec

404 1490 561 1542 verba
609 1488 905 1554 scriptum:
935 1484 1035 1538 Sed
1069 1494 1116 1539 et
1168 1483 1399 1538 Clemens
1428 1483 1690 1539 Romanus
1722 1501 1740 1537 :
1775 1501 1792 1533 ι
1831 1483 1927 1536 Ve-

403 1576 498 1637 nit,
521 1574 704 1641 inquit,
740 1571 873 1625 Deus
900 1571 1157 1624 Dominus
1185 1570 1338 1625 Iesus
1365 1569 1600 1625 Christus
1624 1579 1671 1624 et
1700 1570 1925 1629 Spiritus

400 1673 632 1723 sanctus,
674 1682 692 1714 ›
725 1662 779 1714 in
808 1676 870 1715 ea
900 1676 1019 1730 quae
1048 1672 1159 1714 tum
1184 1661 1429 1715 exstabat
1452 1660 1683 1714 editione
1702 1675 1808 1714 non
1832 1674 1929 1729 po-

399 1752 569 1807 tuisse
618 1750 862 1819 reperiri.
903 1749 1110 1803 Mallem
1163 1764 1290 1804 vero
1329 1750 1633 1803 ostenderet
1670 1749 1924 1818 aliquam,

2021 579 2129 647 jam
2154 557 2276 634 ante
2317 587 2447 632 satae
2482 578 2650 646 frugis
2676 584 3001 647 argumento
3034 564 3617 647 resurrectione")
3661 557 3729 608 in

2024 644 2199 735 priore
2240 679 2337 719 sua
2366 664 2433 717 ad
2470 644 2777 719 Corinthios
2806 661 3081 733 Epistola,
3125 670 3281 725 cap.
3332 666 3455 711 xv,
3496 644 3729 735 evice-

2023 762 2125 821 rat,
2156 761 2486 823 utunturque
2528 753 2713 807 eadem
2761 749 3037 821 probandi
3062 748 3329 801 ratione
3373 744 3481 793 tot
3528 734 3732 789 dein-

2024 859 2150 913 ceps
2174 843 2514 913 sequentium
2564 842 2887 895 saeculorum
2935 839 3167 893 Patres.
3224 833 3417 888 Cum
3484 824 3729 896 primis

2022 932 2115 987 illa
2178 942 2387 987 naturae
2439 932 2758 987 dormientis
2826 940 2881 987 et
2941 924 3342 999 resurgentis
3406 915 3727 985 exempla

2030 1023 2338 1094 Septimiani
2368 1024 2492 1094 styli
2517 1024 2795 1094 diligentia
2823 1024 3114 1093 ingeniose
3164 1013 3556 1072 admodum
3608 1023 3729 1063 au-

2025 1123 2111 1185 get
2133 1123 2186 1170 et
2216 1116 2471 1178 illustrat,
2508 1115 2665 1186 plane
2700 1129 2762 1167 ac
2794 1113 2840 1168 si
2867 1114 3016 1166 hunc
3059 1112 3274 1179 ipsum
3342 1102 3726 1159 Clementis

2024 1206 2197 1261 locum
2246 1206 2312 1259 de
2345 1205 2608 1259 industria
2656 1205 2757 1259 sibi
2801 1203 3143 1272 sumpsisset
3195 1192 3719 1254 exornandum.

2024 1300 2225 1365 Aspice,
2258 1298 2449 1366 inquit,
2477 1297 2545 1350 ad
2568 1298 2680 1365 ipsa
2708 1311 2905 1366 quoque
2958 1292 3219 1361 exempla
3254 1289 3513 1344 divina:
3546 1294 3726 1354 pote-

2024 1389 2195 1441 statis.
2228 1387 2347 1440 Dies
2380 1388 2597 1439 moritur
2623 1388 2677 1439 in
2704 1396 2924 1449 noctem,
2957 1394 3007 1439 et
3035 1382 3300 1437 tenebris
3341 1390 3724 1446 usquequa-

2023 1495 2116 1547 que
2131 1479 2388 1545 sepelitur.
2410 1476 2726 1530 Funestatur
2742 1477 2921 1531 mundi
2936 1484 3140 1536 honor,
3162 1471 3384 1526 omnis
3406 1467 3725 1522 substan-

2027 1570 2099 1621 tia
2123 1569 2442 1637 denigratur.
2471 1568 2712 1631 Sordent,
2740 1569 2919 1631 silent,
2953 1574 3180 1634 stupent
3229 1571 3489 1617 cuncta
3523 1575 3546 1613 :
3575 1559 3744 1625 ubio.

2025 1673 2119 1726 que
2138 1657 2401 1723 justitiam
2432 1665 2527 1713 est.
2560 1655 2646 1708 Ita
2688 1656 2779 1708 lux
2823 1656 3027 1708 amissa
3062 1654 3339 1722 lugetur,
3381 1659 3449 1705 et
3502 1660 3720 1702 tamen

2025 1763 2205 1800 rursus
2235 1763 2351 1800 cum
2384 1763 2477 1799 suo
2502 1747 2666 1810 cultu,
2693 1762 2807 1801 cum
2841 1746 2986 1808 dote,
3012 1760 3145 1797 cum
3185 1744 3357 1806 sole,
3389 1740 3624 1795 eadem
3659 1747 3721 1792 et

402 1855 520 1907 quae
550 1847 660 1891 tum
680 1814 977 1901 exstiterit,
1013 1838 1172 1906 hujus
1201 1838 1440 1906 epistolm
1468 1814 1778 1895 editionem:
1820 1814 1926 1907 Ipsi
1954 1814 1999 1873 Β
2025 1838 2225 1905 integra
2251 1844 2299 1890 et
2332 1844 2441 1889 tota
2470 1836 2706 1888 uniuerso
2752 1835 2865 1888 orbi
2906 1835 3182 1889 reviviscit
3206 1850 3231 1897 ;
3300 1832 3716 1901 interﬁciens

403 1929 791 1983 centuriatores
821 1929 981 2001 paulo
1018 1936 1141 1983 ante
1168 1928 1354 1982 eodem
1388 1928 1477 1980 illo
1505 1928 1716 1997 capite:
1742 1927 1929 1983 Memi-
1966 1921 1971 1926 ’

403 2028 604 2081 uerunt,
634 2019 899 2088 inquiunt,
927 2019 1157 2085 epistola:
1178 2018 1446 2086 cujusdam
1483 2019 1594 2079 eius
1631 2020 1699 2071 ad
1747 2018 1932 2072 Corin-

405 2108 533 2160 thios
566 2105 816 2171 Irenams,
867 2104 1119 2160 Eusebius
1149 2117 1194 2158 et
1246 2105 1613 2172 Hieronymus,
1643 2122 1756 2174 qua:
1783 2106 1931 2159 hodie

403 2212 651 2265 nusquam
682 2204 870 2249 exstat.
896 2193 1032 2250 Num
1057 2210 1181 2261 ergo
1213 2195 1465 2269 deinceps
1495 2195 1595 2248 sibi
1642 2197 1773 2265 ipsis
1809 2210 1933 2250 con-

399 2287 707 2340 tradicunt?
733 2284 847 2339 Non
877 2301 1005 2341 sane
1029 2305 1041 2339 :
1073 2288 1166 2343 sed
1190 2286 1345 2354 longe
1366 2287 1472 2340 illis
1502 2303 1651 2341 mens
1674 2288 1778 2346 alia
1805 2304 1928 2342 ver-

402 2370 482 2423 bis
513 2386 539 2421 a
565 2371 721 2437 paulo
746 2378 868 2425 ante
892 2370 1167 2439 productis
1202 2391 1214 2426 :
1249 2370 1529 2436 Incertum,
1559 2374 1728 2437 aiunt,
1754 2383 1928 2427 utrum

398 2472 462 2511 ex
486 2476 546 2510 ea
578 2458 831 2526 Epistola,
860 2477 926 2512 an
953 2476 1015 2515 ea:
1044 2461 1147 2515 alio
1193 2463 1364 2532 aliquo
1413 2463 1687 2518 Clementis
1716 2467 1926 2533 scripto,

401 2549 630 2603 Basilius
690 2552 744 2604 in
786 2551 915 2605 libro
943 2551 1016 2606 De
1063 2551 1263 2620 Spiritu
1299 2552 1354 2607 S.
1382 2570 1491 2621 cap.
1536 2554 1623 2618 29,
1669 2556 1773 2609 ha'c
1820 2573 1930 2610 ver-

401 2639 462 2689 ba
496 2639 765 2704 protulerit
816 2642 869 2693 in
936 2644 1315 2696 enumeratione
1359 2645 1765 2698 testimoniorum
1835 2646 1932 2700 do-

398 2737 597 2779 ctorum
677 2739 896 2781 veterum
947 2730 1009 2783 de
1067 2730 1357 2795 Trinitate;
1419 2732 1506 2785 sed
1569 2742 1618 2787 et
1682 2733 1914 2789 Clemens

400 2817 688 2881 Ro.n.,etc.
718 2819 793 2871 Ex
819 2820 1013 2887 quibus
1032 2821 1237 2889 paucis,
1261 2821 1429 2879 amice
1452 2821 1665 2885 Lector,
1684 2822 1931 2890 judicare

403 2922 587 2974 posses
617 2922 796 2976 quam,
829 2910 1052 2977 scilicet,
1092 2910 1147 2964 in
1170 2911 1389 2980 reliquis
1408 2913 1580 2966 oratio
1598 2914 1716 2981 ejus
1733 2928 1932 2968 merea-

400 3011 489 3054 tur
518 2999 690 3065 lldem,
720 3001 958 3070 adeoque
993 3001 1133 3070 quod
1178 3003 1460 3072 proverbio
1506 3003 1722 3067 dicitur,
1748 3005 1810 3057 ὲκ
1835 3003 1928 3057 τοῦ

2029 1935 2245 1979 mortem
2270 1941 2440 1989 suam,
2466 1934 2687 1988 noctem,
2718 1925 3016 1979 rescindens
3050 1925 3451 1993 sepulturam
3496 1937 3712 1985 suam,

2028 2014 2297 2075 tenebras;
2322 2014 2480 2067 haeres
2505 2012 2707 2066 sibimet
2733 2014 2985 2073 existens,
3018 2012 3220 2065 'donec
3248 2022 3316 2065 et
3356 2026 3496 2064 nos:
3548 2011 3715 2062 revi-

2026 2106 2205 2165 viscat,
2237 2120 2351 2155 cum
2381 2120 2473 2155 suo
2504 2103 2595 2156 illo
2629 2114 2888 2172 suggestu.
2930 2100 3491 2155 Redaccenduntur
3542 2101 3714 2153 enim

2026 2202 2076 2246 et
2096 2193 2363 2245 stellarum
2390 2192 2548 2256 radii,
2576 2210 2702 2261 quos
2732 2193 2995 2247 matutina
3027 2192 3347 2245 succensio
3375 2191 3714 2245 exstinxe-

2026 2291 2129 2341 rat,
2154 2280 2467 2334 reducuntur
2499 2291 2548 2334 et
2570 2282 2799 2333 siderum
2822 2279 3104 2343 absentice,
3127 2295 3287 2348 quas
3318 2277 3711 2347 temporalis

2028 2370 2289 2423 distinctio
2329 2379 2617 2431 exemerat;
2673 2367 3027 2421 redornantur
3065 2377 3119 2423 et
3172 2370 3445 2437 specula
3505 2367 3703 2431 Iunce,

2026 2477 2140 2529 qua:
2200 2469 2489 2515 menstruus
2546 2475 2790 2513 numerus
2862 2460 3190 2522 attriverat;
3284 2458 3710 2513 revolvuntur

2027 2552 2214 2605 hiemes
2229 2561 2279 2604 et
2302 2560 2528 2613 wstates,
2553 2566 2707 2602 verna
2730 2557 2777 2602 et
2801 2557 3086 2612 autumna,
3114 2550 3239 2602 suis
3273 2548 3559 2612 viribus,
3578 2566 3711 2602 mo-

2028 2640 2192 2704 ribus,
2224 2641 2495 2709 fructibus.
2528 2638 2591 2691 Et
2617 2640 2776 2707 paulo
2801 2646 2925 2706 post
2954 2638 3024 2692 de
3060 2639 3375 2707 phmnice
3410 2658 3427 2693 :
3474 2638 3553 2694 Si
3589 2656 3711 2708 pa-

2026 2746 2142 2782 rum
2170 2730 2475 2784 universitas
2506 2729 2933 2785 resurrectionem
2961 2730 3168 2798 ﬁgurat
3186 2744 3207 2792 ;
3241 2730 3307 2783 si
3347 2730 3521 2783 nihil
3578 2730 3707 2784 tale

2027 2821 2253 2873 conditio
2298 2821 2489 2888 signat,
2538 2819 2661 2887 quia
2704 2818 2914 2888 singula
2955 2818 3074 2887 ejus
3118 2836 3236 2873 non
3304 2830 3448 2873 tam
3508 2823 3706 2874 moris

2026 2927 2178 2981 quam
2205 2910 2434 2962 desinere
2467 2908 2749 2971 dicantur;
2783 2924 2873 2961 nec
2912 2908 3301 2972 redanimari,
3341 2910 3459 2965 sed
3499 2912 3705 2981 refor-

2029 3003 2163 3054 mari
2183 3002 2558 3063 existimentur,
2581 3000 2751 3066 accipe
2769 2999 3141 3067 plenissimum
3164 3010 3362 3071 atque
3392 3004 3705 3072 ﬁrmissi-

402 3087 697 3157 κρασπέδου
712 3088 770 3139 τὸ
787 3088 1007 3158 ὕφασμα
1032 3089 1330 3157 γινώσκειν,
1350 3090 1404 3142 ni
1418 3091 1569 3159 longe
1589 3092 1795 3160 turpius
1812 3108 1915 3148 seSt

2191 3088 2341 3156 hujus
2367 3088 2473 3155 spei
2503 3088 2774 3155 specimen.
2796 3087 3063 3156 Siquidem
3089 3091 3396 3145 animalis
3458 3102 3559 3147 est
3605 3110 3704 3148 res

404 3179 456 3233 in
487 3179 832 3247 sequentibus
878 3180 1027 3235 daret
1069 3181 1157 3234 ille
1206 3181 1273 3234 ab
1317 3179 1593 3235 allectibus
1632 3192 1927 3237 excmcatus

399 3268 581 3335 jmlcx.
607 3268 739 3321 Cum
766 3270 975 3337 primis,
1004 3270 1197 3340 inquit,
1218 3270 1353 3323 illud
1384 3269 1449 3323 de
1496 3271 1742 3339 phtenice
1780 3286 1929 3325 com-

406 3364 640 3410 mentum
671 3358 847 3426 prodit
878 3367 1147 3413 auctorem
1180 3360 1342 3428 hujus
1370 3359 1625 3428 epistolae,
1671 3376 1777 3415 non
1808 3376 1928 3415 esse

404 3460 524 3497 eum
570 3447 867 3515 adjutorem
902 3449 957 3503 S.
984 3448 1251 3510 Pauli,ad
1269 3449 1637 3519 Philippenses
1678 3470 1749 3514 IV,
1785 3452 1926 3519 quod

406 3548 528 3611 pag.
553 3534 619 3586 54
644 3543 696 3587 et
718 3536 784 3589 55
824 3546 906 3590 est
936 3537 1188 3604 reperire.
1220 3535 1322 3589 Ubi
1347 3536 1591 3592 Clemens
1630 3538 1717 3592 ille
1744 3554 1930 3608 perso-

406 3634 565 3677 natus
620 3626 659 3677 it
713 3627 995 3693 probatum
1049 3627 1210 3696 (quod
1253 3629 1471 3683 minime
1498 3645 1682 3683 verum
1712 3632 1814 3702 est)
1843 3646 1931 3685 re-

405 3715 789 3768 surrectionem
822 3716 999 3771 carnis
1027 3717 1269 3785 quotidie
1305 3719 1442 3780 ﬁeri,
1475 3719 1929 3787 quemadmodum

324 3812 329 3817 ‘
406 3818 509 3855 nox
539 3804 718 3867 cubat,
745 3806 985 3873 exsurgit
1020 3805 1156 3869 dies,
1182 3807 1291 3859 abit
1325 3808 1463 3871 dies,
1503 3823 1609 3861 nox
1639 3810 1836 3878 ingruit
1878 3818 1931 3864 et

409 3894 726 3961 insequitur,
758 3902 860 3948 etc.
890 3893 988 3948 Hic
1012 3896 1276 3964 principio
1297 3912 1404 3971 non
1435 3905 1718 3952 contentus
1748 3914 1931 3954 vocem

408 3985 600 4045 carnis,
629 4000 746 4051 quae
780 4001 1043 4054 nusquam
1066 3987 1119 4039 in
1153 3995 1403 4041 contextu
1434 3998 1726 4058 comparet,
1757 4006 1933 4046 causa:

410 4086 520 4125 sua:
548 4072 832 4138 probandae
861 4073 1051 4140 gratia,
1078 4075 1406 4140 inseruisse;
1437 4084 1690 4144 praterea
1739 4093 1931 4148 magna

412 4160 604 4212 iterum
634 4175 755 4213 cum
790 4160 1118 4228 impudentia
1147 4163 1411 4219 haereseos
1436 4180 1556 4219 eum
1599 4168 1760 4221 audet
1801 4168 1934 4222 insi-

410 4250 648 4311 mulare,
714 4249 867 4318 quasi
923 4249 1079 4303 aliine
1143 4252 1417 4321 quippiam
1467 4255 1695 4313 senserit
1763 4257 1934 4311 errori

410 4336 680 4406 Hymenaei
733 4349 785 4390 et
832 4336 1041 4401 Phileti,
1094 4354 1322 4407 quorum
1371 4341 1561 4411 dogma
1598 4342 1699 4397 hoc
1747 4343 1928 4408 fuerit,

2028 3188 2077 3233 et
2102 3180 2221 3231 vita
2263 3176 2485 3230 obnoxia
2510 3185 2559 3230 et
2586 3179 2779 3239 morti;
2810 3177 2962 3229 illum
2989 3177 3110 3231 dico
3144 3180 3371 3234 alitem
3414 3183 3703 3237 Orientis

2027 3268 2357 3337 peculiarem,
2393 3266 2455 3320 de
2491 3266 2856 3334 singularitate
2872 3267 3165 3335 famosum,
3193 3270 3277 3322 de
3313 3275 3704 3339 posteritate

2028 3367 2434 3421 monstruosum,
2482 3358 2569 3426 qui
2598 3357 2926 3424 semetipsum
2956 3356 3198 3410 lubenter
3223 3360 3557 3427 funerans
3593 3379 3699 3417 reo

2028 3456 2201 3511 nouat,
2230 3447 2399 3501 natali
2427 3447 2527 3514 ﬁne
2564 3445 2810 3499 decedens
2844 3454 2998 3514 atque
3028 3446 3356 3503 succedens
3386 3466 3410 3512 ;
3464 3451 3702 3505 iterum

2023 3538 2246 3605 phenix,
2277 3536 2364 3589 ubi
2400 3536 2519 3603 jam
2546 3551 2727 3597 nemo;
2766 3537 2951 3587 iterum
2989 3538 3120 3604 ipse,
3166 3542 3276 3607 qui
3340 3558 3476 3594 non
3501 3543 3696 3611 jam;

2030 3628 2166 3681 alius
2197 3626 2351 3680 idem.
2389 3625 2527 3691 Quid
2561 3626 2854 3693 expressius
2885 3635 3039 3694 atque
3075 3627 3386 3695 signatius
3423 3632 3494 3685 in
3530 3632 3701 3688 hanc

2031 3719 2278 3770 causam?
2331 3723 2420 3767 aut
2462 3714 2545 3766 cui
2601 3714 2693 3766 alii
2736 3714 2811 3766 rei
2851 3714 2955 3767 tale
2997 3714 3426 3772 documentum
3451 3724 3483 3776 ?
3518 3722 3698 3777 Deus

2030 3807 2184 3859 etiam
2209 3804 2490 3872 Scripturis
2512 3805 2660 3856 suis:
2693 3822 2710 3854 ι
2747 3802 2815 3855 Et
2836 3803 3041 3873 ﬂorebit
3073 3807 3247 3870 enim,
3301 3810 3554 3880 inquit,
3589 3831 3696 3867 ve-

2033 3898 2107 3949 lut
2146 3896 2381 3963 phamix;
2410 3914 2426 3943 ι
2460 3892 2512 3947 id
2536 3902 2611 3947 est
2642 3895 2703 3946 de
2734 3903 2916 3959 morte,
2946 3894 3009 3945 de
3038 3894 3271 3962 funere;
3316 3900 3421 3952 uti
3458 3902 3691 3958 credas

2031 3986 2093 4039 de
2113 3985 2312 4054 ignibus
2343 3999 2536 4053 quoque
2557 3982 2901 4037 substantiam
2945 3986 3184 4051 corporis
3226 3990 3410 4059 exigi
3474 4010 3690 4060 posse.

2033 4076 2216 4129 Multis
2240 4073 2534 4143 passeribus
2557 4090 2650 4125 nos
2676 4074 2931 4126 antistare
2979 4073 3253 4129 Dominus
3287 4086 3697 4147 pronuntia-

2034 4164 2136 4224 vit;
2165 4163 2210 4215 si
2232 4178 2332 4215 non
2349 4159 2873 4229 etphtenicibusmihil
2929 4176 3201 4229 magnum.
3224 4163 3366 4217 Sed
3394 4168 3693 4226 homines
3748 4200 3753 4203 η

2033 4253 2187 4309 semel
2215 4251 2512 4313 interibunt,
2544 4249 2721 4302 avibus
2744 4248 2956 4303 Arabiae
2979 4250 3042 4302 de
3083 4260 3545 4315 resurrectione
3590 4280 3694 4318 sea

2036 4344 2209 4396 curis?
2234 4340 2324 4395 Sic
2362 4356 2520 4409 quam
2549 4340 2946 4408 elegantissime
2981 4335 3390 4399 Tertullianus
3435 4356 3694 4410 saeculo

408 4427 551 4496 quod
576 4427 1020 4483 resurrectionem
1050 4428 1236 4482 eodem
1267 4431 1444 4493 modo,
1484 4432 1932 4500 quemadmodum
1965 4445 2007 4503 ι)
2033 4439 2153 4501 post
2182 4439 2365 4483 natum
2396 4427 2667 4483 Christum
2700 4429 2880 4492 tertio,
2907 4428 3031 4483 libri
3055 4429 3131 4483 De
3153 4447 3504 4497 resurrect.
3539 4461 3699 4498 car-

410 4517 496 4570 hic
530 4516 776 4570 Clemens
817 4517 1169 4587 cxplicarint;
1206 4535 1415 4588 nempe,
1461 4538 1623 4582 unum
1664 4524 1933 4579 hominem

411 4608 605 4674 perire,
639 4608 865 4663 alterum
913 4609 1037 4669 huic
1062 4609 1288 4663 similem
1318 4613 1559 4677 renasci;
1589 4614 1747 4683 idque
1767 4615 1833 4668 ad
1873 4614 1939 4671 ﬁ-

410 4712 533 4749 nem
562 4715 733 4769 usque
761 4700 943 4756 mundi
972 4700 1306 4755 duraturum.
1347 4699 1516 4754 Sicuti
1558 4703 1646 4756 hic
1684 4702 1937 4758 Clemens

413 4798 640 4853 asserat,
677 4794 888 4860 quando
912 4800 1163 4860 parentes
1202 4792 1396 4845 liberos
1423 4794 1667 4862 gignunt,
1709 4794 1810 4847 hoc
1843 4811 1937 4848 v0-

413 4878 527 4930 cari
585 4881 1033 4933 resurrectionem
1081 4890 1438 4934 mortuorum.
1488 4879 1773 4933 Pervolvas
1814 4896 1938 4935 vero

412 4974 601 5025 totam,
635 4982 834 5034 quaeso,
867 4971 1169 5037 epistolam,
1190 4970 1483 5038 Videasque
1531 4984 1657 5022 num
1696 4970 1780 5022 vel
1814 4986 1939 5024 sen-

414 5070 534 5108 sum
558 5056 748 5118 solum,
779 5072 845 5110 ne
887 5058 1057 5112 dicam
1096 5060 1257 5113 verba
1285 5067 1575 5127 postrema,
1604 5059 1795 5112 exinde
1823 5076 1941 5128 pos-

415 5143 492 5195 sis
517 5145 847 5211 exsculpere.
879 5146 1291 5216 Argumentatur
1318 5147 1565 5201 Clemens
1594 5147 1697 5199 hoc
1727 5148 1885 5201 modo
1920 5168 1934 5204 :

418 5230 472 5284 Si
500 5233 637 5285 diem
670 5244 988 5303 noctemque
1019 5238 1234 5290 videant
1274 5239 1419 5290 abire
1440 5246 1492 5290 et
1527 5236 1733 5301 redire;
1761 5237 1805 5288 si
1856 5254 1940 5291 se-

415 5322 560 5374 mina
590 5324 642 5375 in
673 5331 868 5378 terram
910 5328 1056 5394 jaeta
1099 5338 1551 5396 computrescerc,
1585 5335 1637 5380 et
1672 5327 1939 5381 nihilomi-

415 5427 519 5465 nus
541 5413 728 5470 deinde
753 5415 960 5472 fructus
986 5418 1126 5473 ferre
1152 5439 1164 5473 :
1192 5421 1237 5473 si
1270 5420 1567 5488 phoenicem
1612 5418 1831 5471 credant
1865 5435 1943 5473 se-

388 5578 391 5579 ,
418 5506 602 5571 pulcro
633 5506 733 5559 sibi
756 5514 1031 5561 exstructo
1061 5509 1193 5561 mori
1217 5519 1270 5562 et
1300 5524 1366 5561 ex
1396 5510 1572 5577 seipse
1596 5509 1800 5560 renasci
1826 5526 1839 5571 ;
1873 5526 1939 5561 an

418 5610 657 5661 magnum
681 5606 730 5648 et
759 5597 990 5649 mirabile
1004 5599 1072 5650 sit
1101 5598 1424 5662 censendum,
1450 5600 1495 5651 si
1520 5614 1689 5650 rerum
1717 5598 1941 5649 omnium

419 5684 606 5751 opifex,
644 5692 699 5738 ut
732 5686 1123 5756 ipsc'loqnitur,
1153 5704 1411 5756 resurgere
1451 5704 1532 5740 eos
1558 5687 1739 5757 faciat,
1771 5690 1855 5754 qui
1886 5688 1936 5741 in

2035 4522 2114 4575 nis
2139 4536 2257 4588 cap.
2284 4518 2349 4571 i2
2369 4526 2423 4571 et
2444 4518 2529 4581 l5,
2556 4532 2621 4570 ne
2652 4519 2825 4571 solum
2847 4518 3179 4574 Clementem
3203 4524 3551 4591 ejusmodi
3588 4552 3693 4591 ει.-

2036 4609 2305 4680 gumentis
2362 4622 2523 4663 usum
2566 4607 2862 4662 existimes.
2912 4608 3049 4663 Nam
3100 4617 3153 4664 et
3212 4611 3688 4694 Epiphanius.

2036 4698 2362 4754 Constantia:
2388 4695 2547 4766 Cypri
2574 4696 2881 4765 cpisc0pus,
2909 4702 2964 4751 in
2992 4698 3271 4754 Ancorato
3340 4722 3473 4762 suo
3541 4717 3693 4773 sive

2038 4789 2156 4842 ﬁdei
2200 4786 2517 4841 Christiana:
2550 4787 2905 4854 expositione,
2957 4797 3009 4842 et
3050 4788 3304 4857 Cyrillus
3350 4794 3691 4862 Hieroso-

2036 4878 2345 4947 lymitanus,
2365 4874 2627 4929 Catechesi
2645 4891 2800 4940 xvnt,
2816 4884 2927 4930 tum
2942 4875 3274 4932 Dracontius
3304 4881 3373 4937 ῖῐι
3404 4887 3688 4949 "exae-

2036 4983 2175 5035 merq
2227 4965 2281 5017 in
2315 4964 2556 5018 eamdem
2603 4967 2850 5021 scribunt
2909 4966 3260 5029 sententiam,
3334 4984 3412 5028 ιη
3503 4985 3685 5045 alios

2038 5059 2277 5113 omittam
2304 5056 2395 5124 Qui
2418 5056 2482 5109 de
2506 5058 2751 5129 thnice
2775 5066 3025 5126 ιθηψιίιιη
3052 5065 3545 5127 Γθδυπθείίοηὶδ
3585 5080 3685 5133 δί’

2039 5154 2157 5214 gno'
2182 5144 2526 5211 singulariter
2576 5146 2889 5215 loquuntur,
2930 5143 3002 5197 De
3038 5158 3099 5196 ea
3139 5159 3420 5219 namque
3448 5159 3520 5214 in
3558 5180 3683 5223 ore

2038 5236 2162 5289 olim
2190 5243 2351 5303 atque
2386 5235 2439 5289 in
2467 5252 2719 5292 sermone
2762 5235 2999 5289 omnium
3034 5242 3151 5287 erat
3185 5234 3408 5300 fabula
3461 5269 3477 5303 :
3514 5254 3561 5305 J
3567 5275 3681 5313 am

2041 5330 2106 5382 ad
2137 5344 2287 5381 aures
2319 5330 2599 5383 multorum
2632 5331 2853 5401 pervenit
2902 5327 3216 5381 credentium
3247 5344 3309 5384 et
3346 5355 3482 5395 non
3532 5364 3678 5405 ere-

2040 5419 2286 5481 dentium,
2316 5419 2489 5487 inquit
2515 5420 2844 5490 Epiphanius
2873 5418 3016 5471 dicto
3040 5417 3159 5471 loco
3184 5436 3198 5483 ;
3228 5426 3411 5482 unde
3444 5443 3510 5487 et
3534 5445 3677 5497 tam

2043 5507 2292 5575 frequens
2332 5508 2451 5575 ejus
2479 5524 2601 5562 cum
2630 5509 2769 5578 apud
2813 5507 3058 5573 gentiles,
3085 5514 3199 5559 tum
3227 5508 3669 5585 Christianos

2043 5597 2261 5657 mentio,
2310 5598 2435 5652 licet
2472 5600 2524 5652 in
2574 5602 2787 5654 illorum
2827 5597 3226 5652 narrationibus
3272 5615 3417 5659 non
3461 5626 3675 5680 parva

2043 5687 2345 5754 reperialul‘
2367 5690 2614 5745 varietas.
2642 5692 2894 5746 Videntur
2923 5688 3117 5757 exiliis
3145 5686 3515 5758 Herodotus
3548 5707 3665 5763 lib.
