3832 6286
205 398 282 452 57
1461 401 1794 457 PROOEMIA
1833 399 2208 456 VARIORUM.
3359 405 3426 460 58

212 535 285 579 ιι,
325 524 437 579 cap.
462 502 738 571 73;Ovid.,
788 515 859 553 xv
902 498 1296 575 Metamorph.
1329 529 1476 569 vers.
1514 516 1649 578 592;
1692 514 1797 567 Pli-
1828 516 1873 572 Α
1900 528 2084 567 ansam
2124 528 2153 565 a
2192 509 2423 564 Patricio
2452 508 2826 575 dissentiendi,
2853 517 3125 581 totamque
3147 511 3431 580 epistolam

215 609 389 665 nius,
413 599 489 653 lib.
510 612 542 649 ι
572 593 764 648 Hister.
788 594 1071 651 naturalis
1102 615 1236 669 cap.
1286 601 1359 668 2;
1395 588 1548 671 Mela,
1574 606 1666 661 lib.
1698 620 1794 669 III;

222 694 447 750 Solinus
467 684 725 756 Polyhist.,
756 698 877 753 cap.
899 700 1062 753 XLVl;
1104 690 1397 749 Aristides
1426 696 1482 747 in
1520 695 1797 747 Palinodia

235 787 311 838 de
335 783 522 851 Smyrna
552 784 861 842 restaurata,
881 783 1000 830 tom
1015 821 1028 832 .
1051 780 1097 843 Ι,
1117 797 1177 850 p.
1193 784 1327 848 470;
1346 784 1595 838 [Elianus
1638 784 1729 838 lib.
1748 800 1796 836 v1

184 898 197 913 ν
252 867 674 931 Histor.animal.,
697 881 818 936 cap.
840 866 933 934 58',
953 866 1279 937 Lucianus,
1304 874 1527 944 Dialogo
1556 875 1680 944 περὶ
1704 873 1797 924 τοῦ

243 962 540 1033 Περεγρίνου
555 956 796 1026 τελευτῆς
810 975 826 1021 ;
840 955 1220 1027 Claudianus,
1239 963 1504 1033 Eidyllion
1518 964 1705 1034 primo.
1722 961 1800 1016 Ex

237 1051 544 1107 Christianis
571 1063 722 1114 vero,
759 1064 871 1102 una
903 1065 1032 1104 cum
1074 1054 1348 1122 superius
1389 1056 1717 1116 memoratis,
1747 1062 1800 1107 et

234 1159 379 1211 quos
416 1141 759 1195 doctissimus
815 1139 1092 1196 Weitzius
1152 1145 1225 1198 ad
1279 1144 1648 1206 Dracontium,
1705 1142 1800 1197 Ju-

233 1234 454 1301 niusque
476 1232 529 1284 in
556 1232 703 1286 notis
733 1231 869 1285 huic
904 1233 1159 1301 epistolae
1192 1236 1457 1303 subjectis
1504 1236 1655 1295 citat,
1693 1233 1801 1285 Eu-

160 1374 163 1375 ν
233 1324 426 1383 sebius,
472 1338 523 1374 tv
554 1322 633 1375 De
657 1323 771 1375 vita
812 1321 1182 1387 Constantini,
1225 1340 1348 1392 cap.
1384 1324 1468 1388 72,
1518 1322 1712 1378 Suidas
1744 1323 1797 1375 in

228 1412 411 1474 Φοῖνιξ.
446 1412 566 1465 Non
620 1427 758 1482 ergo
784 1413 991 1466 mirum
1022 1422 1165 1477 erat,
1204 1414 1251 1469 si
1282 1414 1678 1468 Christianismi
1703 1415 1800 1468 do-

229 1510 399 1555 ctores
436 1501 504 1554 ad
555 1516 677 1555 rem
712 1504 878 1571 vulgo
911 1503 1175 1556 creditam
1212 1512 1603 1572 provocarent;
1630 1518 1797 1572 quan-»

226 1591 509 1659 doquidem
526 1597 584 1645 et
609 1590 715 1645 Dio
736 1607 992 1647 asserere
1026 1594 1191 1647 audet
1221 1594 1313 1649 lib.
1334 1610 1487 1656 Lvm,
1514 1593 1675 1647 Sexto
1698 1594 1799 1649 Pa-

226 1680 369 1748 pinio
393 1681 541 1745 etlQ.
570 1681 800 1736 Plautio
836 1697 984 1737 coss.
1018 1685 1184 1752 paulo
1206 1692 1330 1737 ante
1352 1684 1548 1739 Tiberii
1592 1685 1797 1739 obitum

1901 602 2208 670 rejiciendi;
2253 616 2375 654 cum
2399 614 2497 654 nec
2525 598 2818 663 Scultetus,
2837 614 2935 653 nec
2956 600 3153 663 Cocus,
3183 614 3422 668 unquam

1898 694 2159 756 eamdem,
2192 703 2249 746 ut
2273 692 2510 745 nondum
2550 706 2580 744 a
2598 690 2829 744 Patricio
2857 690 2989 744 forte
3006 693 3197 753 visam,
3227 690 3430 743 nedum

1895 783 2216 849 evulgatam,
2241 782 2490 846 viderint,
2513 781 2754 849 adeoque
2784 781 2848 834 de
2877 796 2934 834 re
2957 780 3133 849 ignota
3159 777 3427 847 judicium

1899 886 2052 925 suum
2078 886 2181 923 non
2206 873 2477 938 potuerint
2504 873 2863 942 interponere.
2892 870 3118 939 lpsemet
3139 871 3241 922 hoc
3263 875 3429 922 testa-

1898 968 1986 1013 tur
2005 961 2339 1015 Abrahamus
2366 960 2655 1020 Scultetus,
2686 961 2955 1030 quondam
3000 959 3274 1028 professor
3300 957 3428 1012 Hei-

1898 1052 2263 1121 delbergensis
2313 1052 2558 1105 Medulla:
2609 1064 2719 1106 sua:
2746 1054 2791 1085 ’³
2826 1068 2945 1122 pag.
2974 1054 3070 1107 571
3106 1060 3159 1106 et
3188 1052 3311 1116 579,
3359 1051 3430 1110 de

1899 1143 2059 1211 hujus
2088 1143 2372 1197 Clementis
2406 1144 2618 1211 scriptis
2648 1145 2787 1197 inter
2834 1146 2936 1197 alia
2983 1145 3231 1213 inquiens
3257 1163 3269 1197 :
3296 1142 3425 1212 Epi-

1898 1234 2085 1285 stolam
2131 1232 2211 1285 hic
2247 1234 2505 1302 quondam
2540 1231 2606 1285 ad
2661 1232 2954 1287 Corinthios
3005 1235 3232 1301 scripsit,
3277 1233 3425 1301 cujus

1898 1325 2127 1377 meminit
2163 1324 2437 1392 Dionysius
2469 1323 2771 1378 Corinthius
2809 1324 2945 1390 apud
2988 1324 3174 1378 Euseb.
3206 1320 3318 1386 (lib.
3348 1340 3422 1387 Iv,

1898 1428 2014 1481 cap.
2038 1414 2139 1480 23;
2172 1415 2264 1468 lib.
2286 1431 2364 1479 ιιι,
2388 1428 2506 1482 cap.
2526 1414 2634 1482 58.)
2659 1414 3041 1467 Periitcelebris
3058 1414 3157 1464 ista
3171 1411 3389 1481 epistola
3407 1449 3424 1473 ,

1898 1506 1985 1558 sed
2014 1507 2067 1557 in
2089 1504 2257 1556 locum
2288 1505 2399 1571 ejus
2442 1502 2735 1555 substituto:
2756 1510 2875 1555 sunt
2907 1501 3124 1569 quinque
3179 1500 3319 1562 alias,
3375 1508 3425 1553 et

1895 1593 2305 1661 Becognitionum
2328 1595 2448 1648 libri
2467 1593 2659 1655 decem,
2685 1595 2774 1662 qui
2811 1592 2961 1643 hodie
3007 1589 3283 1645 Clementis
3328 1606 3424 1643 no—

1898 1687 2032 1738 mine
2068 1684 2521 1752 circumferuntur.
2578 1682 2824 1750 Epistola:
2867 1690 3070 1734 exstant
3095 1690 3230 1734 tumo
3259 1681 3427 1748 primo

224 1770 287 1821 in
332 1770 562 1840 Egypto
606 1773 929 1840 phoenicem
975 1775 1317 1842 apparuisse,
1376 1774 1428 1826 id
1462 1775 1603 1842 quod
1633 1776 1792 1828 etiam
1831 1827 1868 1842 ἢ
1893 1771 2391 1840 Conciliorum,qua'
2414 1773 2629 1841 singulis
2653 1772 2757 1840 fere
2783 1772 2929 1823 lineis
2955 1770 3261 1824 Clementem
3284 1769 3430 1821 adul-

224 1860 424 1915 Plinius
456 1872 779 1916 memorato
804 1863 929 1916 loco
946 1879 1012 1917 ex
1033 1863 1288 1918 Cornelio
1309 1863 1592 1917 Valeriano
1613 1864 1796 1919 refert.

221 1945 437 2003 Tacitus
463 1966 624 2014 vero,
656 1968 716 2005 vt
736 1949 957 2015 Annal.,
976 1950 1068 2015 28,
1107 1953 1249 2007 idem
1284 1952 1349 2006 ad
1370 1950 1523 2004 Pauli
1547 1952 1719 2015 Fabii,
1748 1959 1801 2006 et

218 2036 287 2093 ι.
334 2038 540 2095 Vitellii
599 2050 863 2110 tempora
920 2041 1157 2103 reducit,
1212 2057 1439 2110 quorum
1487 2044 1800 2096 consulatus

208 2130 362 2196 juxta
388 2129 677 2200 Onuphrii
724 2129 924 2184 Fastos
951 2132 1008 2184 in
1038 2146 1239 2184 annum
1274 2130 1341 2185 U.
1372 2131 1431 2185 C.
1464 2146 1797 2197 nccuxxvu,

212 2218 423 2274 Christi
476 2222 552 2275 55
614 2222 869 2276 incidit:
920 2238 1043 2291 qua:
1098 2222 1238 2275 fama
1293 2224 1462 2276 nostri
1510 2223 1798 2277 Clementis

211 2316 465 2379 tempore
498 2311 696 2363 adhuc
747 2319 870 2364 erat
904 2326 1120 2374 recens,
1147 2318 1331 2379 utpote
1357 2312 1448 2379 qui
1473 2311 1624 2376 juxta
1654 2312 1798 2364 Ana-

206 2403 442 2456 stasiutn
475 2401 983 2457 Bibliothecarium
1022 2416 1165 2454 anno
1216 2403 1334 2469 ejus
1366 2403 1546 2455 saeculi
1585 2402 1672 2465 95,
1708 2418 1797 2456 se-

202 2489 454 2544 cundum
517 2489 670 2547 alios
729 2504 865 2543 vero
915 2490 1102 2555 citius,
1159 2490 1495 2559 episcopatui
1559 2490 1800 2545 Romano

198 2592 451 2646 pmsse
499 2582 703 2649 cepit.
744 2580 891 2645 Quid
933 2580 1079 2648 quod
1128 2580 1466 2637 Christianos
1517 2583 1623 2635 illis
1668 2591 1802 2637 tem-

191 2671 439 2736 poribus
471 2671 800 2740 pltaznicem
829 2672 1258 2725 resurrectionis
1291 2674 1589 2742 symbolum
1611 2689 1800 2729 coeme-

189 2763 499 2816 tet-ialibus
525 2762 768 2817 tumulis
799 2762 944 2815 inter
972 2761 1076 2813 alia
1099 2761 1466 2830 insculpsisse,
1492 2779 1557 2817 ex
1586 2764 1650 2818 Β.
1680 2764 1797 2817 Ca:-

184 2849 350 2903 ciliz
386 2851 541 2903 Actis
581 2850 780 2904 discas
815 2868 830 2903 :
862 2866 985 2919 qua:
1035 2851 1267 2918 idipsum
1311 2850 1371 2906 Β.
1413 2851 1625 2905 Maximi
1658 2868 1801 2905 mar-

183 2942 348 3015 tyris
371 2943 740 3012 sarcophago
774 2942 997 2995 curavit
1027 2942 1462 3010 insculpendum.
1494 2943 1667 2998 Verba
1697 2944 1801 2996 Ac-

198 3047 407 3096 totum,
438 3043 499 3087 ut
525 3050 595 3088 ex
626 3032 759 3085 cod.
792 3046 902 3087 ms.
949 3031 1124 3087 Vatic.
1157 3031 1349 3085 Vallic.
1395 3034 1448 3086 in
1492 3034 1661 3088 Roma
1681 3038 1802 3088 sub-

1900 1866 2118 1917 terinum
2147 1862 2441 1930 loquuntur.
2505 1860 2825 1913 Earumdem
2875 1860 3112 1928 quinque
3145 1857 3423 1913 Clementi—
3476 1912 3481 1915 _

1900 1970 2103 2020 narum,
2140 1969 2257 2022 quae
2301 1952 2590 2006 Decretales
2645 1952 2822 2020 vulgo,
2856 1964 2967 2003 non
2999 1965 3123 2004 vero
3151 1950 3312 2019 hujus
3362 1950 3430 2003 ad

1898 2046 2451 2104 Corinthios.examen
2474 2040 2704 2096 instituit
2724 2040 2994 2095 Robertus
3023 2040 3198 2093 Cocus
3228 2038 3433 2108 Anglus

1901 2134 1954 2185 in
2000 2148 2095 2186 sua
2121 2130 2412 2184 Censura“
2447 2144 2565 2199 pag.
2598 2129 2660 2182 41
2697 2140 2748 2182 et
2782 2142 2930 2197 seqq.
2964 2126 3276 2181 Blondellus
3302 2127 3431 2179 item

1900 2241 2155 2310 singulari
2185 2240 2324 2293 libro
2358 2240 2617 2293 adversus
2645 2236 2840 2291 lsidori
2878 2235 3191 2290 Mercatoris
3219 2236 3435 2306 ﬁgmen-

1898 2342 1973 2395 ta,
2007 2329 2230 2384 Genevae
2280 2344 2369 2383 an.
2420 2329 2620 2383 Christi
2682 2327 2817 2380 1628
2864 2342 3097 2391 excuso,
3146 2326 3236 2379 ubi
3272 2324 3435 2380 simul

1898 2418 2134 2474 ostendit
2170 2435 2233 2473 ex
2264 2419 2460 2487 quibus
2514 2418 2833 2471 centonibus
2854 2432 2929 2470 ea:
2966 2423 3204 2470 consulte
3234 2414 3436 2469 fuerint

1898 2522 1950 2567 et
1975 2511 2248 2566 confectae.
2292 2510 2503 2574 Quanto
2531 2524 2657 2561 vero
2686 2508 2739 2560 in
2769 2508 2938 2575 pretio
2965 2508 3105 2560 lianc
3130 2506 3302 2574 ipsam
3331 2507 3434 2559 ha~

1900 2601 2073 2655 buerit
2120 2598 2429 2667 Epistulam,
2484 2598 2738 2665 Apologia
2792 2596 2908 2662 ejus
2962 2594 3268 2664 pererudita
3326 2610 3422 2662 pro

1901 2690 2202 2758 Hieronymi
2218 2688 2465 2741 sententia
2481 2685 2542 2738 de
2570 2685 2813 2752 episcopis
2827 2683 3191 2752 etpresbyteris
3218 2683 3432 2751 probat,

1904 2782 1959 2835 in
1979 2796 2084 2849 qua
2114 2794 2220 2832 non
2245 2786 2463 2831 veretur
2483 2775 2541 2827 B.
2561 2774 2738 2828 Patris
2762 2773 3081 2828 sententiam
3108 2772 3433 2826 testimoniis

1898 2886 1962 2924 ex
1990 2884 2051 2923 ea
2088 2866 2381 2934 desumptis
2423 2862 2742 2916 confirmare
2785 2870 2838 2914 et.
2868 2874 3128 2915 asserere.
3168 2856 3436 2922 Quemadu

1900 2959 2115 3012 modum
2147 2957 2305 3009 etiam
2352 2970 2418 3007 ex
2445 2952 2636 3005 Voetio
2682 2959 2735 3004 et
2764 2949 2974 3012 Riveto,
2999 2948 3091 3017 qui
3127 2962 3248 3000 cum
3274 2946 3430 2999 Blon-

1901 3045 2038 3099 dello
2066 3059 2180 3097 eam
2210 3054 2261 3096 et
2288 3043 2531 3094 viderunt
2552 3049 2604 3094 et
2638 3039 2905 3107 legerunt,
2926 3036 3066 3088 haud
3095 3034 3248 3087 facile
3269 3049 3437 3103 queas

227 3127 453 3176 ιεῑίτιίιηεα
525 3123 832 3176 "Minima
882 3122 1183 3192 Arinshius
1232 3124 1400 3187 (ὶίῐέιῐ,
1448 3123 1560 3180 δαὶο
1615 3133 1739 3178 sum
1785 3129 1868 3185 2C
1903 3136 2205 3204 perspicere
2234 3142 2285 3185 et
2326 3130 2646 3198 dijudicare,
2680 3143 2807 3181 num
2829 3127 2911 3180 vel
2929 3125 3324 3192 recipientium,
3352 3123 3436 3177 vel

247 3208 403 3275 Quem,
435 3211 752 3265 Maximum
791 3212 1029 3273 scilicet,
1056 3211 1122 3287 .S.
1157 3210 1373 3271 Cazcilia
1403 3214 1543 3285 virgo
1573 3215 1802 3281 sepelivit

242 3300 297 3350 in
320 3318 429 3355 novo
460 3301 832 3369 sarcophago,
867 3312 915 3353 et
936 3302 1105 3369 jussit
1158 3311 1216 3354 ut
1251 3304 1304 3355 in
1345 3304 1661 3374 sarcophago
1690 3306 1801 3373 ejus

239 3390 544 3456 sculpentur
589 3391 838 3457 phoenix,
875 3390 945 3441 ad
985 3391 1238 3443 indicium
1269 3393 1390 3460 ﬁdei
1418 3393 1549 3456 eius,
1598 3396 1685 3463 qui
1724 3412 1803 3468 ref

236 3481 600 3533 surrectionem
623 3496 682 3532 se
701 3480 1043 3532 inventurum
1082 3481 1314 3547 exemplo
1339 3482 1583 3549 phwnicis
1612 3498 1675 3535 ea:
1697 3493 1802 3537 toto

234 3568 371 3622 corde
405 3570 673 3638 suscepit.
702 3566 876 3622 Vides
907 3584 1062 3639 ergo,
1096 3586 1255 3637 quam
1290 3571 1436 3638 juste
1466 3573 1519 3624 in
1548 3572 1661 3626 base
1684 3582 1803 3629 tau-

234 3657 342 3710 dem
366 3661 538 3713 verba
567 3666 836 3726 erumpat
864 3659 1057 3730 κριτὴς
1085 3661 1171 3713 ille
1199 3662 1444 3730 egregius
1481 3681 1493 3715 :
1527 3662 1690 3717 Estne
1716 3665 1803 3718 hic

233 3746 519 3815 (Clemens,
547 3749 800 3817 scilicet)
831 3751 1033 3813 bonus,
1066 3750 1276 3819 ﬁdeque
1306 3740 1502 3819 digtius
1530 3754 1801 3820 apostolus

229 3844 285 3887 et
302 3840 518 3907 adjutor
544 3838 605 3893 S.
631 3838 823 3900 Pauli,
841 3840 940 3906 qui
969 3841 1420 3894 resurrectionem
1445 3843 1623 3896 carnis
1648 3841 1802 3903 fabu-

226 3924 296 3977 lis
319 3936 430 3981 tam
479 3929 649 3985 bellis
680 3935 871 3997 potest
900 3929 1180 3982 astruere?
1225 3936 1279 3983 et
1302 3944 1480 3983 annon
1508 3931 1675 3984 multo
1723 3947 1805 3985 re-

221 4017 361 4073 ctius
380 4020 662 4087 judicarit
714 4018 859 4070 illud
907 4018 1072 4086 Belgii
1131 4019 1305 4081 sidus,
1362 4018 1513 4089 Hugo
1563 4018 1800 4086 Grotius,

221 4103 357 4163 falso
389 4111 585 4165 itidem
626 4111 730 4164 illo
762 4110 888 4177 ipso
940 4109 1143 4177 scripto
1200 4110 1380 4163 verbis
1436 4126 1559 4164 mox
1613 4113 1805 4166 subse-

218 4204 536 4268 quentibus,
571 4209 634 4255 ut
668 4202 753 4255 rei
787 4201 1041 4253 absurdae
1086 4209 1298 4264 auctor,
1344 4203 1649 4271 sugillatus,
1689 4205 1803 4272 epi-

218 4294 357 4346 stola
386 4294 635 4362 quadam
679 4291 752 4344 ad
787 4290 1115 4359 Bignonium
1144 4292 1406 4345 hactenus
1450 4292 1648 4347 inedita
1684 4313 1695 4346 :
1731 4294 1805 4347 De

208 4380 451 4443 Phoenice
478 4401 591 4437 rem
631 4383 894 4451 fuisse'eo
923 4389 1145 4448 tempore
1174 4385 1394 4435 eruditis
1419 4386 1688 4447 creditam,
1714 4400 1804 4437 nec

1904 3225 2268 3292 respuentium
2319 3230 2617 3289 sequantur
2651 3225 2831 3287 partes
2861 3216 3058 3283 :hujus
3089 3230 3318 3283 namque
3368 3229 3437 3267 ex

1906 3317 2139 3372 editione
2164 3314 2346 3366 ultima
2377 3309 2675 3364 Geuevensi
2698 3308 2824 3360 anni
2849 3306 3003 3368 1652,
3028 3306 3141 3358 haec
3172 3311 3296 3358 sunt
3318 3320 3436 3357 ver-

1909 3409 1975 3461 ba
2001 3426 2013 3459 :
2043 3404 2260 3471 Scripsit
2284 3400 2537 3459 Clemens.
2571 3407 2694 3452 teste
2721 3397 3037 3465 Hieronymo
3080 3395 3132 3446 in
3156 3392 3428 3462 Catalogo,

1901 3510 1963 3548 ea:
2000 3510 2216 3562 persona
2240 3492 2484 3545 Ecclesia:
2508 3490 2755 3543 Romana:
2780 3487 2847 3541 ad
2886 3486 3168 3538 Ecclesium
3198 3481 3434 3537 Corinthi

1902 3583 2046 3638 valde
2079 3582 2255 3634 utilem
2299 3579 2610 3647 Epistolant,
2643 3594 2761 3646 (μιαί,
2778 3574 3038 3629 nonnullis
3090 3574 3143 3627 in
3186 3572 3310 3624 locis
3331 3586 3431 3638 pu-

1902 3674 2027 3729 blice
2076 3682 2184 3724 tum
2250 3672 2528 3741 legebatur.
2577 3668 2820 3719 -——Hanc
2857 3673 3030 3718 autem
3078 3660 3432 3715 desideratam

1904 3764 2163 3817 Patricius
2203 3762 2392 3815 Junius
2424 3762 2500 3814 vir
2541 3759 2884 3819 clarissimus,
2920 3756 3053 3823 regis
3087 3766 3285 3820 magna!
3314 3748 3439 3802 Bri-

1904 3853 2093 3907 tanniae
2125 3851 2556 3910 bibliothecarius,
2590 3863 2653 3901 ea:
2681 3846 2867 3899 laceris
2894 3843 3129 3911 reliquiis
3155 3837 3437 3893 vetustissi-

1904 3961 1974 3998 mi
2003 3944 2308 4011 exemplaris
2353 3940 2480 4008 regii
2505 3940 2659 4001 eruit,
2718 3937 2934 3989 lacunas
2981 3932 3223 4000 opplevit,
3253 3926 3438 3981 Latine

1904 4033 2069 4094 vertit,
2099 4040 2147 4085 et
2199 4029 2429 4081 brevibus
2462 4027 2597 4078 notis
2651 4024 2956 4087 illustravit,
3009 4034 3220 4089 eamque
3246 4016 3432 4079 edidit,

1903 4139 2017 4176 cum
2040 4122 2325 4188 fragmento
2357 4115 2591 4170 secunda:
2613 4112 2845 4182 epistola:
2874 4111 2940 4165 ad
2960 4110 3182 4171 eosdem,
3212 4106 3435 4162 Oxonia:

1903 4227 2037 4262 anno
2077 4209 2229 4261 1653.
2272 4205 2337 4258 In
2366 4222 2427 4259 ea
2456 4205 2778 4272 reperiuntur
2799 4218 2911 4271 qua:
2935 4218 2967 4253 a
3017 4197 3279 4252 nonnullis
3304 4206 3437 4250 vete-

1912 4298 2054 4350 ribus
2089 4298 2337 4355 citantur,
2369 4302 2423 4345 ιιι
2451 4295 2504 4345 in
2527 4292 2660 4344 notis
2705 4291 2833 4354 suis,
2863 4304 2925 4342 ea:
2947 4287 3240 4349 collatione,
3266 4296 3439 4337 osteu‘

1917 4388 1991 4439 dit
2022 4385 2403 4440 eruditissimus
2443 4383 2629 4444 editor,
2655 4383 2742 4450 qui
2769 4396 2938 4433 veram
2960 4388 3007 4431 et
3034 4379 3306 4446 genuinam
3326 4392 3436 4428 esse

202 4486 268 4521 εο
305 4485 622 4546 argumento
654 4476 742 4527 uti
774 4472 1090 4527 Clementem
1120 4482 1179 4524 ut
1233 4472 1407 4539 probet
1434 4473 1539 4525 τῶν
1592 4475 1795 4544 νεκρῶν
1835 4461 1877 4515 D
1907 4475 2176 4529 Clementis
2209 4471 2495 4539 Epistolam
2535 4470 2818 4530 existimat,
2848 4484 2948 4521 non
3000 4465 3233 4519 obstante
3253 4462 3437 4531 fabula

202 4559 650 4628 ὼδάστασιν,δει1
682 4574 747 4617 ut
773 4562 1017 4615 ostendat
1043 4577 1106 4615 ea:
1133 4578 1189 4614 re
1213 4562 1407 4614 credita
1437 4579 1537 4615 non
1560 4579 1668 4617 esse
1693 4581 1805 4617 eam

201 4652 325 4709 τῶν
348 4658 651 4710 ἀδυνάτων.
686 4653 917 4709 Inscitia
940 4652 1182 4720 profecto
1204 4667 1412 4706 summa
1453 4661 1554 4717 est,
1580 4655 1653 4707 illi
1684 4672 1807 4723 pro-

208 4753 416 4810 pterea
495 4748 646 4801 hanc
721 4743 1021 4814 epistolam
1087 4742 1411 4811 abjudicare
1445 4781 1460 4805 ,
1537 4746 1805 4814 praecipue

213 4848 353 4890 cum
419 4839 533 4906 jam
591 4837 716 4892 suis
775 4833 1118 4902 temporibus
1196 4831 1431 4899 Cyrillus
1494 4831 1801 4905 Hierosoly-

218 4928 510 4993 mitanus,
584 4925 940 4993 Photiusque
1004 4920 1669 4989 Constantinopolitanus,
1716 4925 1804 4978 hic

226 5018 431 5070 sarculo
495 5032 685 5083 nono,
758 5015 855 5069 ille
940 5017 1176 5080 quarto,
1253 5015 1611 5063 commentum
1674 5014 1803 5067 illud

217 5105 295 5163 ίιι
316 5111 487 5167 eadem
523 5111 779 5183 legerint,
823 5113 881 5162 et
921 5100 1127 5157 exinde
1154 5097 1211 5150 in
1275 5098 1490 5164 scriptis
1520 5099 1633 5153 suis
1657 5102 1790 5154 cita-

198 5186 357 5271 ξ’ἧιιι,
386 5213 442 5258 ιιι
467 5220 532 5261 ex
552 5205 777 5260 illorum
803 5189 1156 5253 testimoniis
1186 5186 1437 5253 superius
1463 5190 1803 5244 manitestum

193 5260 356 5346 Νὴ..
388 5260 493 5353 Neé
558 5292 807 5351 minoris
834 5293 928 5342 es;
959 5274 1244 5335 audaciae,
1305 5275 1625 5339 persuadere
1671 5280 1805 5334 velle

216 5368 441 5461 “imane,
474 5389 825 5448 Scultetum,
860 5377 1117 5433 Cocum,
1138 5363 1499 5461 Blondellum,
1535 5363 1802 5461 Rivetum.

142 5526 149 5535 ~
216 5445 440 5565 Ῐοριίυιιὲ
466 5486 733 5565 panibus
758 5450 1673 5565 τείοτητθίῗῗῗῖῗιῗὶαὲἒῗῖΪῗῖἕῖ)
1702 5458 1808 5557 ξιίοί

286 5562 486 5657 unauna
502 5580 775 5641 addictos
784 5565 970 5621 docto
978 5562 1107 5606 res,

264 5778 440 5834 “Eilit.
512 5748 906 5825 Francofurt.
982 5717 1169 5779 1654.

1909 4564 1970 4616 de
2005 4564 2247 4629 plicenice,
2287 4576 2437 4629 quam
2469 4559 2534 4611 ad
2565 4558 2967 4610 illustrationem
2990 4555 3241 4607 doctrina:
3257 4552 3319 4604 de
3354 4569 3436 4605 re-

1907 4652 2217 4705 surrectione
2243 4649 2469 4702 adducit.
2528 4647 2677 4713 Quod
2697 4656 2872 4714 postea
2904 4646 3127 4713 fecerunt
3149 4644 3243 4694 alii
3262 4642 3434 4709 plures

1905 4759 1967 4797 ea:
1986 4740 2581 4808 veteribus.Argumenta
2609 4738 2703 4790 viri
2731 4735 3017 4788 doctissimi
3043 4732 3320 4799 expendere
3341 4747 3435 4799 po-

1910 4832 2025 4883 terit
2055 4830 2208 4881 lector
2235 4827 2485 4880 eruditus.
2508 4823 2746 4891 Epistola
2772 4831 2877 4875 tota
2904 4820 3097 4888 alioqui
3122 4821 3251 4872 satis
3278 4818 3433 4886 refert

1906 4920 2284 4987 simplicitatem
2323 4918 2639 4984 primaevam,
2676 4924 2723 4967 et
2750 4929 2861 4981 qua:
2905 4913 2957 4963 in
2994 4927 3054 4964 ea
3082 4910 3323 4979 leguntur
3364 4909 3433 4961 ad

1908 5018 2263 5079 argumentum
2294 5008 2427 5067 quod
2448 5009 2501 5060 in
2537 5023 2595 5059 ea
2620 5013 2893 5063 tractatur,
2923 5001 3051 5054 satis
3080 5010 3201 5054 sunt
3233 5017 3435 5053 accom-

1909 5099 2139 5153 modata.
2177 5097 2248 5150 Id
2290 5112 2412 5148 sane
2442 5093 2719 5147 notandum
2751 5090 2884 5158 quod
2917 5105 3034 5157 pag.
3072 5090 3134 5142 41
3186 5091 3249 5142 de
3267 5089 3432 5157 justi-

1909 5189 2146 5257 ﬁcatione
2174 5185 2416 5240 scribitur
2451 5200 2469 5237 :
2510 5182 2619 5233 Nos
2647 5196 2707 5233 ea:
2740 5180 2997 5232 voluntate
3030 5180 3120 5232 Dei
3148 5180 3200 5230 in
3228 5177 3432 5231 Christo

1899 5278 2023 5331 Jesu
2050 5286 2272 5340 vocatos,
2301 5284 2403 5329 etc.
2439 5273 2715 5325 Gisbertus
2747 5270 2968 5323 Voetius
2990 5284 3117 5322 vero
3149 5269 3429 5335 theologia;

1901 5370 1955 5421 in
2010 5367 2277 5420 academia
2311 5362 2655 5428 Ultrajectina
2701 5362 2857 5426 prof.,
2884 5360 2939 5412 in
2972 5360 3197 5426 Disputt.
3229 5356 3427 5409 selectis

1906 5456 2214 5526 theologicis,
2246 5470 2361 5523 pag.
2393 5452 2493 5503 105
2538 5448 2702 5517 partis
2734 5447 2943 5516 primas,
2999 5462 3121 5500 cum
3174 5443 3429 5513 quzestio-

1122 5539 1317 5595 exhac
1337 5538 1501 5591 fabula
1519 5544 1809 5613 arripuisse
1905 5565 2025 5602 nem
2053 5549 2312 5601 attulisset
2336 5544 2469 5595 lianc
2503 5559 2513 5592 :
2558 5539 2694 5606 Quid
2740 5539 2800 5591 de
2818 5539 3035 5607 epistola
3061 5535 3336 5591 Clementis
3356 5531 3424 5589 ad

1260 5713 1306 5745 “
1329 5712 1457 5769 Edit.
1497 5715 1814 5790 llelmstad.,
1849 5741 1987 5780 anno
2013 5724 2160 5782 16M.
