3832 6230
496 364 566 421 39
1598 366 1686 418 AD
1725 365 1781 421 S.
1824 366 2236 421 CLEMENTEM
2276 366 2296 419 1
2335 368 2560 421 PAPAM
3663 359 3722 413 60

500 479 794 535 Corinthios
829 472 985 547 nuper
1006 481 1258 549 evulgato,
1286 481 1370 532 sed
1401 496 1498 531 non
1527 481 1635 532 sine
1665 482 1839 533 multis
1865 484 2027 533 maxi-
2054 488 2098 541 Α
2126 482 2225 534 bus
2247 496 2407 549 supra
2432 480 2629 532 mentio
2659 479 2856 545 injecta
2904 485 3011 536 est,
3053 467 3469 526 decretalibus
3497 465 3723 521 confun-

502 571 694 638 misque
726 572 923 624 lacunis
954 575 977 625 ?
1016 572 1173 625 dubie
1200 571 1398 639 pariter
1417 570 1704 637 respondet
1736 590 1748 623 :
1779 571 2022 623 Admira-

501 676 617 711 ntur
658 661 970 729 singularem
995 662 1215 713 divinam
1234 657 1638 722 Providentiam,
1663 676 1777 727 qua:
1804 662 2002 713 curavit

501 756 557 799 ut
584 749 646 800 ab
685 750 1033 816 apostolorum
1089 748 1357 813 discipulis
1390 749 1606 817 virisque
1650 750 1943 815 apostolicis
1978 756 2026 800 et

501 841 857 908 apostolorum
884 840 1071 891 sa'culo
1102 839 1371 903 proximis,
1404 848 1495 889 aut
1542 839 1669 891 nihil
1699 838 2025 900 scriberetur,

500 939 592 982 aut
634 929 761 981 nihil
791 936 1173 981 conservaretur
1211 936 1257 977 et
1279 925 1345 976 ad
1369 937 1598 993 posteros
1632 937 1905 988 manaret;
1938 934 2028 978 aut

500 1018 687 1070 saltem
709 1017 837 1069 nihil
874 1016 935 1067 ab
975 1015 1117 1066 initio
1156 1012 1401 1067 Ecclesia:
1439 1031 1599 1083 usque
1636 1017 1689 1067 in
1716 1015 1847 1067 hunc
1890 1014 2027 1066 diem

500 1115 803 1174 superesset,
833 1105 893 1157 de
940 1120 1037 1172 quo
1091 1121 1193 1157 non
1238 1103 1583 1168 dubitaretur,
1635 1114 1724 1157 aut
1760 1104 1894 1173 quod
1939 1120 2029 1172 per

502 1197 665 1247 tineas
716 1194 1021 1260 blattasque,
1055 1202 1145 1244 aut
1176 1192 1337 1244 alium
1358 1193 1579 1260 quemvis
1626 1191 1721 1245 Dei
1752 1194 2031 1245 exercitum

502 1283 797 1335 mutilatum
825 1298 923 1333 non
957 1290 1083 1332 esset
1114 1296 1130 1332 :
1184 1290 1239 1331 ut
1281 1280 1379 1331 soli
1407 1280 1688 1347 Scriptura:
1730 1288 1872 1331 tanto
1918 1282 2028 1332 evi-

501 1372 702 1425 dentius
732 1386 827 1422 sua
867 1377 1122 1420 constaret
1176 1368 1481 1425 auctoritas,
1521 1368 1696 1434 illique
1743 1367 1839 1418 soli
1899 1376 2032 1420 esset

498 1459 706 1525 propria
734 1455 1196 1521 incorruptibilitas
1222 1465 1268 1508 et
1293 1456 1573 1508 aeternitas.
1618 1454 1769 1518 Quod
1802 1456 1846 1509 si
1870 1456 2032 1525 igitur

499 1550 587 1602 ille
606 1548 925 1617 ἐπικρίσεως
950 1556 1133 1599 auctor
1162 1546 1346 1599 saltem
1372 1561 1463 1614 per
1492 1553 1856 1609 transennam,
1889 1544 2032 1613 quod

502 1640 672 1701 aiunt,
708 1653 798 1691 eos
822 1652 956 1705 quos
984 1636 1200 1689 adducit
1229 1636 1519 1703 scriptores
1549 1636 1891 1703 inspexisset,
1924 1650 2032 1688 non

502 1730 764 1798 potuisset
794 1729 1039 1795 ignorare
1068 1726 1245 1779 omnia
1270 1725 1356 1776 illa
1388 1725 1717 1787 testimonia,
1750 1740 1868 1792 qua:
1896 1738 2031 1776 con-

2123 568 2250 621 dere
2270 588 2281 621 :
2300 569 2438 635 quod
2462 569 2632 635 ipsum
2662 581 2780 617 cum
2800 580 2909 618 non
2932 579 3045 616 uno
3070 563 3206 613 loco
3234 559 3295 609 in
3325 556 3436 608 ista
3461 554 3724 623 ἐπικρίσει

2124 674 2220 711 sua
2278 658 2421 719 facit,
2467 669 2576 709 tum
2622 657 2898 709 evidenter
2942 656 2998 707 in
3048 647 3449 719 sequentibus
3505 647 3683 701 verbis
3710 687 3723 710 ,

2124 748 2317 814 quibus
2368 746 2521 813 quasi
2575 745 2835 797 hactenus
2878 745 2947 797 de
2994 741 3306 795 Clemente
3361 735 3537 788 dictis
3587 736 3727 811 colo-

2126 837 2353 904 phonem
2377 836 2563 890 addit:
2603 834 2666 885 Et
2702 835 2844 902 quod
2884 834 3059 899 magis
3104 838 3227 891 est,
3278 826 3576 893 inquiens,
3611 842 3725 879 cum

2126 943 2363 996 nuperos
2424 928 2710 995 cpisc0pus
2756 925 3024 993 Yprensis
3070 922 3403 977 Cornelius
3434 918 3727 974 Jansenius

2125 1018 2402 1083 Augustini
2425 1019 2508 1071 sui
2533 1024 2661 1070 tom.
2686 1016 2773 1079 lll,
2793 1016 2885 1069 lib.
2918 1031 2993 1078 v1,
3022 1030 3151 1083 cap.
3184 1012 3285 1075 12,
3313 1027 3386 1065 ει
3433 1010 3727 1066 Clementis

2125 1110 2348 1177 epistola
2390 1109 2753 1162 testimonium
2785 1108 3036 1169 citasset,
3063 1107 3299 1161 deridet
3348 1120 3485 1159 eum
3526 1103 3725 1158 Jesuita

2126 1198 2525 1251 Aurelianensis
2547 1197 2832 1265 Dionysius
2864 1195 3132 1249 Petavius
3149 1202 3302 1248 tom.
3326 1194 3402 1246 lll
3424 1192 3503 1245 De
3530 1191 3722 1246 Eccles.

2126 1289 2295 1358 dogm.
2324 1289 2414 1342 lib.
2444 1304 2527 1350 ιιι,
2558 1288 2627 1341 De
2658 1288 2845 1355 Opi/ie.
2871 1302 2995 1355 cap.
3027 1287 3083 1347 8,
3112 1301 3286 1338 num.
3315 1284 3375 1345 5,
3423 1284 3576 1352 quod
3626 1300 3727 1336 non

2128 1378 2424 1446 distinguat
2472 1378 2611 1429 inter
2666 1377 2912 1430 sinceros
2956 1384 3013 1429 et
3041 1373 3467 1443 supposititios
3502 1375 3728 1443 scripto-

2129 1483 2236 1522 res.
2275 1466 2501 1535 Dignum
2525 1481 2653 1519 sane
2683 1465 2879 1535 patella
2899 1465 3269 1533 operculum,
3308 1463 3385 1517 de
3408 1478 3527 1531 quo
3551 1470 3729 1519 tamen

2128 1574 2268 1628 agre

2305 1646 2601 1716 Spectatum
2628 1648 2861 1715 admissi,
2875 1648 3044 1701 risum
3078 1644 3553 1709 teneatis,amici.

2131 1738 2329 1809 Ecquis
2350 1742 2493 1793 enim
2524 1742 2736 1794 nescire
2778 1748 2978 1808 potest,
3005 1740 3262 1809 ipsemet
3286 1752 3426 1791 cum
3449 1736 3716 1805 Jansenii,

499 1829 580 1871 tra
610 1818 746 1869 hanc
772 1816 1061 1885 Epistulam
1094 1814 1362 1883 producit,
1391 1815 1568 1881 potius
1600 1813 1875 1867 adversari
1905 1813 2029 1877 sibi,
2061 1808 2103 1861 Β
2132 1808 2240 1885 mm
2270 1830 2469 1884 patavi,
2493 1831 2647 1885 verba
2669 1832 2989 1900 inspiciens,
3016 1808 3086 1884 de
3133 1831 3314 1899 longe
3361 1830 3478 1882 ana
3503 1831 3712 1899 ερίειο,

497 1923 656 1975 quam
690 1906 964 1975 prodesse.
1002 1904 1112 1959 Nec
1135 1904 1275 1957 enim
1317 1904 1541 1957 ulterius
1564 1918 1684 1956 eum
1730 1903 2029 1971 quidquam

494 1998 646 2065 juvat
690 1996 972 2059 Eusebius,
1004 2011 1161 2064 quem
1192 1994 1341 2063 lingit
1361 1995 1456 2047 lib.
1486 2010 1561 2057 v1,
1592 2010 1641 2047 c.
1681 1994 1745 2046 15
1773 1994 2029 2057 scribere,

494 2088 606 2157 jam
638 2102 733 2141 suo
762 2096 1019 2155 tempore,
1057 2086 1199 2137 circa
1248 2099 1444 2137 annum
1482 2084 1731 2137 videlicet
1763 2085 1885 2147 5'24,
1914 2084 2033 2138 Cle-

501 2178 696 2231 mentis
726 2176 1017 2246 Epistolam
1043 2190 1149 2229 non
1184 2189 1282 2244 pro
1323 2174 1553 2243 genuina
1596 2174 1825 2242 amplius
1874 2174 2029 2226 habi-

502 2276 648 2329 tam,
684 2268 890 2321 etiamsi
920 2267 1009 2320 lib.
1055 2281 1137 2329 in,
1186 2280 1235 2319 c.
1294 2264 1359 2318 16
1407 2265 1519 2333 ipse
1559 2263 1730 2318 fuerat
1778 2270 2032 2327 testatus,

506 2357 805 2425 adjutorem
840 2356 990 2408 Pauli
1026 2354 1351 2409 Clementem
1392 2351 1682 2421 Epistolam
1720 2350 1785 2403 ad
1840 2349 2034 2404 Corin-

504 2447 645 2501 thios
670 2446 975 2515 scripsisse,
995 2459 1112 2513 quas
1140 2444 1299 2497 etiam
1340 2443 1396 2496 in
1425 2441 1749 2511 quibusdam
1791 2441 2035 2494 ccclesiis

500 2539 571 2587 sit
620 2536 773 2588 lecta.
844 2533 975 2587 Nam
1009 2534 1109 2587 ista
1149 2547 1363 2601 quoque
1410 2532 1571 2587 verba
1619 2546 1684 2585 eo
1714 2531 1872 2584 modo
1897 2530 2037 2598 apud

502 2622 787 2676 Eusebium
807 2638 913 2675 non
935 2622 1206 2690 leguntur,
1225 2621 1319 2675 sed
1338 2635 1459 2673 cum
1482 2628 1595 2675 toto
1614 2620 1678 2673 12
1700 2628 1753 2673 et
1777 2621 1842 2672 15
1863 2621 2037 2687 capite

503 2713 651 2766 illius
682 2713 803 2765 libri
828 2713 893 2765 de
914 2711 1188 2765 Clemente
1217 2710 1582 2764 Alexandrino
1603 2720 1655 2763 et
1681 2711 1797 2778 ejus
1822 2710 2039 2777 scriptis

503 2812 665 2873 agat:
702 2802 851 2854 Hunc
880 2804 977 2865 uti,
1014 2802 1109 2865 ait,
1157 2802 1212 2853 in
1254 2800 1361 2852 illis
1392 2801 1549 2852 etiam
1587 2816 1765 2851 earum
1800 2798 2039 2865 Scriptu-

503 2908 683 2947 rarum
712 2891 1017 2944 testimoniis
1048 2889 1231 2958 quibus
1274 2887 1676 2951 contradicitur,
1708 2896 1755 2939 et
1784 2888 1896 2955 ejus
1924 2903 2039 2956 qua:

502 2993 577 3039 est
606 2982 733 3035 Jesu
792 2980 999 3043 Sirach,
1029 2988 1077 3032 et
1116 2978 1366 3045 Epistula:
1393 2977 1461 3030 ad
1511 2977 1778 3041 Hebrazos,
1827 2977 2041 3047 denique

503 3084 554 3129 et
586 3071 841 3128 Barnaba:
863 3081 909 3123 et
933 3070 1209 3123 Clementis
1233 3078 1281 3122 et
1310 3067 1465 3121 Judae
1489 3084 1508 3131 ;
1559 3070 1635 3121 uti
1662 3068 1822 3122 verba
1847 3076 2040 3122 sonant

501 3164 649 3234 juxta
678 3162 807 3217 edit.
835 3161 1080 3214 Latinam
1097 3159 1324 3229 Grynaei.
1354 3158 1421 3213 Ut
1451 3172 1577 3213 vero
1615 3156 1841 3211 Ruﬁnus
1858 3159 2035 3221 vertit,
2066 3142 2107 3199 C

506 3253 649 3323 apud
681 3267 839 3321 quem
865 3258 947 3304 est
968 3251 1071 3303 alia
1100 3250 1332 3318 capitum
1362 3249 1592 3303 divisio:
1626 3246 1820 3311 Utitur,
1867 3243 2041 3313 inquit

505 3360 624 3412 cap.
662 3343 718 3407 ἓ,
747 3342 989 3408 exemplis
1011 3342 1167 3393 etiam
1189 3356 1251 3393 ea:
1278 3340 1357 3393 his
1395 3339 1562 3402 libris,
1596 3343 1739 3407 quia
1778 3337 2038 3389 nonnullis

506 3434 713 3486 minime
739 3431 1012 3499 recipiendi
1050 3431 1305 3493 videntur,
1342 3430 1393 3482 id
1426 3439 1521 3493 est,
1544 3444 1608 3482 ea:
1632 3428 1898 3496 Sapientia
1926 3432 2039 3495 qua:

506 3523 695 3577 dicitur
720 3522 1039 3588 Salomonis,
1068 3530 1113 3574 et
1161 3536 1224 3573 ex
1250 3519 1515 3587 Sapientia
1554 3517 1761 3579 Sirach,
1788 3533 1900 3585 quw
1946 3534 2040 3585 ap-

505 3615 729 3683 pellatur
758 3613 1156 3666 Ecclesiastieus
1197 3611 1331 3678 apud
1364 3609 1598 3663 Latinos.
1624 3608 1724 3661 Sed
1738 3618 1785 3660 et
1813 3607 1874 3660 de
1905 3607 2040 3659 Bar-

508 3706 655 3760 nabas
683 3716 730 3759 et
754 3704 1028 3760 Clementis
1070 3702 1304 3769 Epistola
1324 3701 1464 3768 ponit
1496 3699 1743 3753 Romanis
1784 3700 2035 3766 exempla,

506 3807 556 3851 et
599 3797 661 3851 de
696 3796 932 3865 Epistola
966 3793 1138 3847 ludat.
1188 3792 1317 3857 Quae
1350 3790 1532 3853 verba,
1580 3790 1625 3843 si
1659 3789 1718 3840 τὸ
1734 3789 2037 3849 contradici,

508 3888 593 3943 vel
639 3904 740 3941 non
787 3885 965 3952 recipi,
994 3886 1152 3937 etiam
1191 3882 1257 3935 ad
1287 3879 1577 3935 Clementis
1606 3877 1898 3947 Epistolam
1953 3896 2041 3934 re-

511 3976 823 4046 stringenda
860 3982 1035 4043 putes,
1059 3989 1164 4025 non
1194 3972 1259 4026 de
1300 3970 1445 4023 omni
1474 3970 1897 4023 contradictione
1929 3972 2041 4025 sive

513 4081 620 4118 non
658 4064 965 4131 receptione
991 4062 1329 4129 simpliciter,
1368 4059 1460 4114 sed
1488 4067 1691 4112 tantum
1734 4058 1799 4111 de
1823 4074 1929 4111 non
1957 4075 2041 4113 re-

512 4155 755 4223 ceptione
784 4154 838 4205 in
870 4168 1133 4205 canonem
1166 4150 1913 4220 Scripturarumloquuntur:
1949 4165 2042 4202 ca-

513 4245 740 4311 demque
764 4244 971 4295 ratione
1000 4241 1184 4293 multis
1218 4241 1337 4291 aliis
1358 4254 1464 4306 qua
1495 4238 1727 4299 Veteris,
1757 4254 1860 4307 qua
1886 4239 1948 4291 N.
1975 4238 2037 4292 T.

513 4333 665 4386 libris
714 4332 1105 4386 contradictum
1128 4341 1226 4391 est,
1257 4328 1375 4381 aliis
1407 4328 1540 4379 alios
1570 4344 1713 4381 nunc
1761 4331 2041 4397 probanti-

2131 1920 2201 1983 la,
2222 1929 2275 1974 et
2308 1920 2521 1988 quidem
2544 1920 2657 1988 ipsa
2685 1919 2837 1972 tertia
2861 1918 3157 1979 decretali,
3196 1931 3333 1985 qua”:
3379 1923 3537 1969 tomo
3558 1915 3579 1967 1
3604 1916 3727 1971 Cou-

2132 2011 2369 2064 ciliorum
2406 2010 2545 2064 Surii
2585 2024 2703 2078 pag.
2730 2009 2852 2071 148,
2877 2010 2932 2061 in
2976 2007 3267 2060 Blondelli
3315 2021 3454 2061 vero
3496 2006 3725 2060 Censura

2131 2115 2252 2168 pag.
2282 2098 2347 2151 72
2374 2106 2568 2162 exstat,
2592 2108 2640 2151 et
2670 2099 2737 2150 ad
2767 2114 2943 2151 omnes
2968 2099 3351 2165 coepiscopos,
3370 2096 3721 2165 presbyteros,

2135 2191 2401 2253 diaconos,
2455 2206 2514 2242 ac
2536 2190 2760 2258 reliquos
2791 2190 3033 2252 clericos,
3080 2198 3132 2241 et
3184 2197 3421 2241 cunctos
3471 2188 3721 2254 principes

2134 2280 2355 2347 majores
2395 2278 2696 2339 minoresve,
2718 2276 2937 2328 titulum
2971 2277 3282 2337 mentitur,
3315 2282 3625 2342 utrumque
3651 2274 3723 2325 lo-

2134 2382 2337 2425 cutum.
2393 2370 2520 2423 Post
2554 2371 2614 2424 S.
2639 2369 2971 2438 Dionysium,
3000 2370 3195 2439 inquit
3236 2369 3571 2432 Jansenius,
3606 2369 3720 2422 Cle-

2138 2478 2277 2514 mens
2300 2475 2453 2529 papa,
2486 2461 2537 2511 in
2558 2459 2776 2525 epistola
2808 2460 2963 2511 tertia
2990 2474 3010 2521 ;
3047 2459 3144 2510 ubi
3178 2458 3367 2526 primo
3402 2457 3561 2520 dicit,
3590 2457 3721 2525 quod

2138 2552 2453 2620 Augustinus
2477 2551 2624 2603 toties
2648 2550 2886 2613 tradidit,
2906 2566 3001 2602 nos
3020 2566 3139 2602 esse
3164 2549 3331 2602 liberi
3358 2548 3718 2613 arbitrii,quia

2140 2641 2264 2694 velle
2288 2650 2334 2692 et
2383 2638 2519 2691 nolle
2554 2636 2799 2690 habemus
2851 2639 2906 2690 in
2959 2647 3254 2705 potestate.
3313 2637 3401 2690 Ad
3452 2638 3571 2690 bzec
3602 2637 3720 2690 Dio-

2142 2733 2325 2800 nysius
2350 2729 2598 2783 Petavius
2632 2749 2643 2781 :
2676 2729 2791 2782 Hoc
2820 2746 2997 2790 sensu,
3025 2730 3127 2792 ait,
3162 2732 3275 2783 vim
3298 2730 3512 2798 accepit
3541 2737 3718 2781 auctor

2140 2822 2250 2884 ille,
2306 2822 2392 2889 qui
2420 2820 2513 2873 sub
2563 2820 2843 2874 Clementis
2892 2822 3105 2874 nomine
3150 2821 3451 2888 epistolam
3514 2820 3718 2873 tertiam

2138 2912 2457 2964 concinnavit
2485 2926 2549 2962 ex
2570 2910 2716 2962 libris
2743 2907 3225 2975 Recognitionum.
3255 2910 3384 2974 Qua
3408 2924 3478 2962 ea;
3499 2909 3717 2977 epistcla

2140 3016 2279 3055 novre
2310 3009 2461 3053 secta:
2490 3009 2741 3066 patronus
2781 2998 3144 3051 testimonium
3188 2998 3496 3051 secundum
3525 2999 3712 3061 posuit,

2142 3089 2268 3142 adeo
2296 3090 2350 3141 in
2381 3089 2585 3141 testium
2611 3086 2806 3139 delectu
2833 3086 3157 3148 incuriosus,
3185 3098 3246 3139 ut
3279 3088 3713 3155 promiscuegin-

2138 3195 2281 3233 ceras
2304 3195 2363 3231 ac
2396 3178 2749 3246 supposititios
2779 3176 2985 3230 habeat.
3018 3176 3179 3232 Unde
3221 3195 3355 3233 cum
3388 3180 3545 3233 nullo
3566 3189 3721 3248 pacto

2140 3269 2376 3323 adducar
2434 3275 2493 3321 ut
2540 3267 2753 3320 credam
2787 3281 3043 3336 magnum
3095 3269 3352 3337 aliquem
3401 3270 3711 3338 theologum

2141 3358 2195 3410 in
2229 3356 2495 3426 ejusmodi
2552 3356 2793 3410 minutiis
2845 3363 3056 3409 tantum
3094 3374 3165 3411 ex
3193 3361 3517 3428 ignorantia
3541 3374 3717 3413 errare

2140 3463 2374 3503 errorem
2400 3465 2413 3511 ;
2436 3447 2626 3500 viderit
2650 3447 2757 3507 ille,
2782 3462 2890 3515 quo
2920 3447 3129 3511 animo,
3156 3465 3270 3517 qua
3299 3450 3644 3505 conscientia
3667 3449 3722 3503 id

2141 3538 2345 3593 fecerit.
2398 3536 2506 3606 Ego
2560 3537 2682 3600 hoc,
2716 3536 2825 3591 Deo
2860 3545 3019 3600 teste,
3061 3554 3167 3606 pro
3218 3549 3382 3595 certo
3445 3542 3713 3594 aliirmare

2143 3643 2301 3698 queo,
2332 3644 2416 3682 me
2442 3627 2642 3681 nullius
2672 3628 2843 3695 partis
2872 3628 3076 3693 studio,
3113 3632 3216 3684 sed
3259 3634 3443 3686 solius
3472 3633 3713 3687 veritatis

2144 3736 2323 3773 amore
2340 3712 2557 3772 ductuin
2570 3720 2671 3773 hoc
2692 3719 3068 3788 qualecunque
3088 3722 3214 3790 ejus
3229 3724 3573 3795 ἐπικρίσεως
3590 3741 3649 3779 ex
3658 3738 3715 3777 a-

2142 3828 2264 3865 mcn
2293 3810 2618 3872 instituisse,
2645 3826 2710 3863 ne
2742 3810 2952 3865 scilicet
2979 3812 3402 3870 incautioribus
3452 3818 3558 3870 sub
3604 3816 3710 3870 veri

2143 3901 2357 3954 nomine
2378 3905 2560 3968 posset
2589 3900 2881 3968 imponere,
2906 3914 3111 3968 eosque
3136 3903 3209 3957 ab
3228 3905 3534 3959 utilissima
3553 3905 3709 3972 hujus

2142 3989 2391 4057 Epistolae
2414 3989 2639 4042 lectione
2662 3988 2982 4042 absterrere.
3038 3988 3179 4043 Tum
3210 4002 3273 4046 ut
3307 3994 3370 4048 Β.
3409 4001 3709 4064 praecepto-

2142 4092 2253 4130 rem
2276 4092 2449 4130 meum
2470 4075 2537 4129 ab
2579 4075 2776 4143 injuria
2806 4075 3142 4130 vindicarem
3177 4096 3191 4129 :
3226 4097 3397 4150 quem
3431 4084 3576 4137 idem
3598 4084 3705 4146 ille,

2142 4167 2211 4219 ob
2255 4165 2579 4219 Clementem
2633 4164 2776 4216 hunc
2817 4162 3060 4231 Apostoli
3101 4179 3534 4237 cooperatorem
3581 4187 3705 4241 pro-

2143 4262 2467 4317 nuntiatum,
2488 4252 2862 4321 imprudentiae
2883 4254 3081 4321 arguit,
3108 4254 3232 4323 ipse
3261 4260 3454 4326 potius
3486 4262 3561 4314 ita
3594 4259 3705 4314 for-

2144 4348 2303 4403 tassis
2339 4345 2731 4414 coarguendus.
2789 4342 2927 4412 Opto
2952 4360 3102 4408 vero,
3162 4356 3225 4400 ut
3268 4352 3709 4420 uniuscujusque

513 4424 640 4487 bus,
676 4437 820 4475 nunc
870 4418 1300 4489 rcprobantibus.
1372 4417 1586 4470 Interim
1625 4420 1888 4485 posterius
1943 4421 2037 4474 hoc

2145 4437 2434 4494 Christiani
2479 4436 2643 4489 ruenti
2676 4434 2899 4489 ﬁrmiter
2929 4434 3189 4490 inhaereat
3226 4439 3367 4493 illud
3406 4417 3707 4495 Clementis

513 4527 619 4563 non
662 4510 799 4563 tollit
822 4512 988 4579 prius,
1020 4508 1116 4577 legi
1158 4523 1269 4560 eam
1296 4508 1347 4557 in
1365 4505 1671 4575 quibusdam
1709 4508 1934 4561 ecclesiis
1960 4528 2043 4563 so-

514 4603 694 4665 litam;
724 4616 845 4654 cum
884 4602 937 4654 in
969 4600 1240 4669 primitiva
1295 4598 1536 4651 Beelesia
1565 4598 1887 4656 Christianis
1936 4619 2045 4658 non

513 4700 718 4745 tantum
740 4692 985 4747 canonici
1014 4690 1202 4744 stricte
1225 4690 1297 4742 ita
1336 4689 1607 4757 appellati,
1635 4690 1729 4742 sed
1764 4690 1926 4744 etiam
1951 4694 2043 4747 alii

515 4781 639 4833 libri
668 4781 733 4832 ab
776 4781 1096 4851 antiquitate
1126 4794 1222 4835 sua
1252 4785 1305 4832 et
1332 4779 1560 4832 utilitate
1589 4782 2043 4844 commendati,ad

516 4869 908 4935 cediﬁcationem
952 4869 1132 4938 plebis,
1189 4884 1291 4922 non
1322 4884 1438 4921 vero
1470 4867 1535 4919 ad
1567 4872 1930 4924 auctoritatem
1963 4891 2046 4927 ec-

515 4965 924 5018 clesiasticarum
975 4966 1275 5035 dogmatum
1321 4963 1754 5030 conﬁrmandam,
1797 4967 2049 5035 praelege-

523 5062 714 5107 rentur
747 5068 890 5121 :qua
922 5054 976 5107 in
996 5072 1053 5108 re
1071 5056 1191 5111 licet
1210 5054 1457 5109 similiter
1490 5054 1798 5123 discrepare
1832 5064 2048 5122 possent

517 5147 657 5199 inter
686 5158 746 5198 se
777 5144 1034 5207 ecclesiae,
1064 5153 1117 5200 et
1157 5146 1272 5200 aliae
1310 5145 1537 5197 aliorum
1581 5144 1861 5199 lectionem
1913 5160 2049 5213 pra:-

516 5239 679 5302 lerre,
710 5244 888 5289 tamen
914 5236 1002 5288 illa
1052 5238 1395 5306 particularis
1433 5236 1737 5304 reprobatio
1766 5237 1831 5289 ab
1862 5237 2047 5292 Eccle-

518 5327 599 5384 sia
644 5326 877 5398 quadam
922 5334 1013 5379 aut
1053 5326 1170 5395 ejus
1212 5328 1433 5381 doctore
1490 5326 1666 5391 facta,
1712 5341 1817 5379 non
1865 5328 2047 5380 statim

520 5425 731 5487 poterat
757 5417 860 5487 ipsi
915 5416 1116 5485 scripto
1158 5420 1301 5472 omni
1357 5434 1422 5474 ex
1453 5425 1605 5487 parte
1653 5417 1931 5487 derogare,
1957 5426 2050 5472 aut

518 5511 637 5576 ejus
667 5507 821 5562 ﬁdem
852 5506 1166 5576 infringere.
1206 5507 1425 5563 Domum
1454 5523 1638 5563 crassa
1675 5516 1756 5561 est
1797 5508 2051 5577 ignoran-

521 5601 620 5661 tia,
668 5599 826 5668 inque
864 5598 1142 5667 theologia:
1173 5600 1411 5664 doctore,
1437 5611 1489 5655 et
1508 5600 1722 5671 quidem
1746 5608 1917 5665 tanto,
1941 5616 2051 5654 non

521 5687 759 5745 ferenda.
792 5689 927 5742 hanc
951 5688 1149 5743 scilicet
1181 5687 1489 5759 Epistolam,
1528 5705 1649 5745 cum
1674 5688 1812 5755 istis,
1844 5689 1907 5745 de
1932 5690 2050 5760 qui-

2144 4526 2339 4591 nostri,
2368 4540 2496 4577 auro
2518 4523 2709 4592 quovis
2745 4524 3060 4591 pretiosius,
3085 4527 3360 4580 monitum
3391 4543 3405 4578 :
3433 4527 3546 4582 Cur
3574 4531 3707 4581 inter

2144 4636 2234 4673 nos
2252 4618 2357 4671 sint
2384 4616 2753 4676 contentiones,
2787 4614 2904 4677 irto,
2937 4615 3259 4680 simultates,
3309 4619 3614 4671 schismata
3651 4626 3699 4671 et

2146 4708 2331 4762 bellum
2362 4710 2386 4760 ?
2434 4704 2619 4756 Nonne
2640 4718 2800 4755 unum
2843 4702 3003 4756 Deum
3026 4714 3074 4757 et
3103 4721 3266 4757 unum
3301 4705 3584 4759 Christum
3610 4706 3707 4757 ha-

2145 4798 2359 4850 bemus?
2389 4810 2550 4846 nonne
2578 4808 2708 4844 unus
2732 4800 2808 4845 est
2850 4791 3078 4860 Spiritus
3127 4794 3340 4860 gratim,
3387 4794 3482 4861 qui
3539 4810 3704 4863 super

2146 4903 2236 4937 nos
2280 4885 2471 4951 effusus
2525 4891 2620 4945 est,
2668 4890 2715 4933 et
2764 4897 2869 4934 una
2919 4883 3118 4934 vocatio
3178 4881 3235 4932 in
3288 4880 3561 4936 Christo?
3592 4881 3703 4936 Cur

2147 4972 2344 5027 Christi
2375 4971 2603 5023 membra
2642 4958 2935 5024 divellimus
2958 4978 3005 5022 et
3030 4968 3401 5035 discerpimus,
3429 4978 3481 5022 et
3512 4981 3699 5022 contra

2145 5062 2407 5129 proprium
2437 5078 2619 5128 corpus
2657 5063 2956 5115 seditionem
2988 5074 3266 5121 movemus,
3285 5074 3449 5127 eoque
3470 5061 3696 5113 vesania:

2146 5152 2455 5215 devenimus,
2484 5160 2539 5201 ut
2558 5150 2784 5203 aliorum
2812 5168 2902 5203 nos
2934 5147 3159 5201 membra
3174 5163 3287 5201 esse
3306 5147 3562 5202 oblivioni
3584 5160 3698 5202 tra—

2146 5240 2353 5292 damus.
2393 5237 2545 5303 Quod
2575 5247 2838 5310 superest,
2872 5239 3062 5293 Lector
3083 5236 3367 5301 benevole,
3403 5239 3547 5293 banc
3571 5238 3696 5307 Epi-

2149 5330 2359 5390 stolam,
2378 5343 2439 5381 ea
2463 5345 2567 5398 qua
2591 5331 2860 5398 potuimus
2882 5328 2982 5381 ﬁde
3002 5334 3054 5380 et
3077 5326 3359 5395 diligentia
3378 5329 3693 5381 curavimus

2149 5418 2569 5488 exprimendam,
2603 5429 2661 5473 ut
2688 5420 2822 5474 nihil
2850 5419 3077 5488 amplius
3106 5417 3216 5471 fere
3252 5418 3340 5472 hic
3378 5419 3692 5474 desiderare

2148 5510 2345 5579 possis,
2374 5525 2532 5578 quam
2562 5513 2705 5579 quod
2735 5513 2940 5566 lacuna:
2975 5525 3080 5563 non
3108 5509 3280 5562 minio
3303 5510 3492 5575 rubro,
3516 5519 3577 5563 ut
3623 5511 3676 5562 in

2150 5600 2384 5653 editione
2411 5600 2703 5671 Anglicana
2744 5602 2963 5665 factum,
3020 5600 3111 5655 sed
3162 5599 3464 5654 minoribus
3496 5600 3688 5653 litteris

2152 5690 2257 5748 sint
2284 5697 2498 5750 notatio.
2533 5690 2714 5762 Neque
2745 5695 2907 5758 enim,
2959 5690 3167 5747 etiamsi
3207 5689 3341 5743 illud
3370 5691 3528 5746 nobis
3580 5705 3687 5745 non
