3832 6252
208 331 291 385 δι

1503 357 1763 417 PROGSM

1875 365 2242 427 VARIORUM.
3361 390 3427 446 63

210 449 466 565 lic'efel.
500 440 739 565 Σῗιιὶιῖῐὲιίῗ
762 450 1063 565 ἓοξξθτεῖθ
1095 459 1291 514 totum
1310 463 1699 540 intermittere,
1730 476 1824 531 sed
1852 484 1898 539 Α
1923 482 2136 535 drinum
2163 493 2403 553 repertae,
2448 490 2562 543 suis
2589 504 2811 562 quaeque
2840 495 3080 565 pagellis,
3114 512 3179 551 ex
3207 498 3440 557 editione

1017 538 1029 549 _
1685 530 1699 540 ,
1852 530 1898 539 --
1930 530 2136 535 ν---η--κ
2164 530 2219 539 -ν
2260 530 2403 550 ν--ννν
2448 530 2562 543 υυ--υ
2630 530 2705 546 μου
2748 530 2810 547 υιυ
2878 530 2905 546 α
2943 530 3058 550 una
3114 530 3179 551 can
3207 530 3435 557 Cuuluuc

216 539 337 638 vel
387 546 438 585 00
463 530 595 585 m0d0
636 537 833 642 lex‘ulm
864 547 1188 642 Sentutlum
1228 564 1262 603 a
1296 559 1681 625 supplemento
1708 562 1822 617 dis-
1921 530 2282 625 Parisiensi'a.
2309 573 2436 627 Chr.
2461 530 2623 630 1641‘1
2636 530 3215 640 noviissi’m:indicatae.
3239 586 3297 640 In
3318 603 3435 642 om-

220 627 513 692 tinguere,
532 635 630 690 quo
680 628 731 674 et
764 629 889 688 tunc,
944 626 995 680 si
1046 630 1133 687 ita
1169 639 1485 714 videretur,
1544 649 1818 706 industriae

1922 658 2083 713 nibus
2112 660 2157 713 si
2186 676 2293 715 non
2323 667 2502 719 omnia
2533 666 2667 723 forte
2718 673 2893 739 palato
2948 680 3039 727 tuo
3061 677 3435 744 respondeant,

2282 714 2289 715 ,
2332 714 2502 719 --ηπ
2533 714 2667 723 η---
2755 714 2892 724 ...ην
2949 714 3145 729 ...νην
3186 714 3435 741 νηυυαηη

230 718 629 834 {relinqueretur
649 714 894 834 palaestra
916 721 1008 821 vel
1045 727 1122 780 ad
1166 733 1621 803 coniectandum,
1646 742 1728 794 vel
1751 742 1818 795 ad
1916 747 1971 801 id
2003 751 2198 817 partim
2228 753 2567 812 scholasticis
2591 714 3033 830 occupationibus
3073 714 3225 829 meis,
3245 767 3438 834 partim

245 805 605 872 iudicandum.
651 806 797 863 Alias
817 810 1151 871 testimonia
1180 827 1398 890 passim
1423 842 1454 880 a
1482 830 1638 884 nobis
1660 840 1816 886 aucta

246 901 417 957 sunt,
458 894 617 948 addita
644 895 805 950 etiam
861 897 1077 960 Graecis
1134 914 1401 970 versione
1439 916 1663 985 Latina;
1699 927 1812 974 tum

242 982 388 1039 loca
401 994 444 1039 et
470 988 725 1044 variantes
741 988 1014 1050 lectiones
1048 1000 1202 1068 apud
1222 1001 1559 1063 Clementem
1582 982 1812 1063 Alexan-

1920 835 2176 891 absentiae
2217 855 2346 895 mea:
2380 843 2448 897 ab
2467 848 2718 913 operibus
2769 852 3163 921 typographicis
3210 855 3432 918 tribues,

1915 930 1969 977 et
1994 925 2134 993 quod
2158 927 2213 979 in
2242 929 2401 982 simili
2446 947 2638 1000 genere
2671 942 2903 1006 optares,
2940 940 3327 1011 aequibonique
3355 943 3435 997 Τα-

1920 1014 2053 1067 cies.
2089 1013 2263 1079 Salve,
2292 1030 2353 1069 ac
2380 1016 2515 1072 bene
2555 1020 2689 1075 vale.
3080 1018 3085 1021 ’

1181 1280 1852 1374 GODEFREDI
1928 1290 2579 1382 VENDELINI

770 1479 865 1534 DE
900 1480 1298 1543 CLEMENTIS
1334 1487 1425 1543 ET
1461 1489 1623 1546 EJUS
1658 1491 2146 1551 EPISTOLARUM
2186 1495 2507 1555 TEMPORE
2542 1500 2906 1558 DIVINATIO.

306 1712 550 1820 Clpmens
570 1713 1155 1783 Romanus,Faustini
1184 1727 1326 1783 ﬁlius
1357 1729 1534 1800 (quem
1590 1741 1805 1802 aposto—
1832 1744 1874 1797 Β
1903 1740 2167 1792 certiorem
2195 1741 2257 1793 de
2298 1743 2448 1795 annis
2492 1744 2742 1797 invenerit
2787 1745 3264 1815 chronograpltiam,
3319 1769 3421 1820 qua

212 1801 313 1856 ius
337 1801 570 1872 Paulus,
608 1808 681 1862 ad
713 1808 1097 1880 Philippenses
1150 1819 1415 1885 scribens,
1452 1836 1606 1875 suum
1627 1801 1798 1879 "vocat

207 1900 641 1960 cooperatorem
691 1898 839 1952 inter
865 1911 1116 1965 caeteros,
1152 1920 1381 1972 quorum
1410 1910 1626 1962 nomina
1659 1912 1794 1964 scri-

203 1988 466 2047 ptasunt
502 1984 565 2037 in
621 1985 773 2039 libro
796 1989 941 2060 vitae)
1004 1990 1152 2045 Petri
1205 1996 1433 2063 apostoli
1488 2012 1789 2061 successor,

201 2074 498 2138 apostolus
547 2075 703 2130 idem
751 2079 871 2146 ipse
907 2089 1136 2135 vocatur
1185 2099 1215 2136 a
1256 2083 1529 2140 Clemente
1561 2087 1794 2141 Alexan-

196 2161 369 2218 drino
406 2165 509 2219 lib.
568 2183 627 2219 IV
691 2167 1027 2224 Stromatum
1057 2188 1077 2224 :
1122 2175 1389 2243 quomodo
1420 2183 1472 2229 et
1518 2176 1790 2232 Barnabas

201 2251 417 2322 aliique
448 2270 797 2325 magnorum
829 2262 1205 2327 apostolorum
1229 2265 1450 2319 comites
1469 2275 1521 2321 et
1540 2266 1789 2334 discipuli

190 2347 320 2410 pari
345 2348 582 2402 nomine
605 2351 849 2419 apostoli
875 2351 1138 2420 (minores
1154 2354 1352 2425 tamen)
1377 2355 1542 2410 habiti
1571 2357 1788 2411 fuerunt

185 2438 241 2482 et
298 2437 593 2503 appellati.
632 2437 897 2493 Clemens
937 2440 1026 2494 hic
1056 2448 1180 2509 post
1226 2441 1440 2496 Petrum
1488 2442 1785 2499 Romanam

180 2525 337 2576 rexit
359 2524 709 2591 Ecclesiam,
744 2530 991 2597 vixitque
1019 2530 1084 2582 ad
1119 2540 1359 2599 tempora
1391 2532 1653 2602 Trajani;
1684 2550 1783 2588 cu-

171 2607 284 2677 jus
306 2629 459 2667 anno
480 2616 683 2679 tertio,
699 2617 796 2685 qui
828 2618 934 2671 fuit
958 2621 1179 2687 epochaa
1207 2629 1405 2675 nostra:
1427 2623 1777 2689 centesimus,

169 2696 429 2757 Joannis
452 2721 687 2773 quoque
720 2708 1070 2776 evangelista:
1099 2716 1269 2763 morte
1292 2712 1505 2774 nobilis,
1544 2711 1779 2767 Cherso-

168 2806 279 2845 nte
313 2794 371 2847 in
400 2794 607 2858 Ponto,
642 2804 773 2864 post
821 2798 1004 2850 exsilii
1056 2798 1139 2851 sui
1169 2798 1615 2867 quinquennium,
1642 2804 1783 2857 occi-

161 2883 363 2939 dilur.
392 2884 445 2941 Is
473 2896 603 2940 erat
634 2901 820 2941 annus
835 2898 961 2955 post
990 2887 1193 2943 Christi
1221 2890 1606 2948 Ascensionem
1627 2908 1781 2948 sexa-

166 2974 435 3044 gesimus
458 2985 517 3031 et
558 2985 826 3042 octavus,
859 2986 1024 3046 prout
1045 2979 1307 3035 habemus
1326 2980 1601 3036 traditum.
1635 2982 1780 3048 Quot

1896 1838 2064 1883 tamen
2092 1846 2192 1883 non
2221 1832 2486 1898 rejiciatur
2513 1850 2538 1885 e
2567 1850 2776 1888 numero
2828 1838 3125 1905 pontiﬁcum
3165 1839 3421 1894 Romano-

1892 1935 2007 1970 rum
2032 1918 2225 1985 Cletus,
2263 1936 2351 1973 nec
2403 1932 2690 1992 martyrum
2719 1925 3134 1994 Lugdunensium
3164 1932 3418 1985 sincerum

1892 2008 2238 2060 testimonium
2266 2010 2648 2076 condemnetur,
2678 2014 2817 2067 haud
2858 2019 3006 2071 inviti
3055 2023 3412 2074 assentiemur.

1890 2095 2000 2165 Ego
2022 2098 2198 2167 itaque
2246 2101 2414 2152 multa
2476 2102 2793 2172 curioseque
2822 2106 3093 2176 indagine,
3126 2122 3415 2178 postquam

1889 2189 2125 2241 rationes
2182 2204 2368 2243 omnes
2413 2191 2682 2244 variorum
2741 2196 3061 2263 scriptorum
3116 2199 3399 2268 diligenter

1887 2279 2122 2340 excussi,
2153 2278 2339 2331 videor
2377 2280 2505 2333 mihi
2534 2282 2645 2334 veri
2666 2282 2821 2337 [idem
2844 2288 3257 2357 deprehendisse
3277 2290 3413 2343 hanc

1886 2368 2266 2422 certissimam.

1950 2458 2106 2514 Anno
2146 2463 2361 2529 epochat
2397 2473 2597 2521 nostrae
2620 2468 2710 2531 41,
2743 2468 2829 2522 die
2847 2468 2917 2521 25
2941 2468 3205 2532 Januarii,
3231 2469 3412 2523 occiso

1883 2545 2034 2611 Caio,
2062 2554 2324 2606 successit
2345 2553 2399 2608 in
2429 2555 2713 2624 imperium
2736 2556 3011 2621 Claudius,
3040 2561 3129 2627 qui
3148 2558 3405 2613 Herodem

1882 2635 2170 2706 Agrippam
2202 2643 2383 2695 statim
2437 2644 2642 2698 dimisit
2696 2647 2751 2698 in
2792 2662 2947 2699 suum
2980 2662 3221 2715 regnum,
3255 2649 3408 2715 isque

1880 2741 2073 2795 magna
2096 2729 2368 2785 celeritate
2388 2747 2635 2787 reversus
2663 2741 2744 2789 est
2773 2736 2827 2787 in
2854 2734 3091 2787 Judaeam
3119 2750 3214 2803 per
3255 2750 3408 2789 men-

1881 2828 1993 2868 sem
2016 2814 2143 2885 (fac)
2171 2816 2520 2872 Februarium
2553 2828 2744 2885 totum,
2773 2823 2857 2876 vel
2881 2823 3031 2876 initia
3065 2822 3257 2876 Martii.
3298 2822 3405 2876 Ez-

1880 2911 2068 2972 ceptus
2099 2920 2129 2958 a
2173 2907 2304 2975 suis.
2326 2910 2676 2976 popularibus
2714 2911 3039 2977 honoriﬁce;
3069 2912 3267 2979 quibus
3298 2913 3397 2967 de-

1878 2995 2146 3052 merendis
2179 3006 2259 3067 (ut
2288 3014 2346 3053 se
2366 3002 2658 3068 gratiosum
2689 3017 2751 3056 ac
2780 3004 3088 3072 popularem
3118 3004 3400 3074 praeberet)

193 3079 335 3118 vero
358 3074 489 3121 tunc
526 3059 722 3122 annos
754 3068 1020 3123 habuerit
1045 3068 1317 3136 Clemens,
1357 3071 1458 3126 etsi
1492 3087 1599 3126 non
1641 3074 1771 3143 legi-
1802 3061 1843 3118 C
1876 3080 2115 3135 odiosam
2161 3059 2270 3138 illis
2319 3059 2975 3153 Christianorum-nimis
3029 3059 3398 3156 invidentium;

221 3168 324 3207 mus
346 3157 639 3225 proditum
666 3196 684 3221 ,
711 3165 933 3212 constat
968 3164 1149 3213 tamen
1174 3175 1282 3213 non
1321 3163 1486 3216 multo
1507 3163 1770 3217 minorem

222 3242 360 3301 fuisse
389 3247 754 3310 centenario,
797 3247 956 3302 valde
982 3264 1167 3303 senem
1197 3251 1382 3319 utique
1416 3250 1585 3307 fuisse
1610 3268 1771 3327 opore

216 3343 307 3400 tet,
348 3339 398 3392 si
439 3337 623 3407 (quod
654 3337 864 3391 habent
900 3337 1327 3408 Recognitionum
1372 3342 1511 3407 libri,
1563 3359 1669 3397 non
1714 3346 1769 3399 in

211 3430 356 3477 totum
386 3426 721 3497 dramatici)
773 3427 841 3480 ad
873 3427 1109 3495 primam
1145 3426 1343 3481 famam
1392 3429 1592 3485 Christi
1650 3431 1765 3499 jam

208 3514 258 3565 in
282 3518 479 3570 cmlum
513 3516 759 3585 recepti,
793 3518 1010 3570 vivente
1053 3517 1229 3571 adhuc
1271 3517 1507 3586 Tiberio,
1552 3520 1766 3589 juvenis

206 3605 289 3658 fuit
315 3608 577 3663 ﬂorentis
609 3608 819 3671 aetatis,
840 3607 1036 3675 judicii
1064 3607 1257 3671 limati,
1292 3608 1767 3680 doctrinarumque

200 3699 577 3752 :uhlimiorum
612 3697 806 3762 avidi;
844 3699 1005 3766 plane
1040 3706 1098 3750 ut
1140 3713 1315 3753 annos
1361 3699 1516 3753 facile
1574 3701 1762 3770 viginti

123 3822 130 3829 .
196 3790 428 3860 quinque
455 3791 799 3852 excesserit,
836 3790 922 3842 vel
957 3789 1026 3842 ad
1047 3790 1385 3854 trigesimum
1416 3792 1640 3861 propius
1670 3808 1761 3846 ac-

192 3880 433 3942 cesserit,
459 3886 750 3945 natusque
770 3877 1023 3930 videatur
1071 3893 1167 3945 per
1214 3878 1369 3931 initia
1398 3878 1615 3933 circiter
1659 3896 1758 3935 no-

191 3974 303 4023 stra
317 3968 575 4038 epochae,
603 3967 813 4021 Joanni
837 3968 1180 4036 evangelista
1202 3968 1355 4036 quasi
1379 3976 1679 4025 coaetaneus
1698 3986 1759 4027 ac

188 4057 337 4124 plane
362 4076 615 4114 comvus.

248 4149 396 4204 Intra
427 4151 536 4204 hoc
582 4150 835 4218 primum
877 4148 1129 4201 saeculum
1152 4145 1521 4216 pontiﬁcatum
1552 4147 1754 4203 Roma-

186 4248 307 4290 num
343 4240 518 4307 gessit
542 4239 855 4307 episcOpus
885 4236 1151 4300 Clemens,
1187 4238 1342 4290 annis
1364 4237 1444 4303 (ut
1474 4238 1611 4291 inter
1643 4254 1757 4292 om-

1870 3168 2261 3225 multitudinem
2287 3176 2608 3242 opprimere,
2655 3177 3006 3247 hominesque
3050 3180 3170 3233 illos
3204 3196 3395 3244 novos,

1870 3256 2177 3322 seditiosos,
2221 3261 2441 3315 nefaria:
2491 3264 2783 3332 impietatis
2830 3268 2884 3319 in
2930 3267 3117 3331 Deum,
3144 3268 3399 3337 legesque

1868 3342 2129 3400 Mosaicas
2162 3347 2496 3405 insimulatos
2512 3352 2577 3405 ad
2600 3354 2859 3421 supplicia
2884 3369 3070 3422 rapere
3095 3371 3386 3425 aggressus

1866 3440 1967 3496 est,
1993 3448 2024 3486 a
2046 3436 2329 3505 praecipuis
2347 3454 2532 3492 eorum
2554 3442 2820 3509 capitibus
2837 3444 3094 3510 apostolis
3116 3445 3393 3512 grassandi

1864 3523 2004 3577 facto
2032 3525 2205 3581 initio.
2223 3527 2403 3598 Itaque
2424 3529 2606 3583 occidit
2621 3530 2652 3583 J
2661 3532 2895 3596 acobum,
2914 3532 3127 3599 fratrem
3142 3533 3388 3597 Joannis,

1862 3611 2039 3679 gladio
2061 3614 2124 3668 ".

1930 3700 2080 3755 Hanc
2113 3712 2339 3758 mortem
2363 3706 2620 3763 habemus
2644 3710 2949 3763 adnotatam
2974 3710 3222 3763 Kalendis
3239 3708 3391 3777 Apri-

1867 3790 1956 3853 lis,
2004 3806 2124 3859 quae
2157 3792 2259 3847 hoc
2307 3810 2446 3850 anno
2472 3799 2533 3850 41
2564 3799 2865 3852 inciderunt
2888 3800 2940 3852 in
2976 3800 3290 3864 Sahhatum;
3329 3808 3388 3852 ut

1858 3874 2101 3928 videatur
2120 3875 2370 3942 Jacobus,
2396 3881 2460 3933 de
2488 3884 2767 3937 occasione
2782 3884 2950 3951 ipsius
2972 3884 3212 3945 Sabbati,
3229 3886 3387 3951 quasi

1857 3968 2030 4034 Iacto,
2058 3972 2268 4026 dictove
2296 3974 2473 4041 aliquo
2516 3974 2699 4027 violati
2748 3977 3076 4029 tumultuose
3103 3984 3385 4044 correptus

1858 4073 1887 4110 a
1918 4059 2244 4125 furentibus,
2275 4063 2564 4132 statimque
2590 4066 2672 4133 (ut
2699 4064 2829 4117 litin
2873 4064 3079 4119 delictis
3112 4065 3385 4135 ﬂagranti-

1855 4145 1977 4216 bus)
2006 4149 2193 4216 plexus
2230 4151 2421 4218 capite,
2454 4153 2643 4205 saltem
2674 4161 2794 4222 post
2821 4168 3069 4207 occasum
3099 4156 3254 4222 solis;
3278 4172 3384 4225 quo

1854 4244 2125 4289 momento
2175 4235 2455 4292 Judaicum
2520 4239 2849 4306 Sabhatum,
2893 4244 3114 4311 diesque
3159 4244 3377 4299 Kalend.

182 4338 295 4392 nes,
328 4331 590 4397 quamvis
622 4326 1008 4381 diversissima
1037 4325 1332 4389 tradentes,
1394 4328 1750 4418 consentitur)
1783 4365 1826 4418 Β
2091 4324 2397 4391 desinebat,
2427 4328 2697 4398 inihatque
2720 4331 2888 4398 prima
2914 4330 3171 4397 Sabbati;
3196 4333 3379 4386 eadem

102 4432 113 4443 ·
177 4427 375 4472 novem
407 4434 535 4471 cum
569 4416 869 4469 mensibus
889 4421 940 4466 et
969 4413 1161 4467 diebus
1190 4415 1413 4482 aliquot.
1438 4413 1579 4468 intra
1613 4418 1752 4472 idem
1784 4413 1815 4418 ”
1852 4414 2047 4482 Aprilis
2086 4419 2284 4471 mensis
2329 4418 2435 4472 illis
2465 4421 2852 4474 numerabatur
2893 4423 3148 4477 secunda.
3204 4424 3377 4490 Atque

174 4509 441 4561 sacculum
469 4504 726 4574 episcopi
762 4503 989 4555 Romani
1013 4510 1365 4556 recensentur
1400 4504 1568 4560 Linus
1592 4546 1606 4569 ,
1632 4507 1751 4562 Cle-

174 4596 266 4649 tus
292 4603 347 4649 et
380 4595 691 4647 Anacletus
718 4611 734 4658 ;
775 4606 1086 4660 quanquam
1115 4591 1284 4645 Graeci
1301 4592 1469 4647 ferme
1498 4611 1561 4648 ex
1589 4596 1739 4651 Cleto

175 4690 233 4734 et
252 4684 511 4737 Anacleto
541 4697 717 4736 unum
746 4681 1107 4749 eumdemque
1124 4681 1408 4735 videantur
1430 4684 1743 4754 intelligere,

182 4770 342 4827 nimis
370 4774 703 4835 oscitanter,
738 4778 963 4839 prapter
985 4769 1300 4825 aliinitatem
1330 4772 1634 4838 nominum,
1655 4790 1745 4830 so-

185 4861 391 4915 eordes.

266 4949 384 5015 Quis
431 4967 562 5007 vero
592 4952 680 5006 vel
706 4958 838 5003 ante
873 4948 1001 5011 hos,
1041 4945 1127 5000 vel
1154 4945 1296 5000 inter
1331 4946 1474 5011 illos,
1512 4949 1595 5002 vel
1625 4957 1747 5018 post

1852 4504 1955 4557 hoc
1981 4514 2064 4559 est
2090 4508 2232 4575 quod
2285 4506 2642 4577 Hieronymus
2673 4512 2725 4563 in
2750 4510 2937 4566 Ezech.
2966 4528 3241 4580 cap.xt.m,
3266 4520 3379 4565 tra-
3462 4558 3465 4559 ν

1850 4594 2017 4647 ditum
2046 4610 2076 4647 a
2095 4597 2388 4664 majoribus
2414 4612 2519 4650 non
2544 4600 2674 4652 satis
2701 4600 2958 4653 intellexit
2982 4618 2996 4666 ;
3030 4602 3154 4653 dum
3185 4603 3375 4655 scribit

1850 4679 2176 4733 immolatum
2195 4680 2473 4746 Iacobum,
2501 4685 2585 4738 die
2601 4687 2835 4739 secunda
2866 4686 3180 4753 Paschatis;
3219 4692 3365 4757 quod

1846 4775 2093 4823 constare
2116 4770 2258 4822 haud
2289 4785 2448 4838 posse
2468 4772 2728 4828 Baronius
2756 4790 2967 4843 quoque
3011 4776 3259 4843 pervidit.
3297 4778 3363 4832 Et

1849 4865 1992 4913 certe
2021 4858 2226 4913 Pascha
2272 4858 2551 4915 Iudaicum
2588 4864 2691 4918 isto
2737 4881 2878 4918 anno
2929 4866 3115 4919 incidit
3146 4869 3200 4921 in
3226 4869 3368 4923 diem

1849 4957 2091 5016 quartam
2118 4950 2333 5019 Aprilis,
2363 4953 2430 5006 ad
2455 4968 2749 5022 vesperam.
2774 4954 2887 5008 Non
2913 4971 3040 5025 ergo
3070 4958 3157 5011 die
3176 4975 3369 5014 secun-

198 5034 311 5102 hns,
332 5040 581 5098 Clementi
602 5045 786 5105 locus,
808 5037 959 5109 quod
985 5043 1206 5103 tempus
1222 5036 1501 5100 debeatur,
1522 5040 1747 5107 scripto-
1843 5040 1908 5092 da
1932 5039 2208 5095 Paschatis
2231 5043 2444 5097 occisus
2471 5052 2552 5098 est
2569 5042 2823 5107 Jacohus,
2843 5046 2934 5098 sed
2959 5049 3193 5102 secunda
3214 5065 3363 5103 men-

182 5131 626 5204 fescertantdam
650 5134 724 5189 ab
748 5130 990 5197 antiquo
1020 5123 1496 5192 proximoqueillis
1526 5129 1740 5182 saeculo.

165 5195 185 5241 Ι
234 5232 349 5289 taque
371 5195 835 5284 etin-Breviariis
894 5214 1119 5273 nostris
1161 5213 1399 5281 priorum
1450 5215 1741 5272 editionum

181 5298 235 5352 ᾗ
268 5324 620 5382 posterioribus
645 5311 949 5375 discordia
994 5309 1108 5365 est,
1136 5308 1193 5355 et
1222 5302 1449 5369 ἀπορίαν
1486 5320 1637 5358 suam
1685 5308 1740 5361 in

203 5390 404 5488 f’f'lnibus,
422 5432 603 5488 usque
624 5412 699 5467 ad
724 5416 955 5463 annum
985 5391 1125 5453 179,
1160 5390 1438 5488 proﬁtetur
1476 5392 1739 5488 Batonius

206 5478 441 5578 "intacti,
468 5478 655 5566 donec
698 5491 1004 5557 ttaJidem
1047 5493 1215 5535 suam
1248 5478 1475 5535 liberat:
1525 5482 1581 5537 Si
1617 5487 1731 5555 quis

243 5693 362 5751 “Act.
398 5707 487 5750 ιιι.
528 5688 582 5741 2ο

1845 5124 1939 5185 sis,
1973 5126 2025 5177 in
2055 5141 2213 5196 quam
2233 5126 2437 5181 Pascha
2469 5129 2558 5184 illo
2582 5145 2722 5183 anno
2744 5130 2950 5184 incidit.

1862 5243 1866 5247 ε
1911 5216 2039 5272 Post
2083 5220 2318 5273 occisum
2365 5238 2510 5291 ergo,
2555 5239 2646 5275 seu
2694 5224 2826 5291 ipsis
2878 5226 3055 5279 adhuc
3110 5225 3361 5277 Kalendis

1844 5307 2134 5374 Aprilibus,
2182 5325 2275 5365 seu
2322 5311 2577 5379 postridie
2624 5327 2800 5377 mane,
2844 5313 3122 5377 Jacobum,
3172 5314 3359 5368 videns

1845 5397 2079 5453 llerodes
2112 5402 2211 5455 hoc
2238 5402 2502 5470 placuisse
2529 5400 2749 5468 Judaeis,
2775 5405 3025 5473 apposuit
3065 5401 3356 5472 apprehen-

1845 5488 1968 5543 derc
2002 5498 2051 5544 ct
2087 5490 2335 5556 Petrum;
2375 5506 2480 5545 non
2523 5492 2734 5560 quidem
2788 5494 2994 5561 eodem,
3025 5492 3204 5558 credo,
3246 5489 3354 5553 die.
