3832 6244
457 377 526 431 63
1550 365 1636 417 AD
1675 362 1730 416 S.
1773 358 2181 416 CLEMENTEM
2217 358 2238 410 l
2278 355 2506 411 PAPAM
3415 374 3417 376 -
3651 330 3718 383 6i

457 488 555 546 sed
576 500 683 542 uno
713 486 901 541 saltem
957 485 1192 537 alterove
1220 479 1552 547 interposito,
1577 476 1774 545 quibus
1798 474 1975 543 p0puli
2003 478 2049 534 Α
2074 473 2240 536 niens,
2271 469 2579 525 Clementem
2622 469 2730 522 loco
2779 468 2925 521 illius
2956 457 3254 516 ordinavit
3306 451 3587 547 invitum,
3637 449 3720 547 rli—

457 578 771 649 applausum
799 574 1077 643 explorare
1102 587 1164 625 ac
1193 569 1576 638 persentiscere
1592 564 1784 634 potuit,
1805 570 1858 618 et
1878 562 1981 618 Pe-

463 678 576 722 trus
604 665 863 727 inveniri;
897 664 986 734 qui
1009 663 1165 732 proin
1196 668 1379 727 raptus
1409 658 1570 711 fuerit
1601 658 1658 711 in
1685 671 1981 720 carcerem,

457 756 574 822 ipso
601 754 689 806 die
725 756 1070 824 Azymorum,
1101 747 1442 803 sanctissimo
1472 746 1775 800 securitatis
1811 744 1980 814 asylo,

455 851 508 895 et
555 850 768 910 propter
796 841 1064 910 publicam
1098 838 1334 891 laatitiam
1367 835 1433 888 ad
1463 843 1570 888 tam
1602 835 1782 888 tristia
1803 833 1980 903 in0pi-

456 931 642 984 nabili.
674 930 775 982 Sed
814 928 1072 982 Herodem
1135 940 1236 979 nec
1269 923 1501 979 Sabbata
1537 924 1592 977 in
1619 921 1840 988 Jacobo,
1884 937 1984 976 nec

454 1016 654 1088 Azyma
695 1017 750 1070 in
781 1016 936 1070 Petro
969 1023 1235 1068 remorata
1289 1021 1435 1079 sunt,
1472 1013 1760 1083 quominus
1794 1012 1983 1066 saltem

455 1107 1049 1176 comprehenderentur,
1073 1104 1239 1158 dilato
1261 1104 1477 1157 interim
1505 1104 1772 1172 supplicio
1793 1142 1809 1166 ,
1841 1102 1984 1172 quod

452 1194 615 1250 Petro
643 1195 1000 1248 meditabatur
1049 1201 1170 1262 post
1219 1193 1444 1260 Pascha,
1481 1194 1705 1262 diesque
1751 1191 1982 1263 Azymo-

454 1298 572 1338 rum
609 1298 794 1336 omnes
839 1288 1166 1335 transactos.
1216 1282 1267 1336 Is
1301 1296 1430 1350 ergo
1483 1283 1889 1336 custodiebatur
1926 1281 1982 1336 in

452 1387 691 1435 carcere,
735 1387 802 1426 ex
835 1387 943 1441 quo
971 1387 1068 1440 per
1097 1373 1348 1440 angelum
1376 1372 1635 1426 liberatus
1675 1379 1778 1436 est,
1811 1371 1984 1442 pridie

452 1459 706 1513 destinati
757 1459 1028 1528 supplicii,
1074 1467 1233 1512 nocte
1271 1459 1501 1524 scilicet,
1543 1459 1684 1514 inter
1729 1460 1984 1515 duodeci-

451 1563 593 1600 mam
629 1555 681 1602 et
710 1547 972 1601 decimam
1009 1548 1222 1601 tertiam
1252 1547 1470 1618 Aprilis.

518 1633 799 1687 Liberatus
828 1642 979 1688 tanto
1016 1636 1277 1690 miraculo
1321 1636 1535 1702 Petrus,
1563 1638 1750 1691 relicta
1777 1635 1980 1700 Judaaa,

452 1724 679 1777 contulit
705 1739 765 1778 se
801 1723 855 1777 in
888 1725 992 1778 alia
1031 1725 1168 1789 loca,
1221 1729 1624 1796 peragratisque
1674 1727 1982 1796 regionibus

2077 561 2422 630 gnitatemque
2443 561 2598 612 istam
2635 568 2980 611 recusantem.
3027 553 3217 618 Quem
3254 542 3500 598 idoneis
3546 542 3721 593 ratio-

2079 652 2227 706 nibus
2256 667 2558 720 persuasum
2587 651 2652 713 ",
2687 666 2747 702 ac
2787 647 3054 717 conﬁdere
3086 641 3482 697 admonitum
3533 633 3595 685 in
3629 649 3721 685 ca-

2083 740 2318 795 thedram
2349 741 2644 794 divinorum
2693 739 3018 807 eloquiorum
3070 734 3280 803 (quam
3317 726 3424 779 ille
3463 723 3722 776 obtinue-

2080 831 2185 901 rat)
2217 831 2538 885 sublimauit.
2571 829 2970 884 Profectionem
3011 825 3168 878 hanc
3222 821 3291 873 in
3346 811 3722 868 Britanniam

2081 922 2295 975 aliunde
2344 920 2478 975 vidit
2527 921 2688 975 etiam
2756 916 3048 990 Baronius,
3091 919 3151 966 et
3209 914 3312 963 est
3387 903 3723 957 luculenter

2081 1005 2378 1074 adstructa,
2421 1024 2530 1062 non
2566 1009 2640 1061 ita
2670 1006 2899 1076 pridem.
2938 1002 3046 1057 Sed
3072 997 3302 1070 pergit,
3335 999 3480 1065 p08!
3510 1005 3719 1060 pauca.

2081 1115 2422 1170 anonymus:
2475 1099 2644 1168 Igitur
2689 1097 2961 1165 confestim
3003 1094 3243 1154 milites,
3289 1084 3720 1154 comprehensis

2081 1189 2314 1241 omnibus
2365 1189 2451 1258 qui
2483 1186 2690 1241 Christo
2723 1201 2905 1237 nomen
2927 1181 3227 1241 dederant,
3264 1177 3329 1228 in
3365 1170 3720 1226 condemna-

2083 1286 2249 1329 torum
2276 1292 2361 1330 eos
2388 1276 2710 1329 deduxerunt
2758 1273 2952 1326 locum.
2987 1270 3058 1324 Et
3109 1264 3411 1322 Clementi
3468 1260 3714 1330 quidem,

2079 1375 2272 1434 utpote
2301 1367 2364 1420 de
2395 1367 2695 1435 cognatione
2752 1362 3008 1424 Ca’saris,
3057 1362 3474 1428 pepercerunt,
3537 1348 3718 1402 Hero-

2080 1459 2280 1513 dionem
2309 1476 2422 1512 vero
2453 1467 2501 1511 et
2532 1456 2808 1526 Olympum
2831 1455 2876 1485 ’⁸
2901 1469 3022 1506 cum
3046 1451 3280 1519 reliqua
3314 1442 3715 1506 multitudine,

2079 1549 2252 1621 gladio
2317 1555 2694 1617 percusserunt.
2759 1543 2978 1598 Petrum
3043 1549 3262 1599 autem,
3318 1549 3602 1621 magnum
3648 1531 3717 1582 il-

2081 1620 2186 1691 lum
2217 1637 2424 1687 Domini
2458 1633 2747 1702 apostolum
2780 1633 2886 1685 situ
2933 1631 2987 1660 ³⁸·
3023 1631 3250 1681 inverso
3291 1620 3715 1690 suspenderunt

2081 1729 2134 1781 in
2162 1741 2348 1786 cruce;
2379 1726 2434 1777 in
2462 1739 2563 1793 qua
2594 1722 2869 1777 vulnerum
2904 1720 3123 1774 dolores
3153 1719 3357 1770 instar
3383 1713 3612 1768 Christi
3655 1729 3716 1766 ac

455 1813 638 1876 variis,
671 1815 1025 1884 ecclesiisque
1054 1816 1412 1875 conﬁrmatis.
1472 1818 1716 1886 pervenit
1767 1817 1981 1871 tandem
2011 1791 2052 1844 Β
2085 1814 2175 1868 Dei
2203 1813 2365 1866 nostri
2385 1825 2674 1879 perpessus,
2697 1824 2886 1876 puram
2934 1821 3094 1859 suam
3145 1811 3324 1871 atque
3359 1798 3714 1852 incontami-

451 1900 696 1969 Romam,
724 1913 995 1974 cmptante
1025 1921 1167 1960 anno
1203 1907 1412 1962 Claudii
1441 1907 1699 1974 secundo,
1725 1909 1846 1977 ipso
1898 1921 1984 1961 se-

452 1995 687 2050 cundum
723 2005 778 2052 et
805 1997 980 2068 Largo
1027 2000 1366 2064 consulibus,
1398 2001 1490 2069 qui
1517 1999 1616 2054 fuit
1645 2016 1818 2054 annus
1863 2015 1984 2054 tera:

453 2091 652 2139 nostra;
678 2086 766 2150 42,
799 2086 1018 2157 ﬁxitque
1057 2089 1167 2143 illic
1199 2089 1380 2144 sedem
1432 2089 1759 2158 pontiﬁciam
1781 2130 1795 2155 ,
1826 2091 1986 2159 cujus

452 2175 720 2230 cathedras
747 2179 942 2232 natalis
971 2180 1293 2245 celebratur-,
1326 2180 1535 2234 decima
1572 2189 1759 2236 octava
1785 2180 1985 2234 Janua-

453 2267 540 2322 rii.
571 2266 614 2318 A
641 2282 746 2335 qua
775 2267 860 2322 die
884 2268 949 2321 ad
976 2270 1096 2337 ejus
1123 2277 1346 2324 mortem
1370 2281 1720 2325 numerantur
1749 2274 1870 2325 anni
1891 2272 1982 2335 25,

454 2372 668 2410 menses
696 2357 748 2419 5,
777 2356 894 2412 dies
924 2358 1009 2420 12,
1043 2359 1089 2415 si
1117 2375 1368 2414 numeres
1399 2374 1429 2412 a
1466 2361 1550 2415 die
1580 2378 1646 2415 xv
1685 2361 1801 2418 Kal.
1826 2362 1982 2418 Febr.

452 2445 522 2499 ad
559 2461 617 2498 ιιι
664 2446 780 2501 Kal.
828 2446 998 2501 Julias
1035 2450 1162 2502 anni
1191 2450 1364 2504 nostri
1394 2450 1482 2515 67,
1538 2466 1645 2519 quo
1696 2451 1986 2506 cruciﬁxus

450 2534 682 2588 animam
713 2534 820 2588 Deo
850 2535 1098 2590 reddidit.

523 2624 692 2677 Medio
749 2625 853 2678 isto
911 2633 1174 2694 tempore,
1226 2640 1348 2681 cum
1398 2625 1652 2680 Claudius
1700 2626 1990 2694 imperator

451 2711 629 2764 edicto
657 2708 870 2765 Judzeos
899 2709 1069 2764 Roma
1098 2714 1414 2782 expulisset,
1467 2715 1585 2782 ipse
1626 2729 1840 2782 quoque
1889 2713 1990 2768 Pe-

453 2804 571 2850 trus
609 2797 803 2851 cedere
838 2809 1057 2852 coactus
1103 2808 1218 2865 est;
1253 2815 1610 2870 reversusque
1658 2803 1712 2854 in
1751 2801 1989 2858 Judaeum

454 2887 745 2940 concilium
777 2887 962 2940 habuit
991 2886 1121 2940 illud
1152 2888 1382 2957 primum
1413 2890 1802 2960 apostolorum,
1849 2906 1990 2945 anno

455 2986 646 3029 nostro
671 2975 759 3042 50,
795 2975 1018 3031 Claudio
1056 2976 1181 3030 dein
1214 2977 1446 3042 sublato,
1474 2994 1524 3033 a.
1550 2978 1606 3035 d.
1639 2995 1699 3032 ιιι
1740 2981 1864 3035 ldus
1887 2980 1989 3036 Oc-

2082 1912 2259 1959 natam
2280 1903 2510 1956 animam
2536 1901 2590 1952 in
2632 1899 2729 1953 Dei
2761 1913 2948 1951 manus
2997 1895 3224 1950 obtulit.
3283 1891 3560 1946 Clemens
3592 1904 3712 1942 vero

2078 1992 2358 2059 discipulus
2411 1990 2523 2058 ejus
2570 1998 2620 2043 et
2672 1990 2942 2054 episcopus
2974 1987 3295 2054 pretiosum
3326 1982 3459 2050 ejus
3510 1995 3710 2048 corpus

2084 2081 2357 2150 magniﬁce
2383 2080 2436 2132 in
2459 2079 2569 2132 loco
2599 2078 2797 2131 illustri
2824 2076 3130 2130 tumulavit.

2154 2170 2288 2224 Ecce
2310 2179 2389 2234 ut,
2423 2169 2636 2222 vivente
2672 2165 2850 2223 adhuc
2877 2165 3066 2228 Petro,
3105 2163 3297 2217 Linus
3333 2161 3560 2216 sederit
3591 2160 3712 2231 epi-

2083 2275 2280 2326 scopus
2324 2273 2484 2326 quem
2518 2262 2800 2325 propterea
2849 2254 3338 2322 chorepiscopum
3387 2250 3689 2304 Marianus

2084 2351 2281 2418 aliique
2322 2350 2678 2418 scripserunt,
2727 2347 2869 2400 inter
2914 2359 3059 2415 quos
3104 2344 3222 2398 Leo
3277 2341 3352 2406 ll,
3391 2355 3708 2396 successor

2083 2437 2417 2508 Agathonis:
2467 2435 2678 2499 Petrus,
2738 2435 2936 2504 inquit,
2995 2433 3288 2502 adjutores
3349 2431 3466 2485 sibi
3513 2431 3710 2484 accivit

2084 2533 2273 2588 Linum
2323 2539 2370 2584 et
2414 2529 2654 2590 Cletum;
2683 2545 2785 2582 non
2831 2539 3010 2582 tamen
3055 2529 3340 2596 pontiﬁcii
3374 2536 3706 2596 potestatem

2083 2625 2156 2677 eis
2183 2621 2421 2684 tradidit,
2463 2620 2551 2674 sed
2583 2619 2858 2674 Clementi.
2897 2619 3033 2672 Tam
3069 2627 3299 2673 certum
3339 2634 3580 2688 semper
3603 2618 3706 2672 fuit

2087 2727 2191 2766 una
2219 2727 2340 2766 cum
2371 2711 2528 2766 Petro
2552 2709 2744 2763 Linum
2775 2709 3061 2777 praefuisse
3091 2709 3367 2763 ﬁdelibus
3399 2707 3705 2774 Romanis,

2086 2812 2138 2856 et
2168 2804 2234 2856 ab
2264 2803 2449 2856 eodem
2473 2800 2630 2854 Petro
2653 2799 2912 2853 traditum
2944 2799 3353 2867 pontificatum
3389 2801 3703 2856 Clementi.

2091 2890 2179 2945 Sic
2209 2906 2337 2960 ergo
2365 2889 2621 2958 liquidior
2656 2887 2847 2956 incipit
2893 2885 3065 2942 [luere
3118 2888 3244 2944 haec
3279 2887 3704 2958 Clironologia,

2089 2983 2143 3036 in
2165 2982 2310 3034 hunc
2331 2979 2550 3034 modum
2583 2999 2596 3032 :

456 3066 648 3129 tobris,
682 3080 824 3119 anno
861 3075 1055 3119 nostro
1085 3067 1170 3131 54,
1204 3070 1470 3122 successit
1499 3068 1662 3133 Nero,
1694 3071 1866 3139 primo
1889 3072 1990 3124 im-
2016 3103 2058 3160 ϐ
2156 3071 2310 3124 Anno
2341 3077 2526 3123 nostro
2580 3068 2646 3123 66
2693 3068 2859 3122 Linus
2905 3076 3257 3136 postremum
3312 3069 3493 3134 vixit,
3553 3083 3705 3121 mor-

458 3155 596 3224 perii
652 3156 738 3208 sui
789 3156 1159 3225 quinquennio
1219 3159 1672 3214 clementissimus
1720 3162 1988 3233 princeps.

461 3242 573 3297 Sub
601 3257 708 3313 quo
740 3243 930 3299 Petrus
959 3261 1210 3300 reversus
1240 3245 1488 3312 Romam,
1519 3265 1627 3303 non
1661 3251 1769 3304 illic
1799 3254 1996 3308 seden-

460 3334 652 3386 tariam
680 3336 841 3390 vitam
873 3337 1168 3406 transegit,
1199 3339 1293 3391 sed
1317 3341 1558 3408 gnaviter
1585 3348 1746 3410 atque
1771 3344 1995 3415 impigre

461 3423 596 3476 alias
625 3439 840 3492 quoque
868 3425 1017 3478 orbis
1041 3425 1267 3479 Romani
1293 3429 1596 3496 provincias
1619 3431 1908 3496 circumiit,
1933 3449 1996 3486 ac

460 3511 692 3580 denique
736 3512 789 3566 in
816 3513 1122 3568 Britannias
1150 3519 1470 3583 penetravit.
1500 3517 1634 3572 Dum
1667 3536 1793 3575 vero
1822 3522 1993 3593 abest,

462 3616 531 3654 ne
557 3599 724 3654 Roma
755 3602 874 3656 sine
901 3605 1072 3672 capite
1122 3606 1339 3659 interim
1388 3615 1590 3678 ageret,
1622 3608 1812 3663 Linum
1843 3612 1886 3643 ²⁶
1921 3613 1994 3666 illi

462 3691 743 3748 constituit
771 3694 1104 3762 episcopum,
1135 3695 1415 3750 consulatu
1495 3695 1726 3760 Neronis
1759 3709 1810 3752 et
1838 3699 1970 3756 Vete
1995 3739 1998 3743 -

463 3781 566 3844 ris,
599 3796 739 3836 anno
771 3790 956 3837 nostro
975 3784 1060 3837 55.
1086 3783 1135 3837 ls
1161 3800 1286 3838 vero
1317 3785 1455 3839 sedit
1481 3801 1650 3841 annos
1672 3787 1738 3839 12
1759 3788 2000 3857 (inchoa-

465 3877 550 3922 tos
569 3869 916 3942 interpretor)
945 3873 1046 3925 hoc
1068 3880 1172 3936 est,
1198 3873 1445 3927 undecim
1463 3882 1684 3929 exactos
1707 3890 1831 3928 cum
1851 3892 2001 3931 men-

465 3956 614 4010 sibus
642 3965 891 4027 quatuor,
925 3960 1116 4013 diebus
1145 3961 1449 4024 duodecim,
1480 3962 1754 4030 quotidem
1789 3980 2000 4021 menses

466 4059 531 4098 ac
583 4046 698 4100 dies
750 4047 946 4102 habent
1009 4051 1336 4104 membrana:
1399 4051 1770 4108 Bucberianar.
1834 4054 2001 4109 Desiit

466 4150 595 4204 ergo
624 4137 800 4192 vivere
827 4153 968 4192 anno
992 4148 1177 4193 nostro
1205 4140 1292 4205 66,
1318 4144 1559 4206 omnino,
1589 4144 1803 4200 vivente
1825 4145 2000 4200 adhuc

469 4223 660 4291 Petro;
683 4226 826 4295 quod
848 4228 1118 4282 luculente
1140 4230 1422 4285 conﬁrmat
1443 4233 1675 4303 scriptor
1703 4250 2001 4306 anonymus

471 4314 546 4376 De
579 4316 963 4379 certaminibus,
1017 4321 1532 4389 peregrinationibus,
1584 4325 1690 4378 vita
1741 4335 1792 4379 et
1841 4336 2002 4380 morte

2093 3169 2220 3215 tuus
2249 3161 2503 3230 vigesima
2553 3159 2710 3213 tertia
2759 3157 3120 3227 Septembris,
3179 3174 3343 3212 anno
3389 3158 3466 3212 12
3525 3157 3704 3213 Nero-

2093 3251 2198 3316 nis,
2227 3267 2334 3318 quo
2361 3249 2555 3304 Petrus
2584 3263 2650 3303 ex
2678 3247 2959 3301 Britannia
2989 3263 3261 3303 reversus
3316 3248 3572 3304 Romam
3611 3247 3704 3300 Li-

2093 3357 2221 3395 num
2246 3340 2447 3394 invenit
2471 3339 2584 3406 jam
2633 3346 2928 3392 mortuum.
2981 3335 3104 3405 lpse
3136 3354 3294 3405 mox,
3327 3355 3466 3393 cum
3495 3338 3697 3403 Paulo,

2095 3430 2369 3498 conjectus
2393 3437 2476 3483 est
2506 3430 2561 3483 in
2591 3442 2863 3482 carcerem
2889 3425 3314 3492 Mamertinum,
3354 3430 3420 3484 in
3453 3446 3575 3500 quo
3601 3429 3689 3482 des

2096 3521 2224 3576 lenti
2256 3519 2474 3573 fuerunt
2519 3533 2732 3574 menses
2780 3527 2924 3584 octo,
2971 3535 3150 3588 usque
3185 3519 3259 3574 ad
3309 3521 3490 3576 linem
3542 3517 3700 3574 Junii

2095 3610 2392 3680 sequentis.

2164 3701 2318 3753 Anno
2345 3707 2532 3752 nostro
2577 3699 2665 3761 67,
2712 3698 2904 3754 Petrus
2941 3700 3006 3770 in_
3047 3715 3282 3756 carcere
3337 3707 3699 3758 constitutus

2096 3791 2362 3859 persuasit
2388 3788 2675 3850 Clementi,
2699 3795 2757 3840 ut
2778 3789 3158 3858 episcopatum
3194 3791 3373 3846 vellet
3398 3794 3701 3862 suscipere

2095 3889 2150 3934 et
2177 3879 2310 3932 Lino
2348 3877 2656 3932 succedere.
2690 3875 2741 3930 ls
2789 3893 2918 3945 ergo
2964 3893 3029 3930 ex
3063 3879 3232 3947 hujus
3269 3883 3412 3934 anni
3463 3883 3699 3938 circiter

2097 3969 2356 4022 Paschate
2385 3967 2524 4020 sedit
2547 3981 2718 4020 annos
2748 3966 2800 4029 9,
2836 3957 3059 4021 menses
3083 3968 3174 4029 11.
3209 3969 3341 4024 dies
3371 3972 3468 4042 12,
3509 3982 3570 4026 ut
3597 3975 3699 4027 ba—

2097 4060 2185 4112 bet
2222 4056 2526 4118 lndiculus,
2555 4056 2706 4124 juxta
2746 4071 2902 4124 quem
2939 4057 3105 4110 occisi
3154 4057 3309 4112 Petri
3372 4063 3695 4131 pretiosum

2099 4163 2295 4216 corpus
2324 4147 2602 4217 magniﬁce
2633 4146 2900 4214 sepelivit,
2929 4146 3132 4216 insigni
3168 4148 3226 4200 in
3262 4149 3418 4216 loco,
3454 4161 3520 4206 ut
3549 4153 3696 4208 vidi-

2099 4254 2238 4291 mus.

2166 4325 2323 4377 Anno
2389 4336 2516 4389 ergo
2547 4320 2632 4383 77,
2674 4335 2797 4374 cum
2854 4317 3038 4373 Roma:
3088 4321 3236 4376 inter
3294 4324 3508 4383 ﬁdeles
3568 4337 3695 4382 orta

471 4403 615 4458 Petri
641 4414 691 4459 et
719 4405 911 4469 Pauli;
939 4423 1093 4476 quem
1119 4409 1419 4465 Arundellaa
1443 4414 1654 4469 comitis
1686 4413 1998 4471 Sacellanus
2029 4434 2074 4491 ι)
2099 4422 2244 4468 esset
2281 4412 2476 4483 (qualis
2508 4419 2693 4479 postea
2722 4409 2991 4480 Corinthi)
3027 4426 3225 4480 magna
3259 4414 3562 4473 dissensio
3595 4435 3695 4474 su-

471 4495 747 4564 (Pertarus)
774 4511 804 4550 e
845 4494 1045 4552 Graecia
1083 4516 1266 4554 secum
1298 4502 1513 4556 advexit
1541 4504 1594 4557 in
1627 4503 1892 4573 Angliam,
1932 4523 1999 4562 ex

470 4599 576 4667 quo
625 4581 888 4640 Patricius
927 4585 1117 4641 Junius
1160 4590 1418 4646 illustrem
1468 4593 1609 4648 hunc
1639 4595 1815 4650 locum
1846 4596 1997 4663 citat,

471 4672 653 4730 Craace
673 4677 907 4745 quidem,
927 4679 1015 4733 sed
1035 4695 1190 4747 quem
1212 4697 1310 4750 ego
1339 4689 1418 4737 sic
1437 4683 1622 4739 Latine
1642 4693 1996 4753 repraesento:

474 4762 525 4819 Μ
534 4773 709 4821 oratus
739 4766 924 4824 Petrus
953 4770 1006 4822 in
1027 4769 1306 4826 Britannia
1336 4772 1445 4826 dies
1473 4775 1692 4842 aliquot,
1719 4791 1836 4828 cum
1865 4775 2002 4828 mul-

475 4862 550 4908 tos
574 4854 915 4911 illuminasset
944 4858 1091 4913 verbo
1118 4861 1319 4928 gratias,
1342 4863 1679 4934 ecclesiasque
1703 4865 2002 4917 constituis-

473 4948 569 5002 set,
633 4951 898 5011 postquam
933 4947 1192 5016 episcopos
1238 4966 1433 5019 quoque
1472 4961 1522 5006 et
1571 4953 1892 5022 presbyteros
1941 4971 2004 5006 ac

473 5026 718 5083 diaconos
764 5034 1070 5100 ordinasset,
1115 5039 1368 5105 impositis
1414 5043 1650 5097 manibus
1698 5042 2002 5096 duodecimo

480 5118 702 5175 Neronis
732 5141 865 5180 anno
896 5129 962 5197 (is
993 5130 1092 5185 fuit
1118 5141 1301 5188 noster
1329 5134 1416 5196 66,
1446 5135 1553 5202 jam
1591 5132 1884 5195 indicatus)
1906 5135 2002 5187 ite-

478 5223 594 5261 rum
621 5209 836 5266 Romam
866 5217 1055 5282 rediit;
1085 5221 1171 5274 ubi
1214 5221 1396 5275 Linum
1419 5222 1535 5290 jam
1573 5230 1832 5272 mortuum
1871 5221 2008 5273 inve-

2099 4521 2193 4574 per
2216 4505 2416 4557 honore
2465 4500 2854 4569 pontiﬁcatus,
2903 4515 2973 4554 ne
3001 4501 3158 4569 quasi
3211 4517 3281 4556 ex
3335 4513 3692 4564 testamento

2099 4594 2242 4650 Petri
2281 4592 2612 4647 successisse
2643 4590 2915 4643 videretur
2937 4590 3210 4654 Clemens,
3238 4608 3308 4648 ac
3336 4612 3413 4651 ne
3437 4601 3692 4667 posteris

2099 4687 2213 4740 haec
2239 4682 2571 4753 principatus
2597 4679 2818 4733 ambitio
2849 4680 3136 4748 perniciosi
3160 4687 3409 4752 exempli
3440 4689 3693 4744 babere-

2098 4784 2208 4838 tur,
2239 4773 2382 4827 ultro
2408 4785 2467 4824 se
2509 4766 2823 4838 pontiﬁcatu
2856 4767 3145 4830 abdicavit,
3190 4785 3331 4824 usus
3385 4773 3522 4829 istis
3567 4794 3692 4832 ver-

2101 4866 2203 4924 bis,
2252 4877 2372 4931 quae
2429 4860 2483 4912 in
2536 4859 2704 4912 altera
2753 4859 2979 4930 epistola
3022 4857 3325 4912 Corinthiis
3373 4872 3690 4935 prOposuj;

2095 4952 2351 5007 imitanda
2385 4970 2397 5004 ;
2434 4948 2492 5003 Si
2522 4957 2728 5015 propter
2759 4965 2838 5004 me
2868 4947 3072 5009 seditio,
3129 4951 3406 5005 contentio
3438 4965 3497 5007 et
3531 4960 3687 5013 schi-

2097 5053 2268 5098 smata
2291 5050 2407 5094 orta
2431 5049 2573 5102 sunt,
2593 5038 2878 5107 emigrabo,
2913 5037 3061 5090 abibo
3085 5052 3401 5106 quocunque
3421 5047 3684 5102 ὐοιιιει-ξ-

2098 5136 2184 5186 tis.
2214 5131 2564 5201 Epiphanius,
2599 5130 2653 5182 in
2681 5129 2871 5182 haeresi
2899 5125 3497 5197 Carpocratianorum,
3532 5137 3683 5193 hanc

2097 5221 2390 5276 Clementis
2413 5219 2810 5274 abdicationem
2851 5217 2951 5270 hoc
2994 5214 3426 5282 epiphonemate
3486 5225 3678 5282 innuit

551 5447 816 5529 "ACletum
843 5454 1344 5529 additgamasusin
1373 5458 1540 5512 Cestis
1565 5463 1862 5529 pontiﬁcum
1890 5462 2145 5517 mss.lloc
2165 5463 2306 5516 enim
2339 5462 2391 5514 in
2418 5463 2579 5518 editis
2596 5478 2704 5517 non
2733 5458 3149 5529 comparet-Sic
3177 5462 3338 5514 etiam
3373 5465 3676 5527 Marianus

487 5512 696 5600 ﬁnitus:
771 5523 814 5600 ξ’
982 5524 1240 5600 βὶειιῃιιιί
1265 5528 1456 5600 dixerit
1481 5512 2903 5600 Peanfahel’ciimadidaeth'ei'Klia'giagib'mg.
2938 5528 3081 5597 leges

488 5583 546 5669 i_n_
571 5583 941 5669 Euslrarislico.
971 5591 1084 5669 Jac.
1120 5591 1424 5669 Sirmnndo.
1462 5615 1518 5669 p._
1539 5583 1821 5669 rti6:i_.'llzec
1842 5600 1982 5654 cnim
2008 5583 2372 5656 abAnastasii
2402 5583 2708 5657 editoribus
2731 5583 3172 5669 expunctavsunt‘.

489 5653 574 5718 11,
612 5657 691 5711 15.
768 5659 811 5688 ²⁹
835 5657 1209 5714 Theodoretum
1259 5663 1375 5718 vide
1391 5653 1521 5732 Πεξρὶ
1549 5661 1793 5732 ἀγάπης,

3266 5601 3311 5630 ’⁸
3347 5601 3526 5663 Rom.
3555 5625 3669 5672 xvr,
