3832 6280
228 308 307 364 εδ
1470 311 1807 370 PROOEMIA

1850 314 2143 374 VARIORU
2152 312 2197 373 Μ
2208 361 2221 374 .
2352 318 2355 319 ⁷
2945 346 2956 356 ’
3356 330 3423 385 66

228 411 577 476 conclusam:
605 403 801 500 Secede,
835 404 987 471 abeo,
1042 406 1181 468 bene
1228 417 1558 476 stabiliatur
1585 427 1802 492 populus
1830 428 1876 484 Α
1903 435 2071 482 strum
2111 428 2252 492 119,
2298 428 2535 483 Adriano
2582 442 2641 482 ιιι
2715 439 2767 485 et
2820 428 3039 488 Rustico
3094 434 3423 500 consulibus.

231 501 596 571 θείςεᾱᾱειιε,
616 512 673 552 se
700 495 750 549 id
780 494 835 548 in
862 506 1318 562 commentariis
1353 513 1685 580 quibusdam
1726 516 1803 569 sic

240 592 533 655 invenisse.
554 586 887 642 Abdicavel'it
916 602 1057 659 ergo
1089 593 1189 650 die
1244 599 1320 653 12
1350 602 1656 667 Februarii,
1685 621 1802 675 quae

240 697 404 741 tunc
431 680 514 735 luit
552 678 675 732 feria
702 686 893 746 quarta
931 677 1240 742 Cinerum.
1275 686 1358 743 Ita
1408 699 1532 762 post
1579 703 1806 762 quatuor

257 777 398 832 dies
412 772 582 858 Cletus,
608 778 657 825 et
678 784 735 824 re
762 778 815 823 et
844 770 1078 826 nomine
1106 775 1355 849 electus,
1407 783 1598 839 sedere
1645 787 1804 855 coepit

264 881 349 919 ex
386 866 449 919 die
466 863 520 917 16
542 859 826 922 Februarii,
855 858 1158 917 Dominica
1192 864 1317 932 ipsa
1340 871 1801 942 Quadragesimm,

263 957 519 1024 tenuitque
539 952 925 1022 pontiﬁcatum,
960 952 1095 1007 vivo
1123 954 1440 1025 Clemente,
1483 963 1637 1015 annis
1684 979 1799 1027 sex,

258 1047 521 1100 mensibus
565 1042 794 1105 duobus,
829 1040 1028 1097 diebus
1082 1043 1310 1112 decem,
1352 1066 1492 1118 quos
1528 1049 1801 1106 lndiculus

255 1142 587 1204 repraesentat
644 1140 863 1187 exserte
891 1151 906 1187 ε
934 1132 979 1186 Α
1019 1140 1333 1203 consulatu,
1362 1138 1556 1207 inquit,
1608 1140 1801 1208 Vespa-

252 1226 402 1277 siani
450 1236 536 1274 vm
572 1231 621 1275 et
640 1222 943 1275 Domitiani
986 1240 1049 1286 v,
1084 1225 1185 1293 qui
1209 1232 1297 1281 est
1337 1240 1511 1283 annus
1537 1229 1666 1281 mihi
1689 1230 1801 1297 jam

255 1318 506 1371 indicatus
538 1313 626 1377 77,
660 1316 1013 1385 planissime.

334 1406 462 1458 Anno
513 1405 685 1474 igitur
719 1412 916 1457 nostro
958 1404 1048 1468 83,
1103 1403 1417 1458 Domitiano
1456 1422 1511 1459 ιι
1566 1414 1619 1459 et
1661 1404 1800 1458 Rufo

247 1494 573 1560 consulibus,
601 1494 808 1548 obierit
837 1494 1046 1557 Cletus,
1074 1494 1165 1548 die
1212 1492 1283 1546 26
1304 1494 1521 1562 Aprilis,
1546 1502 1601 1547 ut
1619 1502 1701 1548 est
1747 1496 1798 1548 in

242 1580 640 1650 Hemerologio,
696 1582 1050 1635 intervallum
1092 1583 1229 1636 illud
1266 1597 1297 1635 a
1329 1582 1599 1635 creatione
1634 1582 1795 1649 illius,

238 1670 321 1723 ad
367 1685 590 1739 unguem
646 1670 1041 1727 conﬁrmante.
1093 1666 1333 1725 Vacasse
1377 1670 1606 1723 traditur
1646 1670 1798 1723 sedes

234 1756 423 1811 diebus
450 1757 538 1810 15.
590 1756 746 1819 Ergo
773 1772 841 1811 ex
874 1757 962 1811 die
1014 1757 1306 1811 undecima
1339 1757 1482 1821 Maii,
1525 1772 1643 1826 qum
1671 1766 1797 1809 tunc

236 1848 344 1900 fuit
388 1847 747 1914 Pentecoste,
794 1864 1015 1902 rursum
1073 1851 1279 1905 electus
1332 1850 1616 1903 Anacletus
1663 1848 1799 1901 sedit

230 1952 401 1992 annos
430 1939 520 2001 12,
544 1954 779 1993 menses
802 1939 839 1990 2
871 1936 1005 2008 (non
1048 1938 1137 2007 10)
1164 1939 1281 1992 dies
1303 1940 1357 2003 3,
1383 1955 1552 2008 usque
1592 1938 1657 1990 ad
1705 1954 1797 1991 an-

229 2044 355 2079 num
381 2037 640 2081 nostrum
692 2027 789 2089 95,
844 2026 1099 2095 diemque
1145 2025 1515 2095 Hemerologio
1560 2027 1796 2094 agnitum

223 2116 494 2169 decimum
550 2116 789 2170 tertium
818 2113 970 2178 Julii,
1003 2114 1312 2168 Domitiano
1366 2130 1472 2168 xvu
1521 2121 1573 2167 et
1617 2113 1796 2167 Flavio

217 2203 500 2259 Clemente
530 2205 889 2267 consulibus,
915 2219 1057 2273 quos
1081 2205 1244 2257 etiam
1296 2203 1540 2272 agnoscit
1582 2201 1795 2269 lndicu-t

217 2293 323 2354 ius,
356 2296 500 2348 mira
530 2295 593 2347 in
614 2294 711 2347 his
735 2294 1049 2347 constantia
1087 2300 1140 2347 et
1160 2292 1269 2344 veri
1295 2291 1414 2347 ﬁde.

286 2382 421 2437 Erat
450 2384 542 2438 hic
578 2398 771 2436 annus
806 2381 1105 2455 Domitiani
1153 2382 1370 2450 tyranni
1418 2382 1505 2444 14,
1542 2394 1649 2450 quo
1676 2396 1794 2449 per-

209 2471 562 2528 secutionem
594 2472 897 2527 suscitavit
927 2471 985 2523 in
1012 2470 1368 2533 Christianos,
1391 2471 1547 2539 cujus
1575 2487 1793 2526 causam

201 2559 498 2626 Clemens,
525 2564 586 2616 in
630 2561 883 2629 Epistola
906 2560 999 2612 illa
1032 2559 1301 2612 luculenta
1349 2559 1528 2629 (quam
1573 2575 1637 2613 ex
1674 2575 1793 2629 per-

199 2665 353 2707 sona
391 2669 508 2707 non
562 2667 692 2717 sua,
750 2650 849 2705 sed
881 2649 1141 2703 Ecclesiae
1191 2648 1443 2703 Romana:
1483 2649 1695 2718 scripsit
1724 2649 1791 2701 ad

194 2740 535 2797 Corinthios
560 2742 836 2794 adversus
863 2739 1177 2807 episcopum
1195 2753 1350 2791 suum
1373 2738 1672 2807 seditiosos)
1708 2753 1791 2792 re-

194 2830 324 2886 fer!
351 2833 419 2884 ad
451 2831 702 2884 dissidia
738 2829 832 2881 illa
862 2827 1325 2890 Christianorum,
1351 2826 1603 2881 adversus
1630 2842 1687 2881 se
1715 2828 1792 2880 in-

187 2923 390 2977 vicem
411 2920 913 2989 consurgentium;
946 2919 1108 2986 quale
1131 2918 1260 2986 quid
1282 2918 1440 2971 etiam
1496 2917 1676 2971 Romae
1705 2917 1786 2971 fa-

200 3023 372 3066 enum
397 3012 577 3064 innuit
604 3028 621 3075 ;
652 3024 819 3062 suum
848 3008 1026 3075 ipsius
1054 3016 1325 3061 certamen
1354 3013 1476 3060 ante
1502 3022 1671 3061 annos
1693 3022 1785 3061 oc-
1814 3035 1855 3091 ρ

225 3098 449 3152 \edecim
482 3099 659 3152 tacite
686 3097 952 3150 innuens.

314 3180 510 3237 Interim
553 3190 773 3246 autem,
825 3181 943 3235 sive
972 3181 1157 3235 occiso
1204 3181 1316 3250 jam
1352 3180 1628 3243 Anacleto.
1677 3185 1788 3239 sive

246 3278 466 3345 conjecto
496 3280 554 3331 in
588 3277 849 3338 vincula,
884 3276 1168 3329 Evaristus
1227 3290 1507 3330 successor
1552 3276 1791 3346 designa-

243 3374 326 3419 tus
347 3377 443 3431 est,
473 3368 565 3422 cui
599 3365 945 3419 membrana:
978 3364 1222 3416 tribuunt
1252 3378 1421 3417 annos
1445 3364 1530 3427 13,
1574 3380 1787 3421 menses

243 3455 293 3519 7,
320 3456 422 3512 dies
444 3458 503 3521 2,
550 3470 740 3524 usque
765 3454 833 3507 ad
865 3452 1080 3505 Gallum
1128 3458 1182 3505 et
1228 3452 1510 3510 Braduam,
1542 3454 1788 3507 consules

236 3550 350 3601 anni
371 3550 551 3603 nostri
586 3547 720 3609 108,
746 3552 808 3596 ut
834 3542 1059 3596 omnino
1085 3542 1384 3609 cmperitex
1410 3555 1550 3593 anno
1572 3541 1660 3593 illo
1675 3541 1785 3608 jam

233 3633 363 3688 dicto
387 3638 479 3690 95.
514 3635 663 3700 Quia
694 3646 831 3686 vero
862 3630 1115 3685 Clemens
1154 3628 1264 3696 jam
1296 3628 1599 3694 decrepitus
1642 3628 1785 3682 obie-

234 3733 313 3776 rat
349 3741 520 3787 anno,
579 3726 734 3778 sicut
758 3721 1024 3781 diximus,
1075 3726 1264 3772 nostro
1294 3717 1412 3777 100,
1446 3718 1530 3771 die
1566 3717 1637 3770 23
1680 3716 1786 3771 No-

227 3816 488 3879 vembris;
522 3829 711 3882 neque
745 3826 901 3863 mors
934 3809 1055 3876 ejus
1107 3824 1174 3862 ex
1199 3806 1369 3860 Ponto
1398 3805 1618 3860 Romam
1665 3822 1784 3875 per-

224 3901 344 3957 ferri
376 3906 580 3974 potuit,
606 3900 725 3955 nisi
748 3905 879 3969 post
901 3899 1017 3952 dies
1047 3899 1235 3952 saltem
1265 3895 1507 3964 triginta,
1561 3897 1684 3949 hinc
1708 3897 1783 3949 la-

219 3998 361 4045 ctum
393 4000 481 4047 est
528 4000 592 4045 ut
619 3988 856 4049 abinde,
915 3993 1194 4039 numerato
1221 3985 1387 4038 altero
1424 3986 1563 4038 velut
1609 3984 1780 4048 initio,

219 4075 501 4134 Evaristus
550 4079 781 4134 sedisse
831 4075 1101 4129 scribatur
1125 4088 1295 4128 annos
1346 4074 1393 4137 7,
1440 4090 1649 4128 menses
1693 4075 1779 4138 10,

214 4170 328 4228 dies
356 4174 415 4236 2,
464 4187 644 4241 usque
669 4169 743 4222 ad
776 4168 922 4220 diem
955 4165 1264 4219 vicesimam
1298 4170 1501 4217 sextam
1540 4162 1781 4218 Octobris

214 4264 341 4314 anni
364 4262 494 4324 108,
512 4269 692 4328 utque
720 4258 780 4309 in
805 4253 1009 4308 Graecis
1037 4254 1297 4322 legamus,
1324 4260 1443 4321 post
1471 4253 1779 4305 electionem

206 4343 453 4403 Evaristi
482 4345 798 4418 pontiﬁcis.
853 4345 1187 4397 successisse
1235 4340 1593 4394 Alexandrum
1643 4356 1782 4394 anno

201 4430 271 4482 19.
291 4436 544 4505 Trajani.

272 4528 601 4581 Alexander
648 4537 790 4593 ergo
817 4518 1007 4575 sedere
1050 4518 1216 4587 carpit
1259 4532 1321 4570 ex
1362 4532 1504 4569 anno
1553 4516 1650 4571 108
1673 4518 1781 4585 jam

197 4609 387 4679 dicto,
430 4616 685 4684 seditque
717 4624 901 4664 annos
929 4607 1014 4668 10,
1048 4621 1266 4659 menses
1297 4606 1349 4669 5,
1391 4604 1508 4659 dies
1527 4606 1616 4660 21.
1639 4606 1781 4660 Con-

197 4698 392 4766 iectus
446 4708 502 4759 in
556 4715 845 4758 carcerem
894 4711 1036 4749 anno
1077 4702 1268 4748 nostro
1315 4693 1437 4760 116,
1473 4703 1657 4748 octavo
1699 4697 1780 4749 sui

204 4796 589 4856 pontiﬁcatus,
625 4790 857 4847 zEliano
889 4794 943 4840 et
968 4783 1165 4838 Vetere
1195 4782 1530 4846 consulibus,
1572 4784 1778 4838 vivente

213 4881 399 4939 adhuc
426 4885 690 4955 Trajano,
743 4888 806 4935 ut
852 4876 1056 4931 habent
1101 4872 1276 4937 Acta;
1319 4873 1373 4925 in
1423 4888 1530 4939 quo
1568 4888 1779 4928 carcere

219 4970 364 5030 duos
405 4992 573 5031 annos
596 4975 731 5045 egit,
781 4982 962 5038 usque
1012 4963 1082 5017 ad
1122 4961 1339 5014 tertium
1392 4961 1633 5027 Adriani,
1680 4977 1779 5017 no-

299 5216 334 5248 ”
350 5216 574 5290 lntellige
603 5215 937 5290 secundam.

304 5264 1126 5364 “agiagi/illeo;-riPwpalwv
1166 5264 1436 5332 ἐπιστολή.

1902 519 2118 586 quando
2148 518 2214 572 ad
2240 519 2379 573 diem
2416 520 2623 573 tertiam
2654 520 2774 574 Maii
2806 523 3019 578 occisus
3042 531 3143 592 est,
3176 533 3229 580 et
3275 543 3428 581 vaca-

1900 607 1975 659 vit
2020 607 2175 661 sedes
2214 608 2400 662 diebus
2451 608 2540 673 25,
2574 625 2742 679 usque
2767 613 2832 665 ad
2873 613 3178 667 vicesimam
3230 630 3425 670 nonam

1905 694 2033 748 Maii
2060 695 2411 759 Dominicam,
2442 712 2548 766 qua
2575 701 2834 753 successit
2863 699 3083 770 Xystus.
3110 701 3236 758 Post
3265 720 3423 773 quem

1901 798 2041 839 anno
2071 784 2171 838 128
2204 784 2582 855 Telesphorus,
2615 789 2714 842 138
2744 787 2997 858 Hyginus,
3024 791 3123 844 142
3153 791 3300 856 Pius,
3325 792 3426 849 sub

1899 887 2005 940 quo
2034 873 2267 928 Marcion
2296 875 2577 931 hzereticus
2606 889 2823 933 exortus
2846 888 2948 943 est,
2976 882 3131 935 annis
3175 883 3275 936 115
3305 890 3426 952 post

1900 960 2034 1014 duos
2057 963 2301 1030 geminos
2346 965 2615 1030 consules,
2647 967 2748 1019 hoc
2776 975 2879 1032 est,
2917 983 3057 1023 anno
3085 977 3270 1025 nostro
3299 954 3421 1037 145,

1899 1051 2122 1105 docente
2150 1051 2251 1107 hoc
2278 1052 2621 1109 Tertulliano.

1969 1138 2057 1194 Sic
2088 1156 2212 1210 ergo
2242 1143 2533 1211 specimine
2562 1144 2751 1197 saltem
2782 1147 3002 1214 praabito
3056 1149 3419 1212 restituendae,

1898 1228 2041 1295 quod
2061 1229 2369 1295 pollicebar,
2414 1230 2770 1300 cbronologiae
2794 1235 3097 1301 pontiﬁcize,
3129 1236 3423 1291 intellecto-

1898 1330 2001 1381 qne
2050 1324 2308 1383 tempore,
2370 1332 2477 1385 quo
2533 1318 2895 1388 episcopatum
2942 1323 3107 1391 gessit
3150 1323 3419 1390 Clemens,

1896 1420 2106 1473 quoque
2133 1413 2253 1474 post
2290 1406 2590 1460 abdicatum
2621 1409 2986 1477 pontiﬁcatum
3027 1412 3238 1466 tandem
3277 1416 3422 1467 occi-

1899 1510 1992 1548 sus
2021 1502 2123 1558 est,
2172 1496 2447 1551 videamus
2478 1512 2618 1549 nunc
2652 1505 2704 1551 et
2733 1497 2797 1551 de
2829 1514 2951 1552 vero
2982 1501 3327 1568 epistolarum
3356 1505 3421 1556 il-

1896 1586 2002 1640 lius
2027 1596 2280 1655 tempore,
2313 1587 2469 1641 istius
2502 1588 2732 1642 maxime
2757 1588 2801 1618 ³ο
2832 1605 2988 1658 quam
3033 1607 3174 1646 nunc
3204 1592 3413 1648 damus.

1897 1673 2029 1727 Nam
2069 1674 2157 1725 illa
2189 1675 2445 1742 praeclara
2489 1676 2842 1744 omnibusque
2889 1680 3120 1747 antiquis
3171 1680 3418 1735 Patribus

1828 1740 1869 1793 Β
1896 1762 2128 1828 laudata,
2159 1769 2212 1815 et
2246 1762 2297 1814 in
2330 1761 2608 1827 Ecclesiis,
2658 1763 2827 1818 instar
2867 1740 3297 1833 apostblicarum,
3340 1787 3419 1823 re-

1896 1851 2050 1903 citari
2088 1851 2264 1912 solita,
2299 1865 2417 1917 qua:
2440 1850 2561 1902 data
2585 1858 2666 1904 est
2702 1853 2802 1905 sub
2848 1869 3076 1920 persona
3117 1872 3223 1910 non
3274 1859 3419 1912 abdi-

1894 1940 1998 1992 cati
2020 1938 2324 2004 Clementis,
2356 1938 2448 1993 sed
2476 1941 2653 2007 potius
2692 1941 2945 1996 Romana;
2983 1944 3236 1999 Ecclesiae
3275 1948 3418 2016 (po'st

1893 2029 2207 2082 Anacletum
2235 2029 2351 2082 sine
2376 2029 2628 2099 episcopo
2664 2031 2909 2101 degentis
2940 2034 3167 2104 scilicet)
3211 2038 3274 2089 ad
3316 2038 3418 2092 Ec-

1894 2119 2112 2173 clesiam
2157 2117 2513 2182 Corinthiam,
2562 2121 2691 2173 satis
2741 2121 2849 2188 jam
2896 2138 3046 2176 suam
3083 2126 3415 2181 occasionem

1893 2221 2195 2275 annumque
2223 2206 2496 2273 indicavit,
2532 2215 2777 2261 nostrum
2809 2210 2895 2271 95,
2944 2210 3183 2266 fervente
3230 2229 3414 2281 perse-

1891 2294 2101 2347 cutione
2133 2293 2418 2346 Domitiani
2461 2310 2619 2362 quam
2651 2296 2899 2359 maxime,
2948 2301 3284 2369 perscripta;
3319 2317 3415 2356 eo-

1891 2378 2009 2432 dem
2041 2379 2327 2433 admodum
2358 2382 2518 2450 stylo,
2548 2397 2653 2450 quo
2678 2383 2816 2436 idem
2850 2382 3121 2439 Romanus
3145 2388 3319 2441 clerus
3349 2391 3415 2443 ad

1890 2466 2211 2538 Cyprianum
2242 2471 2427 2525 utitur.
2458 2471 2525 2524 At
2573 2473 2852 2527 character
2880 2484 3077 2531 nostra:
3116 2479 3276 2546 hujus
3316 2480 3416 2533 ho-

1890 2557 2047 2610 milize
2070 2558 2315 2622 similior,
2340 2574 2496 2627 quam
2528 2560 2783 2627 epistolae,
2810 2563 2942 2616 etab
2964 2564 3130 2617 altero
3158 2566 3412 2621 diversis-

1890 2648 2076 2714 simus,
2097 2649 2358 2716 privatum
2386 2649 2698 2717 scriptorem
2729 2651 2920 2719 arguit.
2952 2650 3179 2721 Tempus
3203 2670 3414 2724 quoque

1888 2736 2122 2790 insinuat
2148 2739 2571 2805 pacatissimum,
2598 2739 2761 2792 nullis
2790 2739 2845 2792 in
2876 2739 3172 2794 Ecclesiam
3202 2745 3413 2811 procel-

1888 2826 1955 2880 lis
1995 2826 2295 2893 turbidum;
2331 2836 2589 2897 tantoque
2640 2828 2809 2898 magis
2848 2830 2910 2882 ad
2943 2831 3256 2885 charitatcm
3294 2849 3413 2888 mu-

1887 2923 2032 2969 tuam
2081 2916 2468 2986 fovendamque
2504 2934 2687 2987 pacem
2723 2919 3089 2973 hortatoriam-
3137 2922 3217 2975 Ad
3254 2940 3413 2993 quam

1888 3004 2229 3058 obtinendam
2258 3020 2365 3059 non
2391 3015 2633 3074 oporteat
2662 3008 2887 3062 inveniri
2913 3009 3179 3064 hominem
3226 3012 3267 3043 ³¹
3321 3014 3413 3082 qui

1887 3109 2004 3148 eam
2044 3094 2317 3163 largiatur,
2354 3097 2446 3151 sed
2489 3096 2657 3151 Deum
2710 3100 2933 3155 scilicet.
2979 3099 3184 3165 Quibus
3233 3105 3411 3158 verbis

1887 3185 1969 3238 vel
1990 3200 2088 3254 ego
2112 3184 2286 3249 fallor,
2327 3188 2411 3240 vel
2439 3187 2679 3240 innuitur
2705 3187 3067 3258 Vespasianus
3097 3191 3408 3259 imperator,

1886 3271 1975 3340 qui
2000 3287 2139 3326 anno
2163 3280 2346 3328 nostro
2377 3273 2462 3334 75,
2503 3281 2657 3327 sexto
2686 3290 2783 3328 suo
2816 3276 3119 3338 consulatu,
3150 3277 3408 3345 templum

1884 3361 2038 3416 Pacis
2069 3360 2301 3415 Eterna:
2325 3362 2560 3415 omnium
2593 3368 2705 3415 toto
2733 3363 2861 3416 orbe
2883 3363 3299 3431 pulcherrimum
3319 3367 3412 3419 dc-

1885 3450 2113 3516 dicavit;
2150 3457 2314 3505 semet
2344 3451 2655 3504 existimans
2706 3451 2857 3503 illum
2904 3451 3200 3519 principem
3236 3453 3406 3520 pacis,

1886 3545 2088 3607 patrem
2116 3538 2279 3591 futuri
2309 3538 2489 3592 sazculi
2516 3539 2854 3606 praenuntiati
2884 3538 3025 3605 apud
3070 3537 3287 3602 Isaiam,
3322 3556 3411 3593 cu-

1881 3628 1968 3694 jus
1994 3627 2199 3695 imperii
2228 3640 2333 3679 non
2366 3625 2500 3679 foret
2527 3625 2666 3680 linis.
2691 3625 2807 3679 Non
2826 3626 2969 3679 hunc
2983 3641 3111 3695 ergo
3134 3627 3407 3681 mortalem

1883 3716 2172 3779 hominem,
2213 3713 2306 3768 sed
2355 3713 2519 3767 Deum
2570 3715 2798 3767 inveniri
2832 3715 3023 3768 debere
3064 3721 3241 3767 monet
3287 3716 3409 3771 Cle-

1882 3819 2054 3864 mens,
2107 3804 2198 3872 qui
2260 3810 2512 3857 aeternam
2566 3818 2749 3871 pacem
2808 3804 2918 3856 suis
2966 3803 3254 3872 largiturus
3314 3805 3406 3857 sit.

1883 3893 2053 3946 Tanto
2081 3908 2207 3962 ergo
2234 3891 2469 3960 Epistola
2496 3892 2608 3945 hinc
2636 3892 2782 3959 prior
2805 3892 2914 3955 illa,
2940 3882 3056 3959 quae
3078 3899 3196 3959 post
3219 3891 3288 3944 20
3315 3894 3408 3946 de-

1882 3998 2027 4036 mum
2053 3997 2220 4034 annos
2244 3982 2406 4035 missa
2446 3981 2544 4033 fuit
2584 3981 2918 4035 Corinthum.
2953 3979 3115 4048 quue
3168 3982 3409 4035 subindi-

1882 4077 1967 4122 cat
1998 4069 2134 4138 apud
2158 4070 2465 4132 Eusebium,
2490 4070 2686 4137 lib.1v,
2718 4084 2834 4138 cap.
2859 4069 2948 4133 23,
2987 4070 3268 4138 Dionysius
3304 4071 3407 4124 Co-

1880 4160 2195 4213 rinthiorum
2225 4160 2522 4228 episcopus,
2547 4160 2600 4212 in
2618 4160 2841 4227 epistola
2866 4159 3036 4213 dicata
3065 4161 3233 4214 Soteri
3261 4176 3408 4229 papae

1886 4251 2027 4303 circa
2058 4265 2255 4302 annum
2285 4258 2529 4303 nostrum
2560 4249 2680 4313 167,
2720 4249 2771 4301 in
2816 4264 2919 4317 qua
2970 4248 3237 4305 Romanos
3275 4252 3407 4303 allo-

1815 4330 1854 4382 D
1886 4340 2087 4407 quitur,
2124 4339 2207 4392 his
2235 4339 2412 4395 verbis
2451 4360 2464 4394 :
2500 4338 2667 4392 Hodie
2694 4339 3015 4391 Dominicam
3040 4356 3243 4391 sacram
3270 4340 3403 4393 diem

1884 4429 2183 4498 peregimus,
2216 4429 2267 4480 in
2292 4443 2393 4497 qua
2424 4430 2630 4498 legimus
2656 4439 2871 4480 vestram
2888 4428 3231 4494 “epistolam.
3250 4445 3402 4494 quam

1885 4535 2079 4585 semper
2118 4517 2182 4569 ad
2227 4528 2455 4570 nostram
2485 4518 2868 4570 instructionem
2898 4517 3114 4585 legemus
3135 4554 3150 4580 ,
3180 4518 3311 4568 sicut
3353 4526 3401 4568 et

1881 4611 2102 4675 priorem
2123 4606 2265 4659 nobis
2293 4624 2324 4658 a
2348 4605 2601 4660 Clemente
2626 4607 2888 4673 scriptam.
2909 4605 2981 4658 De
3007 4605 3195 4673 quibus
3226 4604 3402 4657 verbis

1882 4697 2023 4766 quod
2076 4697 2214 4749 volui
2252 4696 2499 4759 coniicio,
2539 4695 2829 4749 Clementis
2873 4695 3045 4763 ipsius
3093 4708 3212 4746 esse
3261 4693 3400 4744 hanc

1878 4787 2193 4854 epistolam;
2222 4786 2365 4837 illam
2388 4801 2513 4840 vero
2538 4788 2779 4849 alteram,
2826 4801 2930 4837 non
2996 4794 3103 4836 tam
3146 4782 3400 4851 decrepiti

1877 4874 2187 4939 Clementis,
2220 4890 2380 4943 quam
2425 4876 2583 4929 etiam
2630 4875 2853 4928 Romani
2886 4874 3034 4926 clcri.

1025 5205 1070 5275 ει
1102 5201 1231 5275 llzec
1261 5199 1408 5275 legas
1462 5202 1594 5250 sect.
1624 5212 1697 5250 ιιι.
1770 5198 1813 5229 ³²
1838 5196 1962 5263 Qum
1987 5196 2246 5275 Clementi
2300 5198 2675 5267 Alexandrino,
2706 5201 2900 5254 Strom.
2958 5200 3052 5257 lib.
3106 5217 3158 5267 v,
3192 5218 3245 5272 ρ.
3274 5200 3395 5264 786,
