3870 6356
395 309 464 364 67
1531 292 1622 348 AD
1663 290 1721 346 S.
1760 282 2187 345 CLEMENTEM
2229 282 2250 338 l
2288 275 2523 336 PAPAM
3585 265 3658 322 68

1836 529 2213 593 LECTORI.

478 739 758 794 Hactenus
795 726 1148 784 Vendelinus,
1191 715 1349 784 cujus
1396 709 1563 766 verba
1611 720 1674 760 ex
1749 701 1988 757 editione
2018 706 2063 763 A
2090 698 2278 754 buisse
2307 690 2551 764 episcopi
2586 699 2807 743 nomine
2833 682 3023 746 scribi,
3058 676 3311 750 quamvis
3342 675 3665 746 episcopum

2095 791 2105 794 _
2241 787 2290 794 -.
2466 792 2471 794 _
2602 779 2624 794 ιι
2662 779 2672 790 -
2751 793 2758 794 ,
2793 782 2839 794 ι-
2857 773 2983 794 _.-_:
3008 771 3299 794 --κιαι-ιι...-
3320 766 3665 794 u..-....:......-

410 832 566 889 Pauli
592 822 881 884 Colomesii
907 811 1319 882 descripsimus.
1355 802 1621 858 Caeterum
1656 797 1750 866 qui
1784 807 1979 855 annos,

414 924 613 994 quibus
644 915 785 972 sedit
810 912 1082 967 Clemens,
1112 900 1283 954 multo
1313 894 1519 950 certius
1551 887 1755 945 rescire
1781 883 1982 949 avehit,

415 1017 464 1070 is
495 1013 651 1066 adeat
680 1010 894 1077 oportet
923 992 1325 1053 eruditissimas
1364 982 1771 1040 Dissertationes
1818 975 1984 1030 Joan-

416 1108 504 1161 nis
529 1097 812 1157 Pearsonii
862 1102 916 1147 et
968 1084 1188 1143 Henrici
1220 1078 1503 1141 Dotlwelli,
1549 1073 1613 1127 de
1660 1068 1985 1126 successione

416 1199 704 1268 primorum
731 1188 980 1243 Romantr
1024 1178 1171 1233 urbis
1197 1175 1590 1243 episcoporum;
1632 1163 1725 1235 qui
1763 1160 1865 1214 viri
1912 1167 1989 1211 to-

418 1302 530 1345 tam
560 1278 966 1349 chronologiam
997 1269 1330 1343 pontificium
1362 1264 1595 1318 feliciter
1618 1256 1987 1313 illustrarunt,

418 1376 669 1452 quamvis
698 1386 795 1442 per
817 1366 999 1423 omnia
1026 1378 1135 1416 non
1172 1356 1541 1413 consentiant.

489 1430 816 1519 Pcarsonius
841 1458 958 1513 vult
987 1454 1321 1511 Clementem
1354 1444 1567 1501 sedisse
1610 1440 1679 1493 ab
1728 1450 1873 1490 anno
1923 1430 1992 1486 69

422 1569 489 1623 ad
518 1568 606 1623 8⁸5,
653 1560 955 1617 Dodwcllus
976 1568 1106 1610 vero
1139 1552 1206 1604 ab
1252 1562 1395 1601 anno
1444 1542 1532 1605 64,
1576 1539 1661 1594 vel
1707 1536 1777 1590 65
1806 1534 1870 1587 ad
1902 1531 1991 1585 8L

422 1663 522 1718 Hic
542 1661 706 1717 etiam
734 1671 856 1726 cap.
906 1651 964 1705 Η
1003 1648 1139 1702 Diss.
1171 1641 1233 1696 de
1258 1651 1481 1694 success.
1513 1631 1818 1701 pontificum
1844 1624 1995 1679 Rom.

422 1753 701 1813 contendit
722 1750 989 1803 incertum
1011 1752 1154 1802 esse,
1181 1750 1248 1789 an
1273 1726 1502 1799 epistola
1525 1719 1823 1778 Clementis
1850 1716 2000 1789 prior

425 1849 495 1903 ab
532 1861 597 1901 eo
634 1843 746 1916 jam
796 1838 1054 1911 episcopo
1084 1827 1289 1894 scripta
1330 1821 1442 1885 sit;
1480 1825 1536 1871 at
1566 1824 1714 1871 certe
1739 1827 1849 1867 non
1903 1807 1993 1865 de-

2086 791 2199 861 jam
2233 787 2567 842 Clementem
2600 779 2769 833 fuisse
2792 773 2988 831 testari
3008 771 3299 827 videantur
3320 766 3667 837 Hegesippus

2092 890 2256 949 atque
2286 877 2542 932 lrenmus.
2574 871 2749 941 Digna
2778 872 2908 923 sunt
2935 866 3083 918 lectu
3113 875 3235 931 quae
3268 860 3407 914 hanc
3449 859 3507 912 in
3550 872 3671 913 rem

2089 975 2275 1034 habet,
2330 969 2422 1026 sed
2445 963 2765 1038 prolixiora,
2810 971 3126 1037 quamquae
3173 954 3281 1007 huc
3330 948 3668 1006 transferan-

2091 1072 2202 1119 tur.
2249 1063 2393 1118 Idem
2463 1061 2518 1112 in
2568 1052 3010 1111 Dissertationum
3056 1048 3423 1101 Irenaicarum
3469 1043 3673 1112 prima,

2099 1159 2126 1231 §
2156 1158 2247 1223 28,
2280 1153 2596 1223 suspicatur
2628 1164 2737 1202 non
2776 1144 3071 1205 immerito,
3104 1141 3353 1201 alteram,
3380 1151 3502 1207 qua:
3532 1134 3676 1189 dici-

2092 1260 2204 1313 tur,
2220 1244 2520 1304 Clementis
2536 1240 2843 1311 epistolam,
2865 1250 2988 1291 esse
3003 1231 3185 1303 potius
3200 1227 3417 1298 διδαχὴν
3434 1226 3556 1295 ejus
3575 1240 3676 1279 seu

2095 1338 2215 1407 ejus
2236 1333 2564 1393 doctrinam,
2591 1331 2659 1383 ab
2682 1327 2788 1380 alio
2816 1322 3038 1393 scriptis
3064 1319 3400 1380 mandatam,
3428 1324 3590 1383 atque
3608 1328 3678 1366 ex

2095 1432 2218 1500 ejus
2241 1421 2623 1481 conciouantis
2659 1433 2754 1474 ore
2791 1422 3095 1483 exceptam,
3119 1411 3205 1465 vel
3251 1425 3319 1464 ex
3361 1406 3677 1461 auditorum

2103 1525 2172 1578 ab
2198 1536 2262 1577 eo
2294 1516 2557 1574 memoria
2591 1518 2892 1569 exaratam.
2920 1506 3079 1568 Eum,
3109 1503 3324 1565 Lector,
3365 1499 3534 1561 adito,
3567 1510 3680 1565 quo

2103 1616 2267 1671 rebus
2302 1604 2692 1666 ecclesiasticis
2725 1598 3101 1670 antiquissimi
3141 1594 3241 1650 εθνί
3288 1605 3449 1648 nemo
3502 1588 3681 1642 facem

2106 1701 2592 1777 hactenusjntulit
2613 1695 3019 1771 fulgentiorem.

1534 2237 1629 2323 J.
1725 2233 1830 2319 Β.
1930 2203 2591 2313 COTELEBII

1107 2458 1484 2528 JUDICIUM
1513 2452 1623 2515 DE
1654 2447 1959 2511 PRIORE
1992 2429 2393 2505 EPISTOLA
2430 2428 2494 2489 S.
2531 2417 3008 2487 CLEMENTIS.

512 2757 648 2814 Cum
680 2757 1021 2823 quaecunque
1051 2739 1117 2794 de
1138 2730 1387 2806 Epistula
1425 2743 1455 2782 a
1484 2725 1545 2779 B.
1565 2722 1867 2783 Clemente,
1896 2714 2010 2769 Ro-

438 2865 614 2908 manm
640 2843 899 2901 Ecclesia:
926 2833 1146 2891 nomine
1172 2828 1239 2882 ad
1265 2818 1679 2881 Corinthiorum
1708 2806 2013 2865 Ecclesiam

438 2942 667 3011 scripta,
698 2931 933 3007 proferri
965 2924 1297 2998 potuissent,
1331 2915 1445 2971 fere
1483 2907 1669 2966 omnia
1710 2901 1911 2975 partim
1947 2895 2015 2949 ab

440 3031 681 3102 antiquis
719 3025 944 3087 tradita,
983 3015 1185 3089 partim
1230 3027 1260 3065 a
1288 3002 1692 3064 recentioribus
1749 2998 2016 3063 occupata

442 3087 678 3186 fuerint,
709 3118 832 3173 vice
872 3087 1232 3186 praefationis,
1276 3114 1451 3173 pauca
1479 3096 1749 3150 duntaxat
1789 3087 2019 3141 adnota-

443 3221 624 3275 himus
668 3214 736 3267 ad
786 3225 850 3267 ea
897 3213 1145 3262 veterum
1197 3191 1511 3253 testimonia
1538 3229 1553 3252 ,
1599 3200 1721 3256 quae
1769 3176 2019 3236 nonnihil

443 3305 688 3378 scrupuli
720 3298 1029 3373 legentibus
1073 3292 1211 3345 forte
1258 3283 1570 3354 iujiccrent,
1618 3271 1728 3328 nisi
1774 3279 2019 3338 expone-

443 3411 671 3464 rentur;
705 3410 768 3449 ac
795 3388 991 3447 deinde
1026 3392 1333 3455 quaeremus
1364 3369 1586 3444 quando
1629 3365 1829 3437 stylum
1859 3372 2023 3413 acue-

444 3452 857 3563 iunimgﬁb
874 3479 967 3536 τοῦ
989 3452 1224 3550 Χριποῦ
1247 3469 1448 3538 κλῆμα.
1467 3458 1726 3532 Equidem
1759 3455 1826 3509 ab
1853 3452 2023 3504 Euse—

443 3543 671 3642 hie—lib...
690 3543 784 3643 Illi:
803 3592 924 3647 cap.
955 3543 1119 3627 iG‘et
1141 3567 1231 3629 58,
1284 3558 1515 3633 epistola
1558 3558 1785 3609 vocatur
1835 3543 2024 3616 ὁμολο-

443 3951 679 4027 ματέων
700 3949 780 4005 uti
820 3938 1150 4000 testimoniis
1179 3932 1589 4002 Scripturarum
1636 3936 1667 3975 a
1698 3913 2027 3988 quibusdam

453 4006 523 4026 rw

453 4046 890 4118 repudiatarum,
907 4048 1102 4103 nempe
1130 4022 1425 4098 Sapientia:
1446 4012 1778 4073 Salomonis,
1801 4006 2030 4076 Sapien-

454 4103 547 4199 tia;
572 4132 857 4193 Siracidis.
883 4125 1143 4197 Epistulae
1168 4119 1234 4174 ad
1258 4116 1535 4172 Hebraeos,
1552 4103 2030 4178 Epistolarumque

457 4229 743 4289 Barnabaz,
789 4194 1083 4278 Clementis
1137 4226 1191 4271 et
1219 4211 1392 4267 Judze.
1447 4205 1567 4271 Quo
1593 4198 1753 4255 modo
1779 4194 2031 4249 volumen

462 4324 531 4379 ab
572 4319 829 4378 omnibus
888 4311 1228 4372 admissum,
1284 4318 1315 4356 a
1365 4293 1693 4371 quibusdam
1750 4279 2034 4356 rejicitur?

460 4414 595 4470 Eam
633 4404 1049 4479 repugnantiam
1102 4397 1281 4459 tolles,
1316 4393 1363 4447 si
1402 4387 1605 4443 dixeris
1637 4387 1868 4436 cunctos
1912 4372 2035 4444 qui-

463 4509 586 4563 dem
622 4518 760 4573 0pus
809 4494 1099 4568 agnovisse
1147 4504 1248 4559 pro
1274 4482 1512 4557 genuino
1562 4473 1846 4531 Pontiﬁcis
1876 4470 2032 4531 fectu,

464 4598 559 4655 sed
587 4610 698 4650 non
732 4605 924 4647 omnes
958 4583 1217 4639 habuisse
1245 4591 1345 4647 pro
1374 4574 1579 4642 scripto
1621 4566 1891 4621 canonico
1920 4580 1933 4611 :
1971 4559 2038 4612 de

467 4691 670 4765 primo,
717 4684 926 4739 nullam
976 4685 1181 4731 motam
1229 4666 1530 4737 antiquitus
1570 4654 2036 4717 controversiam;

469 4745 519 4765 τί
659 4745 667 4750 ,

380 4854 385 4865 ι
468 4788 536 4842 de
567 4779 832 4842 secundo,
879 4783 1103 4834 motam,
1139 4768 1262 4822 aliis
1292 4771 1448 4820 extra
1493 4768 1755 4813 canonem
1788 4745 2041 4820 ponenti—

1118 4862 1127 4865 ’
1180 4861 1189 4865 ’
1278 4858 1288 4865 ⁵
1412 4852 1463 4865 ¹⁹⁸
1543 4851 1552 4861 ⁸
1604 4855 1616 4865 Α
1640 4861 1676 4865 κ-
1737 4850 1789 4865 --ι
1851 4845 2041 4865 ιιι-,ειη-

382 4886 389 4927 δ
468 4881 594 4940 bus,
626 4889 745 4946 qua:
772 4866 1042 4927 sententia
1080 4858 1337 4920 obtinuit,
1378 4852 1499 4908 aliis
1542 4851 1706 4908 intra,
1737 4850 1796 4896 ut
1850 4845 2042 4892 auctor

1573 4936 1629 4946 “-·
1790 4927 1935 4946 ν-μΑε--
1962 4923 2010 4946 1..

472 4923 594 4940 -..η
628 4923 744 4946 ,Γπ
775 4923 824 4927 η

467 4970 741 5025 Canonum
770 4955 1174 5028 apostolicorum
1196 4988 1211 5013 ,
1284 4957 1495 5000 canone
1535 4936 1749 4996 ultimo,
1785 4923 2041 4998 proinde-

471 5350 762 5416 postremae
796 5329 1070 5404 opinionis
1118 5324 1509 5379 documentum
1545 5308 1749 5381 praebet
1778 5298 2047 5369 antiquis-

474 5372 762 5416 νυθιιῠηκυ
796 5372 1069 5404 vin-nu"...
1122 5372 1273 5379 ---π
1334 5372 1339 5373 ,
1548 5372 1566 5381 _

474 5441 649 5495 simus
695 5428 867 5485 codex
893 5422 1186 5479 bihliorum
1218 5426 1382 5467 manu
1428 5403 1647 5460 Thecla:
1669 5396 1951 5454 exaratus,
1977 5403 2043 5443 ex
2077 5386 2120 5443 D
2151 5390 2383 5438 neantur
2410 5379 2466 5432 in
2496 5376 2603 5430 illis
2628 5372 2862 5433 duabus,

1774 5489 1785 5495 -
1907 5483 1917 5495 .
1942 5480 1955 5495 ι
2155 5472 2292 5495 ----λ
2327 5472 2379 5495 ε..
2431 5464 2734 5495 ηΑηοειὶιμ-ιί
2766 5474 2862 5495 nna

476 5545 585 5601 quo
630 5526 749 5581 duae
777 5522 894 5576 ista:
944 5511 1188 5583 epistolae
1224 5502 1577 5577 prodierunt;
1604 5480 2048 5563 quandoquidem

1417 5593 1428 5601 '
1570 5589 1581 5600 '
1676 5590 1781 5601 -ΑΑ-
1810 5573 2023 5601 -..λιι-...ο

476 5573 570 5681 ἐπιδ
596 5632 717 5675 cum
744 5612 901 5669 libris
932 5605 1069 5661 Novi
1096 5573 1432 5656 Testamenti
1461 5589 1784 5657 conjunctas
1807 5573 2046 5632 exhibet.

479 5713 663 5783 Neque
706 5720 834 5763 vero
874 5701 1173 5771 quidquam
1220 5704 1397 5747 causa:
1427 5692 1533 5749 est,
1575 5695 1672 5735 cur
1707 5676 1840 5730 alias
1883 5679 2049 5737 quas-

2048 2694 2091 2749 Β
2117 2705 2263 2778 piam
2296 2695 2597 2770 suspiceris
2636 2687 3013 2763 apostolorum
3043 2677 3282 2735 Canonis
3321 2675 3692 2732 Clementmas

2115 2767 2413 2869 epistolas;
2464 2804 2585 2861 quae
2637 2782 2782 2856 apud
2826 2779 3046 2835 Graecos
3095 2780 3188 2827 aut
3236 2770 3401 2824 nulla:
3448 2767 3694 2832 fuerunt,

2117 2896 2210 2943 aut
2260 2902 2367 2941 non
2400 2894 2646 2939 seorsum
2677 2878 2851 2939 lectae,
2886 2871 2979 2926 sed
3026 2866 3182 2921 initio
3235 2864 3690 2933 Rccognitionum,

2117 2976 2345 3032 Actuum
2370 2973 2536 3044 Petri,
2625 2964 3103 3027 Clementinorum,
3153 2957 3457 3024 similisque
3506 2949 3701 3003 farina:

2120 3068 2577 3142 apocryphorum.

2191 3166 2274 3220 Ad
2323 3162 2567 3232 ejusdem
2613 3152 2834 3210 Eusebii
2896 3142 3369 3203 observationem,
3421 3132 3698 3187 imitatum

2122 3274 2244 3315 esse
2273 3228 2608 3311 Clementem
2629 3244 2929 3317 Epistolam
2962 3239 3027 3293 ad
3055 3236 3334 3295 Hebraeos,
3364 3228 3486 3282 addi
3520 3228 3700 3296 potest

2125 3350 2451 3412 consimilis,
2483 3348 2549 3400 de
2581 3340 2885 3397 imitatione
2926 3333 3157 3387 aliorum
3198 3326 3332 3380 Novi
3361 3315 3703 3377 Testamenti

2124 3449 2412 3507 librorum,
2447 3436 2860 3512 prmsertimque
2890 3424 3257 3496 Epistolarum
3290 3418 3355 3471 ad
3380 3412 3704 3471 Corinthios

2125 3551 2178 3598 et
2199 3506 2565 3610 Epistolarum
2590 3527 2738 3584 Petri
2767 3544 2780 3580 :
2815 3522 3102 3588 utriusque
3139 3513 3286 3569 enim
3321 3506 3552 3579 apostoli
3582 3512 3705 3559 erat

2127 3632 2454 3702 discipulus.
2506 3624 2618 3678 Nec
2662 3619 2886 3679 mirum,
2941 3611 3086 3683 quod
3118 3605 3415 3661 Dominica:
3455 3614 3520 3653 ac
3567 3611 3704 3667 apo-

2008 3767 2021 3782 .
2114 3714 2339 3782 stolicae
2390 3714 2671 3775 sententia!
2717 3719 2772 3766 et
2813 3705 3084 3762 dictiones
3130 3700 3185 3753 in
3230 3710 3326 3749 ore
3356 3692 3559 3747 fuerint
3594 3691 3701 3744 ho-

2128 3818 2338 3872 minum
2404 3806 2862 3878 apostolicorum,
2913 3803 3077 3866 atque
3128 3791 3187 3845 in
3242 3803 3346 3843 usu
3398 3785 3704 3856 primorum

2128 3905 2588 3964 Christianorum.

2201 3994 2430 4050 Photius
2454 3979 3135 4045 Bibliothecwcodicecxxn
3149 3971 3362 4029 videtur
3379 3969 3701 4040 scripsisse:

2136 4088 2511 4150 Αἰτιάσοιτοδ’
2548 4087 2613 4139 ἄν
2641 4101 2726 4146 τις
2753 4080 2913 4134 αὑτὸν
2941 4081 3000 4132 ὲν
3027 4076 3256 4139 τούτοις,
3287 4087 3397 4127 non
3430 4077 3607 4126 autem
3644 4069 3709 4120 ἐν

2139 4179 2389 4239 ταύταις.
2419 4172 2817 4246 Reprehenderit
2850 4186 2964 4224 vero
3000 4184 3117 4222 eum
3147 4165 3411 4236 quispiam
3442 4163 3497 4215 in
3521 4160 3621 4213 his.

2202 4275 2263 4328 ln
2293 4273 2448 4327 Libro
2465 4266 2776 4338 pontiﬁcali,
2798 4262 2889 4317 ubi
2918 4260 2987 4315 de
3015 4258 3315 4313 Clementis
3340 4256 3474 4317 vita,
3492 4264 3711 4306 necnon

2137 4371 2193 4425 in
2222 4368 2343 4437 ejus
2365 4363 2557 4434 Operis
2573 4356 3022 4426 exscriptoribus,
3048 4356 3420 4405 memorantur
3443 4345 3562 4399 duae
3583 4342 3711 4397 Cle-

2138 4459 2339 4514 mentis
2381 4451 2665 4525 epistolae,
2716 4461 2902 4516 eaeque
2966 4439 3247 4499 canonica).
3298 4447 3352 4490 et
3398 4434 3708 4490 catholicae.

2139 4549 2292 4617 Quod
2326 4549 2400 4601 ita
2417 4521 2713 4612 acceptum
2740 4538 2808 4592 ab
2854 4542 3077 4590 auctore
3124 4530 3252 4585 libri
3317 4525 3395 4581 De
3422 4524 3577 4594 gestis
3602 4521 3713 4573 Ro.-

2142 4654 2415 4694 manorum
2471 4634 2810 4706 pontiﬁcum,
2888 4626 3097 4682 credito
3132 4619 3503 4691 Luitprando,
3548 4614 3713 4684 quasi

2142 4741 2393 4807 ageretur
2438 4705 2505 4784 de
2534 4726 2748 4782 duabus
2774 4719 2965 4792 primis
3007 4713 3308 4771 Clementis
3338 4705 3717 4764 Decretalibus

2143 4828 2209 4882 ad
2233 4824 2517 4880 Jacobum.
2541 4816 2727 4879 Gravi,
2760 4822 2819 4867 ut
2839 4810 3091 4882 equidem
3118 4807 3317 4867 sentio,
3339 4815 3547 4857 errore.
3572 4796 3717 4850 Nam

2144 4918 2191 4971 si
2230 4913 2527 4970 Decretales
2557 4910 2611 4963 in
2647 4908 2830 4962 animo
2857 4902 3141 4957 habuisset
3166 4897 3401 4965 scriptor
3424 4892 3717 4959 Pontiﬁca-

2144 5012 2209 5066 (is
2232 5006 2376 5074 libri,
2418 5022 2527 5061 non
2561 5004 2735 5060 solum
2759 4999 2898 5054 duas
2927 4997 3176 5055 dixisset,
3230 5001 3416 5042 verum
3447 4982 3717 5052 quinque.

2146 5072 2609 5169 Quemadmodum
2642 5091 2934 5164 βιογράφος
2962 5087 3071 5150 ille,
3098 5081 3189 5153 qui
3220 5077 3358 5132 mira
3399 5072 3718 5142 supinitate,

2148 5163 2433 5266 postquam
2461 5190 2526 5244 de
2552 5163 2773 5242 duabus
2792 5177 3038 5252 epistolis
3067 5169 3355 5229 catholicis
3384 5182 3415 5219 a
3438 5163 3722 5218 Clemente

2150 5289 2217 5343 ad
2238 5287 2500 5342 Iacobum
2528 5282 2669 5337 datis
2705 5277 2909 5340 retulit,
2938 5267 3220 5339 subjungit
3262 5276 3511 5334 quaenam
3541 5259 3722 5312 conti-

2915 5372 2968 5418 et
2998 5364 3054 5418 in
3082 5359 3311 5428 reliquis
3334 5354 3535 5408 tribus.
3566 5347 3723 5403 Adde

2148 5472 2297 5545 quod
2327 5472 2383 5526 in
2431 5464 2737 5524 Pontificali
2766 5472 2929 5529 opere
2976 5449 3192 5522 seiungi
3231 5446 3450 5502 videtur
3484 5439 3721 5510 epistola

2148 5530 2218 5621 ad
2246 5563 2508 5617 Jacobum
2559 5573 2587 5610 a
2614 5553 2826 5610 duabus
2867 5542 3149 5603 canonicis
3179 5535 3445 5609 epistolis.
3475 5531 3575 5585 Hic
3600 5530 3724 5597 fecit

2151 5658 2285 5711 duas
2310 5654 2581 5725 epistolas,
2616 5664 2729 5718 qua:
2762 5642 3024 5699 canonica:
3054 5635 3419 5692 nominantur.
3443 5626 3507 5681 Et
3537 5621 3683 5677 inira.
3703 5639 3721 5674 :
