  <div class='ocr_page' id='page_1' title='image "/cluster/home/n/w/nwhite01/storage/ocr_20150623/1 (St. Clemens; pt. 1)/nyp.33433019854052/042.png"; bbox 0 0 3832 6280; ppageno 0'>
   <div class='ocr_carea' id='block_1_1' title="bbox 209 269 3417 368">
    <p class='ocr_par' dir='ltr' id='par_1_1' title="bbox 209 269 3417 368">
     <span class='ocr_line' id='line_1_1' title="bbox 209 269 3417 368; baseline 0.003 -10"><span class='ocrx_word' id='word_1_1' title='bbox 209 315 283 368; x_wconf 76' lang='lat'><strong><em>69</em></strong></span> <span class='ocrx_word' id='word_1_2' title='bbox 1471 304 1807 366; x_wconf 68' lang='lat' dir='ltr'><strong>PROLEMIA</strong></span> <span class='ocrx_word' id='word_1_3' title='bbox 1844 307 2220 366; x_wconf 76' lang='lat' dir='ltr'><strong>VARIORUM.</strong></span> <span class='ocrx_word' id='word_1_4' title='bbox 2882 269 2884 273; x_wconf 15' lang='lat' dir='ltr'><strong><em>y</em></strong></span> <span class='ocrx_word' id='word_1_5' title='bbox 3352 313 3417 368; x_wconf 88' lang='lat'><strong>70</strong></span> 
     </span>
    </p>
   </div>
   <div class='ocr_carea' id='block_1_2' title="bbox 212 405 3422 493">
    <p class='ocr_par' dir='ltr' id='par_1_2' title="bbox 212 405 3422 493">
     <span class='ocr_line' id='line_1_2' title="bbox 212 405 3422 493; baseline 0.005 -26"><span class='ocrx_word' id='word_1_6' title='bbox 212 425 420 478; x_wconf 75' lang='grc' dir='ltr'><strong>ταηιεη</strong></span> <span class='ocrx_word' id='word_1_7' title='bbox 451 413 499 465; x_wconf 81' lang='lat' dir='ltr'><strong>in</strong></span> <span class='ocrx_word' id='word_1_8' title='bbox 546 405 783 476; x_wconf 80' lang='lat' dir='ltr'><strong>Epistola,</strong></span> <span class='ocrx_word' id='word_1_9' title='bbox 814 421 932 475; x_wconf 72' lang='lat' dir='ltr'><strong>qum</strong></span> <span class='ocrx_word' id='word_1_10' title='bbox 993 410 1072 462; x_wconf 83' lang='lat' dir='ltr'><strong>ad</strong></span> <span class='ocrx_word' id='word_1_11' title='bbox 1105 410 1393 473; x_wconf 73' lang='lat' dir='ltr'><strong>Iacobum</strong></span> <span class='ocrx_word' id='word_1_12' title='bbox 1458 426 1652 493; x_wconf 79' lang='lat' dir='ltr'><strong>scripta</strong></span> <span class='ocrx_word' id='word_1_13' title='bbox 1696 437 1790 481; x_wconf 80' lang='lat' dir='ltr'><strong>cst.</strong></span> <span class='ocrx_word' id='word_1_14' title='bbox 1822 431 1868 488; x_wconf 80' lang='grc' dir='ltr'>Α</span> <span class='ocrx_word' id='word_1_15' title='bbox 1895 425 1958 479; x_wconf 86' lang='lat' dir='ltr'><strong>Et</strong></span> <span class='ocrx_word' id='word_1_16' title='bbox 1983 441 2108 480; x_wconf 85' lang='lat' dir='ltr'><strong>vero</strong></span> <span class='ocrx_word' id='word_1_17' title='bbox 2143 439 2262 480; x_wconf 90' lang='lat' dir='ltr'><strong>eum</strong></span> <span class='ocrx_word' id='word_1_18' title='bbox 2286 422 2376 492; x_wconf 85' lang='lat' dir='ltr'><strong>qui</strong></span> <span class='ocrx_word' id='word_1_19' title='bbox 2415 420 2631 476; x_wconf 89' lang='lat' dir='ltr'><strong>nomine</strong></span> <span class='ocrx_word' id='word_1_20' title='bbox 2661 421 2913 478; x_wconf 60' lang='lat' dir='ltr'><strong>Ecclesiae</strong></span> <span class='ocrx_word' id='word_1_21' title='bbox 2948 422 3198 480; x_wconf 74' lang='lat' dir='ltr'><strong>Romanae</strong></span> <span class='ocrx_word' id='word_1_22' title='bbox 3219 428 3422 484; x_wconf 84' lang='lat' dir='ltr'><strong>scribe-</strong></span> 
     </span>
    </p>
   </div>
   <div class='ocr_carea' id='block_1_3' title="bbox 286 495 1788 570">
    <p class='ocr_par' dir='ltr' id='par_1_3' title="bbox 286 495 1788 570">
     <span class='ocr_line' id='line_1_3' title="bbox 286 495 1788 570; baseline 0.009 -13"><span class='ocrx_word' id='word_1_23' title='bbox 286 506 444 568; x_wconf 75' lang='lat' dir='ltr'><strong>circa</strong></span> <span class='ocrx_word' id='word_1_24' title='bbox 467 509 653 568; x_wconf 86' lang='lat' dir='ltr'><strong>tempus</strong></span> <span class='ocrx_word' id='word_1_25' title='bbox 679 512 784 566; x_wconf 88' lang='lat' dir='ltr'><strong>quo</strong></span> <span class='ocrx_word' id='word_1_26' title='bbox 812 495 1061 553; x_wconf 81' lang='lat' dir='ltr'><strong>Romani</strong></span> <span class='ocrx_word' id='word_1_27' title='bbox 1097 503 1335 563; x_wconf 74' lang='lat' dir='ltr'><strong>litteras</strong></span> <span class='ocrx_word' id='word_1_28' title='bbox 1380 512 1449 566; x_wconf 90' lang='lat' dir='ltr'><strong>ad</strong></span> <span class='ocrx_word' id='word_1_29' title='bbox 1480 513 1788 570; x_wconf 76' lang='lat' dir='ltr'><strong>Corinthios</strong></span> 
     </span>
    </p>
   </div>
   <div class='ocr_carea' id='block_1_4' title="bbox 215 588 1791 668">
    <p class='ocr_par' dir='ltr' id='par_1_4' title="bbox 215 588 1791 668">
     <span class='ocr_line' id='line_1_4' title="bbox 215 588 1791 668; baseline 0.008 -22"><span class='ocrx_word' id='word_1_30' title='bbox 215 599 496 656; x_wconf 75' lang='lat' dir='ltr'><strong>dederunt.</strong></span> <span class='ocrx_word' id='word_1_31' title='bbox 535 603 637 643; x_wconf 92' lang='lat' dir='ltr'><strong>non</strong></span> <span class='ocrx_word' id='word_1_32' title='bbox 663 602 766 640; x_wconf 91' lang='lat' dir='ltr'><strong>una</strong></span> <span class='ocrx_word' id='word_1_33' title='bbox 795 593 879 640; x_wconf 89' lang='lat' dir='ltr'><strong>cst</strong></span> <span class='ocrx_word' id='word_1_34' title='bbox 925 588 1282 650; x_wconf 83' lang='lat' dir='ltr'><strong>criticorum</strong></span> <span class='ocrx_word' id='word_1_35' title='bbox 1335 601 1543 668; x_wconf 90' lang='lat' dir='ltr'><strong>opinio.</strong></span> <span class='ocrx_word' id='word_1_36' title='bbox 1573 602 1675 655; x_wconf 89' lang='lat' dir='ltr'><strong>Alii</strong></span> <span class='ocrx_word' id='word_1_37' title='bbox 1702 618 1791 658; x_wconf 89' lang='lat' dir='ltr'><strong>as-</strong></span> 
     </span>
    </p>
   </div>
   <div class='ocr_carea' id='block_1_5' title="bbox 220 677 1786 760">
    <p class='ocr_par' dir='ltr' id='par_1_5' title="bbox 220 677 1786 760">
     <span class='ocr_line' id='line_1_5' title="bbox 220 677 1786 760; baseline 0.004 -25"><span class='ocrx_word' id='word_1_38' title='bbox 220 692 440 760; x_wconf 67' lang='lat' dir='ltr'><strong>signant</strong></span> <span class='ocrx_word' id='word_1_39' title='bbox 470 681 612 735; x_wconf 87' lang='lat' dir='ltr'><strong>ﬁnem</strong></span> <span class='ocrx_word' id='word_1_40' title='bbox 646 677 911 740; x_wconf 87' lang='lat' dir='ltr'><strong>Neronis,</strong></span> <span class='ocrx_word' id='word_1_41' title='bbox 968 688 1074 733; x_wconf 86' lang='lat' dir='ltr'><strong>aut</strong></span> <span class='ocrx_word' id='word_1_42' title='bbox 1123 692 1286 739; x_wconf 81' lang='lat' dir='ltr'><strong>certe</strong></span> <span class='ocrx_word' id='word_1_43' title='bbox 1338 704 1436 743; x_wconf 90' lang='lat' dir='ltr'><strong>eos</strong></span> <span class='ocrx_word' id='word_1_44' title='bbox 1484 704 1654 744; x_wconf 90' lang='lat' dir='ltr'><strong>annos</strong></span> <span class='ocrx_word' id='word_1_45' title='bbox 1696 691 1786 759; x_wconf 88' lang='lat' dir='ltr'><strong>qui</strong></span> 
     </span>
    </p>
   </div>
   <div class='ocr_carea' id='block_1_6' title="bbox 225 769 1788 849">
    <p class='ocr_par' dir='ltr' id='par_1_6' title="bbox 225 769 1788 849">
     <span class='ocr_line' id='line_1_6' title="bbox 225 769 1788 849; baseline 0 -19"><span class='ocrx_word' id='word_1_46' title='bbox 225 773 526 846; x_wconf 58' lang='lat' dir='ltr'><strong>Vespasiani</strong></span> <span class='ocrx_word' id='word_1_47' title='bbox 563 769 845 839; x_wconf 88' lang='lat' dir='ltr'><strong>imperium</strong></span> <span class='ocrx_word' id='word_1_48' title='bbox 892 773 1311 846; x_wconf 73' lang='lat' dir='ltr'><strong>excidiumque</strong></span> <span class='ocrx_word' id='word_1_49' title='bbox 1344 777 1788 849; x_wconf 82' lang='lat' dir='ltr'><strong>Hierosolymita-</strong></span> 
     </span>
    </p>
   </div>
   <div class='ocr_carea' id='block_1_7' title="bbox 240 861 1782 938">
    <p class='ocr_par' dir='ltr' id='par_1_7' title="bbox 240 861 1782 938">
     <span class='ocr_line' id='line_1_7' title="bbox 240 861 1782 938; baseline 0.002 -17"><span class='ocrx_word' id='word_1_50' title='bbox 240 884 381 921; x_wconf 79' lang='lat' dir='ltr'><strong>num</strong></span> <span class='ocrx_word' id='word_1_51' title='bbox 403 871 786 919; x_wconf 83' lang='lat' dir='ltr'><strong>antecesserunt.</strong></span> <span class='ocrx_word' id='word_1_52' title='bbox 823 861 940 918; x_wconf 81' lang='lat' dir='ltr'><strong>Hos</strong></span> <span class='ocrx_word' id='word_1_53' title='bbox 980 865 1203 920; x_wconf 84' lang='lat' dir='ltr'><strong>relellit</strong></span> <span class='ocrx_word' id='word_1_54' title='bbox 1239 869 1496 936; x_wconf 86' lang='lat' dir='ltr'><strong>epistola,</strong></span> <span class='ocrx_word' id='word_1_55' title='bbox 1528 880 1638 923; x_wconf 91' lang='lat' dir='ltr'><strong>tum</strong></span> <span class='ocrx_word' id='word_1_56' title='bbox 1666 887 1782 938; x_wconf 88' lang='lat' dir='ltr'><strong>cap.</strong></span> 
     </span>
    </p>
   </div>
   <div class='ocr_carea' id='block_1_8' title="bbox 235 955 1786 1025">
    <p class='ocr_par' dir='ltr' id='par_1_8' title="bbox 235 955 1786 1025">
     <span class='ocr_line' id='line_1_8' title="bbox 235 955 1786 1025; baseline 0.001 -13"><span class='ocrx_word' id='word_1_57' title='bbox 235 959 342 1022; x_wconf 67' lang='grc'><strong>47,</strong></span> <span class='ocrx_word' id='word_1_58' title='bbox 381 974 477 1012; x_wconf 87' lang='lat' dir='ltr'><strong>cum</strong></span> <span class='ocrx_word' id='word_1_59' title='bbox 521 957 657 1010; x_wconf 90' lang='lat' dir='ltr'><strong>velut</strong></span> <span class='ocrx_word' id='word_1_60' title='bbox 715 955 958 1025; x_wconf 63' lang='lat' dir='ltr'><strong>antiqua:</strong></span> <span class='ocrx_word' id='word_1_61' title='bbox 1045 962 1313 1015; x_wconf 88' lang='lat' dir='ltr'><strong>meminit</strong></span> <span class='ocrx_word' id='word_1_62' title='bbox 1385 963 1786 1018; x_wconf 83' lang='lat' dir='ltr'><strong>Corinthiorum</strong></span> 
     </span>
    </p>
   </div>
   <div class='ocr_carea' id='block_1_9' title="bbox 230 1048 1786 1122">
    <p class='ocr_par' dir='ltr' id='par_1_9' title="bbox 230 1048 1786 1122">
     <span class='ocr_line' id='line_1_9' title="bbox 230 1048 1786 1122; baseline 0.001 -20"><span class='ocrx_word' id='word_1_63' title='bbox 230 1051 416 1117; x_wconf 69' lang='lat' dir='ltr'><strong>prima</strong></span> <span class='ocrx_word' id='word_1_64' title='bbox 441 1048 810 1114; x_wconf 86' lang='lat' dir='ltr'><strong>dissensionis,</strong></span> <span class='ocrx_word' id='word_1_65' title='bbox 842 1049 947 1101; x_wconf 85' lang='lat' dir='ltr'><strong>sub</strong></span> <span class='ocrx_word' id='word_1_66' title='bbox 977 1049 1184 1119; x_wconf 85' lang='lat' dir='ltr'><strong>Apollo</strong></span> <span class='ocrx_word' id='word_1_67' title='bbox 1222 1054 1496 1116; x_wconf 78' lang='lat' dir='ltr'><strong>excitatae,</strong></span> <span class='ocrx_word' id='word_1_68' title='bbox 1533 1052 1624 1122; x_wconf 88' lang='lat' dir='ltr'><strong>qui</strong></span> <span class='ocrx_word' id='word_1_69' title='bbox 1654 1061 1786 1105; x_wconf 84' lang='lat' dir='ltr'><strong>teste</strong></span> 
     </span>
    </p>
   </div>
   <div class='ocr_carea' id='block_1_10' title="bbox 226 1135 1786 1209">
    <p class='ocr_par' dir='ltr' id='par_1_10' title="bbox 226 1135 1786 1209">
     <span class='ocr_line' id='line_1_10' title="bbox 226 1135 1786 1209; baseline 0.003 -20"><span class='ocrx_word' id='word_1_70' title='bbox 226 1135 536 1207; x_wconf 81' lang='lat' dir='ltr'><strong>Hieronymo</strong></span> <span class='ocrx_word' id='word_1_71' title='bbox 585 1137 733 1190; x_wconf 89' lang='lat' dir='ltr'><strong>circa</strong></span> <span class='ocrx_word' id='word_1_72' title='bbox 785 1137 950 1192; x_wconf 90' lang='lat' dir='ltr'><strong>ﬁnem</strong></span> <span class='ocrx_word' id='word_1_73' title='bbox 985 1135 1527 1196; x_wconf 80' lang='lat' dir='ltr'><strong>Commentariorum</strong></span> <span class='ocrx_word' id='word_1_74' title='bbox 1570 1143 1621 1194; x_wconf 89' lang='lat' dir='ltr'><strong>in</strong></span> <span class='ocrx_word' id='word_1_75' title='bbox 1662 1141 1786 1209; x_wconf 88' lang='lat' dir='ltr'><strong>Epi-</strong></span> 
     </span>
    </p>
   </div>
   <div class='ocr_carea' id='block_1_11' title="bbox 224 1226 1783 1302">
    <p class='ocr_par' dir='ltr' id='par_1_11' title="bbox 224 1226 1783 1302">
     <span class='ocr_line' id='line_1_11' title="bbox 224 1226 1783 1302; baseline -0.001 -18"><span class='ocrx_word' id='word_1_76' title='bbox 224 1231 410 1284; x_wconf 82' lang='lat' dir='ltr'><strong>stulam</strong></span> <span class='ocrx_word' id='word_1_77' title='bbox 456 1228 520 1281; x_wconf 84' lang='lat' dir='ltr'><strong>ad</strong></span> <span class='ocrx_word' id='word_1_78' title='bbox 557 1226 774 1292; x_wconf 87' lang='lat' dir='ltr'><strong>Titum,</strong></span> <span class='ocrx_word' id='word_1_79' title='bbox 825 1228 1085 1282; x_wconf 82' lang='lat' dir='ltr'><strong>Corinthi</strong></span> <span class='ocrx_word' id='word_1_80' title='bbox 1140 1231 1250 1286; x_wconf 81' lang='lat' dir='ltr'><strong>fuit</strong></span> <span class='ocrx_word' id='word_1_81' title='bbox 1298 1234 1618 1302; x_wconf 86' lang='lat' dir='ltr'><strong>episc0pus;</strong></span> <span class='ocrx_word' id='word_1_82' title='bbox 1671 1239 1783 1283; x_wconf 91' lang='lat' dir='ltr'><strong>tum</strong></span> 
     </span>
    </p>
   </div>
   <div class='ocr_carea' id='block_1_12' title="bbox 220 1319 1786 1393">
    <p class='ocr_par' dir='ltr' id='par_1_12' title="bbox 220 1319 1786 1393">
     <span class='ocr_line' id='line_1_12' title="bbox 220 1319 1786 1393; baseline 0 -20"><span class='ocrx_word' id='word_1_83' title='bbox 220 1320 614 1374; x_wconf 88' lang='lat' dir='ltr'><strong>Corinthiacam</strong></span> <span class='ocrx_word' id='word_1_84' title='bbox 649 1319 983 1384; x_wconf 89' lang='lat' dir='ltr'><strong>Ecclesiam,</strong></span> <span class='ocrx_word' id='word_1_85' title='bbox 1029 1329 1277 1377; x_wconf 78' lang='lat' dir='ltr'><strong>veterem</strong></span> <span class='ocrx_word' id='word_1_86' title='bbox 1326 1323 1554 1393; x_wconf 81' lang='lat' dir='ltr'><strong>appellat</strong></span> <span class='ocrx_word' id='word_1_87' title='bbox 1586 1337 1598 1372; x_wconf 89' lang='lat'>:</span> <span class='ocrx_word' id='word_1_88' title='bbox 1631 1321 1786 1374; x_wconf 87' lang='lat' dir='ltr'><strong>dum-</strong></span> 
     </span>
    </p>
   </div>
   <div class='ocr_carea' id='block_1_13' title="bbox 217 1410 1783 1481">
    <p class='ocr_par' dir='ltr' id='par_1_13' title="bbox 217 1410 1783 1481">
     <span class='ocr_line' id='line_1_13' title="bbox 217 1410 1783 1481; baseline 0.001 -18"><span class='ocrx_word' id='word_1_89' title='bbox 217 1427 338 1478; x_wconf 88' lang='lat' dir='ltr'><strong>que</strong></span> <span class='ocrx_word' id='word_1_90' title='bbox 353 1425 451 1479; x_wconf 78' lang='lat' dir='ltr'><strong>cap.</strong></span> <span class='ocrx_word' id='word_1_91' title='bbox 479 1411 533 1474; x_wconf 75' lang='lat' dir='ltr'><strong>l,</strong></span> <span class='ocrx_word' id='word_1_92' title='bbox 575 1411 610 1464; x_wconf 82' lang='lat'><strong>5</strong></span> <span class='ocrx_word' id='word_1_93' title='bbox 639 1418 695 1463; x_wconf 89' lang='lat' dir='ltr'><strong>et</strong></span> <span class='ocrx_word' id='word_1_94' title='bbox 721 1410 754 1463; x_wconf 82' lang='lat'><strong>6</strong></span> <span class='ocrx_word' id='word_1_95' title='bbox 787 1412 1103 1465; x_wconf 85' lang='lat' dir='ltr'><strong>subindicat</strong></span> <span class='ocrx_word' id='word_1_96' title='bbox 1147 1414 1579 1481; x_wconf 81' lang='lat' dir='ltr'><strong>persecutionem</strong></span> <span class='ocrx_word' id='word_1_97' title='bbox 1625 1412 1783 1464; x_wconf 88' lang='lat' dir='ltr'><strong>aliam</strong></span> 
     </span>
    </p>
   </div>
   <div class='ocr_carea' id='block_1_14' title="bbox 217 1501 1784 1570">
    <p class='ocr_par' dir='ltr' id='par_1_14' title="bbox 217 1501 1784 1570">
     <span class='ocr_line' id='line_1_14' title="bbox 217 1501 1784 1570; baseline 0 -17"><span class='ocrx_word' id='word_1_98' title='bbox 217 1501 297 1554; x_wconf 84' lang='lat' dir='ltr'><strong>ab</strong></span> <span class='ocrx_word' id='word_1_99' title='bbox 329 1502 391 1553; x_wconf 88' lang='lat' dir='ltr'><strong>illa</strong></span> <span class='ocrx_word' id='word_1_100' title='bbox 420 1502 598 1570; x_wconf 88' lang='lat' dir='ltr'><strong>prima</strong></span> <span class='ocrx_word' id='word_1_101' title='bbox 625 1501 893 1556; x_wconf 86' lang='lat' dir='ltr'><strong>Neronis.</strong></span> <span class='ocrx_word' id='word_1_102' title='bbox 938 1501 1072 1557; x_wconf 86' lang='lat' dir='ltr'><strong>Post</strong></span> <span class='ocrx_word' id='word_1_103' title='bbox 1099 1503 1371 1558; x_wconf 84' lang='lat' dir='ltr'><strong>Neronem</strong></span> <span class='ocrx_word' id='word_1_104' title='bbox 1401 1511 1576 1556; x_wconf 87' lang='lat' dir='ltr'><strong>autem</strong></span> <span class='ocrx_word' id='word_1_105' title='bbox 1603 1501 1784 1554; x_wconf 91' lang='lat' dir='ltr'><strong>Domi-</strong></span> 
     </span>
    </p>
   </div>
   <div class='ocr_carea' id='block_1_15' title="bbox 209 1590 1782 1661">
    <p class='ocr_par' dir='ltr' id='par_1_15' title="bbox 209 1590 1782 1661">
     <span class='ocr_line' id='line_1_15' title="bbox 209 1590 1782 1661; baseline 0.002 -21"><span class='ocrx_word' id='word_1_106' title='bbox 209 1593 387 1644; x_wconf 84' lang='lat' dir='ltr'><strong>tianus</strong></span> <span class='ocrx_word' id='word_1_107' title='bbox 435 1592 656 1658; x_wconf 89' lang='lat' dir='ltr'><strong>primus</strong></span> <span class='ocrx_word' id='word_1_108' title='bbox 708 1590 1060 1646; x_wconf 89' lang='lat' dir='ltr'><strong>Christianos</strong></span> <span class='ocrx_word' id='word_1_109' title='bbox 1133 1601 1452 1661; x_wconf 89' lang='lat' dir='ltr'><strong>persecutus</strong></span> <span class='ocrx_word' id='word_1_110' title='bbox 1497 1601 1616 1654; x_wconf 90' lang='lat' dir='ltr'><strong>est,</strong></span> <span class='ocrx_word' id='word_1_111' title='bbox 1673 1592 1782 1659; x_wconf 89' lang='lat' dir='ltr'><strong>jam</strong></span> 
     </span>
    </p>
   </div>
   <div class='ocr_carea' id='block_1_16' title="bbox 208 1678 1780 1748">
    <p class='ocr_par' dir='ltr' id='par_1_16' title="bbox 208 1678 1780 1748">
     <span class='ocr_line' id='line_1_16' title="bbox 208 1678 1780 1748; baseline -0.001 -17"><span class='ocrx_word' id='word_1_112' title='bbox 208 1693 391 1732; x_wconf 73' lang='lat' dir='ltr'><strong>eversa</strong></span> <span class='ocrx_word' id='word_1_113' title='bbox 440 1679 860 1748; x_wconf 78' lang='lat' dir='ltr'><strong>Hierosolyma.</strong></span> <span class='ocrx_word' id='word_1_114' title='bbox 925 1679 1031 1733; x_wconf 87' lang='lat' dir='ltr'><strong>Sed</strong></span> <span class='ocrx_word' id='word_1_115' title='bbox 1059 1678 1336 1742; x_wconf 88' lang='lat' dir='ltr'><strong>Clemens,</strong></span> <span class='ocrx_word' id='word_1_116' title='bbox 1391 1679 1639 1748; x_wconf 90' lang='lat' dir='ltr'><strong>inquiunt</strong></span> <span class='ocrx_word' id='word_1_117' title='bbox 1680 1679 1780 1731; x_wconf 88' lang='lat' dir='ltr'><strong>viri</strong></span> 
     </span>
    </p>
   </div>
   <div class='ocr_carea' id='block_1_17' title="bbox 1889 510 3423 583">
    <p class='ocr_par' dir='ltr' id='par_1_17' title="bbox 1889 510 3423 583">
     <span class='ocr_line' id='line_1_17' title="bbox 1889 510 3423 583; baseline 0.001 -14"><span class='ocrx_word' id='word_1_118' title='bbox 1889 517 1998 578; x_wconf 89' lang='lat' dir='ltr'><strong>bat,</strong></span> <span class='ocrx_word' id='word_1_119' title='bbox 2029 517 2117 568; x_wconf 87' lang='lat' dir='ltr'><strong>illa</strong></span> <span class='ocrx_word' id='word_1_120' title='bbox 2151 514 2329 582; x_wconf 89' lang='lat' dir='ltr'><strong>eloqui</strong></span> <span class='ocrx_word' id='word_1_121' title='bbox 2353 511 2531 566; x_wconf 88' lang='lat' dir='ltr'><strong>decuit</strong></span> <span class='ocrx_word' id='word_1_122' title='bbox 2567 527 2684 579; x_wconf 78' lang='lat' dir='ltr'><strong>quae</strong></span> <span class='ocrx_word' id='word_1_123' title='bbox 2714 510 2862 575; x_wconf 85' lang='lat' dir='ltr'><strong>Urbi,</strong></span> <span class='ocrx_word' id='word_1_124' title='bbox 2890 528 2996 566; x_wconf 87' lang='lat' dir='ltr'><strong>non</strong></span> <span class='ocrx_word' id='word_1_125' title='bbox 3025 529 3142 583; x_wconf 70' lang='lat' dir='ltr'><strong>quae</strong></span> <span class='ocrx_word' id='word_1_126' title='bbox 3167 515 3266 570; x_wconf 90' lang='lat' dir='ltr'><strong>sibi</strong></span> <span class='ocrx_word' id='word_1_127' title='bbox 3291 533 3423 571; x_wconf 86' lang='lat' dir='ltr'><strong>con-</strong></span> 
     </span>
    </p>
   </div>
   <div class='ocr_carea' id='block_1_18' title="bbox 1886 599 3425 666">
    <p class='ocr_par' dir='ltr' id='par_1_18' title="bbox 1886 599 3425 666">
     <span class='ocr_line' id='line_1_18' title="bbox 1886 599 3425 666; baseline 0.002 -8"><span class='ocrx_word' id='word_1_128' title='bbox 1886 606 2160 666; x_wconf 80' lang='lat' dir='ltr'><strong>venirent,</strong></span> <span class='ocrx_word' id='word_1_129' title='bbox 2200 611 2256 656; x_wconf 91' lang='lat' dir='ltr'><strong>ut</strong></span> <span class='ocrx_word' id='word_1_130' title='bbox 2281 609 2423 656; x_wconf 91' lang='lat' dir='ltr'><strong>certe</strong></span> <span class='ocrx_word' id='word_1_131' title='bbox 2449 599 2578 654; x_wconf 85' lang='lat' dir='ltr'><strong>Urbi</strong></span> <span class='ocrx_word' id='word_1_132' title='bbox 2604 604 2945 657; x_wconf 87' lang='lat' dir='ltr'><strong>conveniunt.</strong></span> <span class='ocrx_word' id='word_1_133' title='bbox 2987 601 3135 658; x_wconf 87' lang='lat' dir='ltr'><strong>Unde</strong></span> <span class='ocrx_word' id='word_1_134' title='bbox 3153 609 3425 662; x_wconf 86' lang='lat' dir='ltr'><strong>evanescit</strong></span> 
     </span>
    </p>
   </div>
   <div class='ocr_carea' id='block_1_19' title="bbox 1886 689 3424 763">
    <p class='ocr_par' dir='ltr' id='par_1_19' title="bbox 1886 689 3424 763">
     <span class='ocr_line' id='line_1_19' title="bbox 1886 689 3424 763; baseline 0.003 -18"><span class='ocrx_word' id='word_1_135' title='bbox 1886 692 2145 763; x_wconf 90' lang='lat' dir='ltr'><strong>quidquid</strong></span> <span class='ocrx_word' id='word_1_136' title='bbox 2190 691 2465 759; x_wconf 85' lang='lat' dir='ltr'><strong>objicitur.</strong></span> <span class='ocrx_word' id='word_1_137' title='bbox 2505 689 2607 743; x_wconf 85' lang='lat' dir='ltr'><strong>Alii</strong></span> <span class='ocrx_word' id='word_1_138' title='bbox 2650 691 2928 759; x_wconf 87' lang='lat' dir='ltr'><strong>epistolam</strong></span> <span class='ocrx_word' id='word_1_139' title='bbox 2974 696 3195 748; x_wconf 87' lang='lat' dir='ltr'><strong>missam</strong></span> <span class='ocrx_word' id='word_1_140' title='bbox 3237 697 3424 749; x_wconf 88' lang='lat' dir='ltr'><strong>volunt</strong></span> 
     </span>
    </p>
   </div>
   <div class='ocr_carea' id='block_1_20' title="bbox 1887 779 3420 849">
    <p class='ocr_par' dir='ltr' id='par_1_20' title="bbox 1887 779 3420 849">
     <span class='ocr_line' id='line_1_20' title="bbox 1887 779 3420 849; baseline 0.001 -13"><span class='ocrx_word' id='word_1_141' title='bbox 1887 798 2028 836; x_wconf 90' lang='lat' dir='ltr'><strong>anno</strong></span> <span class='ocrx_word' id='word_1_142' title='bbox 2059 781 2270 835; x_wconf 89' lang='lat' dir='ltr'><strong>Domini</strong></span> <span class='ocrx_word' id='word_1_143' title='bbox 2301 780 2388 846; x_wconf 83' lang='lat'><strong>95,</strong></span> <span class='ocrx_word' id='word_1_144' title='bbox 2427 779 2663 834; x_wconf 81' lang='lat' dir='ltr'><strong>fervente</strong></span> <span class='ocrx_word' id='word_1_145' title='bbox 2704 781 3074 849; x_wconf 85' lang='lat' dir='ltr'><strong>persecutione</strong></span> <span class='ocrx_word' id='word_1_146' title='bbox 3115 780 3420 840; x_wconf 88' lang='lat' dir='ltr'><strong>Domitiani.</strong></span> 
     </span>
    </p>
   </div>
   <div class='ocr_carea' id='block_1_21' title="bbox 1885 868 3424 936">
    <p class='ocr_par' dir='ltr' id='par_1_21' title="bbox 1885 868 3424 936">
     <span class='ocr_line' id='line_1_21' title="bbox 1885 868 3424 936; baseline 0.002 -14"><span class='ocrx_word' id='word_1_147' title='bbox 1885 869 2102 923; x_wconf 79' lang='lat' dir='ltr'><strong>Rectius</strong></span> <span class='ocrx_word' id='word_1_148' title='bbox 2148 876 2327 921; x_wconf 89' lang='lat' dir='ltr'><strong>tamen</strong></span> <span class='ocrx_word' id='word_1_149' title='bbox 2360 884 2516 936; x_wconf 89' lang='lat' dir='ltr'><strong>quam</strong></span> <span class='ocrx_word' id='word_1_150' title='bbox 2553 868 2797 931; x_wconf 83' lang='lat' dir='ltr'><strong>fervens,</strong></span> <span class='ocrx_word' id='word_1_151' title='bbox 2843 869 3096 924; x_wconf 89' lang='lat' dir='ltr'><strong>desinens</strong></span> <span class='ocrx_word' id='word_1_152' title='bbox 3146 880 3424 926; x_wconf 88' lang='lat' dir='ltr'><strong>notaretur</strong></span> 
     </span>
    </p>
   </div>
   <div class='ocr_carea' id='block_1_22' title="bbox 1884 959 3413 1030">
    <p class='ocr_par' dir='ltr' id='par_1_22' title="bbox 1884 959 3413 1030">
     <span class='ocr_line' id='line_1_22' title="bbox 1884 959 3413 1030; baseline 0 -16"><span class='ocrx_word' id='word_1_153' title='bbox 1884 959 2218 1028; x_wconf 88' lang='lat' dir='ltr'><strong>persecutio,</strong></span> <span class='ocrx_word' id='word_1_154' title='bbox 2251 973 2410 1026; x_wconf 87' lang='lat' dir='ltr'><strong>quam</strong></span> <span class='ocrx_word' id='word_1_155' title='bbox 2454 959 2705 1010; x_wconf 90' lang='lat' dir='ltr'><strong>nimirum</strong></span> <span class='ocrx_word' id='word_1_156' title='bbox 2739 959 2912 1011; x_wconf 92' lang='lat' dir='ltr'><strong>innuit</strong></span> <span class='ocrx_word' id='word_1_157' title='bbox 2942 960 3178 1027; x_wconf 68' lang='lat' dir='ltr'><strong>epistolae</strong></span> <span class='ocrx_word' id='word_1_158' title='bbox 3216 963 3413 1030; x_wconf 84' lang='lat' dir='ltr'><strong>princi-</strong></span> 
     </span>
    </p>
   </div>
   <div class='ocr_carea' id='block_1_23' title="bbox 1885 1047 3424 1117">
    <p class='ocr_par' dir='ltr' id='par_1_23' title="bbox 1885 1047 3424 1117">
     <span class='ocr_line' id='line_1_23' title="bbox 1885 1047 3424 1117; baseline 0.002 -18"><span class='ocrx_word' id='word_1_159' title='bbox 1885 1049 2052 1117; x_wconf 89' lang='lat' dir='ltr'><strong>pium,</strong></span> <span class='ocrx_word' id='word_1_160' title='bbox 2088 1062 2312 1116; x_wconf 65' lang='lat' dir='ltr'><strong>qumque</strong></span> <span class='ocrx_word' id='word_1_161' title='bbox 2353 1048 2526 1116; x_wconf 87' lang='lat' dir='ltr'><strong>aptior</strong></span> <span class='ocrx_word' id='word_1_162' title='bbox 2566 1047 2668 1101; x_wconf 83' lang='lat' dir='ltr'><strong>fuit</strong></span> <span class='ocrx_word' id='word_1_163' title='bbox 2698 1048 2763 1100; x_wconf 89' lang='lat' dir='ltr'><strong>ad</strong></span> <span class='ocrx_word' id='word_1_164' title='bbox 2794 1049 3143 1104; x_wconf 89' lang='lat' dir='ltr'><strong>destinandos</strong></span> <span class='ocrx_word' id='word_1_165' title='bbox 3175 1065 3298 1103; x_wconf 89' lang='lat' dir='ltr'><strong>cum</strong></span> <span class='ocrx_word' id='word_1_166' title='bbox 3337 1051 3424 1103; x_wconf 81' lang='lat' dir='ltr'><strong>lit-</strong></span> 
     </span>
    </p>
   </div>
   <div class='ocr_carea' id='block_1_24' title="bbox 1884 1136 3418 1208">
    <p class='ocr_par' dir='ltr' id='par_1_24' title="bbox 1884 1136 3418 1208">
     <span class='ocr_line' id='line_1_24' title="bbox 1884 1136 3418 1208; baseline 0.005 -20"><span class='ocrx_word' id='word_1_167' title='bbox 1884 1138 2013 1190; x_wconf 89' lang='lat' dir='ltr'><strong>teris</strong></span> <span class='ocrx_word' id='word_1_168' title='bbox 2054 1136 2290 1205; x_wconf 88' lang='lat' dir='ltr'><strong>quinque</strong></span> <span class='ocrx_word' id='word_1_169' title='bbox 2341 1137 2566 1206; x_wconf 80' lang='lat' dir='ltr'><strong>legatos,</strong></span> <span class='ocrx_word' id='word_1_170' title='bbox 2602 1139 2904 1192; x_wconf 89' lang='lat' dir='ltr'><strong>nominatos</strong></span> <span class='ocrx_word' id='word_1_171' title='bbox 2945 1139 2997 1191; x_wconf 90' lang='lat' dir='ltr'><strong>in</strong></span> <span class='ocrx_word' id='word_1_172' title='bbox 3033 1141 3133 1193; x_wconf 85' lang='lat' dir='ltr'><strong>line</strong></span> <span class='ocrx_word' id='word_1_173' title='bbox 3159 1141 3418 1208; x_wconf 69' lang='lat' dir='ltr'><strong>epistolae.</strong></span> 
     </span>
    </p>
   </div>
   <div class='ocr_carea' id='block_1_25' title="bbox 1950 1222 3422 1294">
    <p class='ocr_par' dir='ltr' id='par_1_25' title="bbox 1950 1222 3422 1294">
     <span class='ocr_line' id='line_1_25' title="bbox 1950 1222 3422 1294; baseline 0.003 -20"><span class='ocrx_word' id='word_1_174' title='bbox 1950 1222 2212 1276; x_wconf 67' lang='lat' dir='ltr'><strong>Caeterum</strong></span> <span class='ocrx_word' id='word_1_175' title='bbox 2260 1238 2383 1291; x_wconf 89' lang='lat' dir='ltr'><strong>spes</strong></span> <span class='ocrx_word' id='word_1_176' title='bbox 2432 1223 2653 1276; x_wconf 88' lang='lat' dir='ltr'><strong>Patricii</strong></span> <span class='ocrx_word' id='word_1_177' title='bbox 2680 1222 2825 1276; x_wconf 85' lang='lat' dir='ltr'><strong>Junii</strong></span> <span class='ocrx_word' id='word_1_178' title='bbox 2888 1224 2953 1277; x_wconf 91' lang='lat' dir='ltr'><strong>de</strong></span> <span class='ocrx_word' id='word_1_179' title='bbox 3003 1223 3422 1294; x_wconf 80' lang='lat' dir='ltr'><strong>Hieronyiniana</strong></span> 
     </span>
    </p>
   </div>
   <div class='ocr_carea' id='block_1_26' title="bbox 1882 1311 3421 1382">
    <p class='ocr_par' dir='ltr' id='par_1_26' title="bbox 1882 1311 3421 1382">
     <span class='ocr_line' id='line_1_26' title="bbox 1882 1311 3421 1382; baseline 0.003 -17"><span class='ocrx_word' id='word_1_180' title='bbox 1882 1311 2224 1366; x_wconf 75' lang='lat' dir='ltr'><strong>Clementinze</strong></span> <span class='ocrx_word' id='word_1_181' title='bbox 2252 1315 2488 1381; x_wconf 82' lang='lat' dir='ltr'><strong>epistolae</strong></span> <span class='ocrx_word' id='word_1_182' title='bbox 2507 1314 2960 1381; x_wconf 81' lang='lat' dir='ltr'><strong>interpretatione,</strong></span> <span class='ocrx_word' id='word_1_183' title='bbox 2986 1313 3117 1366; x_wconf 92' lang='lat' dir='ltr'><strong>mihi</strong></span> <span class='ocrx_word' id='word_1_184' title='bbox 3147 1315 3421 1382; x_wconf 90' lang='lat' dir='ltr'><strong>pertenuis</strong></span> 
     </span>
    </p>
   </div>
   <div class='ocr_carea' id='block_1_27' title="bbox 1882 1403 3421 1466">
    <p class='ocr_par' dir='ltr' id='par_1_27' title="bbox 1882 1403 3421 1466">
     <span class='ocr_line' id='line_1_27' title="bbox 1882 1403 3421 1466; baseline 0.001 -11"><span class='ocrx_word' id='word_1_185' title='bbox 1882 1410 1974 1456; x_wconf 91' lang='lat' dir='ltr'><strong>aut</strong></span> <span class='ocrx_word' id='word_1_186' title='bbox 2000 1404 2141 1456; x_wconf 90' lang='lat' dir='ltr'><strong>nulla</strong></span> <span class='ocrx_word' id='word_1_187' title='bbox 2184 1410 2286 1465; x_wconf 91' lang='lat' dir='ltr'><strong>est,</strong></span> <span class='ocrx_word' id='word_1_188' title='bbox 2349 1403 2690 1456; x_wconf 85' lang='lat' dir='ltr'><strong>librariorum</strong></span> <span class='ocrx_word' id='word_1_189' title='bbox 2741 1403 2892 1457; x_wconf 89' lang='lat' dir='ltr'><strong>dolos</strong></span> <span class='ocrx_word' id='word_1_190' title='bbox 2926 1403 3313 1466; x_wconf 87' lang='lat' dir='ltr'><strong>consideranti,</strong></span> <span class='ocrx_word' id='word_1_191' title='bbox 3365 1408 3421 1457; x_wconf 84' lang='lat' dir='ltr'><strong>et</strong></span> 
     </span>
    </p>
   </div>
   <div class='ocr_carea' id='block_1_28' title="bbox 1881 1491 3417 1560">
    <p class='ocr_par' dir='ltr' id='par_1_28' title="bbox 1881 1491 3417 1560">
     <span class='ocr_line' id='line_1_28' title="bbox 1881 1491 3417 1560; baseline 0.001 -16"><span class='ocrx_word' id='word_1_192' title='bbox 1881 1507 1988 1560; x_wconf 90' lang='lat' dir='ltr'><strong>quo</strong></span> <span class='ocrx_word' id='word_1_193' title='bbox 2007 1500 2186 1559; x_wconf 87' lang='lat' dir='ltr'><strong>pacto,</strong></span> <span class='ocrx_word' id='word_1_194' title='bbox 2204 1499 2262 1543; x_wconf 92' lang='lat' dir='ltr'><strong>ut</strong></span> <span class='ocrx_word' id='word_1_195' title='bbox 2284 1493 2687 1545; x_wconf 89' lang='lat' dir='ltr'><strong>vendibiliorem</strong></span> <span class='ocrx_word' id='word_1_196' title='bbox 2720 1507 2948 1544; x_wconf 89' lang='lat' dir='ltr'><strong>mercem</strong></span> <span class='ocrx_word' id='word_1_197' title='bbox 2975 1492 3248 1557; x_wconf 87' lang='lat' dir='ltr'><strong>haberent,</strong></span> <span class='ocrx_word' id='word_1_198' title='bbox 3263 1491 3417 1546; x_wconf 90' lang='lat' dir='ltr'><strong>odio-</strong></span> 
     </span>
    </p>
   </div>
   <div class='ocr_carea' id='block_1_29' title="bbox 1883 1577 3422 1648">
    <p class='ocr_par' dir='ltr' id='par_1_29' title="bbox 1883 1577 3422 1648">
     <span class='ocr_line' id='line_1_29' title="bbox 1883 1577 3422 1648; baseline -0.001 -16"><span class='ocrx_word' id='word_1_199' title='bbox 1883 1594 1999 1632; x_wconf 90' lang='lat' dir='ltr'><strong>sum</strong></span> <span class='ocrx_word' id='word_1_200' title='bbox 2029 1577 2207 1631; x_wconf 81' lang='lat' dir='ltr'><strong>Ruﬁni</strong></span> <span class='ocrx_word' id='word_1_201' title='bbox 2239 1594 2428 1632; x_wconf 92' lang='lat' dir='ltr'><strong>nomen</strong></span> <span class='ocrx_word' id='word_1_202' title='bbox 2457 1595 2485 1633; x_wconf 92' lang='lat' dir='ltr'><strong>e</strong></span> <span class='ocrx_word' id='word_1_203' title='bbox 2513 1579 2778 1647; x_wconf 89' lang='lat' dir='ltr'><strong>principio</strong></span> <span class='ocrx_word' id='word_1_204' title='bbox 2805 1593 2865 1631; x_wconf 90' lang='lat' dir='ltr'><strong>ac</strong></span> <span class='ocrx_word' id='word_1_205' title='bbox 2901 1578 3001 1631; x_wconf 87' lang='lat' dir='ltr'><strong>ﬁne</strong></span> <span class='ocrx_word' id='word_1_206' title='bbox 3025 1579 3422 1648; x_wconf 88' lang='lat' dir='ltr'><strong>interpretatio-</strong></span> 
     </span>
    </p>
   </div>
   <div class='ocr_carea' id='block_1_30' title="bbox 1882 1666 3418 1736">
    <p class='ocr_par' dir='ltr' id='par_1_30' title="bbox 1882 1666 3418 1736">
     <span class='ocr_line' id='line_1_30' title="bbox 1882 1666 3418 1736; baseline 0 -16"><span class='ocrx_word' id='word_1_207' title='bbox 1882 1668 1968 1720; x_wconf 91' lang='lat' dir='ltr'><strong>nis</strong></span> <span class='ocrx_word' id='word_1_208' title='bbox 2014 1666 2461 1735; x_wconf 86' lang='lat' dir='ltr'><strong>Explanationum</strong></span> <span class='ocrx_word' id='word_1_209' title='bbox 2505 1667 2747 1736; x_wconf 86' lang='lat' dir='ltr'><strong>Origenis</strong></span> <span class='ocrx_word' id='word_1_210' title='bbox 2772 1668 2824 1720; x_wconf 92' lang='lat' dir='ltr'><strong>in</strong></span> <span class='ocrx_word' id='word_1_211' title='bbox 2864 1667 3151 1735; x_wconf 89' lang='lat' dir='ltr'><strong>Epistolam</strong></span> <span class='ocrx_word' id='word_1_212' title='bbox 3201 1669 3265 1720; x_wconf 88' lang='lat' dir='ltr'><strong>ad</strong></span> <span class='ocrx_word' id='word_1_213' title='bbox 3308 1667 3418 1720; x_wconf 78' lang='lat' dir='ltr'><strong>Ro-</strong></span> 
     </span>
    </p>
   </div>
   <div class='ocr_carea' id='block_1_31' title="bbox 205 1742 3418 1838">
    <p class='ocr_par' dir='ltr' id='par_1_31' title="bbox 205 1742 3418 1838">
     <span class='ocr_line' id='line_1_31' title="bbox 205 1742 3418 1838; baseline -0.004 -16"><span class='ocrx_word' id='word_1_214' title='bbox 205 1770 528 1835; x_wconf 87' lang='lat' dir='ltr'><strong>doctissimi,</strong></span> <span class='ocrx_word' id='word_1_215' title='bbox 572 1742 859 1831; x_wconf 76' lang='lat' dir='ltr'><strong>meminit,</strong></span> <span class='ocrx_word' id='word_1_216' title='bbox 893 1784 1016 1838; x_wconf 87' lang='lat' dir='ltr'><strong>cap.</strong></span> <span class='ocrx_word' id='word_1_217' title='bbox 1044 1769 1136 1833; x_wconf 66' lang='grc'><strong>41,</strong></span> <span class='ocrx_word' id='word_1_218' title='bbox 1174 1742 1508 1823; x_wconf 81' lang='lat' dir='ltr'><strong>oblationum</strong></span> <span class='ocrx_word' id='word_1_219' title='bbox 1562 1771 1616 1822; x_wconf 90' lang='lat' dir='ltr'><strong>in</strong></span> <span class='ocrx_word' id='word_1_220' title='bbox 1649 1778 1779 1823; x_wconf 83' lang='lat' dir='ltr'><strong>tem-</strong></span> <span class='ocrx_word' id='word_1_221' title='bbox 1812 1742 1854 1795; x_wconf 73' lang='grc' dir='ltr'>Β</span> <span class='ocrx_word' id='word_1_222' title='bbox 1883 1771 2069 1811; x_wconf 88' lang='lat' dir='ltr'><strong>manos</strong></span> <span class='ocrx_word' id='word_1_223' title='bbox 2094 1759 2409 1811; x_wconf 88' lang='lat' dir='ltr'><strong>sustulerint</strong></span> <span class='ocrx_word' id='word_1_224' title='bbox 2439 1759 2603 1826; x_wconf 78' lang='lat' dir='ltr'><strong>(quod</strong></span> <span class='ocrx_word' id='word_1_225' title='bbox 2637 1767 2813 1810; x_wconf 83' lang='lat' dir='ltr'><strong>tamen</strong></span> <span class='ocrx_word' id='word_1_226' title='bbox 2846 1758 3040 1812; x_wconf 88' lang='lat' dir='ltr'><strong>retinet</strong></span> <span class='ocrx_word' id='word_1_227' title='bbox 3073 1757 3240 1810; x_wconf 73' lang='lat' dir='ltr'><strong>codex</strong></span> <span class='ocrx_word' id='word_1_228' title='bbox 3271 1757 3418 1810; x_wconf 87' lang='lat' dir='ltr'><strong>Thu-</strong></span> 
     </span>
    </p>
   </div>
   <div class='ocr_carea' id='block_1_32' title="bbox 207 1856 1782 1926">
    <p class='ocr_par' dir='ltr' id='par_1_32' title="bbox 207 1856 1782 1926">
     <span class='ocr_line' id='line_1_32' title="bbox 207 1856 1782 1926; baseline 0.001 -19"><span class='ocrx_word' id='word_1_229' title='bbox 207 1858 322 1923; x_wconf 88' lang='lat' dir='ltr'><strong>plo.</strong></span> <span class='ocrx_word' id='word_1_230' title='bbox 348 1856 542 1920; x_wconf 86' lang='lat' dir='ltr'><strong>Quidni</strong></span> <span class='ocrx_word' id='word_1_231' title='bbox 573 1857 961 1911; x_wconf 83' lang='lat' dir='ltr'><strong>meminisset?</strong></span> <span class='ocrx_word' id='word_1_232' title='bbox 991 1872 1117 1910; x_wconf 91' lang='lat' dir='ltr'><strong>cum</strong></span> <span class='ocrx_word' id='word_1_233' title='bbox 1140 1873 1287 1910; x_wconf 91' lang='lat' dir='ltr'><strong>nunc</strong></span> <span class='ocrx_word' id='word_1_234' title='bbox 1307 1872 1538 1926; x_wconf 87' lang='lat' dir='ltr'><strong>quoque,</strong></span> <span class='ocrx_word' id='word_1_235' title='bbox 1569 1865 1646 1910; x_wconf 94' lang='lat' dir='ltr'><strong>tot</strong></span> <span class='ocrx_word' id='word_1_236' title='bbox 1671 1858 1782 1911; x_wconf 87' lang='lat' dir='ltr'><strong>ela-</strong></span> 
     </span>
    </p>
   </div>
   <div class='ocr_carea' id='block_1_33' title="bbox 202 1945 1781 2014">
    <p class='ocr_par' dir='ltr' id='par_1_33' title="bbox 202 1945 1781 2014">
     <span class='ocr_line' id='line_1_33' title="bbox 202 1945 1781 2014; baseline 0.003 -18"><span class='ocrx_word' id='word_1_237' title='bbox 202 1945 324 2012; x_wconf 86' lang='lat' dir='ltr'><strong>psis</strong></span> <span class='ocrx_word' id='word_1_238' title='bbox 363 1947 618 2008; x_wconf 71' lang='lat' dir='ltr'><strong>saeculis,</strong></span> <span class='ocrx_word' id='word_1_239' title='bbox 673 1961 778 2014; x_wconf 89' lang='lat' dir='ltr'><strong>par</strong></span> <span class='ocrx_word' id='word_1_240' title='bbox 823 1947 1030 2001; x_wconf 87' lang='lat' dir='ltr'><strong>mentio</strong></span> <span class='ocrx_word' id='word_1_241' title='bbox 1084 1947 1333 2012; x_wconf 86' lang='lat' dir='ltr'><strong>idemque</strong></span> <span class='ocrx_word' id='word_1_242' title='bbox 1375 1960 1549 2000; x_wconf 90' lang='lat' dir='ltr'><strong>sermo</strong></span> <span class='ocrx_word' id='word_1_243' title='bbox 1595 1946 1781 2000; x_wconf 88' lang='lat' dir='ltr'><strong>haberi</strong></span> 
     </span>
    </p>
   </div>
   <div class='ocr_carea' id='block_1_34' title="bbox 202 2035 1780 2105">
    <p class='ocr_par' dir='ltr' id='par_1_34' title="bbox 202 2035 1780 2105">
     <span class='ocr_line' id='line_1_34' title="bbox 202 2035 1780 2105; baseline 0.001 -19"><span class='ocrx_word' id='word_1_244' title='bbox 202 2043 391 2102; x_wconf 86' lang='lat' dir='ltr'><strong>queat;</strong></span> <span class='ocrx_word' id='word_1_245' title='bbox 442 2036 925 2103; x_wconf 85' lang='lat' dir='ltr'><strong>quemadmodum</strong></span> <span class='ocrx_word' id='word_1_246' title='bbox 967 2037 1166 2105; x_wconf 79' lang='lat' dir='ltr'><strong>legenti</strong></span> <span class='ocrx_word' id='word_1_247' title='bbox 1201 2035 1420 2104; x_wconf 85' lang='lat' dir='ltr'><strong>patebit.</strong></span> <span class='ocrx_word' id='word_1_248' title='bbox 1471 2035 1572 2087; x_wconf 89' lang='lat' dir='ltr'><strong>Alii</strong></span> <span class='ocrx_word' id='word_1_249' title='bbox 1604 2037 1780 2103; x_wconf 90' lang='lat' dir='ltr'><strong>suspi-</strong></span> 
     </span>
    </p>
   </div>
   <div class='ocr_carea' id='block_1_35' title="bbox 196 2124 1775 2190">
    <p class='ocr_par' dir='ltr' id='par_1_35' title="bbox 196 2124 1775 2190">
     <span class='ocr_line' id='line_1_35' title="bbox 196 2124 1775 2190; baseline 0 -13"><span class='ocrx_word' id='word_1_250' title='bbox 196 2135 391 2178; x_wconf 80' lang='lat' dir='ltr'><strong>cantur</strong></span> <span class='ocrx_word' id='word_1_251' title='bbox 416 2140 450 2179; x_wconf 86' lang='lat' dir='ltr'><strong>a</strong></span> <span class='ocrx_word' id='word_1_252' title='bbox 477 2124 774 2180; x_wconf 88' lang='lat' dir='ltr'><strong>Clemente</strong></span> <span class='ocrx_word' id='word_1_253' title='bbox 802 2128 993 2180; x_wconf 83' lang='lat' dir='ltr'><strong>exsule</strong></span> <span class='ocrx_word' id='word_1_254' title='bbox 1030 2127 1201 2179; x_wconf 79' lang='lat' dir='ltr'><strong>laetas</strong></span> <span class='ocrx_word' id='word_1_255' title='bbox 1231 2126 1465 2190; x_wconf 87' lang='lat' dir='ltr'><strong>litteras,</strong></span> <span class='ocrx_word' id='word_1_256' title='bbox 1491 2126 1591 2180; x_wconf 87' lang='lat' dir='ltr'><strong>sub</strong></span> <span class='ocrx_word' id='word_1_257' title='bbox 1620 2125 1775 2178; x_wconf 88' lang='lat' dir='ltr'><strong>ﬁnem</strong></span> 
     </span>
    </p>
   </div>
   <div class='ocr_carea' id='block_1_36' title="bbox 193 2214 1777 2285">
    <p class='ocr_par' dir='ltr' id='par_1_36' title="bbox 193 2214 1777 2285">
     <span class='ocr_line' id='line_1_36' title="bbox 193 2214 1777 2285; baseline 0.003 -21"><span class='ocrx_word' id='word_1_258' title='bbox 193 2214 351 2270; x_wconf 71' lang='lat' dir='ltr'><strong>vitae:</strong></span> <span class='ocrx_word' id='word_1_259' title='bbox 379 2219 513 2285; x_wconf 87' lang='lat' dir='ltr'><strong>quia</strong></span> <span class='ocrx_word' id='word_1_260' title='bbox 548 2232 680 2285; x_wconf 85' lang='lat' dir='ltr'><strong>cap.</strong></span> <span class='ocrx_word' id='word_1_261' title='bbox 726 2218 762 2270; x_wconf 84' lang='lat'><strong>5</strong></span> <span class='ocrx_word' id='word_1_262' title='bbox 786 2217 920 2270; x_wconf 88' lang='lat' dir='ltr'><strong>dicit</strong></span> <span class='ocrx_word' id='word_1_263' title='bbox 948 2216 1178 2270; x_wconf 89' lang='lat' dir='ltr'><strong>Paulum</strong></span> <span class='ocrx_word' id='word_1_264' title='bbox 1200 2217 1254 2270; x_wconf 92' lang='lat' dir='ltr'><strong>in</strong></span> <span class='ocrx_word' id='word_1_265' title='bbox 1283 2217 1479 2270; x_wconf 89' lang='lat' dir='ltr'><strong>ﬁnibus</strong></span> <span class='ocrx_word' id='word_1_266' title='bbox 1515 2214 1777 2270; x_wconf 82' lang='lat' dir='ltr'><strong>Occiden-</strong></span> 
     </span>
    </p>
   </div>
   <div class='ocr_carea' id='block_1_37' title="bbox 192 2302 1779 2371">
    <p class='ocr_par' dir='ltr' id='par_1_37' title="bbox 192 2302 1779 2371">
     <span class='ocr_line' id='line_1_37' title="bbox 192 2302 1779 2371; baseline 0.001 -18"><span class='ocrx_word' id='word_1_267' title='bbox 192 2302 263 2354; x_wconf 90' lang='lat' dir='ltr'><strong>tis</strong></span> <span class='ocrx_word' id='word_1_268' title='bbox 283 2319 512 2371; x_wconf 80' lang='lat' dir='ltr'><strong>passum</strong></span> <span class='ocrx_word' id='word_1_269' title='bbox 546 2321 704 2366; x_wconf 87' lang='lat' dir='ltr'><strong>esse,</strong></span> <span class='ocrx_word' id='word_1_270' title='bbox 737 2319 840 2357; x_wconf 85' lang='lat' dir='ltr'><strong>nec</strong></span> <span class='ocrx_word' id='word_1_271' title='bbox 883 2305 1036 2357; x_wconf 89' lang='lat' dir='ltr'><strong>urbis</strong></span> <span class='ocrx_word' id='word_1_272' title='bbox 1065 2302 1249 2356; x_wconf 72' lang='lat' dir='ltr'><strong>Romae</strong></span> <span class='ocrx_word' id='word_1_273' title='bbox 1281 2303 1408 2356; x_wconf 82' lang='lat' dir='ltr'><strong>facit</strong></span> <span class='ocrx_word' id='word_1_274' title='bbox 1459 2317 1779 2356; x_wconf 90' lang='lat' dir='ltr'><strong>commemo-</strong></span> 
     </span>
    </p>
   </div>
   <div class='ocr_carea' id='block_1_38' title="bbox 187 2389 1779 2461">
    <p class='ocr_par' dir='ltr' id='par_1_38' title="bbox 187 2389 1779 2461">
     <span class='ocr_line' id='line_1_38' title="bbox 187 2389 1779 2461; baseline 0.003 -21"><span class='ocrx_word' id='word_1_275' title='bbox 187 2391 492 2457; x_wconf 85' lang='lat' dir='ltr'><strong>rationem;</strong></span> <span class='ocrx_word' id='word_1_276' title='bbox 513 2400 573 2447; x_wconf 91' lang='lat' dir='ltr'><strong>et</strong></span> <span class='ocrx_word' id='word_1_277' title='bbox 605 2393 744 2461; x_wconf 89' lang='lat' dir='ltr'><strong>quia</strong></span> <span class='ocrx_word' id='word_1_278' title='bbox 772 2391 827 2444; x_wconf 88' lang='lat' dir='ltr'><strong>in</strong></span> <span class='ocrx_word' id='word_1_279' title='bbox 847 2391 1006 2443; x_wconf 89' lang='lat' dir='ltr'><strong>initio</strong></span> <span class='ocrx_word' id='word_1_280' title='bbox 1029 2391 1362 2445; x_wconf 86' lang='lat' dir='ltr'><strong>calamitates</strong></span> <span class='ocrx_word' id='word_1_281' title='bbox 1404 2389 1779 2444; x_wconf 87' lang='lat' dir='ltr'><strong>adversitates—</strong></span> 
     </span>
    </p>
   </div>
   <div class='ocr_carea' id='block_1_39' title="bbox 184 2474 1780 2549">
    <p class='ocr_par' dir='ltr' id='par_1_39' title="bbox 184 2474 1780 2549">
     <span class='ocr_line' id='line_1_39' title="bbox 184 2474 1780 2549; baseline 0.001 -22"><span class='ocrx_word' id='word_1_282' title='bbox 184 2488 291 2541; x_wconf 85' lang='lat' dir='ltr'><strong>que</strong></span> <span class='ocrx_word' id='word_1_283' title='bbox 346 2492 479 2533; x_wconf 83' lang='lat' dir='ltr'><strong>suas</strong></span> <span class='ocrx_word' id='word_1_284' title='bbox 535 2478 829 2549; x_wconf 86' lang='lat' dir='ltr'><strong>proponit.</strong></span> <span class='ocrx_word' id='word_1_285' title='bbox 889 2475 1090 2530; x_wconf 85' lang='lat' dir='ltr'><strong>Verum</strong></span> <span class='ocrx_word' id='word_1_286' title='bbox 1138 2476 1262 2545; x_wconf 87' lang='lat' dir='ltr'><strong>quis</strong></span> <span class='ocrx_word' id='word_1_287' title='bbox 1304 2476 1486 2529; x_wconf 87' lang='lat' dir='ltr'><strong>credat</strong></span> <span class='ocrx_word' id='word_1_288' title='bbox 1524 2474 1780 2529; x_wconf 75' lang='lat' dir='ltr'><strong>Romanis</strong></span> 
     </span>
    </p>
   </div>
   <div class='ocr_carea' id='block_1_40' title="bbox 179 2561 1780 2632">
    <p class='ocr_par' dir='ltr' id='par_1_40' title="bbox 179 2561 1780 2632">
     <span class='ocr_line' id='line_1_40' title="bbox 179 2561 1780 2632; baseline 0.002 -20"><span class='ocrx_word' id='word_1_289' title='bbox 179 2561 395 2620; x_wconf 74' lang='lat' dir='ltr'><strong>adium</strong></span> <span class='ocrx_word' id='word_1_290' title='bbox 443 2567 895 2632; x_wconf 87' lang='lat' dir='ltr'><strong>Chersonesum,</strong></span> <span class='ocrx_word' id='word_1_291' title='bbox 926 2573 985 2618; x_wconf 92' lang='lat' dir='ltr'><strong>ut</strong></span> <span class='ocrx_word' id='word_1_292' title='bbox 1015 2566 1081 2620; x_wconf 89' lang='lat' dir='ltr'><strong>ad</strong></span> <span class='ocrx_word' id='word_1_293' title='bbox 1100 2564 1408 2621; x_wconf 82' lang='lat' dir='ltr'><strong>Corinthios</strong></span> <span class='ocrx_word' id='word_1_294' title='bbox 1440 2564 1780 2621; x_wconf 86' lang='lat' dir='ltr'><strong>scriberent?</strong></span> 
     </span>
    </p>
   </div>
   <div class='ocr_carea' id='block_1_41' title="bbox 1881 1847 3416 1918">
    <p class='ocr_par' dir='ltr' id='par_1_41' title="bbox 1881 1847 3416 1918">
     <span class='ocr_line' id='line_1_41' title="bbox 1881 1847 3416 1918; baseline 0.001 -18"><span class='ocrx_word' id='word_1_295' title='bbox 1881 1861 1994 1900; x_wconf 70' lang='lat' dir='ltr'><strong>ante</strong></span> <span class='ocrx_word' id='word_1_296' title='bbox 2025 1847 2376 1918; x_wconf 82' lang='lat' dir='ltr'><strong>bibliothecae)</strong></span> <span class='ocrx_word' id='word_1_297' title='bbox 2411 1862 2473 1901; x_wconf 90' lang='lat' dir='ltr'><strong>ac</strong></span> <span class='ocrx_word' id='word_1_298' title='bbox 2503 1848 2790 1901; x_wconf 84' lang='lat' dir='ltr'><strong>favorabile</strong></span> <span class='ocrx_word' id='word_1_299' title='bbox 2823 1848 3128 1917; x_wconf 84' lang='lat' dir='ltr'><strong>Hieronymi</strong></span> <span class='ocrx_word' id='word_1_300' title='bbox 3178 1848 3416 1901; x_wconf 80' lang='lat' dir='ltr'><strong>intruse-</strong></span> 
     </span>
    </p>
   </div>
   <div class='ocr_carea' id='block_1_42' title="bbox 1878 1934 3418 2006">
    <p class='ocr_par' dir='ltr' id='par_1_42' title="bbox 1878 1934 3418 2006">
     <span class='ocr_line' id='line_1_42' title="bbox 1878 1934 3418 2006; baseline -0.001 -18"><span class='ocrx_word' id='word_1_301' title='bbox 1878 1935 2005 1989; x_wconf 91' lang='lat' dir='ltr'><strong>rint.</strong></span> <span class='ocrx_word' id='word_1_302' title='bbox 2031 1934 2293 2000; x_wconf 88' lang='lat' dir='ltr'><strong>Quocirca</strong></span> <span class='ocrx_word' id='word_1_303' title='bbox 2326 1937 2561 2006; x_wconf 90' lang='lat' dir='ltr'><strong>suspicio</strong></span> <span class='ocrx_word' id='word_1_304' title='bbox 2590 1944 2734 1991; x_wconf 91' lang='lat' dir='ltr'><strong>tenet</strong></span> <span class='ocrx_word' id='word_1_305' title='bbox 2778 1951 2882 1999; x_wconf 89' lang='lat' dir='ltr'><strong>me,</strong></span> <span class='ocrx_word' id='word_1_306' title='bbox 2917 1935 3055 1989; x_wconf 90' lang='lat' dir='ltr'><strong>idem</strong></span> <span class='ocrx_word' id='word_1_307' title='bbox 3105 1936 3280 1989; x_wconf 91' lang='lat' dir='ltr'><strong>scelus</strong></span> <span class='ocrx_word' id='word_1_308' title='bbox 3328 1935 3418 1987; x_wconf 91' lang='lat' dir='ltr'><strong>hic</strong></span> 
     </span>
    </p>
   </div>
   <div class='ocr_carea' id='block_1_43' title="bbox 1879 2025 3417 2095">
    <p class='ocr_par' dir='ltr' id='par_1_43' title="bbox 1879 2025 3417 2095">
     <span class='ocr_line' id='line_1_43' title="bbox 1879 2025 3417 2095; baseline -0.001 -15"><span class='ocrx_word' id='word_1_309' title='bbox 1879 2032 2262 2095; x_wconf 87' lang='lat' dir='ltr'><strong>perpetratum,</strong></span> <span class='ocrx_word' id='word_1_310' title='bbox 2293 2041 2356 2079; x_wconf 89' lang='lat' dir='ltr'><strong>ac</strong></span> <span class='ocrx_word' id='word_1_311' title='bbox 2384 2028 2681 2081; x_wconf 89' lang='lat' dir='ltr'><strong>versionem</strong></span> <span class='ocrx_word' id='word_1_312' title='bbox 2704 2026 3048 2080; x_wconf 84' lang='lat' dir='ltr'><strong>Clementinae</strong></span> <span class='ocrx_word' id='word_1_313' title='bbox 3083 2027 3321 2094; x_wconf 71' lang='lat' dir='ltr'><strong>epistola:</strong></span> <span class='ocrx_word' id='word_1_314' title='bbox 3347 2025 3417 2079; x_wconf 88' lang='lat' dir='ltr'><strong>ad</strong></span> 
     </span>
    </p>
   </div>
   <div class='ocr_carea' id='block_1_44' title="bbox 1875 2113 3418 2186">
    <p class='ocr_par' dir='ltr' id='par_1_44' title="bbox 1875 2113 3418 2186">
     <span class='ocr_line' id='line_1_44' title="bbox 1875 2113 3418 2186; baseline 0.001 -19"><span class='ocrx_word' id='word_1_315' title='bbox 1875 2113 2132 2171; x_wconf 82' lang='lat' dir='ltr'><strong>Jacobum</strong></span> <span class='ocrx_word' id='word_1_316' title='bbox 2157 2133 2188 2169; x_wconf 89' lang='lat' dir='ltr'><strong>a</strong></span> <span class='ocrx_word' id='word_1_317' title='bbox 2219 2116 2414 2170; x_wconf 75' lang='lat' dir='ltr'><strong>Ruﬁno</strong></span> <span class='ocrx_word' id='word_1_318' title='bbox 2450 2117 2668 2181; x_wconf 83' lang='lat' dir='ltr'><strong>factam,</strong></span> <span class='ocrx_word' id='word_1_319' title='bbox 2702 2116 3007 2186; x_wconf 82' lang='lat' dir='ltr'><strong>Hieronymi</strong></span> <span class='ocrx_word' id='word_1_320' title='bbox 3054 2117 3211 2169; x_wconf 91' lang='lat' dir='ltr'><strong>titulo</strong></span> <span class='ocrx_word' id='word_1_321' title='bbox 3250 2115 3418 2168; x_wconf 80' lang='lat' dir='ltr'><strong>fuisse</strong></span> 
     </span>
    </p>
   </div>
   <div class='ocr_carea' id='block_1_45' title="bbox 1877 2204 2902 2276">
    <p class='ocr_par' dir='ltr' id='par_1_45' title="bbox 1877 2204 2902 2276">
     <span class='ocr_line' id='line_1_45' title="bbox 1877 2204 2902 2276; baseline 0.007 -19"><span class='ocrx_word' id='word_1_322' title='bbox 1877 2204 2235 2262; x_wconf 87' lang='lat' dir='ltr'><strong>honestatam.</strong></span> <span class='ocrx_word' id='word_1_323' title='bbox 2898 2272 2902 2276; x_wconf 44' lang='grc'><strong>,</strong></span> 
     </span>
    </p>
   </div>
   <div class='ocr_carea' id='block_1_46' title="bbox 1945 2291 3416 2362">
    <p class='ocr_par' dir='ltr' id='par_1_46' title="bbox 1945 2291 3416 2362">
     <span class='ocr_line' id='line_1_46' title="bbox 1945 2291 3416 2362; baseline 0.001 -17"><span class='ocrx_word' id='word_1_324' title='bbox 1945 2291 2184 2362; x_wconf 90' lang='lat' dir='ltr'><strong>Denique</strong></span> <span class='ocrx_word' id='word_1_325' title='bbox 2223 2293 2523 2349; x_wconf 87' lang='lat' dir='ltr'><strong>monendus</strong></span> <span class='ocrx_word' id='word_1_326' title='bbox 2568 2309 2647 2359; x_wconf 88' lang='lat' dir='ltr'><strong>es,</strong></span> <span class='ocrx_word' id='word_1_327' title='bbox 2674 2292 2886 2357; x_wconf 88' lang='lat' dir='ltr'><strong>Lector,</strong></span> <span class='ocrx_word' id='word_1_328' title='bbox 2927 2293 3081 2347; x_wconf 89' lang='lat' dir='ltr'><strong>uncis</strong></span> <span class='ocrx_word' id='word_1_329' title='bbox 3133 2307 3227 2362; x_wconf 88' lang='lat' dir='ltr'><strong>per</strong></span> <span class='ocrx_word' id='word_1_330' title='bbox 3247 2299 3416 2347; x_wconf 88' lang='lat' dir='ltr'><strong>totum</strong></span> 
     </span>
    </p>
   </div>
   <div class='ocr_carea' id='block_1_47' title="bbox 1875 2381 3418 2451">
    <p class='ocr_par' dir='ltr' id='par_1_47' title="bbox 1875 2381 3418 2451">
     <span class='ocr_line' id='line_1_47' title="bbox 1875 2381 3418 2451; baseline 0 -18"><span class='ocrx_word' id='word_1_331' title='bbox 1875 2394 2010 2450; x_wconf 91' lang='lat' dir='ltr'><strong>opus</strong></span> <span class='ocrx_word' id='word_1_332' title='bbox 2032 2381 2290 2450; x_wconf 88' lang='lat' dir='ltr'><strong>inspersis</strong></span> <span class='ocrx_word' id='word_1_333' title='bbox 2312 2382 2512 2436; x_wconf 89' lang='lat' dir='ltr'><strong>includi</strong></span> <span class='ocrx_word' id='word_1_334' title='bbox 2533 2398 2595 2437; x_wconf 89' lang='lat' dir='ltr'><strong>ea</strong></span> <span class='ocrx_word' id='word_1_335' title='bbox 2621 2398 2739 2451; x_wconf 70' lang='lat' dir='ltr'><strong>qua:</strong></span> <span class='ocrx_word' id='word_1_336' title='bbox 2761 2383 2814 2435; x_wconf 89' lang='lat' dir='ltr'><strong>in</strong></span> <span class='ocrx_word' id='word_1_337' title='bbox 2844 2382 3119 2436; x_wconf 87' lang='lat' dir='ltr'><strong>ms.deleta</strong></span> <span class='ocrx_word' id='word_1_338' title='bbox 3142 2389 3233 2434; x_wconf 92' lang='lat' dir='ltr'><strong>aut</strong></span> <span class='ocrx_word' id='word_1_339' title='bbox 3260 2383 3418 2434; x_wconf 83' lang='lat' dir='ltr'><strong>amis-</strong></span> 
     </span>
    </p>
   </div>
   <div class='ocr_carea' id='block_1_48' title="bbox 1876 2455 3412 2540">
    <p class='ocr_par' dir='ltr' id='par_1_48' title="bbox 1876 2455 3412 2540">
     <span class='ocr_line' id='line_1_48' title="bbox 1876 2455 3412 2540; baseline -0.001 -17"><span class='ocrx_word' id='word_1_340' title='bbox 1876 2481 1956 2532; x_wconf 82' lang='lat' dir='ltr'><strong>sa,</strong></span> <span class='ocrx_word' id='word_1_341' title='bbox 1987 2483 2083 2536; x_wconf 89' lang='lat' dir='ltr'><strong>per</strong></span> <span class='ocrx_word' id='word_1_342' title='bbox 2103 2470 2469 2539; x_wconf 86' lang='lat' dir='ltr'><strong>conjecturam</strong></span> <span class='ocrx_word' id='word_1_343' title='bbox 2485 2473 2752 2540; x_wconf 85' lang='lat' dir='ltr'><strong>suppleta,</strong></span> <span class='ocrx_word' id='word_1_344' title='bbox 2779 2472 2830 2523; x_wconf 87' lang='lat' dir='ltr'><strong>in</strong></span> <span class='ocrx_word' id='word_1_345' title='bbox 2860 2471 3094 2526; x_wconf 89' lang='lat' dir='ltr'><strong>editione</strong></span> <span class='ocrx_word' id='word_1_346' title='bbox 3118 2455 3412 2540; x_wconf 60' lang='lat' dir='ltr'><strong>Anglicani:</strong></span> 
     </span>
    </p>
   </div>
   <div class='ocr_carea' id='block_1_49' title="bbox 1876 2556 2791 2630">
    <p class='ocr_par' dir='ltr' id='par_1_49' title="bbox 1876 2556 2791 2630">
     <span class='ocr_line' id='line_1_49' title="bbox 1876 2556 2791 2630; baseline 0.004 -22"><span class='ocrx_word' id='word_1_347' title='bbox 1876 2556 2115 2612; x_wconf 85' lang='lat' dir='ltr'><strong>miniatis</strong></span> <span class='ocrx_word' id='word_1_348' title='bbox 2136 2557 2331 2614; x_wconf 89' lang='lat' dir='ltr'><strong>litteris</strong></span> <span class='ocrx_word' id='word_1_349' title='bbox 2352 2560 2612 2630; x_wconf 90' lang='lat' dir='ltr'><strong>impressa</strong></span> <span class='ocrx_word' id='word_1_350' title='bbox 2645 2569 2791 2614; x_wconf 86' lang='lat' dir='ltr'><strong>sunt.</strong></span> 
     </span>
    </p>
   </div>
   <div class='ocr_carea' id='block_1_50' title="bbox 1337 2947 2324 3042">
    <p class='ocr_par' dir='ltr' id='par_1_50' title="bbox 1337 2947 2324 3042">
     <span class='ocr_line' id='line_1_50' title="bbox 1337 2947 2324 3042; baseline 0 -2"><span class='ocrx_word' id='word_1_351' title='bbox 1337 2955 1430 3040; x_wconf 92' lang='lat' dir='ltr'><strong>J.</strong></span> <span class='ocrx_word' id='word_1_352' title='bbox 1504 2953 1610 3037; x_wconf 90' lang='lat' dir='ltr'><strong>B.</strong></span> <span class='ocrx_word' id='word_1_353' title='bbox 1690 2947 2324 3042; x_wconf 83' lang='lat' dir='ltr'><strong>COTELERII</strong></span> 
     </span>
    </p>
   </div>
   <div class='ocr_carea' id='block_1_51' title="bbox 769 3141 2868 3208">
    <p class='ocr_par' dir='ltr' id='par_1_51' title="bbox 769 3141 2868 3208">
     <span class='ocr_line' id='line_1_51' title="bbox 769 3141 2868 3208; baseline -0.001 -2"><span class='ocrx_word' id='word_1_354' title='bbox 769 3143 1146 3208; x_wconf 86' lang='lat' dir='ltr'><strong>JUDICIUM</strong></span> <span class='ocrx_word' id='word_1_355' title='bbox 1178 3143 1286 3204; x_wconf 90' lang='lat' dir='ltr'><strong>DE</strong></span> <span class='ocrx_word' id='word_1_356' title='bbox 1324 3142 1825 3203; x_wconf 77' lang='lat' dir='ltr'><strong>POSTERIORE</strong></span> <span class='ocrx_word' id='word_1_357' title='bbox 1869 3141 2256 3204; x_wconf 87' lang='lat' dir='ltr'><strong>EPISTOLA</strong></span> <span class='ocrx_word' id='word_1_358' title='bbox 2291 3142 2352 3203; x_wconf 93' lang='lat' dir='ltr'><strong>S.</strong></span> <span class='ocrx_word' id='word_1_359' title='bbox 2405 3141 2868 3204; x_wconf 83' lang='lat' dir='ltr'><strong>CLEMENTIS.</strong></span> 
     </span>
    </p>
   </div>
   <div class='ocr_carea' id='block_1_52' title="bbox 285 3384 1776 3462">
    <p class='ocr_par' dir='ltr' id='par_1_52' title="bbox 285 3386 1770 3461">
     <span class='ocr_line' id='line_1_52' title="bbox 285 3386 1770 3461; baseline -0.001 -18"><span class='ocrx_word' id='word_1_360' title='bbox 285 3392 450 3448; x_wconf 80' lang='lat' dir='ltr'><strong>Exstat</strong></span> <span class='ocrx_word' id='word_1_361' title='bbox 471 3392 545 3448; x_wconf 88' lang='lat' dir='ltr'><strong>de</strong></span> <span class='ocrx_word' id='word_1_362' title='bbox 571 3392 682 3446; x_wconf 83' lang='lat' dir='ltr'><strong>hac</strong></span> <span class='ocrx_word' id='word_1_363' title='bbox 705 3389 954 3461; x_wconf 84' lang='lat' dir='ltr'><strong>Epistola</strong></span> <span class='ocrx_word' id='word_1_364' title='bbox 979 3389 1241 3457; x_wconf 87' lang='lat' dir='ltr'><strong>judicium</strong></span> <span class='ocrx_word' id='word_1_365' title='bbox 1270 3389 1444 3458; x_wconf 79' lang='lat' dir='ltr'><strong>magni</strong></span> <span class='ocrx_word' id='word_1_366' title='bbox 1473 3387 1648 3442; x_wconf 89' lang='lat' dir='ltr'><strong>critici</strong></span> <span class='ocrx_word' id='word_1_367' title='bbox 1669 3386 1770 3441; x_wconf 82' lang='lat' dir='ltr'><strong>Eu-</strong></span> 
     </span>
    </p>
   </div>
   <div class='ocr_carea' id='block_1_53' title="bbox 1877 3384 3411 3462">
    <p class='ocr_par' dir='ltr' id='par_1_53' title="bbox 1877 3384 3411 3462">
     <span class='ocr_line' id='line_1_53' title="bbox 1877 3384 3411 3462; baseline 0.007 -25"><span class='ocrx_word' id='word_1_368' title='bbox 1877 3385 2094 3458; x_wconf 79' lang='grc' dir='ltr'><strong>γραψεν,</strong></span> <span class='ocrx_word' id='word_1_369' title='bbox 2131 3385 2250 3439; x_wconf 74' lang='grc' dir='ltr'><strong>οὔτε</strong></span> <span class='ocrx_word' id='word_1_370' title='bbox 2277 3384 2368 3438; x_wconf 79' lang='grc' dir='ltr'>τοῦ</span> <span class='ocrx_word' id='word_1_371' title='bbox 2393 3387 2652 3456; x_wconf 80' lang='grc' dir='ltr'><strong>Ῥωμαίου</strong></span> <span class='ocrx_word' id='word_1_372' title='bbox 2674 3389 3001 3460; x_wconf 83' lang='grc' dir='ltr'><strong>Κλήμεντος,</strong></span> <span class='ocrx_word' id='word_1_373' title='bbox 3035 3391 3168 3462; x_wconf 79' lang='grc' dir='ltr'>πλὴν</span> <span class='ocrx_word' id='word_1_374' title='bbox 3199 3393 3289 3446; x_wconf 86' lang='grc' dir='ltr'><strong>δύο</strong></span> <span class='ocrx_word' id='word_1_375' title='bbox 3317 3397 3411 3449; x_wconf 75' lang='grc' dir='ltr'><strong>καὶ</strong></span> 
     </span>
    </p>
   </div>
   <div class='ocr_carea' id='block_1_54' title="bbox 213 3475 1778 3545">
    <p class='ocr_par' dir='ltr' id='par_1_54' title="bbox 213 3475 1778 3545">
     <span class='ocr_line' id='line_1_54' title="bbox 213 3475 1778 3545; baseline -0.003 -13"><span class='ocrx_word' id='word_1_376' title='bbox 213 3479 354 3545; x_wconf 81' lang='lat' dir='ltr'><strong>sebii,</strong></span> <span class='ocrx_word' id='word_1_377' title='bbox 385 3481 654 3534; x_wconf 72' lang='lat' dir='ltr'><strong>Historia?</strong></span> <span class='ocrx_word' id='word_1_378' title='bbox 690 3479 1067 3531; x_wconf 76' lang='lat' dir='ltr'><strong>ecclesiastica:</strong></span> <span class='ocrx_word' id='word_1_379' title='bbox 1107 3477 1198 3531; x_wconf 93' lang='lat' dir='ltr'><strong>lib.</strong></span> <span class='ocrx_word' id='word_1_380' title='bbox 1254 3491 1337 3539; x_wconf 84' lang='grc' dir='ltr'><strong>ιιι,</strong></span> <span class='ocrx_word' id='word_1_381' title='bbox 1369 3491 1487 3544; x_wconf 91' lang='lat' dir='ltr'><strong>cap.</strong></span> <span class='ocrx_word' id='word_1_382' title='bbox 1515 3475 1603 3538; x_wconf 78' lang='lat'><strong>58,</strong></span> <span class='ocrx_word' id='word_1_383' title='bbox 1630 3475 1778 3528; x_wconf 90' lang='lat' dir='ltr'><strong>hisce</strong></span> 
     </span>
    </p>
   </div>
   <div class='ocr_carea' id='block_1_55' title="bbox 206 3563 1778 3640">
    <p class='ocr_par' dir='ltr' id='par_1_55' title="bbox 206 3563 1778 3640">
     <span class='ocr_line' id='line_1_55' title="bbox 206 3563 1778 3640; baseline -0.003 -20"><span class='ocrx_word' id='word_1_384' title='bbox 206 3569 372 3626; x_wconf 74' lang='lat' dir='ltr'><strong>verbis</strong></span> <span class='ocrx_word' id='word_1_385' title='bbox 419 3584 754 3640; x_wconf 76' lang='lat' dir='ltr'><strong>expressum</strong></span> <span class='ocrx_word' id='word_1_386' title='bbox 793 3585 809 3620; x_wconf 87' lang='lat'><strong>:</strong></span> <span class='ocrx_word' id='word_1_387' title='bbox 852 3565 1046 3618; x_wconf 70' lang='grc' dir='ltr'><strong>’ἰστέον</strong></span> <span class='ocrx_word' id='word_1_388' title='bbox 1090 3565 1132 3617; x_wconf 77' lang='grc' dir='ltr'><strong>δ’</strong></span> <span class='ocrx_word' id='word_1_389' title='bbox 1164 3565 1238 3626; x_wconf 84' lang='grc' dir='ltr'><strong>ὡς</strong></span> <span class='ocrx_word' id='word_1_390' title='bbox 1297 3567 1387 3617; x_wconf 73' lang='grc' dir='ltr'><strong>καὶ</strong></span> <span class='ocrx_word' id='word_1_391' title='bbox 1432 3563 1650 3634; x_wconf 82' lang='grc' dir='ltr'><strong>δευτέρα</strong></span> <span class='ocrx_word' id='word_1_392' title='bbox 1693 3580 1778 3625; x_wconf 83' lang='grc' dir='ltr'>τις</span> 
     </span>
    </p>
   </div>
   <div class='ocr_carea' id='block_1_56' title="bbox 205 3649 1774 3726">
    <p class='ocr_par' dir='ltr' id='par_1_56' title="bbox 205 3649 1774 3726">
     <span class='ocr_line' id='line_1_56' title="bbox 205 3649 1774 3726; baseline -0.001 -21"><span class='ocrx_word' id='word_1_393' title='bbox 205 3650 332 3710; x_wconf 78' lang='grc' dir='ltr'><strong>εἶναι</strong></span> <span class='ocrx_word' id='word_1_394' title='bbox 372 3661 598 3726; x_wconf 75' lang='grc' dir='ltr'><strong>λέγεται</strong></span> <span class='ocrx_word' id='word_1_395' title='bbox 650 3656 750 3708; x_wconf 79' lang='grc' dir='ltr'>τοῦ</span> <span class='ocrx_word' id='word_1_396' title='bbox 802 3655 1118 3724; x_wconf 82' lang='grc' dir='ltr'><strong>Κλήμεντος</strong></span> <span class='ocrx_word' id='word_1_397' title='bbox 1166 3653 1435 3722; x_wconf 79' lang='grc' dir='ltr'><strong>ἐπιστολή·</strong></span> <span class='ocrx_word' id='word_1_398' title='bbox 1465 3654 1525 3705; x_wconf 83' lang='grc' dir='ltr'>οὐ</span> <span class='ocrx_word' id='word_1_399' title='bbox 1559 3654 1652 3721; x_wconf 82' lang='grc' dir='ltr'>μὲν</span> <span class='ocrx_word' id='word_1_400' title='bbox 1698 3649 1774 3703; x_wconf 73' lang='grc' dir='ltr'><strong>ἔθ’</strong></span> 
     </span>
    </p>
   </div>
   <div class='ocr_carea' id='block_1_57' title="bbox 205 3743 1776 3819">
    <p class='ocr_par' dir='ltr' id='par_1_57' title="bbox 205 3743 1776 3819">
     <span class='ocr_line' id='line_1_57' title="bbox 205 3743 1776 3819; baseline -0.001 -23"><span class='ocrx_word' id='word_1_401' title='bbox 205 3747 393 3813; x_wconf 78' lang='grc' dir='ltr'>ὁμοίως</span> <span class='ocrx_word' id='word_1_402' title='bbox 423 3753 491 3819; x_wconf 75' lang='grc' dir='ltr'><strong>τῇ</strong></span> <span class='ocrx_word' id='word_1_403' title='bbox 524 3748 782 3818; x_wconf 77' lang='grc' dir='ltr'><strong>προτέρᾳ</strong></span> <span class='ocrx_word' id='word_1_404' title='bbox 823 3747 918 3797; x_wconf 79' lang='grc' dir='ltr'><strong>καὶ</strong></span> <span class='ocrx_word' id='word_1_405' title='bbox 946 3743 1146 3813; x_wconf 84' lang='grc' dir='ltr'><strong>ταύτην</strong></span> <span class='ocrx_word' id='word_1_406' title='bbox 1181 3743 1448 3814; x_wconf 86' lang='grc' dir='ltr'><strong>γνώριμον</strong></span> <span class='ocrx_word' id='word_1_407' title='bbox 1485 3743 1776 3813; x_wconf 81' lang='grc' dir='ltr'>ὲπιστάμε·</span> 
     </span>
    </p>
   </div>
   <div class='ocr_carea' id='block_1_58' title="bbox 199 3833 1770 3908">
    <p class='ocr_par' dir='ltr' id='par_1_58' title="bbox 199 3833 1770 3908">
     <span class='ocr_line' id='line_1_58' title="bbox 199 3833 1770 3908; baseline 0.003 -24"><span class='ocrx_word' id='word_1_408' title='bbox 199 3833 290 3895; x_wconf 79' lang='grc' dir='ltr'><strong>Θα,</strong></span> <span class='ocrx_word' id='word_1_409' title='bbox 315 3839 391 3891; x_wconf 80' lang='grc' dir='ltr'><strong>ὅτι</strong></span> <span class='ocrx_word' id='word_1_410' title='bbox 423 3840 562 3908; x_wconf 79' lang='grc' dir='ltr'><strong>μηδὲ</strong></span> <span class='ocrx_word' id='word_1_411' title='bbox 589 3839 722 3898; x_wconf 77' lang='grc' dir='ltr'>τοὺς</span> <span class='ocrx_word' id='word_1_412' title='bbox 754 3834 1017 3906; x_wconf 79' lang='grc' dir='ltr'><strong>ἀρχαίους</strong></span> <span class='ocrx_word' id='word_1_413' title='bbox 1048 3834 1182 3904; x_wconf 81' lang='grc' dir='ltr'><strong>αὐτῇ</strong></span> <span class='ocrx_word' id='word_1_414' title='bbox 1212 3833 1571 3904; x_wconf 81' lang='grc' dir='ltr'><strong>κεχρημένους</strong></span> <span class='ocrx_word' id='word_1_415' title='bbox 1598 3837 1770 3904; x_wconf 75' lang='grc' dir='ltr'><strong>ἴσμεν.</strong></span> 
     </span>
    </p>
   </div>
   <div class='ocr_carea' id='block_1_59' title="bbox 195 3922 1765 3991">
    <p class='ocr_par' dir='ltr' id='par_1_59' title="bbox 195 3922 1765 3991">
     <span class='ocr_line' id='line_1_59' title="bbox 195 3922 1765 3991; baseline 0.003 -16"><span class='ocrx_word' id='word_1_416' title='bbox 195 3922 323 3988; x_wconf 71' lang='lat' dir='ltr'><strong>Qure</strong></span> <span class='ocrx_word' id='word_1_417' title='bbox 348 3945 379 3981; x_wconf 87' lang='lat' dir='ltr'><strong>a</strong></span> <span class='ocrx_word' id='word_1_418' title='bbox 428 3929 658 3988; x_wconf 82' lang='lat' dir='ltr'><strong>Ruﬁno,</strong></span> <span class='ocrx_word' id='word_1_419' title='bbox 692 3925 776 3978; x_wconf 90' lang='lat' dir='ltr'><strong>uti</strong></span> <span class='ocrx_word' id='word_1_420' title='bbox 810 3925 950 3978; x_wconf 90' lang='lat' dir='ltr'><strong>solet</strong></span> <span class='ocrx_word' id='word_1_421' title='bbox 977 3922 1318 3991; x_wconf 80' lang='lat' dir='ltr'><strong>indiligenter</strong></span> <span class='ocrx_word' id='word_1_422' title='bbox 1340 3924 1634 3977; x_wconf 90' lang='lat' dir='ltr'><strong>redduntur</strong></span> <span class='ocrx_word' id='word_1_423' title='bbox 1656 3926 1765 3980; x_wconf 88' lang='lat' dir='ltr'><strong>sic:</strong></span> 
     </span>
    </p>
   </div>
   <div class='ocr_carea' id='block_1_60' title="bbox 191 4009 1768 4081">
    <p class='ocr_par' dir='ltr' id='par_1_60' title="bbox 191 4009 1768 4081">
     <span class='ocr_line' id='line_1_60' title="bbox 191 4009 1768 4081; baseline 0.002 -17"><span class='ocrx_word' id='word_1_424' title='bbox 191 4011 398 4068; x_wconf 77' lang='lat' dir='ltr'><strong>Dicitur</strong></span> <span class='ocrx_word' id='word_1_425' title='bbox 423 4027 603 4068; x_wconf 88' lang='lat' dir='ltr'><strong>tamen</strong></span> <span class='ocrx_word' id='word_1_426' title='bbox 632 4029 753 4066; x_wconf 80' lang='lat' dir='ltr'><strong>esse</strong></span> <span class='ocrx_word' id='word_1_427' title='bbox 795 4021 845 4064; x_wconf 87' lang='lat' dir='ltr'><strong>et</strong></span> <span class='ocrx_word' id='word_1_428' title='bbox 895 4011 1004 4062; x_wconf 89' lang='lat' dir='ltr'><strong>alia</strong></span> <span class='ocrx_word' id='word_1_429' title='bbox 1036 4009 1311 4064; x_wconf 81' lang='lat' dir='ltr'><strong>Clementis</strong></span> <span class='ocrx_word' id='word_1_430' title='bbox 1347 4012 1584 4078; x_wconf 77' lang='lat' dir='ltr'><strong>epistola,</strong></span> <span class='ocrx_word' id='word_1_431' title='bbox 1622 4013 1768 4081; x_wconf 77' lang='lat' dir='ltr'><strong>cujus</strong></span> 
     </span>
    </p>
   </div>
   <div class='ocr_carea' id='block_1_61' title="bbox 187 4099 1770 4169">
    <p class='ocr_par' dir='ltr' id='par_1_61' title="bbox 187 4099 1770 4169">
     <span class='ocr_line' id='line_1_61' title="bbox 187 4099 1770 4169; baseline 0.002 -16"><span class='ocrx_word' id='word_1_432' title='bbox 187 4115 286 4154; x_wconf 63' lang='lat' dir='ltr'><strong>nos</strong></span> <span class='ocrx_word' id='word_1_433' title='bbox 325 4107 579 4158; x_wconf 77' lang='lat' dir='ltr'><strong>notitiam</strong></span> <span class='ocrx_word' id='word_1_434' title='bbox 630 4119 745 4155; x_wconf 85' lang='lat' dir='ltr'><strong>non</strong></span> <span class='ocrx_word' id='word_1_435' title='bbox 791 4100 1102 4166; x_wconf 75' lang='lat' dir='ltr'><strong>accepimus.</strong></span> <span class='ocrx_word' id='word_1_436' title='bbox 1153 4099 1263 4153; x_wconf 87' lang='lat' dir='ltr'><strong>Nec</strong></span> <span class='ocrx_word' id='word_1_437' title='bbox 1308 4101 1478 4169; x_wconf 79' lang='lat' dir='ltr'><strong>magis</strong></span> <span class='ocrx_word' id='word_1_438' title='bbox 1523 4111 1770 4156; x_wconf 89' lang='lat' dir='ltr'><strong>accurate</strong></span> 
     </span>
    </p>
   </div>
   <div class='ocr_carea' id='block_1_62' title="bbox 183 4185 1769 4265">
    <p class='ocr_par' dir='ltr' id='par_1_62' title="bbox 183 4185 1769 4265">
     <span class='ocr_line' id='line_1_62' title="bbox 183 4185 1769 4265; baseline -0.002 -20"><span class='ocrx_word' id='word_1_439' title='bbox 183 4189 579 4265; x_wconf 76' lang='lat' dir='ltr'><strong>Hieronymus,</strong></span> <span class='ocrx_word' id='word_1_440' title='bbox 619 4193 773 4245; x_wconf 90' lang='lat' dir='ltr'><strong>libro</strong></span> <span class='ocrx_word' id='word_1_441' title='bbox 817 4188 897 4240; x_wconf 87' lang='lat' dir='ltr'><strong>De</strong></span> <span class='ocrx_word' id='word_1_442' title='bbox 946 4187 1068 4239; x_wconf 75' lang='lat' dir='ltr'><strong>viris</strong></span> <span class='ocrx_word' id='word_1_443' title='bbox 1110 4186 1402 4239; x_wconf 73' lang='lat' dir='ltr'><strong>illustribus</strong></span> <span class='ocrx_word' id='word_1_444' title='bbox 1433 4201 1452 4239; x_wconf 91' lang='lat'><strong><em>:</em></strong></span> <span class='ocrx_word' id='word_1_445' title='bbox 1481 4185 1673 4240; x_wconf 79' lang='lat' dir='ltr'><strong>Fertur</strong></span> <span class='ocrx_word' id='word_1_446' title='bbox 1719 4197 1769 4242; x_wconf 86' lang='lat' dir='ltr'><strong>et</strong></span> 
     </span>
    </p>
   </div>
   <div class='ocr_carea' id='block_1_63' title="bbox 177 4278 1765 4350">
    <p class='ocr_par' dir='ltr' id='par_1_63' title="bbox 177 4278 1765 4350">
     <span class='ocr_line' id='line_1_63' title="bbox 177 4278 1765 4350; baseline -0.003 -16"><span class='ocrx_word' id='word_1_447' title='bbox 177 4288 422 4340; x_wconf 74' lang='lat' dir='ltr'><strong>secunda</strong></span> <span class='ocrx_word' id='word_1_448' title='bbox 449 4303 563 4340; x_wconf 69' lang='lat' dir='ltr'><strong>esse</strong></span> <span class='ocrx_word' id='word_1_449' title='bbox 585 4299 654 4338; x_wconf 70' lang='lat' dir='ltr'><strong>ex</strong></span> <span class='ocrx_word' id='word_1_450' title='bbox 687 4283 810 4350; x_wconf 82' lang='lat' dir='ltr'><strong>ejus</strong></span> <span class='ocrx_word' id='word_1_451' title='bbox 837 4280 1042 4330; x_wconf 84' lang='lat' dir='ltr'><strong>nomine</strong></span> <span class='ocrx_word' id='word_1_452' title='bbox 1068 4279 1308 4346; x_wconf 79' lang='lat' dir='ltr'><strong>epistola,</strong></span> <span class='ocrx_word' id='word_1_453' title='bbox 1337 4283 1497 4346; x_wconf 59' lang='lat' dir='ltr'><strong>quwﬁa</strong></span> <span class='ocrx_word' id='word_1_454' title='bbox 1518 4278 1765 4333; x_wconf 81' lang='lat' dir='ltr'><strong>veteribus</strong></span> 
     </span>
    </p>
   </div>
   <div class='ocr_carea' id='block_1_64' title="bbox 171 4367 1763 4438">
    <p class='ocr_par' dir='ltr' id='par_1_64' title="bbox 171 4367 1763 4438">
     <span class='ocr_line' id='line_1_64' title="bbox 171 4367 1763 4438; baseline -0.002 -14"><span class='ocrx_word' id='word_1_455' title='bbox 171 4378 521 4438; x_wconf 78' lang='lat' dir='ltr'><strong>reprobatur.</strong></span> <span class='ocrx_word' id='word_1_456' title='bbox 567 4375 640 4431; x_wconf 89' lang='lat' dir='ltr'><strong>Et</strong></span> <span class='ocrx_word' id='word_1_457' title='bbox 662 4372 898 4428; x_wconf 80' lang='lat' dir='ltr'><strong>Pltotius</strong></span> <span class='ocrx_word' id='word_1_458' title='bbox 916 4370 1308 4437; x_wconf 75' lang='grc' dir='ltr'>Μυριοϐίϐλου</span> <span class='ocrx_word' id='word_1_459' title='bbox 1342 4368 1459 4421; x_wconf 90' lang='lat' dir='ltr'><strong>cod.</strong></span> <span class='ocrx_word' id='word_1_460' title='bbox 1493 4367 1610 4428; x_wconf 77' lang='grc'><strong>112,</strong></span> <span class='ocrx_word' id='word_1_461' title='bbox 1642 4368 1763 4434; x_wconf 78' lang='lat' dir='ltr'><strong>H5,</strong></span> 
     </span>
    </p>
   </div>
   <div class='ocr_carea' id='block_1_65' title="bbox 161 4453 1766 4533">
    <p class='ocr_par' dir='ltr' id='par_1_65' title="bbox 161 4453 1766 4533">
     <span class='ocr_line' id='line_1_65' title="bbox 161 4453 1766 4533; baseline -0.007 -15"><span class='ocrx_word' id='word_1_462' title='bbox 161 4459 199 4526; x_wconf 75' lang='grc' dir='ltr'><em>ἡ</em></span> <span class='ocrx_word' id='word_1_463' title='bbox 233 4459 299 4516; x_wconf 80' lang='grc' dir='ltr'><strong>δὲ</strong></span> <span class='ocrx_word' id='word_1_464' title='bbox 337 4463 617 4533; x_wconf 77' lang='grc' dir='ltr'>λεγομένη</span> <span class='ocrx_word' id='word_1_465' title='bbox 648 4458 885 4526; x_wconf 77' lang='grc' dir='ltr'><strong>δευτέρα</strong></span> <span class='ocrx_word' id='word_1_466' title='bbox 916 4455 1049 4524; x_wconf 83' lang='grc' dir='ltr'>πρὸς</span> <span class='ocrx_word' id='word_1_467' title='bbox 1090 4455 1216 4515; x_wconf 82' lang='grc' dir='ltr'>τοὺς</span> <span class='ocrx_word' id='word_1_468' title='bbox 1247 4455 1459 4515; x_wconf 78' lang='grc' dir='ltr'>αὐτοὺς,</span> <span class='ocrx_word' id='word_1_469' title='bbox 1501 4453 1573 4515; x_wconf 84' lang='grc' dir='ltr'>ὡς</span> <span class='ocrx_word' id='word_1_470' title='bbox 1619 4454 1766 4518; x_wconf 85' lang='grc' dir='ltr'>νόθος</span> 
     </span>
    </p>
   </div>
   <div class='ocr_carea' id='block_1_66' title="bbox 163 4543 1766 4625">
    <p class='ocr_par' dir='ltr' id='par_1_66' title="bbox 163 4543 1766 4625">
     <span class='ocr_line' id='line_1_66' title="bbox 163 4543 1766 4625; baseline -0.008 -15"><span class='ocrx_word' id='word_1_471' title='bbox 163 4549 674 4625; x_wconf 76' lang='grc' dir='ltr'><strong>ἀποδοκιμάζεται.</strong></span> <span class='ocrx_word' id='word_1_472' title='bbox 730 4549 923 4616; x_wconf 87' lang='lat' dir='ltr'><strong>Neque</strong></span> <span class='ocrx_word' id='word_1_473' title='bbox 959 4547 1099 4600; x_wconf 89' lang='lat' dir='ltr'><strong>enim</strong></span> <span class='ocrx_word' id='word_1_474' title='bbox 1129 4545 1262 4599; x_wconf 88' lang='lat' dir='ltr'><strong>dicit</strong></span> <span class='ocrx_word' id='word_1_475' title='bbox 1291 4543 1548 4598; x_wconf 78' lang='lat' dir='ltr'><strong>Eusebius</strong></span> <span class='ocrx_word' id='word_1_476' title='bbox 1574 4560 1766 4599; x_wconf 89' lang='lat' dir='ltr'><strong>secun-</strong></span> 
     </span>
    </p>
   </div>
   <div class='ocr_carea' id='block_1_67' title="bbox 162 4636 1818 4708">
    <p class='ocr_par' dir='ltr' id='par_1_67' title="bbox 162 4636 1818 4708">
     <span class='ocr_line' id='line_1_67' title="bbox 162 4636 1818 4708; baseline -0.007 -9"><span class='ocrx_word' id='word_1_477' title='bbox 162 4638 306 4698; x_wconf 75' lang='lat' dir='ltr'><strong>dam</strong></span> <span class='ocrx_word' id='word_1_478' title='bbox 353 4644 660 4700; x_wconf 83' lang='lat' dir='ltr'><strong>Clementis</strong></span> <span class='ocrx_word' id='word_1_479' title='bbox 706 4637 996 4708; x_wconf 79' lang='lat' dir='ltr'><strong>epistolam</strong></span> <span class='ocrx_word' id='word_1_480' title='bbox 1027 4636 1250 4688; x_wconf 88' lang='lat' dir='ltr'><strong>notham</strong></span> <span class='ocrx_word' id='word_1_481' title='bbox 1277 4650 1418 4696; x_wconf 91' lang='lat' dir='ltr'><strong>esse,</strong></span> <span class='ocrx_word' id='word_1_482' title='bbox 1449 4641 1501 4687; x_wconf 86' lang='lat' dir='ltr'><strong>et</strong></span> <span class='ocrx_word' id='word_1_483' title='bbox 1530 4636 1597 4689; x_wconf 89' lang='lat' dir='ltr'><strong>ab</strong></span> <span class='ocrx_word' id='word_1_484' title='bbox 1625 4637 1766 4689; x_wconf 84' lang='lat' dir='ltr'><strong>anti-</strong></span> <span class='ocrx_word' id='word_1_485' title='bbox 1793 4666 1818 4708; x_wconf 81' lang='lat'><strong>_-</strong></span> 
     </span>
    </p>
   </div>
   <div class='ocr_carea' id='block_1_68' title="bbox 1793 4695 1841 4753">
    <p class='ocr_par' dir='ltr' id='par_1_68' title="bbox 1793 4695 1841 4753">
     <span class='ocr_line' id='line_1_68' title="bbox 1793 4695 1841 4753; baseline 0 0"><span class='ocrx_word' id='word_1_486' title='bbox 1793 4695 1841 4753; x_wconf 92' lang='lat' dir='ltr'><strong>D</strong></span> 
     </span>
    </p>
   </div>
   <div class='ocr_carea' id='block_1_69' title="bbox 136 4723 1766 4804">
    <p class='ocr_par' dir='ltr' id='par_1_69' title="bbox 136 4723 1766 4804">
     <span class='ocr_line' id='line_1_69' title="bbox 136 4723 1766 4804; baseline -0.002 -22"><span class='ocrx_word' id='word_1_487' title='bbox 136 4792 142 4798; x_wconf 87' lang='lat'><em>_</em></span> <span class='ocrx_word' id='word_1_488' title='bbox 170 4730 312 4796; x_wconf 84' lang='lat' dir='ltr'><strong>quis</strong></span> <span class='ocrx_word' id='word_1_489' title='bbox 347 4735 736 4804; x_wconf 87' lang='lat' dir='ltr'><strong>reprobatam;</strong></span> <span class='ocrx_word' id='word_1_490' title='bbox 768 4728 907 4783; x_wconf 85' lang='lat' dir='ltr'><strong>dicit</strong></span> <span class='ocrx_word' id='word_1_491' title='bbox 939 4723 1279 4779; x_wconf 91' lang='lat' dir='ltr'><strong>solummodo</strong></span> <span class='ocrx_word' id='word_1_492' title='bbox 1311 4723 1602 4792; x_wconf 84' lang='lat' dir='ltr'><strong>ignoratam</strong></span> <span class='ocrx_word' id='word_1_493' title='bbox 1633 4724 1766 4779; x_wconf 83' lang='lat' dir='ltr'><strong>fuis-</strong></span> 
     </span>
    </p>
   </div>
   <div class='ocr_carea' id='block_1_70' title="bbox 175 4812 1763 4881">
    <p class='ocr_par' dir='ltr' id='par_1_70' title="bbox 175 4812 1763 4881">
     <span class='ocr_line' id='line_1_70' title="bbox 175 4812 1763 4881; baseline -0.003 -8"><span class='ocrx_word' id='word_1_494' title='bbox 175 4835 258 4881; x_wconf 80' lang='lat' dir='ltr'><strong>se,</strong></span> <span class='ocrx_word' id='word_1_495' title='bbox 306 4827 360 4878; x_wconf 89' lang='lat' dir='ltr'><strong>in</strong></span> <span class='ocrx_word' id='word_1_496' title='bbox 408 4824 767 4880; x_wconf 87' lang='lat' dir='ltr'><strong>citationibus</strong></span> <span class='ocrx_word' id='word_1_497' title='bbox 817 4832 848 4871; x_wconf 86' lang='lat' dir='ltr'><strong>a</strong></span> <span class='ocrx_word' id='word_1_498' title='bbox 897 4816 1172 4870; x_wconf 87' lang='lat' dir='ltr'><strong>veteribus</strong></span> <span class='ocrx_word' id='word_1_499' title='bbox 1222 4812 1659 4880; x_wconf 77' lang='lat' dir='ltr'><strong>praetermissam,</strong></span> <span class='ocrx_word' id='word_1_500' title='bbox 1710 4815 1763 4869; x_wconf 91' lang='lat' dir='ltr'><strong>in</strong></span> 
     </span>
    </p>
   </div>
   <div class='ocr_carea' id='block_1_71' title="bbox 185 4902 1765 4979">
    <p class='ocr_par' dir='ltr' id='par_1_71' title="bbox 185 4902 1765 4979">
     <span class='ocr_line' id='line_1_71' title="bbox 185 4902 1765 4979; baseline -0.006 -15"><span class='ocrx_word' id='word_1_501' title='bbox 185 4913 418 4970; x_wconf 70' lang='lat' dir='ltr'><strong>dubium</strong></span> <span class='ocrx_word' id='word_1_502' title='bbox 446 4924 733 4979; x_wconf 82' lang='lat' dir='ltr'><strong>vocatam;</strong></span> <span class='ocrx_word' id='word_1_503' title='bbox 771 4909 920 4963; x_wconf 88' lang='lat' dir='ltr'><strong>unde</strong></span> <span class='ocrx_word' id='word_1_504' title='bbox 951 4906 1142 4959; x_wconf 89' lang='lat' dir='ltr'><strong>eodem</strong></span> <span class='ocrx_word' id='word_1_505' title='bbox 1173 4902 1275 4954; x_wconf 84' lang='lat' dir='ltr'><strong>loci</strong></span> <span class='ocrx_word' id='word_1_506' title='bbox 1302 4911 1355 4955; x_wconf 92' lang='lat' dir='ltr'><strong>et</strong></span> <span class='ocrx_word' id='word_1_507' title='bbox 1381 4902 1506 4955; x_wconf 90' lang='lat' dir='ltr'><strong>alibi</strong></span> <span class='ocrx_word' id='word_1_508' title='bbox 1537 4904 1765 4970; x_wconf 88' lang='lat' dir='ltr'><strong>priorem</strong></span> 
     </span>
    </p>
   </div>
   <div class='ocr_carea' id='block_1_72' title="bbox 187 4993 1769 5080">
    <p class='ocr_par' dir='ltr' id='par_1_72' title="bbox 187 4993 1769 5080">
     <span class='ocr_line' id='line_1_72' title="bbox 187 4993 1769 5080; baseline -0.008 -22"><span class='ocrx_word' id='word_1_509' title='bbox 187 5017 469 5079; x_wconf 74' lang='lat' dir='ltr'><strong>nuncupat</strong></span> <span class='ocrx_word' id='word_1_510' title='bbox 493 4993 1462 5080; x_wconf 82' lang='grc' dir='ltr'>ὁμολογουμένην,ἀνωμολογημένην</span> <span class='ocrx_word' id='word_1_511' title='bbox 1493 4994 1636 5062; x_wconf 86' lang='grc' dir='ltr'><strong>παρὰ</strong></span> <span class='ocrx_word' id='word_1_512' title='bbox 1665 4997 1769 5046; x_wconf 82' lang='grc' dir='ltr'><strong>πᾶ-</strong></span> 
     </span>
    </p>
   </div>
   <div class='ocr_carea' id='block_1_73' title="bbox 192 5081 1762 5172">
    <p class='ocr_par' dir='ltr' id='par_1_73' title="bbox 192 5081 1762 5172">
     <span class='ocr_line' id='line_1_73' title="bbox 192 5081 1762 5172; baseline -0.024 -23"><span class='ocrx_word' id='word_1_513' title='bbox 192 5099 488 5172; x_wconf 60' lang='lat' dir='ltr'><strong>{m-Jtaque</strong></span> <span class='ocrx_word' id='word_1_514' title='bbox 506 5100 712 5155; x_wconf 86' lang='lat' dir='ltr'><strong>rectius</strong></span> <span class='ocrx_word' id='word_1_515' title='bbox 729 5097 786 5150; x_wconf 91' lang='lat' dir='ltr'><strong>in</strong></span> <span class='ocrx_word' id='word_1_516' title='bbox 811 5087 1134 5157; x_wconf 87' lang='lat' dir='ltr'><strong>Nicephoro</strong></span> <span class='ocrx_word' id='word_1_517' title='bbox 1151 5083 1243 5134; x_wconf 91' lang='lat' dir='ltr'><strong>lib.</strong></span> <span class='ocrx_word' id='word_1_518' title='bbox 1261 5081 1494 5172; x_wconf 48' lang='lat' dir='ltr'><strong>in,c,}8</strong></span> <span class='ocrx_word' id='word_1_519' title='bbox 1520 5081 1762 5146; x_wconf 45' lang='lat' dir='ltr'><strong>habetur;</strong></span> 
     </span>
    </p>
   </div>
   <div class='ocr_carea' id='block_1_74' title="bbox 169 5169 1768 5263">
    <p class='ocr_par' dir='ltr' id='par_1_74' title="bbox 169 5169 1768 5263">
     <span class='ocr_line' id='line_1_74' title="bbox 169 5169 1768 5263; baseline -0.005 -19"><span class='ocrx_word' id='word_1_520' title='bbox 169 5169 307 5244; x_wconf 53' lang='grc' dir='ltr'><strong>ΚΜ</strong></span> <span class='ocrx_word' id='word_1_521' title='bbox 332 5169 446 5263; x_wconf 53' lang='grc' dir='ltr'><strong>ἀλέη</strong></span> <span class='ocrx_word' id='word_1_522' title='bbox 490 5193 544 5246; x_wconf 87' lang='grc' dir='ltr'><strong>δὲ</strong></span> <span class='ocrx_word' id='word_1_523' title='bbox 595 5187 768 5244; x_wconf 79' lang='grc' dir='ltr'>αὐτοῦ</span> <span class='ocrx_word' id='word_1_524' title='bbox 804 5185 1042 5255; x_wconf 77' lang='grc' dir='ltr'><strong>φέρεται</strong></span> <span class='ocrx_word' id='word_1_525' title='bbox 1073 5170 1354 5263; x_wconf 39' lang='lat' dir='ltr'><strong>tata—toti}.</strong></span> <span class='ocrx_word' id='word_1_526' title='bbox 1384 5169 1480 5263; x_wconf 56' lang='grc' dir='ltr'><strong>γῆς</strong></span> <span class='ocrx_word' id='word_1_527' title='bbox 1506 5173 1768 5263; x_wconf 62' lang='grc' dir='ltr'><strong>προτέξᾳς</strong></span> 
     </span>
    </p>
   </div>
   <div class='ocr_carea' id='block_1_75' title="bbox 164 5255 1770 5340">
    <p class='ocr_par' dir='ltr' id='par_1_75' title="bbox 164 5255 1770 5340">
     <span class='ocr_line' id='line_1_75' title="bbox 164 5255 1770 5340; baseline 0.004 -35"><span class='ocrx_word' id='word_1_528' title='bbox 164 5266 324 5328; x_wconf 48' lang='lat' dir='ltr'><strong>Itth</strong></span> <span class='ocrx_word' id='word_1_529' title='bbox 361 5255 484 5340; x_wconf 45' lang='grc' dir='ltr'><strong>πολὺ</strong></span> <span class='ocrx_word' id='word_1_530' title='bbox 531 5282 867 5338; x_wconf 70' lang='grc' dir='ltr'><strong>ἀποδέουσα.</strong></span> <span class='ocrx_word' id='word_1_531' title='bbox 928 5265 1066 5334; x_wconf 66' lang='grc' dir='ltr'><strong>περὶ</strong></span> <span class='ocrx_word' id='word_1_532' title='bbox 1119 5255 1190 5328; x_wconf 84' lang='grc' dir='ltr'>ἦς</span> <span class='ocrx_word' id='word_1_533' title='bbox 1218 5259 1245 5307; x_wconf 82' lang='grc' dir='ltr'>ὁ</span> <span class='ocrx_word' id='word_1_534' title='bbox 1277 5257 1433 5317; x_wconf 81' lang='grc' dir='ltr'>αὐτὸς</span> <span class='ocrx_word' id='word_1_535' title='bbox 1483 5274 1638 5324; x_wconf 83' lang='grc' dir='ltr'>φησιν</span> <span class='ocrx_word' id='word_1_536' title='bbox 1668 5261 1770 5311; x_wconf 65' lang='grc' dir='ltr'><strong>Εὑα</strong></span> 
     </span>
    </p>
   </div>
   <div class='ocr_carea' id='block_1_76' title="bbox 189 5343 1764 5452">
    <p class='ocr_par' dir='ltr' id='par_1_76' title="bbox 189 5343 1764 5452">
     <span class='ocr_line' id='line_1_76' title="bbox 189 5343 1764 5452; baseline 0.004 -56"><span class='ocrx_word' id='word_1_537' title='bbox 189 5344 360 5452; x_wconf 49' lang='grc' dir='ltr'><strong>αὲἛιος,</strong></span> <span class='ocrx_word' id='word_1_538' title='bbox 393 5379 466 5452; x_wconf 66' lang='grc' dir='ltr'><strong>μὴ</strong></span> <span class='ocrx_word' id='word_1_539' title='bbox 497 5381 556 5432; x_wconf 71' lang='grc' dir='ltr'><strong>ἐν</strong></span> <span class='ocrx_word' id='word_1_540' title='bbox 584 5372 884 5440; x_wconf 68' lang='grc' dir='ltr'><strong>ἐπιστήμῃ</strong></span> <span class='ocrx_word' id='word_1_541' title='bbox 915 5354 1142 5418; x_wconf 74' lang='grc' dir='ltr'><strong>ταύτης</strong></span> <span class='ocrx_word' id='word_1_542' title='bbox 1182 5348 1310 5447; x_wconf 62' lang='grc' dir='ltr'>τοὺς</span> <span class='ocrx_word' id='word_1_543' title='bbox 1338 5345 1582 5412; x_wconf 83' lang='grc' dir='ltr'>ἀρχαίους</span> <span class='ocrx_word' id='word_1_544' title='bbox 1611 5343 1764 5452; x_wconf 47' lang='grc' dir='ltr'><strong>εἶναέ..</strong></span> 
     </span>
    </p>
   </div>
   <div class='ocr_carea' id='block_1_77' title="bbox 203 5433 1768 5534">
    <p class='ocr_par' dir='ltr' id='par_1_77' title="bbox 203 5433 1768 5534">
     <span class='ocr_line' id='line_1_77' title="bbox 203 5433 1768 5534; baseline 0.005 -51"><span class='ocrx_word' id='word_1_545' title='bbox 203 5433 406 5534; x_wconf 44' lang='grc' dir='ltr'><strong>ἔδρηῶιυὲ</strong></span> <span class='ocrx_word' id='word_1_546' title='bbox 452 5433 518 5530; x_wconf 68' lang='lat' dir='ltr'><strong>om</strong></span> <span class='ocrx_word' id='word_1_547' title='bbox 580 5433 938 5534; x_wconf 47' lang='lat' dir='ltr'><strong>Proloéb&#39;éd</strong></span> <span class='ocrx_word' id='word_1_548' title='bbox 972 5436 1245 5534; x_wconf 61' lang='lat' dir='ltr'><strong>Dionysii</strong></span> <span class='ocrx_word' id='word_1_549' title='bbox 1285 5448 1464 5534; x_wconf 84' lang='lat' dir='ltr'><strong>opera,</strong></span> <span class='ocrx_word' id='word_1_550' title='bbox 1492 5449 1680 5534; x_wconf 39' lang='lat' dir='ltr'><strong>agens-</strong></span> <span class='ocrx_word' id='word_1_551' title='bbox 1703 5439 1768 5534; x_wconf 79' lang='lat' dir='ltr'><strong>de</strong></span> 
     </span>
    </p>
   </div>
   <div class='ocr_carea' id='block_1_78' title="bbox 190 5515 1770 5638">
    <p class='ocr_par' dir='ltr' id='par_1_78' title="bbox 190 5515 1770 5638">
     <span class='ocr_line' id='line_1_78' title="bbox 190 5515 1770 5638; baseline -0.045 -5"><span class='ocrx_word' id='word_1_552' title='bbox 551 5515 832 5638; x_wconf 49' lang='grc' dir='ltr'><strong>ιλὴῖἆὶἓε</strong></span> <span class='ocrx_word' id='word_1_553' title='bbox 868 5529 1216 5597; x_wconf 80' lang='grc' dir='ltr'>Πανταίνου</span> <span class='ocrx_word' id='word_1_554' title='bbox 1269 5522 1391 5584; x_wconf 69' lang='grc' dir='ltr'>τοὺς</span> <span class='ocrx_word' id='word_1_555' title='bbox 1443 5521 1626 5587; x_wconf 78' lang='grc' dir='ltr'>πόνους</span> <span class='ocrx_word' id='word_1_556' title='bbox 1658 5525 1770 5581; x_wconf 79' lang='grc' dir='ltr'><strong>ἀνέ.</strong></span> 
     </span>
     <span class='ocr_line' id='line_1_79' title="bbox 366 5613 382 5638; baseline 0 0"><span class='ocrx_word' id='word_1_557' title='bbox 366 5613 382 5638; x_wconf 78' lang='grc'><strong><em>1</em></strong></span> 
     </span>
    </p>
   </div>
   <div class='ocr_carea' id='block_1_79' title="bbox 366 5613 382 5639">
    <p class='ocr_par' dir='ltr' id='par_1_79' title="bbox 366 5613 382 5639">
     <span class='ocr_line' id='line_1_80' title="bbox 366 5613 382 5639; baseline 0 0"><span class='ocrx_word' id='word_1_558' title='bbox 366 5613 382 5639; x_wconf 78' lang='grc'><strong><em>1</em></strong></span> 
     </span>
    </p>
   </div>
   <div class='ocr_carea' id='block_1_80' title="bbox 1880 3476 3410 3547">
    <p class='ocr_par' dir='ltr' id='par_1_80' title="bbox 1880 3476 3410 3547">
     <span class='ocr_line' id='line_1_81' title="bbox 1880 3476 3410 3547; baseline 0.008 -19"><span class='ocrx_word' id='word_1_559' title='bbox 1880 3477 2052 3546; x_wconf 89' lang='grc' dir='ltr'>μόνων</span> <span class='ocrx_word' id='word_1_560' title='bbox 2065 3476 2372 3529; x_wconf 79' lang='grc' dir='ltr'><strong>ἐπιστολῶν.</strong></span> <span class='ocrx_word' id='word_1_561' title='bbox 2400 3476 2462 3528; x_wconf 83' lang='grc' dir='ltr'><strong>Ει</strong></span> <span class='ocrx_word' id='word_1_562' title='bbox 2479 3492 2604 3532; x_wconf 90' lang='lat' dir='ltr'><strong>vero</strong></span> <span class='ocrx_word' id='word_1_563' title='bbox 2622 3480 3064 3547; x_wconf 85' lang='lat' dir='ltr'><strong>quemadmodum</strong></span> <span class='ocrx_word' id='word_1_564' title='bbox 3091 3482 3410 3541; x_wconf 77' lang='lat' dir='ltr'><strong>Caesariensi</strong></span> 
     </span>
    </p>
   </div>
   <div class='ocr_carea' id='block_1_81' title="bbox 1877 3561 3410 3632">
    <p class='ocr_par' dir='ltr' id='par_1_81' title="bbox 1877 3561 3410 3632">
     <span class='ocr_line' id='line_1_82' title="bbox 1877 3561 3410 3632; baseline 0.007 -16"><span class='ocrx_word' id='word_1_565' title='bbox 1877 3562 2124 3632; x_wconf 74' lang='lat' dir='ltr'><strong>epismpo</strong></span> <span class='ocrx_word' id='word_1_566' title='bbox 2170 3561 2477 3627; x_wconf 89' lang='lat' dir='ltr'><strong>credimus,</strong></span> <span class='ocrx_word' id='word_1_567' title='bbox 2516 3563 2816 3618; x_wconf 91' lang='lat' dir='ltr'><strong>dubitatum</strong></span> <span class='ocrx_word' id='word_1_568' title='bbox 2860 3566 3026 3621; x_wconf 83' lang='lat' dir='ltr'><strong>fuisse</strong></span> <span class='ocrx_word' id='word_1_569' title='bbox 3077 3570 3143 3624; x_wconf 90' lang='lat' dir='ltr'><strong>de</strong></span> <span class='ocrx_word' id='word_1_570' title='bbox 3189 3579 3410 3628; x_wconf 84' lang='lat' dir='ltr'><strong>auctore</strong></span> 
     </span>
    </p>
   </div>
   <div class='ocr_carea' id='block_1_82' title="bbox 1874 3650 3408 3726">
    <p class='ocr_par' dir='ltr' id='par_1_82' title="bbox 1874 3650 3408 3726">
     <span class='ocr_line' id='line_1_83' title="bbox 1874 3650 3408 3726; baseline 0.007 -22"><span class='ocrx_word' id='word_1_571' title='bbox 1874 3657 2071 3704; x_wconf 70' lang='lat' dir='ltr'><strong>nostra:</strong></span> <span class='ocrx_word' id='word_1_572' title='bbox 2139 3650 2407 3718; x_wconf 80' lang='lat' dir='ltr'><strong>epistolae;</strong></span> <span class='ocrx_word' id='word_1_573' title='bbox 2476 3651 2917 3719; x_wconf 80' lang='lat' dir='ltr'><strong>quemadmodum</strong></span> <span class='ocrx_word' id='word_1_574' title='bbox 2969 3671 3074 3708; x_wconf 93' lang='lat' dir='ltr'><strong>non</strong></span> <span class='ocrx_word' id='word_1_575' title='bbox 3120 3672 3408 3726; x_wconf 78' lang='lat' dir='ltr'><strong>possumus</strong></span> 
     </span>
    </p>
   </div>
   <div class='ocr_carea' id='block_1_83' title="bbox 1873 3739 3404 3813">
    <p class='ocr_par' dir='ltr' id='par_1_83' title="bbox 1873 3739 3404 3813">
     <span class='ocr_line' id='line_1_84' title="bbox 1873 3739 3404 3813; baseline 0.007 -21"><span class='ocrx_word' id='word_1_576' title='bbox 1873 3754 2035 3802; x_wconf 90' lang='lat' dir='ltr'><strong>nunc,</strong></span> <span class='ocrx_word' id='word_1_577' title='bbox 2065 3747 2184 3808; x_wconf 90' lang='lat' dir='ltr'><strong>post</strong></span> <span class='ocrx_word' id='word_1_578' title='bbox 2211 3739 2512 3808; x_wconf 90' lang='lat' dir='ltr'><strong>deperditos</strong></span> <span class='ocrx_word' id='word_1_579' title='bbox 2541 3748 2618 3793; x_wconf 93' lang='lat' dir='ltr'><strong>tot</strong></span> <span class='ocrx_word' id='word_1_580' title='bbox 2644 3742 2935 3808; x_wconf 88' lang='lat' dir='ltr'><strong>primorum</strong></span> <span class='ocrx_word' id='word_1_581' title='bbox 2971 3743 3183 3798; x_wconf 86' lang='lat' dir='ltr'><strong>Patrum</strong></span> <span class='ocrx_word' id='word_1_582' title='bbox 3218 3749 3404 3813; x_wconf 89' lang='lat' dir='ltr'><strong>libros,</strong></span> 
     </span>
    </p>
   </div>
   <div class='ocr_carea' id='block_1_84' title="bbox 1871 3829 3408 3906">
    <p class='ocr_par' dir='ltr' id='par_1_84' title="bbox 1871 3829 3408 3906">
     <span class='ocr_line' id='line_1_85' title="bbox 1871 3829 3408 3906; baseline 0.006 -24"><span class='ocrx_word' id='word_1_583' title='bbox 1871 3829 2181 3883; x_wconf 82' lang='lat' dir='ltr'><strong>memoriam</strong></span> <span class='ocrx_word' id='word_1_584' title='bbox 2223 3829 2365 3882; x_wconf 92' lang='lat' dir='ltr'><strong>illius</strong></span> <span class='ocrx_word' id='word_1_585' title='bbox 2401 3842 2672 3893; x_wconf 89' lang='lat' dir='ltr'><strong>accusare,</strong></span> <span class='ocrx_word' id='word_1_586' title='bbox 2707 3846 2825 3899; x_wconf 67' lang='lat' dir='ltr'><strong>quae</strong></span> <span class='ocrx_word' id='word_1_587' title='bbox 2854 3840 3027 3886; x_wconf 88' lang='lat' dir='ltr'><strong>tamen</strong></span> <span class='ocrx_word' id='word_1_588' title='bbox 3065 3849 3168 3887; x_wconf 89' lang='lat' dir='ltr'><strong>non</strong></span> <span class='ocrx_word' id='word_1_589' title='bbox 3196 3851 3408 3906; x_wconf 88' lang='lat' dir='ltr'><strong>semper</strong></span> 
     </span>
    </p>
   </div>
   <div class='ocr_carea' id='block_1_85' title="bbox 1870 3919 3404 3994">
    <p class='ocr_par' dir='ltr' id='par_1_85' title="bbox 1870 3919 3404 3994">
     <span class='ocr_line' id='line_1_86' title="bbox 1870 3919 3404 3994; baseline -0.005 -20"><span class='ocrx_word' id='word_1_590' title='bbox 1870 3921 1975 3974; x_wconf 87' lang='lat' dir='ltr'><strong>ﬁda</strong></span> <span class='ocrx_word' id='word_1_591' title='bbox 2000 3919 2237 3985; x_wconf 81' lang='lat' dir='ltr'><strong>exstitit;</strong></span> <span class='ocrx_word' id='word_1_592' title='bbox 2270 3921 2339 3971; x_wconf 89' lang='lat' dir='ltr'><strong>ita</strong></span> <span class='ocrx_word' id='word_1_593' title='bbox 2372 3934 2626 3987; x_wconf 82' lang='lat' dir='ltr'><strong>negamus</strong></span> <span class='ocrx_word' id='word_1_594' title='bbox 2657 3920 2780 3973; x_wconf 89' lang='lat' dir='ltr'><strong>inde</strong></span> <span class='ocrx_word' id='word_1_595' title='bbox 2807 3924 3081 3990; x_wconf 84' lang='lat' dir='ltr'><strong>consequi,</strong></span> <span class='ocrx_word' id='word_1_596' title='bbox 3101 3938 3195 3990; x_wconf 91' lang='lat' dir='ltr'><strong>pro</strong></span> <span class='ocrx_word' id='word_1_597' title='bbox 3214 3925 3404 3994; x_wconf 84' lang='lat' dir='ltr'><strong>pseud.</strong></span> 
     </span>
    </p>
   </div>
   <div class='ocr_carea' id='block_1_86' title="bbox 1869 4009 3404 4081">
    <p class='ocr_par' dir='ltr' id='par_1_86' title="bbox 1869 4009 3404 4081">
     <span class='ocr_line' id='line_1_87' title="bbox 1869 4009 3404 4081; baseline 0.005 -18"><span class='ocrx_word' id='word_1_598' title='bbox 1869 4011 2158 4081; x_wconf 83' lang='lat' dir='ltr'><strong>epigrapha</strong></span> <span class='ocrx_word' id='word_1_599' title='bbox 2234 4009 2538 4062; x_wconf 88' lang='lat' dir='ltr'><strong>necessario</strong></span> <span class='ocrx_word' id='word_1_600' title='bbox 2583 4009 2876 4062; x_wconf 89' lang='lat' dir='ltr'><strong>habendam</strong></span> <span class='ocrx_word' id='word_1_601' title='bbox 2917 4012 3194 4079; x_wconf 89' lang='lat' dir='ltr'><strong>epistolam</strong></span> <span class='ocrx_word' id='word_1_602' title='bbox 3233 4032 3247 4069; x_wconf 89' lang='lat'><strong>:</strong></span> <span class='ocrx_word' id='word_1_603' title='bbox 3280 4030 3404 4070; x_wconf 89' lang='lat' dir='ltr'><strong>cum</strong></span> 
     </span>
    </p>
   </div>
   <div class='ocr_carea' id='block_1_87' title="bbox 1868 4097 3404 4167">
    <p class='ocr_par' dir='ltr' id='par_1_87' title="bbox 1868 4097 3404 4167">
     <span class='ocr_line' id='line_1_88' title="bbox 1868 4097 3404 4167; baseline 0.005 -15"><span class='ocrx_word' id='word_1_604' title='bbox 1868 4098 1980 4152; x_wconf 88' lang='lat' dir='ltr'><strong>ﬁeri</strong></span> <span class='ocrx_word' id='word_1_605' title='bbox 2023 4097 2269 4165; x_wconf 90' lang='lat' dir='ltr'><strong>quiverit,</strong></span> <span class='ocrx_word' id='word_1_606' title='bbox 2298 4105 2354 4149; x_wconf 92' lang='lat' dir='ltr'><strong>ut</strong></span> <span class='ocrx_word' id='word_1_607' title='bbox 2400 4112 2534 4165; x_wconf 91' lang='lat' dir='ltr'><strong>opus</strong></span> <span class='ocrx_word' id='word_1_608' title='bbox 2580 4099 2865 4167; x_wconf 81' lang='lat' dir='ltr'><strong>genuinum</strong></span> <span class='ocrx_word' id='word_1_609' title='bbox 2900 4101 2953 4152; x_wconf 89' lang='lat' dir='ltr'><strong>in</strong></span> <span class='ocrx_word' id='word_1_610' title='bbox 2985 4105 3404 4159; x_wconf 87' lang='lat' dir='ltr'><strong>controversiam</strong></span> 
     </span>
    </p>
   </div>
   <div class='ocr_carea' id='block_1_88' title="bbox 1865 4186 3405 4258">
    <p class='ocr_par' dir='ltr' id='par_1_88' title="bbox 1865 4186 3405 4258">
     <span class='ocr_line' id='line_1_89' title="bbox 1865 4186 3405 4258; baseline 0.004 -17"><span class='ocrx_word' id='word_1_611' title='bbox 1865 4186 2088 4247; x_wconf 86' lang='lat' dir='ltr'><strong>venerit,</strong></span> <span class='ocrx_word' id='word_1_612' title='bbox 2126 4192 2179 4238; x_wconf 91' lang='lat' dir='ltr'><strong>et</strong></span> <span class='ocrx_word' id='word_1_613' title='bbox 2207 4199 2236 4236; x_wconf 89' lang='lat' dir='ltr'><strong>a</strong></span> <span class='ocrx_word' id='word_1_614' title='bbox 2263 4186 2449 4253; x_wconf 91' lang='lat' dir='ltr'><strong>primis</strong></span> <span class='ocrx_word' id='word_1_615' title='bbox 2484 4186 2737 4242; x_wconf 72' lang='lat' dir='ltr'><strong>Ecclesia:</strong></span> <span class='ocrx_word' id='word_1_616' title='bbox 2765 4191 3118 4258; x_wconf 89' lang='lat' dir='ltr'><strong>scriptoribus</strong></span> <span class='ocrx_word' id='word_1_617' title='bbox 3146 4208 3252 4246; x_wconf 92' lang='lat' dir='ltr'><strong>non</strong></span> <span class='ocrx_word' id='word_1_618' title='bbox 3288 4193 3405 4248; x_wconf 80' lang='lat' dir='ltr'><strong>fue-</strong></span> 
     </span>
    </p>
   </div>
   <div class='ocr_carea' id='block_1_89' title="bbox 1865 4273 3401 4346">
    <p class='ocr_par' dir='ltr' id='par_1_89' title="bbox 1865 4273 3401 4346">
     <span class='ocr_line' id='line_1_90' title="bbox 1865 4273 3401 4346; baseline 0.007 -19"><span class='ocrx_word' id='word_1_619' title='bbox 1865 4275 1934 4328; x_wconf 88' lang='lat' dir='ltr'><strong>rit</strong></span> <span class='ocrx_word' id='word_1_620' title='bbox 1976 4273 2319 4328; x_wconf 86' lang='lat' dir='ltr'><strong>celebratum.</strong></span> <span class='ocrx_word' id='word_1_621' title='bbox 2350 4275 2506 4328; x_wconf 86' lang='lat' dir='ltr'><strong>Certe</strong></span> <span class='ocrx_word' id='word_1_622' title='bbox 2532 4291 2589 4329; x_wconf 81' lang='lat' dir='ltr'><strong>ea</strong></span> <span class='ocrx_word' id='word_1_623' title='bbox 2617 4277 2896 4341; x_wconf 88' lang='lat' dir='ltr'><strong>dubitatio,</strong></span> <span class='ocrx_word' id='word_1_624' title='bbox 2925 4295 2987 4333; x_wconf 90' lang='lat' dir='ltr'><strong>ea</strong></span> <span class='ocrx_word' id='word_1_625' title='bbox 3015 4283 3264 4346; x_wconf 90' lang='lat' dir='ltr'><strong>omissio,</strong></span> <span class='ocrx_word' id='word_1_626' title='bbox 3292 4299 3401 4336; x_wconf 92' lang='lat' dir='ltr'><strong>non</strong></span> 
     </span>
    </p>
   </div>
   <div class='ocr_carea' id='block_1_90' title="bbox 1865 4360 3397 4438">
    <p class='ocr_par' dir='ltr' id='par_1_90' title="bbox 1865 4360 3397 4438">
     <span class='ocr_line' id='line_1_91' title="bbox 1865 4360 3397 4438; baseline 0.006 -21"><span class='ocrx_word' id='word_1_627' title='bbox 1865 4364 2235 4418; x_wconf 90' lang='lat' dir='ltr'><strong>deterruerunt</strong></span> <span class='ocrx_word' id='word_1_628' title='bbox 2257 4371 2526 4418; x_wconf 89' lang='lat' dir='ltr'><strong>auctorem</strong></span> <span class='ocrx_word' id='word_1_629' title='bbox 2546 4360 2812 4418; x_wconf 85' lang='lat' dir='ltr'><strong>Canonum</strong></span> <span class='ocrx_word' id='word_1_630' title='bbox 2832 4369 3248 4438; x_wconf 79' lang='lat' dir='ltr'><strong>apostolicorum,</strong></span> <span class='ocrx_word' id='word_1_631' title='bbox 3276 4387 3397 4428; x_wconf 87' lang='lat' dir='ltr'><strong>can.</strong></span> 
     </span>
    </p>
   </div>
   <div class='ocr_carea' id='block_1_91' title="bbox 1865 4453 3400 4525">
    <p class='ocr_par' dir='ltr' id='par_1_91' title="bbox 1865 4453 3400 4525">
     <span class='ocr_line' id='line_1_92' title="bbox 1865 4453 3400 4525; baseline 0.004 -17"><span class='ocrx_word' id='word_1_632' title='bbox 1865 4457 1989 4519; x_wconf 91' lang='lat' dir='ltr'><strong>ult.,</strong></span> <span class='ocrx_word' id='word_1_633' title='bbox 2014 4453 2368 4523; x_wconf 89' lang='lat' dir='ltr'><strong>Epiphanium</strong></span> <span class='ocrx_word' id='word_1_634' title='bbox 2398 4456 2584 4510; x_wconf 67' lang='lat' dir='ltr'><strong>haeresi</strong></span> <span class='ocrx_word' id='word_1_635' title='bbox 2613 4457 2700 4519; x_wconf 82' lang='grc'><strong>57,</strong></span> <span class='ocrx_word' id='word_1_636' title='bbox 2731 4473 2778 4510; x_wconf 92' lang='lat' dir='ltr'><strong>c.</strong></span> <span class='ocrx_word' id='word_1_637' title='bbox 2809 4458 2862 4522; x_wconf 90' lang='lat'><strong>6,</strong></span> <span class='ocrx_word' id='word_1_638' title='bbox 2894 4459 3078 4512; x_wconf 73' lang='lat' dir='ltr'><strong>haeresi</strong></span> <span class='ocrx_word' id='word_1_639' title='bbox 3109 4461 3195 4523; x_wconf 80' lang='lat'><strong>50,</strong></span> <span class='ocrx_word' id='word_1_640' title='bbox 3226 4476 3272 4514; x_wconf 93' lang='lat' dir='ltr'><strong>c.</strong></span> <span class='ocrx_word' id='word_1_641' title='bbox 3311 4462 3400 4525; x_wconf 79' lang='grc'><strong>15,</strong></span> 
     </span>
    </p>
   </div>
   <div class='ocr_carea' id='block_1_92' title="bbox 1863 4539 3404 4616">
    <p class='ocr_par' dir='ltr' id='par_1_92' title="bbox 1863 4539 3404 4616">
     <span class='ocr_line' id='line_1_93' title="bbox 1863 4539 3404 4616; baseline 0.003 -18"><span class='ocrx_word' id='word_1_642' title='bbox 1863 4551 1917 4598; x_wconf 87' lang='lat' dir='ltr'><strong>et</strong></span> <span class='ocrx_word' id='word_1_643' title='bbox 1947 4559 2066 4598; x_wconf 90' lang='lat' dir='ltr'><strong>eum</strong></span> <span class='ocrx_word' id='word_1_644' title='bbox 2097 4545 2186 4612; x_wconf 91' lang='lat' dir='ltr'><strong>qui</strong></span> <span class='ocrx_word' id='word_1_645' title='bbox 2209 4539 2424 4597; x_wconf 85' lang='lat' dir='ltr'><strong>Librum</strong></span> <span class='ocrx_word' id='word_1_646' title='bbox 2447 4547 2794 4615; x_wconf 80' lang='lat' dir='ltr'><strong>pontiﬁcalem</strong></span> <span class='ocrx_word' id='word_1_647' title='bbox 2821 4549 3139 4616; x_wconf 87' lang='lat' dir='ltr'><strong>composuit,</strong></span> <span class='ocrx_word' id='word_1_648' title='bbox 3172 4564 3277 4616; x_wconf 91' lang='lat' dir='ltr'><strong>quo</strong></span> <span class='ocrx_word' id='word_1_649' title='bbox 3299 4551 3404 4602; x_wconf 82' lang='lat' dir='ltr'><strong>mi-</strong></span> 
     </span>
    </p>
   </div>
   <div class='ocr_carea' id='block_1_93' title="bbox 1863 4634 3403 4704">
    <p class='ocr_par' dir='ltr' id='par_1_93' title="bbox 1863 4634 3403 4704">
     <span class='ocr_line' id='line_1_94' title="bbox 1863 4634 3403 4704; baseline 0.004 -16"><span class='ocrx_word' id='word_1_650' title='bbox 1863 4651 1965 4689; x_wconf 90' lang='lat' dir='ltr'><strong>nus</strong></span> <span class='ocrx_word' id='word_1_651' title='bbox 2006 4635 2071 4689; x_wconf 89' lang='lat' dir='ltr'><strong>de</strong></span> <span class='ocrx_word' id='word_1_652' title='bbox 2111 4634 2460 4689; x_wconf 87' lang='lat' dir='ltr'><strong>Clementinis</strong></span> <span class='ocrx_word' id='word_1_653' title='bbox 2489 4635 2747 4703; x_wconf 89' lang='lat' dir='ltr'><strong>epistolis.</strong></span> <span class='ocrx_word' id='word_1_654' title='bbox 2779 4638 2998 4704; x_wconf 89' lang='lat' dir='ltr'><strong>perinde</strong></span> <span class='ocrx_word' id='word_1_655' title='bbox 3036 4653 3097 4690; x_wconf 88' lang='lat' dir='ltr'><strong>ac</strong></span> <span class='ocrx_word' id='word_1_656' title='bbox 3136 4639 3269 4692; x_wconf 86' lang='lat' dir='ltr'><strong>nihil</strong></span> <span class='ocrx_word' id='word_1_657' title='bbox 3319 4641 3403 4694; x_wconf 89' lang='lat' dir='ltr'><strong>in-</strong></span> 
     </span>
    </p>
   </div>
   <div class='ocr_carea' id='block_1_94' title="bbox 1865 4725 3402 4795">
    <p class='ocr_par' dir='ltr' id='par_1_94' title="bbox 1865 4725 3402 4795">
     <span class='ocr_line' id='line_1_95' title="bbox 1865 4725 3402 4795; baseline 0.004 -16"><span class='ocrx_word' id='word_1_658' title='bbox 1865 4725 2156 4780; x_wconf 83' lang='lat' dir='ltr'><strong>tercederet</strong></span> <span class='ocrx_word' id='word_1_659' title='bbox 2185 4727 2324 4778; x_wconf 91' lang='lat' dir='ltr'><strong>inter</strong></span> <span class='ocrx_word' id='word_1_660' title='bbox 2350 4725 2468 4779; x_wconf 76' lang='lat' dir='ltr'><strong>illas</strong></span> <span class='ocrx_word' id='word_1_661' title='bbox 2495 4725 2840 4788; x_wconf 90' lang='lat' dir='ltr'><strong>discriminis,</strong></span> <span class='ocrx_word' id='word_1_662' title='bbox 2873 4727 3232 4795; x_wconf 90' lang='lat' dir='ltr'><strong>loquerentur.</strong></span> <span class='ocrx_word' id='word_1_663' title='bbox 3250 4729 3402 4785; x_wconf 87' lang='lat' dir='ltr'><strong>Mitto</strong></span> 
     </span>
    </p>
   </div>
   <div class='ocr_carea' id='block_1_95' title="bbox 1867 4813 3400 4884">
    <p class='ocr_par' dir='ltr' id='par_1_95' title="bbox 1867 4813 3400 4884">
     <span class='ocr_line' id='line_1_96' title="bbox 1867 4813 3400 4884; baseline 0.004 -16"><span class='ocrx_word' id='word_1_664' title='bbox 1867 4814 2007 4868; x_wconf 91' lang='lat' dir='ltr'><strong>enim</strong></span> <span class='ocrx_word' id='word_1_665' title='bbox 2037 4813 2310 4875; x_wconf 87' lang='lat' dir='ltr'><strong>Niconem,</strong></span> <span class='ocrx_word' id='word_1_666' title='bbox 2339 4813 2405 4868; x_wconf 83' lang='lat' dir='ltr'><strong>de</strong></span> <span class='ocrx_word' id='word_1_667' title='bbox 2449 4829 2554 4882; x_wconf 93' lang='lat' dir='ltr'><strong>quo</strong></span> <span class='ocrx_word' id='word_1_668' title='bbox 2597 4815 2662 4867; x_wconf 88' lang='lat' dir='ltr'><strong>ad</strong></span> <span class='ocrx_word' id='word_1_669' title='bbox 2711 4815 3001 4883; x_wconf 89' lang='lat' dir='ltr'><strong>superioris</strong></span> <span class='ocrx_word' id='word_1_670' title='bbox 3035 4815 3284 4884; x_wconf 69' lang='lat' dir='ltr'><strong>Epistolm</strong></span> <span class='ocrx_word' id='word_1_671' title='bbox 3309 4835 3400 4874; x_wconf 87' lang='lat' dir='ltr'><strong>ca-</strong></span> 
     </span>
    </p>
   </div>
   <div class='ocr_carea' id='block_1_96' title="bbox 1869 4897 3400 4978">
    <p class='ocr_par' dir='ltr' id='par_1_96' title="bbox 1869 4897 3400 4978">
     <span class='ocr_line' id='line_1_97' title="bbox 1869 4897 3400 4978; baseline 0.008 -25"><span class='ocrx_word' id='word_1_672' title='bbox 1869 4910 1963 4970; x_wconf 92' lang='lat' dir='ltr'><strong>put</strong></span> <span class='ocrx_word' id='word_1_673' title='bbox 1998 4902 2080 4954; x_wconf 75' lang='lat' dir='ltr'><strong>M.</strong></span> <span class='ocrx_word' id='word_1_674' title='bbox 2113 4897 2220 4956; x_wconf 90' lang='lat' dir='ltr'><strong>lmo</strong></span> <span class='ocrx_word' id='word_1_675' title='bbox 2253 4903 2393 4966; x_wconf 83' lang='lat' dir='ltr'><strong>quod</strong></span> <span class='ocrx_word' id='word_1_676' title='bbox 2420 4903 2702 4956; x_wconf 88' lang='lat' dir='ltr'><strong>admodum</strong></span> <span class='ocrx_word' id='word_1_677' title='bbox 2734 4906 2944 4968; x_wconf 88' lang='lat' dir='ltr'><strong>mirere,</strong></span> <span class='ocrx_word' id='word_1_678' title='bbox 2963 4907 3012 4960; x_wconf 91' lang='lat' dir='ltr'><strong>id</strong></span> <span class='ocrx_word' id='word_1_679' title='bbox 3037 4909 3102 4962; x_wconf 87' lang='lat' dir='ltr'><strong>ab</strong></span> <span class='ocrx_word' id='word_1_680' title='bbox 3126 4911 3256 4978; x_wconf 90' lang='lat' dir='ltr'><strong>ipsis</strong></span> <span class='ocrx_word' id='word_1_681' title='bbox 3275 4911 3400 4968; x_wconf 82' lang='lat' dir='ltr'><strong>Hie—</strong></span> 
     </span>
    </p>
   </div>
   <div class='ocr_carea' id='block_1_97' title="bbox 1869 4990 3398 5064">
    <p class='ocr_par' dir='ltr' id='par_1_97' title="bbox 1869 4990 3398 5064">
     <span class='ocr_line' id='line_1_98' title="bbox 1869 4990 3398 5064; baseline 0.009 -19"><span class='ocrx_word' id='word_1_682' title='bbox 1869 5007 2091 5060; x_wconf 81' lang='lat' dir='ltr'><strong>ronymo</strong></span> <span class='ocrx_word' id='word_1_683' title='bbox 2137 5006 2198 5044; x_wconf 87' lang='lat' dir='ltr'><strong>ac</strong></span> <span class='ocrx_word' id='word_1_684' title='bbox 2246 4990 2433 5045; x_wconf 86' lang='lat' dir='ltr'><strong>Photio</strong></span> <span class='ocrx_word' id='word_1_685' title='bbox 2482 4993 2834 5062; x_wconf 83' lang='lat' dir='ltr'><strong>designatum,</strong></span> <span class='ocrx_word' id='word_1_686' title='bbox 2863 5000 3074 5064; x_wconf 89' lang='lat' dir='ltr'><strong>quando</strong></span> <span class='ocrx_word' id='word_1_687' title='bbox 3102 5005 3254 5055; x_wconf 82' lang='lat' dir='ltr'><strong>suam</strong></span> <span class='ocrx_word' id='word_1_688' title='bbox 3291 5021 3398 5060; x_wconf 89' lang='lat' dir='ltr'><strong>non</strong></span> 
     </span>
    </p>
   </div>
   <div class='ocr_carea' id='block_1_98' title="bbox 1869 5079 3390 5149">
    <p class='ocr_par' dir='ltr' id='par_1_98' title="bbox 1869 5079 3390 5149">
     <span class='ocr_line' id='line_1_99' title="bbox 1869 5079 3390 5149; baseline 0.01 -17"><span class='ocrx_word' id='word_1_689' title='bbox 1869 5079 2083 5135; x_wconf 86' lang='lat' dir='ltr'><strong>Eusebii</strong></span> <span class='ocrx_word' id='word_1_690' title='bbox 2126 5091 2429 5148; x_wconf 85' lang='lat' dir='ltr'><strong>proponunt</strong></span> <span class='ocrx_word' id='word_1_691' title='bbox 2463 5082 2794 5149; x_wconf 89' lang='lat' dir='ltr'><strong>opinionem;</strong></span> <span class='ocrx_word' id='word_1_692' title='bbox 2843 5085 2930 5139; x_wconf 91' lang='lat' dir='ltr'><strong>ille</strong></span> <span class='ocrx_word' id='word_1_693' title='bbox 2974 5086 3026 5139; x_wconf 94' lang='lat' dir='ltr'><strong>in</strong></span> <span class='ocrx_word' id='word_1_694' title='bbox 3071 5091 3390 5146; x_wconf 65' lang='lat' dir='ltr'><strong>volumine!</strong></span> 
     </span>
    </p>
   </div>
   <div class='ocr_carea' id='block_1_99' title="bbox 1867 5170 3394 5241">
    <p class='ocr_par' dir='ltr' id='par_1_99' title="bbox 1867 5170 3394 5241">
     <span class='ocr_line' id='line_1_100' title="bbox 1867 5170 3394 5241; baseline 0.005 -18"><span class='ocrx_word' id='word_1_695' title='bbox 1867 5172 2122 5225; x_wconf 83' lang='lat' dir='ltr'><strong>adversus</strong></span> <span class='ocrx_word' id='word_1_696' title='bbox 2166 5170 2504 5224; x_wconf 72' lang='lat' dir='ltr'><strong>Iovinianum</strong></span> <span class='ocrx_word' id='word_1_697' title='bbox 2555 5186 2672 5239; x_wconf 89' lang='lat' dir='ltr'><strong>cap.</strong></span> <span class='ocrx_word' id='word_1_698' title='bbox 2751 5172 2800 5235; x_wconf 86' lang='lat'><strong>7,</strong></span> <span class='ocrx_word' id='word_1_699' title='bbox 2845 5174 2930 5228; x_wconf 92' lang='lat' dir='ltr'><strong>hic</strong></span> <span class='ocrx_word' id='word_1_700' title='bbox 2971 5177 3024 5228; x_wconf 92' lang='lat' dir='ltr'><strong>in</strong></span> <span class='ocrx_word' id='word_1_701' title='bbox 3100 5174 3394 5241; x_wconf 79' lang='lat' dir='ltr'><strong>Myriobibli</strong></span> 
     </span>
    </p>
   </div>
   <div class='ocr_carea' id='block_1_100' title="bbox 1864 5261 3396 5330">
    <p class='ocr_par' dir='ltr' id='par_1_100' title="bbox 1864 5261 3396 5330">
     <span class='ocr_line' id='line_1_101' title="bbox 1864 5261 3396 5330; baseline 0.004 -16"><span class='ocrx_word' id='word_1_702' title='bbox 1864 5276 1982 5330; x_wconf 88' lang='lat' dir='ltr'><strong>cap.</strong></span> <span class='ocrx_word' id='word_1_703' title='bbox 2010 5261 2129 5315; x_wconf 77' lang='grc'><strong>126.</strong></span> <span class='ocrx_word' id='word_1_704' title='bbox 2183 5261 2481 5326; x_wconf 86' lang='lat' dir='ltr'><strong>Quinetiam</strong></span> <span class='ocrx_word' id='word_1_705' title='bbox 2529 5267 2809 5329; x_wconf 88' lang='lat' dir='ltr'><strong>utramque</strong></span> <span class='ocrx_word' id='word_1_706' title='bbox 2856 5263 2994 5317; x_wconf 88' lang='lat' dir='ltr'><strong>inter</strong></span> <span class='ocrx_word' id='word_1_707' title='bbox 3040 5281 3206 5321; x_wconf 65' lang='lat' dir='ltr'><strong>saera:</strong></span> <span class='ocrx_word' id='word_1_708' title='bbox 3249 5267 3396 5322; x_wconf 84' lang='lat' dir='ltr'><strong>Scri-</strong></span> 
     </span>
    </p>
   </div>
   <div class='ocr_carea' id='block_1_101' title="bbox 1866 5349 3395 5426">
    <p class='ocr_par' dir='ltr' id='par_1_101' title="bbox 1866 5349 3395 5426">
     <span class='ocr_line' id='line_1_102' title="bbox 1866 5349 3395 5426; baseline 0.005 -22"><span class='ocrx_word' id='word_1_709' title='bbox 1866 5360 2034 5420; x_wconf 71' lang='lat' dir='ltr'><strong>ptum</strong></span> <span class='ocrx_word' id='word_1_710' title='bbox 2061 5352 2225 5406; x_wconf 90' lang='lat' dir='ltr'><strong>libros</strong></span> <span class='ocrx_word' id='word_1_711' title='bbox 2254 5351 2547 5404; x_wconf 89' lang='lat' dir='ltr'><strong>collocasse</strong></span> <span class='ocrx_word' id='word_1_712' title='bbox 2573 5349 2818 5406; x_wconf 88' lang='lat' dir='ltr'><strong>videntur</strong></span> <span class='ocrx_word' id='word_1_713' title='bbox 2837 5356 3082 5411; x_wconf 73' lang='lat' dir='ltr'><strong>Ecclesiae</strong></span> <span class='ocrx_word' id='word_1_714' title='bbox 3125 5360 3245 5421; x_wconf 72' lang='lat' dir='ltr'><strong>illae,</strong></span> <span class='ocrx_word' id='word_1_715' title='bbox 3278 5375 3395 5426; x_wconf 63' lang='lat' dir='ltr'><strong>quae</strong></span> 
     </span>
    </p>
   </div>
   <div class='ocr_carea' id='block_1_102' title="bbox 1865 5435 3397 5512">
    <p class='ocr_par' dir='ltr' id='par_1_102' title="bbox 1865 5435 3397 5512">
     <span class='ocr_line' id='line_1_103' title="bbox 1865 5435 3397 5512; baseline 0.005 -21"><span class='ocrx_word' id='word_1_716' title='bbox 1865 5441 2160 5494; x_wconf 89' lang='lat' dir='ltr'><strong>canonibus</strong></span> <span class='ocrx_word' id='word_1_717' title='bbox 2189 5435 2494 5508; x_wconf 87' lang='lat' dir='ltr'><strong>apostolicis</strong></span> <span class='ocrx_word' id='word_1_718' title='bbox 2524 5439 2864 5506; x_wconf 84' lang='lat' dir='ltr'><strong>regebantur,</strong></span> <span class='ocrx_word' id='word_1_719' title='bbox 2895 5446 3091 5512; x_wconf 88' lang='lat' dir='ltr'><strong>quique</strong></span> <span class='ocrx_word' id='word_1_720' title='bbox 3120 5460 3212 5499; x_wconf 89' lang='lat' dir='ltr'><strong>eos</strong></span> <span class='ocrx_word' id='word_1_721' title='bbox 3237 5461 3397 5498; x_wconf 82' lang='lat' dir='ltr'><strong>cauo-</strong></span> 
     </span>
    </p>
   </div>
   <div class='ocr_carea' id='block_1_103' title="bbox 1866 5529 3392 5592">
    <p class='ocr_par' dir='ltr' id='par_1_103' title="bbox 1866 5529 3392 5592">
     <span class='ocr_line' id='line_1_104' title="bbox 1866 5529 3392 5592; baseline 0.004 -9"><span class='ocrx_word' id='word_1_722' title='bbox 1866 5543 1960 5585; x_wconf 79' lang='lat' dir='ltr'><strong>ncs</strong></span> <span class='ocrx_word' id='word_1_723' title='bbox 1992 5530 2043 5584; x_wconf 90' lang='lat' dir='ltr'><strong>in</strong></span> <span class='ocrx_word' id='word_1_724' title='bbox 2074 5529 2204 5585; x_wconf 86' lang='lat' dir='ltr'><strong>Novi</strong></span> <span class='ocrx_word' id='word_1_725' title='bbox 2232 5530 2549 5586; x_wconf 86' lang='lat' dir='ltr'><strong>Testamenti</strong></span> <span class='ocrx_word' id='word_1_726' title='bbox 2576 5532 2931 5592; x_wconf 86' lang='lat' dir='ltr'><strong>voluminibus</strong></span> <span class='ocrx_word' id='word_1_727' title='bbox 2956 5542 3195 5590; x_wconf 88' lang='lat' dir='ltr'><strong>recenset</strong></span> <span class='ocrx_word' id='word_1_728' title='bbox 3226 5533 3392 5589; x_wconf 78' lang='lat' dir='ltr'><strong>Joan-</strong></span> 
     </span>
    </p>
   </div>
  </div>
