3832 6264
453 338 516 394 Ἦ

3705 258 3748 284 -.l

1549 314 1638 368 AD
1677 313 1735 367 s.
1773 295 2187 366 CLEMENTEM
2225 304 2246 358 ι
2281 292 2506 356 nam
3715 281 3730 309 ι

454 464 552 504 nes
582 446 940 500 Damascenus
966 439 1057 493 lib.
1097 451 1147 489 IV
1221 433 1531 493 Orthodora:
1560 428 1684 497 ﬁdei
1731 434 1850 489 cap.
1893 418 1980 481 18,
2011 429 2058 486 Α
2082 420 2319 483 ceperant
2350 410 2464 504 (__ex
2497 404 2745 504 Eusebio.
2769 398 2995 504 Ruﬁno,
3030 375 3748 504 OLnaJSXfi;

453 549 508 595 et
542 541 804 609 quotquot
848 531 1139 584 Bibliorum
1171 521 1444 578 codicibus
1472 516 1757 570 utebantur
1797 508 1985 564 simili-

454 601 659 686 bus-illi
687 601 916 682 Theclze,
941 635 971 673 e
993 632 1098 686 quo
1123 616 1240 669 dua:
1267 612 1381 663 ista:
1400 604 1633 676 epistola:
1656 601 1987 672 prodierunt.

457 714 682 771 Accedit
725 713 831 765 huc
857 708 998 778 quod
1025 705 1220 761 eaedem
1250 699 1532 766 utrobique
1565 698 1820 764 apparent
1861 688 1995 742 anti—

459 803 682 875 quitatis
726 807 886 862 notte,
925 795 1105 850 eadem
1137 788 1402 844 interdum
1431 786 1593 839 verba
1621 787 1990 850 usurpantur;

459 870 560 949 nec
611 897 814 946 tantam
858 884 1215 941 diversitatem
1243 878 1398 932 habet
1427 876 1617 946 stylus,
1644 871 1772 941 quin
1810 870 1877 923 ab
1906 883 1998 922 eo-

461 984 582 1038 dem
635 981 895 1048 scriptore
940 972 1102 1027 variis
1143 966 1473 1036 temporibus
1519 963 1850 1029 diversisque
1898 971 1996 1026 pro

462 1073 644 1128 causis
686 1067 814 1123 oriri
859 1062 1107 1133 potuerit.
1155 1056 1436 1126 Dionysius
1465 1059 1638 1105 autem
1686 1049 1997 1104 Corinthius

464 1160 707 1216 scribens
735 1155 798 1208 ad
824 1152 1092 1205 Romanos
1123 1146 1260 1215 apud
1288 1143 1572 1196 Eusebium
1603 1141 1696 1193 lib.
1728 1154 1800 1200 lV,
1830 1153 1879 1190 c.
1903 1138 1993 1193 9.5.

463 1251 585 1306 ideo
625 1247 782 1300 unius
823 1249 1028 1295 tantum
1071 1236 1307 1306 epistolae
1343 1232 1630 1286 Clementis
1677 1227 1996 1283 mentionem

467 1339 614 1400 facit,
644 1333 767 1404 quia
799 1331 1033 1399 loquitur
1065 1327 1131 1380 de
1169 1325 1361 1404 litteris
1390 1323 1749 1376 Romanorum
1789 1318 2003 1372 nomine

467 1399 607 1484 datis
650 1399 716 1479 ad
764 1421 1105 1481 Corinthios;
1158 1399 1216 1470 at.
1249 1414 1515 1483 posterior
1538 1408 1846 1469 Clementis,
1879 1406 2000 1468 etsi,

466 1524 603 1572 teste
645 1512 856 1575 Pbotio,
888 1510 953 1563 ad
993 1504 1299 1561 Corinthios
1340 1515 1550 1570 quoque
1596 1504 1738 1552 esset
1783 1496 2002 1562 scripta,

468 1621 576 1660 non
621 1614 797 1656 tamen
842 1601 979 1654 sicut
1024 1598 1189 1666 prior,
1221 1592 1467 1645 Ecclesiae
1505 1588 1757 1642 Romanae
1787 1599 2002 1645 nomen,

470 1697 564 1753 sed
595 1693 821 1748 Romani
865 1688 1138 1744 Pontilicis
1174 1683 1505 1754 prtel'erebat.
1535 1679 1803 1732 lndicatur
1831 1677 1880 1728 id
1912 1690 2005 1744 ap-

471 1786 775 1856 pellatione,
820 1778 1027 1845 ἀδελφοί
1062 1793 1180 1846 μου,
1211 1787 1368 1842 quam
1413 1771 1465 1823 in
1509 1766 1740 1822 secunda
1783 1780 1890 1818 non
1921 1778 2003 1816 se-

471 1876 578 1929 mel
606 1874 830 1944 positam
861 1866 1118 1926 invenies,
1156 1876 1420 1930 nusquam
1453 1861 1505 1911 in
1535 1858 1732 1926 priore.

543 1943 740 2030 Objicit
787 1957 1020 2012 Jacobus
1068 1953 1337 2013 Usserius,
1368 1947 1742 2003 dissertatione
1783 1943 1848 1997 de
1877 1943 2010 1996 scri-

474 2052 581 2122 ptis
607 2048 816 2118 lgnatii,
841 2054 969 2108 etc.,
1002 2058 1119 2111 cap.
1152 2042 1218 2096 10
1248 2042 1313 2094 ad
1342 2041 1485 2093 hunc
1515 2035 1763 2089 modum:
1797 2031 2011 2101 Episto-

476 2121 528 2194 la
562 2139 718 2193 titulo
754 2134 1041 2190 Clementis
1086 2130 1154 2184 ad
1197 2129 1505 2184 Corinthios
1537 2131 1744 2185 ornata,
1775 2121 2014 2190 profere-

477 2231 570 2284 bat
588 2224 1054 2297 (quemadmodum
1113 2233 1178 2272 ex
1197 2208 1572 2283 Quwstionibus
1594 2208 1662 2260 ad
1681 2207 2010 2272 orthodoaos,

477 2320 688 2378 Justino
731 2314 945 2385 Martyri
985 2311 1222 2373 tributis,
1251 2307 1414 2375 Resp.
1444 2305 1510 2358 ad
1537 2310 1724 2373 quaest.
1764 2300 1829 2354 7h
1857 2297 2017 2352 intel-

479 2411 698 2479 ligimus
720 2421 737 2478 )
769 2404 1005 2460 carmina
1038 2400 1316 2470 Sibyllina,
1350 2411 1465 2464 qua:
1493 2391 1780 2448 Clementis
1811 2397 2008 2456 tempo-

479 2502 632 2556 ribus
678 2495 972 2566 posteriora
1016 2490 1256 2551 fuerunt;
1289 2485 1426 2540 unde
1454 2482 1719 2550 colligitur
1747 2495 1860 2534 eam
1885 2480 2018 2532 cita-

481 2592 686 2645 tionem
717 2601 840 2640 cum
871 2582 1130 2651 inpriore
1153 2576 1440 2632 Clementis
1480 2572 1704 2641 epistola
1747 2581 2016 2636 nusquam

483 2682 808 2747 compareat,
841 2672 907 2725 ad
935 2672 1154 2724 alteram
1181 2664 1365 2720 referri
1391 2664 1602 2722 debere,
1635 2674 1753 2728 quae
1781 2656 2021 2724 ejusdem

484 2769 701 2823 nomine
734 2765 869 2817 falso
897 2760 1241 2815 inscribatur.
1260 2753 1529 2806 lnﬁrmum
1559 2754 1715 2818 plane
1743 2760 2022 2816 argumen-

486 2862 620 2906 tum.
651 2851 788 2904 Διιὰί
811 2849 969 2902 verba
1005 2840 1426 2916 pseudo-Justini
1461 2857 1475 2892 ε
1505 2839 1567 2889 Et
1613 2835 1710 2905 τῆς
1749 2833 2025 2904 παρούσης

488 2942 863 3002 καταστάσεως
906 2938 966 2990 τὸ
1009 2935 1156 2992 τέλος
1199 2933 1340 2983 ἐστὶν
1387 2931 1420 2998 ἡ
1469 2929 1552 2980 διὰ
1579 2927 1670 2979 τοῦ
1701 2925 1864 2995 πυρὸς
1909 2924 2028 2994 scpi-

492 3049 577 3095 σις
640 3031 744 3084 τῶν
799 3027 1000 3082 ἀσεϐῶν
1032 3063 1046 3087 ,
1117 3022 1258 3076 καθὰ
1319 3035 1477 3089 φασιν
1541 3019 1595 3070 αἱ
1641 3015 1844 3084 γραφαὶ
1897 3028 2028 3080 προ-

491 3121 673 3191 φητῶν
731 3135 789 3170 τε
843 3117 935 3170 καὶ
976 3111 1297 3173 ἀποστόλων,
1348 3110 1424 3162 ἔτι
1475 3108 1528 3160 δὲ
1580 3108 1672 3158 καὶ
1716 3105 1811 3173 τῆς
1838 3100 2024 3154 Σιϐύλ-

491 3189 609 3280 λης,
642 3205 818 3269 καθώς
867 3220 1024 3274 φησιν
1068 3202 1096 3252 ὁ
1151 3200 1406 3270 μακάριος
1452 3197 1679 3266 Κλήμης
1720 3195 1776 3245 ἐν
1800 3193 1865 3262 τῇ
1895 3189 2028 3259 πρὸς

493 3296 808 3368 Κορινθίους
850 3291 1122 3359 ἐπιστολῇ,
1157 3297 1259 3342 etc.
1315 3286 1373 3341 Si
1418 3284 1682 3353 pressantis
1717 3295 1884 3334 rerum
1918 3287 2028 3330 sta-

499 3401 581 3442 tus
613 3388 730 3456 ﬁnis
759 3393 836 3438 est
898 3383 1169 3449 impiorum
1213 3394 1302 3447 per
1348 3378 1513 3446 ignem
1549 3372 1843 3442 judicium,
1877 3374 2026 3436 prout

500 3483 757 3532 testantur
798 3471 1156 3541 prophetarum
1203 3477 1250 3520 et
1285 3465 1631 3536 apostolorum
1679 3460 1892 3527 scripta,
1948 3467 2029 3509 at-

498 3583 594 3635 que
639 3566 845 3632 insuper
875 3560 1091 3630 Sibylla:
1114 3559 1293 3626 ipsius,
1338 3551 1760 3626 quemadmodum
1791 3550 1862 3601 ait
1911 3548 2030 3600 bea-

501 3634 584 3709 tus
632 3653 863 3708 Clemens
908 3652 961 3702 in
992 3647 1227 3716 Epistola
1278 3644 1344 3697 ad
1388 3642 1702 3702 Corinthios,
1752 3643 1855 3691 etc.
1904 3634 2031 3701 Quae

501 3747 560 3800 in
621 3743 876 3798 Gallicam
925 3741 1160 3808 linguam
1204 3738 1276 3789 ita
1320 3736 1480 3789 vertit
1509 3729 1673 3784 David
1723 3725 2031 3780 Blondellus

502 3835 641 3890 libro
669 3834 842 3903 primo
884 3829 958 3885 De
1001 3828 1235 3898 Sibyllis,
1276 3840 1393 3894 cap.
1429 3823 1530 3886 20,
1584 3836 1644 3874 ac
1697 3820 1744 3874 si
1795 3818 2029 3887 legisset,

501 3924 561 3977 ὲν
585 3925 650 3992 τῇ
679 3920 864 3992 πρώτῃ
894 3919 1028 3989 πρὸς
1053 3915 1362 3988 Κορινθίους
1389 3909 1769 3981 ἐπιστολῇδθι]
1799 3917 2031 3963 erratum

503 4017 587 4066 est
630 4009 968 4078 preperantis
1011 4007 1263 4069 hominis,
1297 4005 1623 4070 nimiumque
1666 4000 1921 4054 memoria
1974 3998 2035 4051 li-

505 4103 701 4157 dentis.
734 4101 915 4169 itaque
945 4115 1064 4152 cum
1121 4095 1587 4168 pseudo-Justinus
1635 4093 1922 4163 generatim
1971 4093 2037 4147 de

504 4191 745 4263 epistolis
768 4191 1032 4258 loquatur,
1067 4195 1248 4240 neutra
1275 4194 1448 4240 autem
1477 4185 1543 4239 ad
1563 4199 1660 4239 nos
1687 4185 1889 4252 integra
1916 4197 2036 4251 per-

505 4281 730 4346 venerit,
762 4286 959 4333 temere
1001 4279 1068 4332 ab
1119 4277 1333 4332 Usserio
1373 4283 1707 4330 asseveratur
1733 4289 1839 4336 res,
1877 4286 2034 4341 quam

2088 480 2248 560 sensu
2278 498 2619 556 scribendum
2648 489 2930 561 receperat)
2953 480 3389 539 traditionem,
3421 480 3559 561 ann;

2091 606 2190 649 tem
2216 608 2375 646 unum
2404 589 2567 642 Deum
2595 584 3022 651 omnipotentem,
3048 574 3375 642 {actorem
3410 551 3560 651 caeli
3593 557 3652 601 et
3681 557 3748 599 εει

2089 700 2182 747 rte,
2201 682 2566 751 plasmatorem
2584 672 2827 734 hominis;
2846 668 2937 738 qui
2956 655 3276 719 induxerit
3307 643 3748 751 cataclgsmun

2090 733 2513 824 etv'aduocaverit
2559 733 2970 826 Abraham-qui
3016 744 3315 807 eduxerit
3365 733 3675 826 populum
3729 744 3748 778 ι

3421 456 3748 517 annuntio:

2095 820 2511 925 terra—di'gypti.
2554 852 2641 922 qui
2679 820 2971 903 collocutus
3009 842 3082 896 sit
3128 830 3406 902 3103/85.
3455 823 3566 894 qui
3617 820 3748 890 l6’93l

2095 947 2424 1017 disposuerit,
2452 954 2499 998 et
2524 941 2800 1012 prophetas
2832 935 3062 998 miserit,
3088 929 3199 1000 qui
3232 927 3454 994 ignem
3481 927 3748 984 prwpare

2097 1040 2222 1092 verit
2242 1035 2446 1090 diabolo
2468 1044 2514 1086 et
2545 1031 2742 1101 angelis
2769 1029 2904 1096 ejus.
2934 1025 3185 1077 Brevem
3223 1004 3748 1068 enumeratione:

2099 1130 2355 1198 capitum,
2389 1128 2442 1180 in
2470 1127 2570 1178 hac
2600 1121 2858 1176 Ecclesiae
2886 1117 3169 1170 Romanae
3209 1101 3507 1176 epistola
3539 1104 3747 1151 conte:

2099 1225 2302 1277 torum,
2341 1221 2559 1268 sanctus
2591 1218 2792 1279 martyr
2825 1203 3094 1260 instituit.
3145 1195 3244 1250 Ea
3309 1196 3542 1244 autem
3593 1184 3748 1236 omni

2101 1275 2473 1372 adhuc-legere
2503 1307 2614 1360 est,
2656 1275 2883 1365 excepto
2919 1293 3148 1351 ultimo,
3193 1279 3386 1354 quod
3421 1275 3626 1330 dubio
3657 1288 3748 1372 ρι’(

2102 1393 2187 1446 cui
2232 1393 2422 1444 lacuna
2450 1390 2539 1442 illa
2565 1389 2706 1441 circa
2739 1385 2901 1437 linem
2932 1376 3261 1446 interjecta
3315 1363 3748 1434 complectebt

2103 1490 2210 1535 tur.
2233 1479 2363 1545 Quis
2392 1491 2553 1547 porro
2579 1489 2687 1528 non
2715 1471 2893 1533 videt,
2927 1468 3022 1522 ubi
3065 1464 3231 1534 ignis
3269 1455 3546 1514 diabolo
3579 1465 3641 1506 ct
3687 1467 3748 1504 an

2103 1569 2233 1637 gelis
2258 1568 2374 1634 ejus
2412 1570 2739 1634 prmparatus
2790 1555 3256 1612 memorabatur,
3315 1547 3413 1602 ibi
3465 1541 3748 1597 commod

2107 1636 2343 1728 potuisse
2391 1655 2474 1724 agi
2520 1655 2585 1708 de
2629 1650 2812 1705 mundi
2853 1649 2980 1708 ﬁne,
3031 1660 3101 1698 ac
3153 1641 3241 1696 de
3292 1636 3652 1706 impiorum
3689 1648 3748 1701 pe

2035 1754 2074 1810 Β
2101 1725 2273 1818 ignem
2293 1746 2497 1814 judicio
2527 1753 2654 1797 tunc
2683 1741 2893 1805 futuro;
2921 1738 3171 1804 ideoque
3197 1737 3267 1785 et
3289 1804 3293 1806 _
3317 1725 3592 1795 Sibyllae
3626 1737 3748 1774 men

2105 1841 2180 1892 tio
2205 1837 2350 1891 ﬁeri?

2171 1950 2261 2002 Ait
2290 1956 2470 2001 tamen
2492 1944 2573 2000 vir
2599 1941 2888 2012 perdoctus
2909 1954 3022 1991 non
3051 1935 3322 1990 licuisse
3354 1945 3476 1999 per
3499 1934 3748 1992 temper

2109 2035 2370 2094 Clementi
2413 2049 2479 2087 ex
2527 2030 2800 2102 Sibyllinis
2849 2025 3255 2087 carminibus,
3354 2025 3585 2088 utpote
3658 2013 3746 2082 ips

2111 2126 2516 2198 posterioribus,
2545 2119 2911 2176 testimonium
2941 2123 3168 2186 petere.
3205 2112 3351 2166 Hoc
3381 2106 3748 2180 probandum

2113 2224 2250 2278 erat,
2289 2232 2394 2270 non
2431 2213 2588 2267 modo
2617 2211 2947 2265 dicendum:
2980 2205 3135 2277 quod
3180 2203 3239 2258 si
3279 2207 3649 2262 constaret,
3689 2212 3748 2250 re

2114 2309 2383 2378 quirerem
2425 2303 2798 2372 praedictarum
2839 2298 3250 2364 Quaestionum
3313 2291 3582 2347 codices
3632 2302 3748 2340 mss

2115 2377 2241 2455 num
2255 2411 2352 2466 pro
2367 2393 2545 2455 καθώς
2559 2392 2816 2446 haberent
2826 2389 2919 2442 καὶ
2935 2388 3012 2450 ὼς
3032 2393 3133 2440 aut
3148 2386 3262 2438 καὶ
3279 2381 3528 2443 καθώς.
3557 2377 3748 2432 Verun

2118 2501 2278 2556 super
2308 2482 2580 2553 Sibyllinis
2611 2480 2858 2534 versibus
2889 2477 3264 2545 exploratum
3316 2486 3454 2527 non
3492 2469 3748 2523 habetur

2119 2555 2330 2646 quando
2373 2571 2634 2640 ctepcrint
2673 2568 2812 2638 apud
2857 2565 3227 2619 Christianos
3283 2559 3601 2629 evulgari.
3655 2555 3748 2610 Snl

2121 2665 2376 2736 apostolis
2398 2679 2508 2716 rem
2535 2660 2824 2727 contigisse
2846 2655 3260 2724 persuaderet,
3292 2652 3471 2723 quod
3502 2667 3538 2703 a
3570 2649 3748 2702 multi:

2120 2754 2374 2814 refertur,
2405 2752 2732 2805 Clementem
2763 2745 3208 2799 Alexandrinum
3247 2745 3313 2796 in
3335 2755 3400 2795 vr
3424 2741 3748 2794 Stromatet

2125 2842 2212 2910 (p.
2235 2839 2366 2906 656)
2398 2839 2628 2891 recitare
2657 2834 2821 2888 verba
2848 2832 3003 2885 Pauli
3029 2832 3325 2900 apostoli,
3375 2829 3632 2884 Graecos
3666 2842 3748 2880 SCl

2125 2923 2343 2992 gentiles
2392 2927 2457 2979 ad
2497 2923 2710 2990 Sibyllae
2752 2923 2973 2977 oracula
3016 2921 3464 2985 amandantis;
3515 2919 3636 2972 nisi
3673 2933 3747 2970 au

2124 3017 2370 3072 Clemens
2411 3014 2643 3068 fabulam
2674 3027 2704 3065 a
2744 3012 2976 3081 quodam
3017 3012 3378 3081 apocrypho
3429 3011 3748 3078 sumpsissr

2125 3105 2230 3159 diei
2251 3109 2461 3174 posset;
2486 3107 2577 3154 aut
2604 3100 2784 3169 potius
2812 3099 2959 3151 illius
2989 3113 3228 3152 sensum
3259 3098 3630 3151 viderentur
3653 3112 3748 3150 nor

2125 3195 2367 3264 attigisse
2387 3192 2631 3246 homines
2658 3190 2836 3255 docti;
2875 3201 2996 3256 qua:
3023 3187 3272 3256 quidem
3327 3203 3471 3241 mea
3512 3198 3609 3241 est
3640 3189 3748 3257 opi-

2125 3285 2234 3337 nio.
2253 3282 2329 3334 Eo
2353 3282 2548 3350 quippe
2569 3279 2672 3332 loci
2701 3285 2986 3347 postquam
3017 3295 3085 3334 ex
3105 3278 3272 3332 Petri
3307 3273 3748 3346 praedicatione,

2128 3375 2266 3427 libro
2281 3379 2428 3426 extra
2440 3384 2696 3424 eanonem
2726 3369 2923 3439 posito,
2947 3365 3256 3418 allirmavit
3274 3367 3308 3418 ὁ
3326 3366 3748 3437 Στρωματεὺς,

2127 3463 2345 3528 Graecis,
2379 3468 2436 3514 ut
2466 3459 2627 3514 Deum
2653 3459 2894 3511 colerent
2922 3464 2975 3508 et
3001 3455 3184 3524 gloria
3219 3457 3585 3518 aiiicerent,
3623 3470 3748 3507 con.

2129 3566 2334 3606 cessam
2377 3549 2545 3602 fuisse
2585 3545 3007 3616 philosophiam,
3040 3546 3566 3612 quemadmodum
3611 3561 3748 3598 eam-

2130 3644 2250 3698 dem
2284 3641 2351 3694 ob
2378 3653 2594 3693 causam
2629 3644 2914 3704 utrumque
2950 3631 3409 3700 Testamentum
3444 3633 3672 3688 Judmis
3705 3641 3748 3684 el

2129 3724 2480 3788 Christianis;
2531 3722 2632 3774 ista
2663 3720 2821 3789 paulo
2849 3718 3174 3772 obscuriora
3236 3719 3501 3788 subiicit
3545 3736 3560 3773 :
3606 3719 3748 3772 Ἐπεὶ

2129 3821 2207 3873 ὅτι
2275 3818 2515 3887 καθάπερ
2616 3814 2890 3874 Ἰουδαίους
2979 3811 3261 3875 σώζεσθαι
3365 3810 3649 3863 ἐϐούλετο
3728 3809 3748 3860 ἐ

2131 3907 2278 3969 Θεὸς,
2323 3907 2445 3966 τοὺς
2476 3903 2753 3973 προφήτας
2797 3900 2998 3961 διδοὺς,
3042 3897 3225 3960 οὕτως
3283 3899 3399 3952 καὶ
3468 3899 3748 3968 Ἑλλήνων

2130 3999 2252 4059 τοὺς
2281 3993 2691 4064 δοκιμωτάτους,
2720 3988 2946 4048 οἰκείους
2973 3986 3156 4038 αὐτῶν
3186 3990 3259 4056 τῇ
3287 3987 3592 4057 διαλέκτῳ
3615 4003 3748 4056 προ-

2133 4089 2304 4158 φήτας
2323 4083 2643 4152 ἀναστήσας,
2661 4081 2734 4141 ὼς
2761 4074 2858 4131 οἶοί
2885 4093 2941 4127 τε
2969 4073 3108 4145 ἦσαν
3137 4076 3426 4146 δέχεσθαι
3458 4077 3569 4148 τὴν
3594 4076 3748 4146 παρὰ

2122 4175 2254 4232 Θεοῦ
2284 4172 2610 4244 εὐεργεσίαν,
2657 4169 2760 4221 τῶν
2792 4158 3017 4238 χυδαίὶυν
3063 4165 3405 4236 ἀνθρώπων
3435 4169 3748 4238 διέκρινεν,

2131 4264 2352 4334 δηλώσει
2381 4262 2512 4332 πρὸς
2561 4254 2638 4325 τῷ
2665 4250 3295 4320 Πέτρουοκηρύγματι,
3347 4257 3380 4307 ὁ
3425 4256 3748 4316 ἀπόστολος

507 4371 655 4426 nullo
679 4368 837 4423 modo
871 4369 1042 4436 potuit
1089 4368 1309 4420 rescire.
1341 4364 1587 4429 Quinimo
1614 4365 1659 4418 si
1693 4363 2021 4418 divinationi-

2138 4354 2300 4421 λέγων
2340 4349 2564 4410 Παῦλος.
2586 4343 2785 4398 Λάϐετε
2831 4341 2924 4396 καὶ
2965 4342 3062 4404 τὰς
3102 4343 3461 4412 Ἑλληνικὰς
3494 4345 3747 4413 βίϐλους,

507 4461 610 4515 bus
638 4457 909 4526 indulgere
955 4457 1129 4512 liceat.
1160 4452 1476 4507 crediderim
1509 4450 1561 4504 in
1591 4453 1772 4520 primae
1801 4449 2037 4518 epistola:

508 4550 701 4602 lacuna
731 4547 793 4601 ad
836 4561 885 4600 c.
913 4545 978 4598 5'7
1008 4544 1198 4596 iactam
1242 4541 1456 4610 Sibyllze
1498 4541 1835 4594 mentionem.
1866 4538 2037 4607 Atque

509 4635 835 4704 conjecturae.
886 4630 1107 4684 fundum
1161 4636 1214 4682 et
1267 4636 1537 4682 auctorem
1579 4627 1648 4680 do
1693 4624 1752 4680 S.
1784 4623 2038 4679 Irenaeum

511 4724 607 4777 lib.
641 4738 699 4775 ιιι
734 4719 987 4772 Adversus
1004 4717 1236 4780 hereses,
1295 4731 1411 4784 cap.
1437 4716 1490 4775 '5,
1521 4715 1608 4767 ubi
1633 4715 1734 4767 hoc
1752 4722 1908 4782 pacto
1930 4715 2040 4768 dis—

515 4812 644 4866 serit
675 4830 686 4863 :
721 4809 825 4865 Sub
855 4810 948 4862 hoc
976 4809 1133 4878 igitur
1153 4805 1430 4867 Clemente,
1458 4789 1775 4858 dissensione
1802 4821 1901 4857 non
1933 4820 2040 4855 mo-

513 4902 633 4955 dica
659 4903 789 4953 inter
813 4917 898 4954 eos
928 4900 1014 4968 qui
1042 4897 1275 4952 Corinthi
1304 4905 1468 4952 essent
1500 4896 1688 4964 fratres
1719 4895 1886 4963 facta,
1914 4896 2042 4947 scri-

514 4990 620 5058 psit
667 5005 778 5056 qua:
819 4999 891 5041 est
923 4988 1097 5042 Romae
1132 4987 1364 5040 Ecclesia
1411 4984 1791 5053 potentissimas
1845 4983 2043 5035 litteras

519 5075 821 5137 Corinthiis,
859 5077 924 5129 ad
951 5093 1124 5145 pacem
1154 5093 1237 5130 eos
1265 5090 1595 5145 congregans,
1625 5081 1672 5126 et
1702 5087 1947 5139 reparans
1980 5071 2045 5137 fi-

519 5165 634 5218 dem
659 5180 853 5225 eorum,
883 5174 929 5216 et
961 5166 1270 5217 annuntians
1301 5162 1653 5233 (annuntians
1699 5159 1964 5212 omittitur
1990 5159 2042 5212 in

521 5253 706 5306 Gnaeo
752 5251 888 5319 apud
933 5251 1216 5307 Eusebium
1248 5254 1338 5307 lib.
1371 5269 1422 5315 v,
1454 5267 1570 5321 cap.
1598 5250 1661 5314 6;
1705 5257 1758 5303 et
1782 5248 2044 5318 Nicepho-

523 5356 642 5396 rum
684 5342 776 5395 lib.
811 5358 882 5402 ιν,
910 5357 1026 5408 cap.
1061 5344 1142 5406 15,
1174 5343 1310 5398 forte
1352 5343 1421 5396 ob
1456 5340 1850 5395 similitudinem
1881 5341 2048 5410 parti-

525 5429 783 5498 cipiorum
810 5429 1096 5483 ἁνανεοῦσα
1123 5442 1175 5487 et
1203 5432 1611 5500 ἀναγγέλλουσα.
1650 5428 1782 5481 Nam
1823 5428 2044 5484 Ruﬁnus

526 5519 736 5573 videtur
761 5520 861 5573 hoc
888 5535 1094 5590 quoque
1133 5523 1184 5576 in
1225 5523 1452 5577 Eusebio
1486 5520 1696 5590 legisse,
1725 5519 1848 5571 dum
1881 5521 2044 5573 inter-

529 5611 764 5670 pretatur
789 5605 1094 5675 exprimens)
1119 5624 1270 5676 quam
1297 5609 1351 5660 in
1380 5606 1568 5661 recenti
1599 5603 1660 5655 ab
1685 5603 1928 5668 apostolis
1960 5619 2040 5656 re-

2138 4445 2395 4510 ὲπίγνωτε
2437 4437 2687 4490 Σίϐυλλαν
2707 4474 2720 4498 ,
2751 4435 2825 4497 ὡς
2851 4433 2998 4502 δηλοῖ
3023 4432 3119 4483 ἕνα
3141 4433 3282 4487 Θεὸν
3322 4437 3434 4487 καὶ
3481 4435 3557 4487 τὰ
3615 4432 3748 4504 μέλ..

2136 4533 2291 4584 λοντα
2318 4526 2549 4580 ἔσεσθαιο
2581 4525 2672 4577 καὶ
2698 4521 2787 4576 τδν
2821 4521 3128 4588 ’Υστάσπην
3156 4520 3450 4587 λαϐόντες
3481 4524 3747 4590 ἀνάγνω-

2135 4639 2214 4686 τε,
2243 4621 2334 4674 καὶ
2362 4619 2612 4688 εὑρήσετε
2641 4611 2815 4678 πολλῷ
2844 4611 3277 4680 τηλαυγέστερον
3314 4614 3424 4665 καὶ
3460 4615 3748 4682 σαφέστε-

2139 4729 2229 4785 ρον
2259 4704 2626 4779 γεγραμμένον
2656 4702 2744 4754 τὸν
2763 4701 2882 4754 Υἱὸν
2921 4699 3012 4752 τοῦ
3051 4697 3209 4760 Θεοῦ,
3251 4703 3367 4752 καὶ
3404 4703 3612 4766 καθὼς
3645 4721 3745 4755 πα.

2141 4797 2355 4870 ράταξιν
2384 4795 2662 4863 ποιήσουσι
2689 4789 2765 4860 τῷ
2793 4788 3009 4860 Χριστῷ
3064 4787 3250 4838 πολλοὶ
3318 4789 3593 4856 βασιλεῖς
3662 4811 3746 4862 μι-

2142 4892 2354 4952 σοῦντες
2381 4887 2559 4948 αὑτὸν,
2589 4885 2681 4938 καὶ
2709 4879 3153 4952 τοὺςιφοροῦντας
3196 4877 3258 4928 τὸ
3293 4880 3494 4950 ὄνομα
3528 4886 3737 4944 αὑτοῦ,

2140 4980 2232 5033 καὶ
2263 4979 2386 5038 τοὺς
2417 4974 2636 5035 πιστοὺς
2663 4970 2848 5034 αὑτοῦ,
2878 4971 2970 5022 καὶ
2995 4967 3088 5036 τὴν
3130 4967 3463 5039 ὑπομονὴνν
3499 4973 3605 5025 καὶ
3637 4973 3742 5044 τὴν

2140 5065 2433 5137 παρουσίαν
2462 5060 2642 5114 αὑτοῦ.
2674 5055 2806 5113 Εἶτα
2851 5059 2928 5111 ἑνὶ
2968 5055 3104 5122 λόγῳ
3145 5053 3508 5112 πυνθάνεται
3542 5065 3734 5131 ἡμῶν·

2141 5154 2296 5221 Ὄλος
2310 5155 2364 5209 δὲ
2378 5155 2404 5207 ὁ
2421 5149 2618 5224 κόσμος
2633 5150 2728 5203 καὶ
2741 5148 2808 5201 τὰ
2830 5149 2887 5200 ἐν
2905 5145 2978 5214 τῷ
2997 5144 3202 5212 κόσμῳ,
3220 5143 3389 5209 τίνος
3411 5165 3426 5213 ;
3460 5151 3594 5222 οὐχὶ
3636 5155 3736 5207 τοῦ

2141 5243 2271 5298 Θεοῦ
2287 5260 2300 5306 ;
2319 5241 2445 5306 Qua:
2460 5242 2619 5294 verba
2635 5241 2712 5294 sic
2729 5237 3014 5308 accipiunt,
3031 5233 3185 5301 quasi
3214 5231 3458 5302 λάϐετε,
3477 5253 3622 5306 etc.,
3659 5246 3732 5298 sit

2150 5332 2386 5402 Apostoli
2413 5330 2730 5385 exhortatio.
2762 5330 2830 5381 At
2856 5340 2952 5394 ego
2977 5323 3094 5386 illa,
3134 5324 3162 5373 ὁ
3191 5323 3522 5394 ἀπόστολος
3548 5333 3733 5400 λέγων

2141 5420 2483 5481 Παῦλος,ιιοιι
2511 5417 2685 5472 refero
2707 5417 2771 5471 ad
2791 5412 3170 5482 consequentia
3195 5413 3433 5482 λάϐετε,
3458 5429 3601 5484 etc.,
3626 5425 3725 5476 sed

2143 5513 2206 5564 ad
2222 5511 2590 5579 praecedentia,
2608 5509 2831 5570 οἰκείους
2851 5505 3020 5558 αὐτῶν
3034 5505 3096 5573 τῇ
3118 5503 3401 5578 διαλέκτῳ
3423 5515 3740 5584 προφήτας,

2144 5614 2237 5653 seu
2253 5599 2315 5652 ad
2330 5600 2648 5652 versiculum
2671 5599 2734 5652 12
2768 5596 2956 5666 capitis
2976 5614 2990 5650 ι
3009 5594 3258 5662 Epistolre
3273 5597 3346 5648 ad
3360 5598 3583 5667 Titum,
3598 5599 3721 5654 εἶπέ
