3832 6276
250 252 333 306 73
540 215 547 225 ’
1470 251 1818 312 recasura
1858 254 2232 313 VARIORUM.
3369 257 3435 311 ἰι

237 380 340 428 τις
370 363 423 429 te
444 359 604 414 αὐτῶν
634 357 763 421 tato:
791 356 981 413 αὐτῶν
1010 361 1328 432 προφήτης
1359 370 1417 415 et
1434 361 1657 430 λάϐετε,
1679 376 1806 430 etc.,

1911 381 2012 435 que
2042 367 2365 422 multorum,
2406 369 2597 420 versus
2625 363 3239 435 SibyllinmColleetlonis
3259 364 3350 419 lib.
3385 383 3433 433 ι,

234 453 538 510 Clementis
571 464 693 506 esse
728 450 997 513 arbitror.
1047 468 1158 507 non
1199 451 1349 505 Pauli
1377 471 1393 506 :
1425 462 1544 508 tum
1576 458 1723 524 quod
1759 459 1814 511 in

231 545 371 599 ﬁne
391 543 591 606 dicitur,
603 534 722 593 εἶτα
738 541 822 593 ἑνὶ
835 539 1009 611 λόγῳ,
1026 553 1135 598 etc.
1162 540 1539 597 Prwdicationi
1558 544 1703 599 Petri
1719 548 1815 600 tri-

233 633 390 697 hun,
408 646 515 686 cum
541 628 701 699 cujus
729 630 930 687 ultimo
954 646 1212 686 sermone
1236 632 1397 701 paulo
1426 644 1555 688 ante
1579 651 1674 703 per
1696 635 1815 689 Cleo

232 731 480 777 mentem
515 722 741 775 laudato
778 722 1046 776 convenit
1076 724 1294 793 optime.
1326 719 1600 786 Quocirca
1631 732 1811 780 verto:

233 810 680 882 Quandoquidem
722 812 866 882 quod
902 814 1042 867 sicut
1070 812 1279 867 Judazos
1319 811 1460 865 Deus
1503 814 1671 867 salvos
1709 828 1816 866 esse

229 904 423 965 coluit,
454 902 588 955 dans
621 902 699 957 eis
729 902 1040 972 prophetas,
1073 903 1149 956 ita
1171 902 1325 955 etiam
1362 899 1659 954 Grmcorum
1692 917 1813 969 pro—

227 990 572 1054 batissimos,
600 996 854 1061 proprios
884 1010 998 1047 sua:
1033 992 1221 1064 linguae
1245 993 1519 1061 prophetas
1553 996 1811 1053 excitans,

226 1092 398 1148 prout
412 1090 660 1148 poterant
688 1098 879 1149 capere
905 1082 1001 1136 Dei
1029 1083 1434 1151 beneﬁcentiam,
1455 1100 1487 1135 a
1508 1083 1689 1135 vilibus
1711 1084 1816 1136 val.

224 1170 547 1239 garibusque
594 1169 911 1225 hominibus
954 1174 1250 1233 secreverit,
1292 1172 1597 1235 declarabit,
1632 1182 1816 1240 pra’ter

226 1260 383 1314 Petri
401 1258 887 1325 przedicationem,
913 1262 1002 1331 qui
1037 1261 1129 1314 hoc
1156 1262 1279 1313 dicit
1304 1262 1564 1328 apostolus
1595 1261 1811 1314 Paulus.

232 1346 423 1402 Libros
462 1365 681 1418 quoque
714 1348 931 1403 Crmeos
975 1351 1189 1412 sumite;
1230 1350 1487 1419 agnoscite
1528 1349 1810 1418 Sibyllam,

228 1452 351 1503 qua
375 1436 524 1490 modo
550 1454 730 1490 unum
775 1438 947 1492 Deum
979 1440 1295 1506 manifestat,
1328 1448 1375 1491 et
1413 1454 1472 1491 ea
1500 1454 1610 1507 qtae
1638 1439 1815 1507 futura

228 1537 395 1577 sunt:
417 1536 704 1595 sumptum
738 1529 903 1580 etiam
932 1518 1242 1596 Hystaspem
1268 1528 1436 1595 legite,
1472 1538 1519 1581 et
1552 1528 1812 1581 invenietis

228 1608 348 1663 Dei
367 1612 569 1665 Filium
602 1615 783 1667 multo
812 1616 1012 1667 clarius
1041 1616 1369 1683 apertiusque
1404 1631 1512 1668 esse
1538 1617 1810 1683 scriptum,

226 1710 389 1767 atque
413 1704 576 1755 multi
600 1719 755 1771 reges
785 1704 1036 1757 aduersus
1068 1702 1331 1758 Christum
1359 1706 1518 1758 aciem
1539 1706 1811 1767 instruent,

224 1789 357 1841 odio
373 1791 634 1845 habentes
659 1802 774 1845 tum
804 1794 981 1856 illum,
1013 1804 1119 1846 tum
1148 1810 1231 1847 eos
1259 1797 1345 1863 qui
1371 1811 1550 1847 nomen
1588 1793 1698 1861 ejus
1730 1810 1815 1863 ge-

226 1891 399 1942 stant,
427 1892 479 1934 et
507 1883 632 1950 ejus
656 1883 849 1950 ﬁdeles
870 1922 886 1946 ,
915 1885 1159 1953 illiusque
1183 1884 1508 1937 tolerantiam
1544 1893 1692 1951 atque
1721 1884 1817 1935 ad~

223 1979 460 2023 veniunt.
499 1970 713 2023 Deinde
748 1987 853 2023 uno
883 1972 1035 2025 verba
1057 1971 1183 2040 (seu
1218 1988 1325 2025 una
1361 1973 1587 2037 ratione)
1611 1989 1702 2025 nos
1736 1974 1816 2025 in-

227 2064 498 2125 terrogat:
517 2058 697 2111 Totus
722 2068 899 2112 autem
925 2060 1170 2121 mundus,
1192 2069 1241 2113 et
1259 2077 1372 2129 qua:
1391 2070 1507 2114 sunt
1532 2063 1584 2113 in
1605 2062 1811 2123 mundo,

217 2142 381 2209 cujus
402 2156 528 2197 sunt
546 2148 573 2200 .’
599 2144 804 2199 Nonne
826 2146 964 2201 Dei?
991 2146 1081 2200 Sic
1112 2147 1334 2214 pulchre
1360 2148 1533 2201 omnia
1564 2148 1662 2201 sibi
1689 2161 1817 2199 cono

216 2239 401 2296 stant,
420 2235 590 2288 aliter
615 2234 998 2303 impeditiora.
1023 2234 1173 2289 Adde
1194 2235 1335 2303 quod
1355 2236 1441 2287 vix
1470 2237 1522 2289 in
1548 2243 1660 2287 toto
1684 2235 1807 2287 Cle-

214 2330 417 2375 mente
454 2322 719 2376 invenias
743 2321 951 2391 aliquid
987 2323 1276 2391 apocryphi
1300 2323 1582 2391 prolatum.
1603 2322 1814 2375 nomine

209 2406 525 2473 duntaxat,
555 2409 839 2471 auctoris,
864 2422 973 2461 non
1004 2408 1285 2476 praemisso
1309 2409 1485 2477 operis
1514 2410 1685 2473 titulo,
1707 2424 1811 2462 non

206 2497 452 2564 adjecta
482 2498 773 2560 dictione,
809 2513 933 2567 qua:
960 2498 1120 2566 quale
1157 2498 1226 2551 sit
1262 2499 1515 2566 scriptum
1558 2497 1812 2552 declaret.

202 2584 477 2655 Legatur
534 2594 658 2641 tota
723 2587 1083 2640 Alexandrini
1135 2587 1459 2656 disputatio;
1507 2587 1814 2641 conferatur

200 2693 360 2732 cum
393 2679 464 2731 iis
490 2692 619 2746 qua:
650 2677 707 2730 in
733 2675 1045 2731 Stromateo
1086 2689 1105 2731 ι
1136 2677 1384 2731 edisserit
1418 2676 1482 2730 de
1509 2676 1811 2731 Graecorum

1915 466 1969 510 et
1994 457 2087 511 lib.
2114 470 2173 509 ιιι
2208 452 2274 506 de
2307 446 2515 515 Sibylla
2538 450 2646 507 Noe
2667 465 2963 521 coastanca;
3006 456 3436 524 quandoquidem

1913 559 1975 598 ex
2026 544 2236 596 illorum
2274 538 2500 592 Patrum
2545 543 2901 609 professione,
2951 545 3097 598 nulla
3139 560 3170 598 e
3219 543 3435 615 Sibyllis

1912 634 2107 688 Mosem
2132 636 2456 705 antiquitate
2477 636 2767 703 superavit.
2797 634 2874 687 Ex
2902 635 3094 702 quibus
3124 636 3436 704 intelligitur

1912 734 2017 773 non
2051 738 2212 775 unum
2243 730 2456 792 poetam
2496 720 2751 792 Sibyllam
2794 737 2851 776 se
2885 737 3006 776 esse
3048 723 3296 786 ﬁnxisse,
3342 726 3434 777 sed

1913 812 2112 878 plures,
2143 813 2356 866 diverso
2387 817 2643 880 tempore,
2679 826 2902 880 quorum
2928 827 3118 865 versus
3146 811 3433 881 disiectos,

1914 914 2076 952 unum
2106 899 2158 952 in
2196 914 2391 968 corpus
2420 902 2824 955 consarcinator
2846 912 3082 958 incertus
3115 902 3288 957 multo
3315 911 3435 973 post

1912 988 2136 1042 denatos
2158 991 2427 1057 apostolos
2456 991 2796 1060 compegerit.

1981 1074 2130 1138 Quod
2152 1088 2327 1130 autem
2346 1091 2374 1129 a
2398 1078 2635 1146 pluribus
2660 1078 3013 1141 exiStimatur,
3042 1081 3215 1148 primo
3238 1085 3434 1137 amatio

1913 1176 1975 1214 ac
2006 1163 2263 1231 principio
2301 1167 2521 1219 secundi
2568 1165 2818 1235 Sibyllam
2873 1181 2903 1219 a
2942 1168 3264 1223 Christianis
3295 1173 3431 1225 scri-

1914 1251 2155 1317 ptoribus
2169 1253 2323 1306 citari
2339 1254 2662 1322 nequivisse,
2690 1254 2744 1309 id
2766 1271 2890 1310 vero
2911 1272 3008 1324 ego
3028 1258 3257 1319 inﬁcior,
3277 1260 3437 1313 ratio-

1914 1340 2070 1395 nibus
2099 1342 2356 1396 adductus
2384 1358 2488 1397 non
2517 1345 2717 1411 paucis.
2746 1345 3024 1408 Quoniam,
3054 1349 3290 1414 scilicet,
3315 1366 3431 1418 gra'

1913 1424 1983 1475 tis
2016 1438 2079 1476 ac
2105 1426 2221 1478 sine
2247 1425 2586 1481 fundamento
2617 1429 2746 1481 illud
2773 1432 3051 1486 asscritur.
3078 1432 3279 1487 Deinde
3307 1437 3434 1503 quia

1916 1515 2210 1570 viventibus
2231 1518 2504 1586 apostolis,
2525 1532 2586 1571 ac
2608 1518 2751 1572 Luca
2778 1521 3045 1576 scribente
3067 1522 3432 1593 Evangeliutn.

1914 1604 2078 1655 multa
2116 1606 2413 1674 apocrypha
2454 1614 2505 1661 et
2533 1609 2982 1677 pseudepigrapba
3013 1611 3171 1665 otiosi
3206 1621 3437 1668 temera-

1918 1693 2089 1760 riique
2113 1694 2352 1749 homines
2384 1694 2632 1760 edebant,
2666 1698 2835 1766 inquit
2862 1698 3141 1769 Origenes,
3179 1703 3363 1757 homil.
3405 1707 3429 1756 l

1912 1780 1967 1834 in
1995 1779 2208 1842 Lucam.
2232 1799 2457 1853 eumque
2481 1787 2773 1854 sepissime
2793 1802 3027 1857 sequens
3057 1790 3432 1862 Hieronymus,

1908 1871 2161 1926 Prommio
2175 1871 2680 1944 Commentariorum
2696 1892 2855 1946 super
2866 1879 3163 1934 Matthaeum
3174 1921 3189 1940 .
3208 1899 3306 1937 nec
3327 1900 3432 1937 non

1914 1958 2085 2023 Titus,
2117 1963 2457 2029 Ambrosius,
2489 1964 2655 2030 Beda,
2716 1965 3049 2037 Euthymius,
3096 1971 3435 2044 Tlieophylao

1912 2057 2051 2110 ctus,
2071 2049 2133 2102 ad
2151 2053 2377 2118 primum
2406 2068 2617 2108 versum
2662 2055 2934 2127 Evangelii
2965 2060 3119 2122 Luca:
3138 2080 3149 2115 :
3170 2065 3355 2131 quidni
3383 2076 3435 2120 et

1912 2138 1966 2189 iu
1996 2137 2099 2189 illis
2136 2140 2374 2205 quasdam
2413 2140 2673 2211 Sibyllino
2703 2147 2953 2201 nomine?
2974 2150 3052 2201 Ad
3088 2151 3200 2205 haec
3229 2163 3432 2208 certum

1912 2233 1995 2277 est
2026 2241 2090 2279 ex
2121 2226 2389 2292 Varrone,
2427 2230 2710 2295 Cicerone,
2746 2234 2954 2299 Tacito,
2989 2236 3245 2295 Suetonio
3265 2281 3278 2303 ,
3310 2243 3435 2299 Plu-

1912 2317 2125 2375 tarcho.
2171 2322 2333 2371 multa
2372 2336 2505 2374 vana
2549 2330 2605 2375 et
2646 2327 2983 2393 supposititia
3025 2330 3162 2384 inter
3201 2348 3433 2402 paganos

1913 2407 2066 2473 quasi
2107 2405 2358 2476 Sibyllina
2398 2409 2564 2465 fuisse
2617 2412 2957 2479 circumlata,
2999 2428 3121 2472 ante
3160 2428 3212 2474 et
3253 2424 3430 2474 statim

1909 2504 2033 2563 post
2060 2499 2348 2565 primordia
2381 2511 2575 2555 nostra}
2601 2504 2874 2573 religionis
2899 2526 2912 2560 :
2947 2508 3043 2561 hoc
3065 2512 3308 2580 exemplo
3336 2525 3433 2567 cur

1911 2600 2016 2637 non
2049 2587 2185 2640 idem
2228 2591 2462 2643 evenerit
2492 2596 2631 2660 apud
2674 2596 2811 2648 nos?
2838 2596 3022 2665 Adjice
3062 2599 3149 2654 bis
3190 2601 3433 2656 testimo-

1913 2673 2060 2725 nium
2090 2672 2296 2730 Herium
2318 2678 2389 2732 lib
2415 2693 2454 2741 ι,
2478 2680 2577 2733 vis.
2606 2684 2660 2743 2,
2679 2696 2795 2751 cap.
2818 2684 2880 2745 4,
2907 2701 3128 2755 quasque
3154 2688 3223 2743 ibi
3262 2690 3427 2744 adno-

194 2768 618 2839 sa'iicntibus,
669 2769 982 2838 praesertim
1025 2783 1146 2837 pag.
1180 2767 1312 2830 299,
1365 2767 1453 2822 ubi
1487 2769 1658 2822 locum
1688 2768 1811 2837 Epi-
1908 2764 2087 2814 tabam
2108 2765 2172 2818 de
2196 2763 2387 2834 insigni
2412 2768 2517 2820 isto
2542 2769 2659 2822 loco
2687 2768 2903 2840 Josepbi
2931 2774 3426 2844 Antiquit.ludaie..

180 2902 183 2905 ς
221 2859 401 2916 uola:
423 2860 491 2914 ad
512 2857 708 2912 Titum
741 2858 1005 2911 adducit:
1038 2856 1260 2911 Conﬁdo
1296 2856 1407 2912 fore
1461 2865 1519 2910 ut
1561 2872 1676 2911 mea
1705 2871 1807 2910 non

1911 2850 2000 2906 lib.
2034 2863 2079 2919 ι,
2098 2866 2215 2922 cap.
2239 2857 2305 2909 5:
2337 2856 2467 2926 Περὶ
2500 2857 2554 2909 δὲ
2596 2857 2688 2909 τοῦ
2738 2860 2941 2930 πύργου
2990 2864 3174 2917 τούτου
3219 2867 3310 2920 καὶ
3336 2868 3433 2937 τῆς

246 2950 582 3016 \mprobetur
612 2947 1028 3015 interpretatio.
1053 2944 1193 2998 Nihil
1224 2960 1349 3014 ergo
1376 2945 1688 3013 adjuvamur
1711 2945 1807 2998 hoc

1911 2942 2235 3014 ἀλλοφωνίας
2259 2944 2364 2996 τῶν
2408 2944 2722 3017 ἀνθρώπων,
2754 2951 3013 3020 μέμνηται
3053 2956 3144 3006 καὶ
3174 2956 3393 3010 Σίϐυλλα
3415 2995 3432 3019 ,

264 3043 585 3103 testimonio,
613 3039 689 3094 ad
723 3036 1166 3107 investigandum
1196 3034 1337 3105 quod
1358 3034 1645 3104 quaerimus
1672 3041 1806 3087 tem-

1911 3030 2128 3099 ὶέγιυσα
2168 3033 2352 3097 οὕτως·
2399 3036 2615 3090 Πάντων
2655 3040 2942 3109 ὁμοφώνων
2980 3042 3144 3095 ὄντων
3188 3044 3292 3097 τῶν
3342 3045 3434 3099 ἀνι

256 3145 374 3197 μηδ’
1906 3118 2135 3191 θρὼπων
2168 3160 2183 3183 ,
2247 3123 2449 3194 πύργον
2508 3126 2851 3196 ᾠκοδόμησάν
2902 3146 3042 3193 τινες
3092 3131 3431 3201 ὑψηλότατον,

325 3214 423 3272 lam
467 3233 608 3273 vero
645 3217 697 3271 si
744 3224 943 3286 agatur
980 3207 1046 3267 de
1091 3212 1472 3282 Sibyllinorum
1511 3211 1805 3265 carminum

1911 3208 1978 3271 ὡς
2020 3211 2111 3263 ἐπὶ
2150 3212 2238 3263 τὸν
2280 3214 2500 3284 οὐρανὸν
2539 3216 2923 3287 ἀναϐησόμενοι
2964 3220 3029 3273 δι’
3060 3223 3242 3276 αὑτοῦ.
3286 3225 3347 3278 Οἱ
3379 3227 3435 3279 δδ

249 3306 446 3377 sylloge
473 3322 588 3376 qua
624 3304 798 3358 hodie
834 3302 1057 3363 utimur,
1095 3314 1191 3368 pro
1228 3308 1373 3352 certo
1403 3298 1582 3352 haberi
1620 3297 1804 3358 debet,

1911 3299 2034 3361 θεοὶ,
2081 3300 2308 3371 ἀνέμους
2355 3303 2788 3373 ἐπιπέμψαντες,
2824 3310 3117 3379 ἀνέτρεψαν
3160 3313 3250 3366 τὸν
3291 3312 3428 3385 πύρ-

242 3397 381 3462 quod
410 3412 441 3449 a
472 3397 674 3450 multis
720 3392 1008 3447 evidenter
1043 3389 1142 3443 l‘uit
1168 3389 1467 3458 probatum,
1498 3403 1613 3441 eam
1645 3388 1807 3439 multo

1911 3404 2030 3455 γον,
2084 3392 2176 3442 καὶ
2222 3391 2351 3443 ἰδίαν
2405 3393 2612 3463 ἑκάστῳ
2666 3396 2842 3466 φωνὴν
2895 3398 3114 3451 ἔδωκαν·
3172 3403 3265 3455 καὶ
3339 3403 3430 3456 διὰ

243 3493 366 3549 post
409 3485 731 3556 apostolica
781 3490 1031 3549 tempora
1082 3480 1254 3532 lucem
1295 3476 1510 3530 vidisse.
1560 3475 1806 3528 Nonnulli

229 3586 367 3627 sane
398 3576 452 3628 in
478 3590 544 3628 ea
571 3586 780 3627 versus
808 3571 1083 3639 leguntur,
1111 3575 1268 3620 aetate
1299 3566 1624 3635 posteriores
1680 3565 1810 3616 seri-

227 3660 345 3728 ptis
364 3664 596 3717 Patrum
626 3660 905 3732 Sibyllina
936 3659 1156 3712 oracula
1190 3656 1478 3710 citantibus
1506 3654 1725 3721 :quales
1753 3651 1807 3704 hi

218 3752 375 3805 duo:

214 3856 430 3934 ρύκέτι
459 3859 576 3934 γὰρ
606 3856 769 3934 παρὰ
800 3858 912 3933 σεῖο
937 3855 1006 3934 re
1024 3855 1123 3934 τῇς
1153 3853 1569 3934 φιλοθιρέμμονος
1604 3851 1731 3920 ὖλης

212 3922 576 3996 Παῷενιήὶ
604 3922 813 3994 κοῦραι
842 3922 953 3992 πῦρ
984 3922 1161 3973 ἔνθεον
1190 3922 1524 3991 εὑρήσουσιν,

214 4029 282 4081 in
304 4028 602 4104 Ῥαψῳδιᾳ
616 4042 804 4086 nostra
819 4031 953 4084 lib.v
976 4038 1098 4099 post
1129 4030 1389 4094 medium;
1423 4037 1546 4083 sunt
1576 4029 1715 4081 enim
1744 4027 1808 4081 de

214 4116 468 4177 incenso
506 4122 694 4175 Vestae
719 4120 927 4188 templo
952 4120 1055 4173 sub
1084 4119 1243 4171 linem
1276 4119 1479 4186 imperii
1509 4118 1804 4177 Commodi,

208 4213 583 4280 proindeque
638 4226 769 4264 cum
821 4209 933 4277 jam
980 4208 1264 4270 Justinus,
1317 4208 1712 4276 Athenagoras,
1756 4218 1807 4261 et.

205 4292 583 4369 Theophilus
621 4298 1009 4351 Antiochenus
1047 4295 1310 4365 Sibyllina
1352 4299 1404 4350 in
1445 4299 1806 4353 testimonium

202 4400 328 4451 pro
360 4392 476 4445 ﬁde
507 4389 826 4443 Christiana
859 4384 1244 4438 advocassent.
1281 4384 1355 4437 Ac
1381 4384 1684 4453 Origcniani
1715 4396 1809 4436 cu-

202 4473 461 4539 jusdam
491 4492 712 4530 manum
746 4474 964 4528 redolet
986 4473 1114 4525 libri
1145 4487 1186 4522 ιι
1212 4470 1350 4536 ﬁnis,
1376 4474 1440 4527 ad
1463 4487 1618 4541 quem
1652 4471 1809 4526 scho-

206 4563 433 4623 liastes
464 4566 684 4622 Graecus
714 4567 799 4620 sic
828 4562 1169 4617 adnotabat:

338 4703 526 4774 Ῡεὺὄῃ
558 4700 875 4774 προφανῶς·
907 4697 1035 4774 οὐδὲ
1065 4694 1178 4764 γὰρ
1206 4695 1347 4764 λήξει
1366 4698 1502 4774 ,ποτὲ

344 4773 419 4825 Τὸ
446 4757 554 4843 πθρ
582 4757 811 4834 έολᾶζον
835 4757 970 4845 ῖξοὺς
1005 4757 1515 4845 καέεξξεκριμένους.

346 4840 508 4911 Κάγὼ
522 4830 640 4911 ’γὰρ
667 4830 739 4911 ἂν
769 4830 1191 4911 εὔξαιμικτοςιθ⁹
1216 4830 1379 4911 obsto;
1406 4833 1541 4911 ἕχξιν
1559 4872 1572 4892 ,

338 4898 525 4974 eam;
542 4898 859 4980 ’μέγισταις
882 4898 1237 4980 σῲαλμριτιιζν
1263 4898 1583 4980 ἐστιγμένος,

332 4981 397 5035 Ag
417 4964 661 5063 θείζδνοξ
688 4964 976 5063 χρῄζουσι
1015 4964 1442 5063 ψιλαονθριὲπίαί.

489 5027 848 5119 ἷίἦῦνῖσὸὧ
857 5027 1206 5119 Αφληνξιξξξξν
1220 5027 1507 5119 Α’Ᾱξίξριιγένης
1525 5074 1540 5099 ,

314 5100 775 5196 Hzpacvfev‘éaﬂat
808 5100 930 5160 τῶν
967 5100 1260 5154 ιὲολάσεων
1286 5100 1466 5167 λέγων,

124 5188 448 5336 Sec-teque
483 5252 769 5314 observat
802 5238 911 5310 qui
943 5236 1166 5336 nostra
1197 5236 1352 5336 astate
1390 5233 1803 5336 pluriinos‘judi-

143 5290 448 5380 Neue-qm:
483 5290 649 5314 υνδυι
677 5290 769 5302 νυν
804 5290 867 5310 -ιί
1197 5317 1206 5327 ,
1391 5290 1405 5298 -
1549 5323 1558 5332 ⁸
1634 5290 1680 5333 Ἴ·
1766 5325 1776 5335 ⁸

230 5342 269 5379 ,ο
539 5349 581 5399 ,ι
643 5327 983 5393 Germ-dus
1031 5317 1276 5370 Vossms
1317 5318 1387 5371 De
1428 5333 1582 5384 poetis
1610 5320 1801 5375 brazcu

170 5394 234 5432 Μ
298 5366 549 5432 superav‘
688 5429 699 5432 -
742 5425 754 5432 .
851 5431 862 5432 γ
910 5406 1283 5432 ----...Α..;ιη.,.
1318 5406 1496 5432 r..-.:-.:
1530 5414 1766 5432 ----_-._-_-_

170 5394 267 5499 ‘51,,
298 5394 874 5499 :Uﬁgg'é‘siitisse
910 5406 1286 5473 temporibus
1311 5406 1498 5460 Justini
1529 5414 1798 5479 martyris,

177 5460 281 5529 ΦΨ.
308 5460 346 5521 1,
378 5462 496 5507 ηοη
532 5460 869 5494 ειδιι--ουν
915 5460 969 5463 π
1057 5460 1104 5543 .d
1145 5495 1157 5504 .
1208 5495 1218 5505 .
1284 5494 1318 5544 π
1404 5497 1485 5547 Ψ.
1600 5460 1613 5509 ν.
1649 5460 1793 5479 ίαν-ι

206 5520 366 5615 ἢλίηιή,
401 5516 750 5597 Clementis
782 5504 1061 5615 flexa'n
1114 5508 1249 5549 l‘lnl.
1305 5512 1413 5548 .use
1440 5515 1518 5557 ιιι,
1553 5500 1793 5551 aliorum-

264 5573 366 5616 till",
401 5573 495 5597 ""‘

390 5628 709 5697 iunior.-
775 5598 898 5655 Cl“
919 5635 935 5646 -
1004 5589 1065 5645 ¹⁶

1906 3476 2062 3528 τοῦτο
2105 3478 2387 3531 Βαϐυλῶνα
2428 3482 2619 3551 συνέϐη
2667 3484 2923 3554 κληθῆναι
2998 3488 3093 3558 τὴν
3138 3490 3307 3543 πόλιψ
3336 3494 3427 3561 qui

1907 3566 2056 3619 locus
2116 3568 2403 3635 respondet
2457 3569 2539 3623 his
2586 3569 2861 3642 Sibyllinis
2904 3575 2998 3630 lib.
3040 3581 3303 3641 ut,circa
3327 3580 3432 3635 ini-

1906 3656 2037 3705 tium
2066 3672 2078 3707 :

1921 3782 2051 3835 Ἀλλ’
2080 3786 2273 3837 ὁπόταν
2306 3787 2551 3856 μεγάλοιο
2569 3786 2697 3840 Θεοῦ
2712 3759 3024 3845 η’πελάσωσιν
3058 3786 3291 3861 ἀπειλαί,
3322 3808 3420 3852 etc.

1906 3903 2181 3958 Concludo
2224 3907 2354 3959 nihil
2385 3915 2561 3961 vetare
2599 3910 2725 3976 quin
2758 3924 2884 3962 vero
2927 3910 3183 3966 Clementi
3217 3914 3428 3969 laudata

1909 3991 2066 4044 fuerit
2091 3990 2308 4060 Sibylla,
2337 3995 2387 4045 in
2418 4010 2475 4045 re
2503 4001 2796 4060 przesertim
2826 3997 3055 4052 ethnicis
3080 4016 3184 4056 non
3217 4002 3425 4072 ignota.

1909 4082 2091 4133 mundi
2129 4082 2371 4135 videlicet
2400 4082 2521 4145 ﬁne,
2552 4098 2615 4135 ac
2644 4085 2924 4152 impiorum
2964 4101 3058 4155 per
3083 4088 3255 4159 ignem
3284 4093 3429 4160 judi-

1909 4171 2030 4224 cio:
2070 4171 2135 4225 de
2164 4187 2264 4239 qua
2292 4174 2514 4226 consule
2552 4176 2814 4242 prtecipue
2846 4176 3111 4232 Justinum
3148 4179 3424 4250 Martyrem

1840 4270 1883 4323 ι)
1909 4258 2231 4326 Apologetico
2256 4272 2317 4319 tt,
2340 4275 2392 4326 p.
2417 4259 2503 4317 66.
2527 4268 2578 4313 et
2600 4259 2853 4327 Sibyllina
2882 4272 3064 4315 nostra
3086 4265 3313 4320 Oracula
3332 4270 3421 4322 lib.

1910 4361 1948 4397 ιι
1974 4356 2023 4400 et
2049 4360 2129 4400 ιιι.
2156 4348 2231 4399 Ac
2262 4348 2439 4401 forsan
2468 4348 2714 4403 Clemens
2749 4351 3068 4418 exemplaria
3102 4354 3301 4406 viderat
3328 4371 3395 4409 an

1906 4442 2117 4501 tequam
2147 4448 2175 4485 a
2204 4435 2525 4489 Christianis
2554 4437 2645 4505 (ut
2677 4440 3023 4506 conqueritur
3063 4442 3249 4495 Celsus
3284 4443 3423 4509 apud

1907 4522 2183 4591 Origenem
2212 4522 2304 4577 lib.
2340 4539 2432 4586 vti,
2460 4532 2645 4578 contra
2674 4524 2828 4594 cum)
2869 4525 3096 4581 fuissent
3129 4526 3425 4597 interjectis

1906 4613 2147 4681 pluribus
2176 4614 2516 4682 interpolata.

1975 4702 2234 4756 Caeterum
2273 4702 2481 4754 videtur
2516 4700 2627 4754 hazc
2651 4702 2881 4754 secunda
2909 4702 3133 4769 cpistola
3160 4711 3285 4758 ante
3317 4708 3427 4774 pri--

1906 4807 2044 4844 mam
2077 4806 2197 4846 esse
2233 4791 2453 4859 scripta.
2484 4790 2920 4858 Quandoquidem
2953 4792 3127 4844 innuit
3153 4790 3414 4862 fragmen-

1906 4890 2015 4933 tum
2045 4881 2185 4934 illius
2212 4880 2430 4947 paciﬁca
2456 4888 2724 4947 tempora;
2750 4887 2801 4932 et
2821 4892 2884 4932 ex
2911 4879 3085 4932 Photii
3109 4882 3295 4936 codice
3326 4885 3425 4935 ter.

1903 4975 2199 5043 colligimus
2242 4972 2448 5026 dissidii
2508 4971 2834 5025 Corinthiaci
2874 4970 2929 5023 in
2971 4984 3033 5024 ea
3078 4971 3272 5029 factam
3319 4990 3425 5026 non

1910 5058 2075 5116 fuisse
2107 5062 2464 5113 mentionem:
2508 5071 2561 5111 at
2586 5059 2631 5112 si
2664 5058 2785 5111 data
2805 5065 2959 5110 'esset
2998 5067 3119 5126 post
3155 5060 3421 5127 priorem,

1904 5148 2007 5202 hoc
2055 5155 2138 5201 est
2171 5157 2289 5215 post
2330 5146 2484 5198 ﬁnem
2515 5144 2901 5213 persecutionis
2941 5143 3244 5208 Domitiani,
3289 5154 3425 5201 teir-
3488 5184 3493 5191 .

1903 5251 2032 5304 pore
2059 5236 2227 5304 pacis,
2265 5243 2422 5301 atque
2454 5242 2575 5285 ante
2606 5231 3024 5299 persecutionem
3056 5235 3155 5288 sub
3190 5234 3424 5301 Trojano

1903 5323 2342 5390 redintegratam,
2371 5335 2478 5372 non
2514 5320 2938 5386 praetermisisset
2977 5322 3295 5376 discordiam
3328 5332 3421 5374 aut

1905 5412 2390 5466 reconciliationem
2408 5409 2826 5472 Corinthiorum,
2843 5426 2964 5463 cum
2989 5423 3272 5479 utrumque
3295 5422 3422 5464 tein-

1904 5520 2001 5569 pns
2028 5498 2358 5555 solummodo
2386 5512 2557 5550 annus
2586 5497 2847 5568 seiunget.
2880 5501 3053 5565 Quare
3086 5503 3299 5558 missam
3328 5515 3418 5553 ar-

3070 5597 3103 5653 3
