  <div class='ocr_page' id='page_1' title='image "/cluster/home/n/w/nwhite01/storage/ocr_20150623/1 (St. Clemens; pt. 1)/nyp.33433019854052/045.png"; bbox 0 0 3832 6232; ppageno 0'>
   <div class='ocr_carea' id='block_1_1' title="bbox 472 221 1985 322">
    <p class='ocr_par' dir='ltr' id='par_1_1' title="bbox 472 252 1985 322">
     <span class='ocr_line' id='line_1_1' title="bbox 472 252 1985 322; baseline -0.013 0"><span class='ocrx_word' id='word_1_1' title='bbox 472 268 538 322; x_wconf 67' lang='grc' dir='ltr'><strong>’Π</strong></span> <span class='ocrx_word' id='word_1_2' title='bbox 1570 256 1655 308; x_wconf 83' lang='lat' dir='ltr'><strong>AD</strong></span> <span class='ocrx_word' id='word_1_3' title='bbox 1694 254 1749 307; x_wconf 85' lang='lat' dir='ltr'><strong>S.</strong></span> <span class='ocrx_word' id='word_1_4' title='bbox 1789 252 1985 308; x_wconf 81' lang='lat' dir='ltr'><strong>CLEMI</strong></span> 
     </span>
    </p>
   </div>
   <div class='ocr_carea' id='block_1_2' title="bbox 2189 221 3702 322">
    <p class='ocr_par' dir='ltr' id='par_1_2' title="bbox 2189 221 3702 303">
     <span class='ocr_line' id='line_1_2' title="bbox 2189 221 3702 303; baseline -0.011 -1"><span class='ocrx_word' id='word_1_5' title='bbox 2189 251 2195 302; x_wconf 72' lang='grc' dir='ltr'>ἱ</span> <span class='ocrx_word' id='word_1_6' title='bbox 2238 250 2257 303; x_wconf 88' lang='grc' dir='ltr'>ι</span> <span class='ocrx_word' id='word_1_7' title='bbox 2295 247 2519 302; x_wconf 64' lang='lat' dir='ltr'><strong>mrsu</strong></span> <span class='ocrx_word' id='word_1_8' title='bbox 3645 221 3702 276; x_wconf 78' lang='lat'><strong>76</strong></span> 
     </span>
    </p>
   </div>
   <div class='ocr_carea' id='block_1_3' title="bbox 475 338 3708 445">
    <p class='ocr_par' dir='ltr' id='par_1_3' title="bbox 475 338 3708 445">
     <span class='ocr_line' id='line_1_3' title="bbox 475 338 3708 445; baseline -0.013 -10"><span class='ocrx_word' id='word_1_9' title='bbox 475 384 646 436; x_wconf 84' lang='lat' dir='ltr'><strong>hitror</strong></span> <span class='ocrx_word' id='word_1_10' title='bbox 675 377 815 433; x_wconf 79' lang='lat' dir='ltr'><strong>later</strong></span> <span class='ocrx_word' id='word_1_11' title='bbox 842 377 979 432; x_wconf 87' lang='lat' dir='ltr'><strong>duas</strong></span> <span class='ocrx_word' id='word_1_12' title='bbox 1012 375 1209 445; x_wconf 85' lang='lat' dir='ltr'><strong>primas</strong></span> <span class='ocrx_word' id='word_1_13' title='bbox 1237 368 1651 443; x_wconf 74' lang='lat' dir='ltr'><strong>persecutiones,</strong></span> <span class='ocrx_word' id='word_1_14' title='bbox 1675 364 1899 418; x_wconf 89' lang='lat' dir='ltr'><strong>Neronis</strong></span> <span class='ocrx_word' id='word_1_15' title='bbox 1925 378 1987 416; x_wconf 90' lang='lat' dir='ltr'><strong>ac</strong></span> <span class='ocrx_word' id='word_1_16' title='bbox 2017 367 2063 422; x_wconf 76' lang='grc' dir='ltr'><strong>Α</strong></span> <span class='ocrx_word' id='word_1_17' title='bbox 2088 362 2191 415; x_wconf 85' lang='grc' dir='ltr'>Τοῦ</span> <span class='ocrx_word' id='word_1_18' title='bbox 2225 362 2375 428; x_wconf 81' lang='grc' dir='ltr'>ἁγίου</span> <span class='ocrx_word' id='word_1_19' title='bbox 2413 359 2718 428; x_wconf 78' lang='grc' dir='ltr'><strong>Κλήμεντος</strong></span> <span class='ocrx_word' id='word_1_20' title='bbox 2760 355 2822 406; x_wconf 80' lang='grc' dir='ltr'><strong>ὲκ</strong></span> <span class='ocrx_word' id='word_1_21' title='bbox 2898 346 2957 405; x_wconf 86' lang='lat' dir='ltr'><strong>S.</strong></span> <span class='ocrx_word' id='word_1_22' title='bbox 3015 342 3337 403; x_wconf 84' lang='lat' dir='ltr'><strong>Clementis</strong></span> <span class='ocrx_word' id='word_1_23' title='bbox 3390 356 3464 394; x_wconf 77' lang='lat' dir='ltr'><strong>ea:</strong></span> <span class='ocrx_word' id='word_1_24' title='bbox 3508 338 3708 408; x_wconf 79' lang='lat' dir='ltr'><strong>Episto-</strong></span> 
     </span>
    </p>
   </div>
   <div class='ocr_carea' id='block_1_4' title="bbox 474 433 1987 531">
    <p class='ocr_par' dir='ltr' id='par_1_4' title="bbox 474 433 1987 531">
     <span class='ocr_line' id='line_1_4' title="bbox 474 433 1987 531; baseline -0.011 -11"><span class='ocrx_word' id='word_1_25' title='bbox 474 466 790 531; x_wconf 89' lang='lat' dir='ltr'><strong>Domitianl,</strong></span> <span class='ocrx_word' id='word_1_26' title='bbox 827 474 881 519; x_wconf 91' lang='lat' dir='ltr'><strong>et</strong></span> <span class='ocrx_word' id='word_1_27' title='bbox 907 433 1029 516; x_wconf 72' lang='lat' dir='ltr'><strong>ante</strong></span> <span class='ocrx_word' id='word_1_28' title='bbox 1061 433 1373 516; x_wconf 74' lang='lat' dir='ltr'><strong>seditionem</strong></span> <span class='ocrx_word' id='word_1_29' title='bbox 1415 455 1654 509; x_wconf 89' lang='lat' dir='ltr'><strong>Corinthi</strong></span> <span class='ocrx_word' id='word_1_30' title='bbox 1684 453 1987 507; x_wconf 79' lang='lat' dir='ltr'><strong>excitatam.</strong></span> 
     </span>
    </p>
   </div>
   <div class='ocr_carea' id='block_1_5' title="bbox 2141 433 3654 531">
    <p class='ocr_par' dir='ltr' id='par_1_5' title="bbox 2141 433 3654 525">
     <span class='ocr_line' id='line_1_5' title="bbox 2141 433 3654 525; baseline -0.014 -18"><span class='ocrx_word' id='word_1_31' title='bbox 2141 455 2219 525; x_wconf 78' lang='grc' dir='ltr'><strong>τῆς</strong></span> <span class='ocrx_word' id='word_1_32' title='bbox 2236 455 2364 525; x_wconf 71' lang='grc' dir='ltr'>πρὸς</span> <span class='ocrx_word' id='word_1_33' title='bbox 2386 450 2699 521; x_wconf 79' lang='grc' dir='ltr'><strong>Κορινθίους</strong></span> <span class='ocrx_word' id='word_1_34' title='bbox 2715 446 2778 516; x_wconf 82' lang='grc' dir='ltr'><strong>β’.</strong></span> <span class='ocrx_word' id='word_1_35' title='bbox 2954 444 3010 496; x_wconf 84' lang='grc' dir='ltr'><strong>Ια</strong></span> <span class='ocrx_word' id='word_1_36' title='bbox 3046 438 3113 493; x_wconf 86' lang='grc' dir='ltr'><strong>ΙΙ</strong></span> <span class='ocrx_word' id='word_1_37' title='bbox 3187 435 3269 489; x_wconf 85' lang='lat' dir='ltr'><strong>ad</strong></span> <span class='ocrx_word' id='word_1_38' title='bbox 3308 433 3654 517; x_wconf 74' lang='lat' dir='ltr'><strong>Corinthios.</strong></span> 
     </span>
    </p>
   </div>
   <div class='ocr_carea' id='block_1_6' title="bbox 541 540 2054 633">
    <p class='ocr_par' dir='ltr' id='par_1_6' title="bbox 541 540 1989 614">
     <span class='ocr_line' id='line_1_6' title="bbox 541 540 1989 614; baseline -0.012 -6"><span class='ocrx_word' id='word_1_39' title='bbox 541 553 863 609; x_wconf 87' lang='lat' dir='ltr'><strong>Omittebam</strong></span> <span class='ocrx_word' id='word_1_40' title='bbox 912 552 1028 614; x_wconf 90' lang='lat' dir='ltr'><strong>hic,</strong></span> <span class='ocrx_word' id='word_1_41' title='bbox 1057 558 1115 603; x_wconf 91' lang='lat' dir='ltr'><strong>ut</strong></span> <span class='ocrx_word' id='word_1_42' title='bbox 1142 550 1195 601; x_wconf 91' lang='lat' dir='ltr'><strong>in</strong></span> <span class='ocrx_word' id='word_1_43' title='bbox 1225 555 1459 600; x_wconf 78' lang='lat' dir='ltr'><strong>veterum</strong></span> <span class='ocrx_word' id='word_1_44' title='bbox 1496 542 1847 605; x_wconf 87' lang='lat' dir='ltr'><strong>testimoniis,</strong></span> <span class='ocrx_word' id='word_1_45' title='bbox 1884 540 1989 593; x_wconf 88' lang='lat' dir='ltr'><strong>duo</strong></span> 
     </span>
    </p>
   </div>
   <div class='ocr_carea' id='block_1_7' title="bbox 2195 540 3708 633">
    <p class='ocr_par' dir='ltr' id='par_1_7' title="bbox 2195 543 3708 633">
     <span class='ocr_line' id='line_1_7' title="bbox 2195 543 3708 633; baseline -0.013 -18"><span class='ocrx_word' id='word_1_46' title='bbox 2195 570 2207 615; x_wconf 68' lang='grc' dir='ltr'><strong>ι</strong></span> <span class='ocrx_word' id='word_1_47' title='bbox 2234 566 2337 617; x_wconf 81' lang='grc' dir='ltr'><strong>τῶν</strong></span> <span class='ocrx_word' id='word_1_48' title='bbox 2358 561 2630 633; x_wconf 81' lang='grc' dir='ltr'><strong>παρόντων</strong></span> <span class='ocrx_word' id='word_1_49' title='bbox 2645 556 2833 626; x_wconf 76' lang='grc' dir='ltr'><strong>αισθη-</strong></span> <span class='ocrx_word' id='word_1_50' title='bbox 2984 548 3095 616; x_wconf 72' lang='lat' dir='ltr'><strong>Qui</strong></span> <span class='ocrx_word' id='word_1_51' title='bbox 3134 564 3229 600; x_wconf 82' lang='lat' dir='ltr'><strong>res</strong></span> <span class='ocrx_word' id='word_1_52' title='bbox 3269 543 3571 612; x_wconf 74' lang='lat' dir='ltr'><strong>prwsentis</strong></span> <span class='ocrx_word' id='word_1_53' title='bbox 3600 544 3708 596; x_wconf 69' lang='lat' dir='ltr'><strong>vita</strong></span> 
     </span>
    </p>
   </div>
   <div class='ocr_carea' id='block_1_8' title="bbox 480 632 1993 725">
    <p class='ocr_par' dir='ltr' id='par_1_8' title="bbox 480 632 1993 711">
     <span class='ocr_line' id='line_1_8' title="bbox 480 632 1993 711; baseline -0.009 -18"><span class='ocrx_word' id='word_1_54' title='bbox 480 658 594 711; x_wconf 71' lang='lat' dir='ltr'><strong>quae</strong></span> <span class='ocrx_word' id='word_1_55' title='bbox 616 650 801 711; x_wconf 87' lang='lat' dir='ltr'><strong>postea</strong></span> <span class='ocrx_word' id='word_1_56' title='bbox 824 644 1169 695; x_wconf 89' lang='lat' dir='ltr'><strong>occurrerunt</strong></span> <span class='ocrx_word' id='word_1_57' title='bbox 1199 637 1327 688; x_wconf 90' lang='lat' dir='ltr'><strong>loca.</strong></span> <span class='ocrx_word' id='word_1_58' title='bbox 1349 633 1558 686; x_wconf 88' lang='lat' dir='ltr'><strong>Primus</strong></span> <span class='ocrx_word' id='word_1_59' title='bbox 1580 632 1730 685; x_wconf 89' lang='lat' dir='ltr'><strong>locus</strong></span> <span class='ocrx_word' id='word_1_60' title='bbox 1758 638 1839 683; x_wconf 88' lang='lat' dir='ltr'><strong>est</strong></span> <span class='ocrx_word' id='word_1_61' title='bbox 1860 642 1993 698; x_wconf 64' lang='lat' dir='ltr'><strong>przeo</strong></span> 
     </span>
    </p>
   </div>
   <div class='ocr_carea' id='block_1_9' title="bbox 2197 632 3710 725">
    <p class='ocr_par' dir='ltr' id='par_1_9' title="bbox 2197 632 3710 725">
     <span class='ocr_line' id='line_1_9' title="bbox 2197 632 3710 725; baseline -0.02 -16"><span class='ocrx_word' id='word_1_62' title='bbox 2197 676 2234 720; x_wconf 75' lang='grc' dir='ltr'><strong>ις</strong></span> <span class='ocrx_word' id='word_1_63' title='bbox 2276 632 2509 725; x_wconf 75' lang='grc' dir='ltr'><strong>συνίηοιν</strong></span> <span class='ocrx_word' id='word_1_64' title='bbox 2539 654 2612 715; x_wconf 86' lang='grc' dir='ltr'><strong>ὠς</strong></span> <span class='ocrx_word' id='word_1_65' title='bbox 2639 650 2758 704; x_wconf 76' lang='grc' dir='ltr'><strong>οὔτε</strong></span> <span class='ocrx_word' id='word_1_66' title='bbox 2798 648 2834 702; x_wconf 75' lang='grc' dir='ltr'>ἃ</span> <span class='ocrx_word' id='word_1_67' title='bbox 2907 640 3196 709; x_wconf 79' lang='lat' dir='ltr'><strong>agnoscit,</strong></span> <span class='ocrx_word' id='word_1_68' title='bbox 3239 633 3515 701; x_wconf 78' lang='lat' dir='ltr'><strong>intelligit</strong></span> <span class='ocrx_word' id='word_1_69' title='bbox 3560 647 3710 701; x_wconf 67' lang='lat' dir='ltr'><strong>neque</strong></span> 
     </span>
    </p>
   </div>
   <div class='ocr_carea' id='block_1_10' title="bbox 478 720 1991 814">
    <p class='ocr_par' dir='ltr' id='par_1_10' title="bbox 478 720 1991 788">
     <span class='ocr_line' id='line_1_10' title="bbox 478 720 1991 788; baseline -0.011 -1"><span class='ocrx_word' id='word_1_70' title='bbox 478 733 693 787; x_wconf 80' lang='lat' dir='ltr'><strong>fationis</strong></span> <span class='ocrx_word' id='word_1_71' title='bbox 742 729 955 784; x_wconf 84' lang='lat' dir='ltr'><strong>concilii</strong></span> <span class='ocrx_word' id='word_1_72' title='bbox 1004 726 1232 788; x_wconf 68' lang='lat' dir='ltr'><strong>Nicaani,</strong></span> <span class='ocrx_word' id='word_1_73' title='bbox 1281 724 1480 777; x_wconf 66' lang='lat' dir='ltr'><strong>Latium</strong></span> <span class='ocrx_word' id='word_1_74' title='bbox 1523 738 1585 775; x_wconf 80' lang='lat' dir='ltr'><strong>ex</strong></span> <span class='ocrx_word' id='word_1_75' title='bbox 1629 720 1854 773; x_wconf 82' lang='lat' dir='ltr'><strong>Arabico</strong></span> <span class='ocrx_word' id='word_1_76' title='bbox 1903 734 1991 785; x_wconf 88' lang='lat' dir='ltr'><strong>per</strong></span> 
     </span>
    </p>
   </div>
   <div class='ocr_carea' id='block_1_11' title="bbox 2196 720 3709 814">
    <p class='ocr_par' dir='ltr' id='par_1_11' title="bbox 2197 720 3709 810">
     <span class='ocr_line' id='line_1_11' title="bbox 2197 720 3709 810; baseline -0.015 -11"><span class='ocrx_word' id='word_1_77' title='bbox 2197 720 2833 810; x_wconf 60' lang='grc' dir='ltr'><strong>ίζονταίλεινεςεϊναιτερο</strong></span> <span class='ocrx_word' id='word_1_78' title='bbox 2904 750 2968 787; x_wconf 85' lang='lat' dir='ltr'><strong>ea</strong></span> <span class='ocrx_word' id='word_1_79' title='bbox 3001 748 3127 801; x_wconf 77' lang='lat' dir='ltr'><strong>qua:</strong></span> <span class='ocrx_word' id='word_1_80' title='bbox 3164 726 3441 782; x_wconf 80' lang='lat' dir='ltr'><strong>nonnulli</strong></span> <span class='ocrx_word' id='word_1_81' title='bbox 3478 724 3709 793; x_wconf 81' lang='lat' dir='ltr'><strong>jucunda</strong></span> 
     </span>
    </p>
   </div>
   <div class='ocr_carea' id='block_1_12' title="bbox 479 807 1992 905">
    <p class='ocr_par' dir='ltr' id='par_1_12' title="bbox 479 807 1992 878">
     <span class='ocr_line' id='line_1_12' title="bbox 479 807 1992 878; baseline -0.011 -4"><span class='ocrx_word' id='word_1_82' title='bbox 479 821 835 875; x_wconf 84' lang='lat' dir='ltr'><strong>Abrahamum</strong></span> <span class='ocrx_word' id='word_1_83' title='bbox 855 817 1245 869; x_wconf 87' lang='lat' dir='ltr'><strong>Ecchellensem</strong></span> <span class='ocrx_word' id='word_1_84' title='bbox 1270 813 1449 876; x_wconf 65' lang='lat' dir='ltr'><strong>factas;</strong></span> <span class='ocrx_word' id='word_1_85' title='bbox 1474 811 1526 862; x_wconf 93' lang='lat' dir='ltr'><strong>in</strong></span> <span class='ocrx_word' id='word_1_86' title='bbox 1547 824 1652 878; x_wconf 91' lang='lat' dir='ltr'><strong>quo</strong></span> <span class='ocrx_word' id='word_1_87' title='bbox 1671 808 1866 860; x_wconf 89' lang='lat' dir='ltr'><strong>dicitur</strong></span> <span class='ocrx_word' id='word_1_88' title='bbox 1884 807 1992 859; x_wconf 81' lang='lat' dir='ltr'><strong>Cle-</strong></span> 
     </span>
    </p>
   </div>
   <div class='ocr_carea' id='block_1_13' title="bbox 2198 807 3711 905">
    <p class='ocr_par' dir='ltr' id='par_1_13' title="bbox 2211 807 3711 905">
     <span class='ocr_line' id='line_1_13' title="bbox 2211 807 3711 905; baseline -0.02 -9"><span class='ocrx_word' id='word_1_89' title='bbox 2211 807 2237 901; x_wconf 35' lang='lat'><strong>,-</strong></span> <span class='ocrx_word' id='word_1_90' title='bbox 2296 839 2415 902; x_wconf 80' lang='grc' dir='ltr'><strong>ξένα</strong></span> <span class='ocrx_word' id='word_1_91' title='bbox 2468 837 2560 890; x_wconf 74' lang='grc' dir='ltr'><strong>καὶ</strong></span> <span class='ocrx_word' id='word_1_92' title='bbox 2617 833 2832 905; x_wconf 78' lang='grc' dir='ltr'>μακράν</span> <span class='ocrx_word' id='word_1_93' title='bbox 2905 830 3211 893; x_wconf 80' lang='lat' dir='ltr'><strong>reputant,</strong></span> <span class='ocrx_word' id='word_1_94' title='bbox 3243 819 3444 870; x_wconf 87' lang='lat' dir='ltr'><strong>aliena</strong></span> <span class='ocrx_word' id='word_1_95' title='bbox 3481 808 3597 867; x_wconf 76' lang='lat' dir='ltr'><strong>esse</strong></span> <span class='ocrx_word' id='word_1_96' title='bbox 3629 822 3711 867; x_wconf 73' lang='lat' dir='ltr'><strong>aut</strong></span> 
     </span>
    </p>
   </div>
   <div class='ocr_carea' id='block_1_14' title="bbox 480 895 1993 995">
    <p class='ocr_par' dir='ltr' id='par_1_14' title="bbox 480 895 1991 975">
     <span class='ocr_line' id='line_1_14' title="bbox 480 895 1991 975; baseline -0.009 -13"><span class='ocrx_word' id='word_1_97' title='bbox 480 915 711 962; x_wconf 86' lang='lat' dir='ltr'><strong>mentem</strong></span> <span class='ocrx_word' id='word_1_98' title='bbox 739 906 960 975; x_wconf 88' lang='lat' dir='ltr'><strong>epistola</strong></span> <span class='ocrx_word' id='word_1_99' title='bbox 994 904 1028 956; x_wconf 77' lang='lat'><strong>2</strong></span> <span class='ocrx_word' id='word_1_100' title='bbox 1055 903 1373 956; x_wconf 88' lang='lat' dir='ltr'><strong>mentionem</strong></span> <span class='ocrx_word' id='word_1_101' title='bbox 1403 899 1593 953; x_wconf 88' lang='lat' dir='ltr'><strong>fecisse</strong></span> <span class='ocrx_word' id='word_1_102' title='bbox 1621 905 1881 950; x_wconf 86' lang='lat' dir='ltr'><strong>sectarum</strong></span> <span class='ocrx_word' id='word_1_103' title='bbox 1909 895 1991 948; x_wconf 87' lang='lat'><strong>70.</strong></span> 
     </span>
    </p>
   </div>
   <div class='ocr_carea' id='block_1_15' title="bbox 2198 895 3711 995">
    <p class='ocr_par' dir='ltr' id='par_1_15' title="bbox 2198 895 3711 995">
     <span class='ocr_line' id='line_1_15' title="bbox 2198 895 3711 995; baseline -0.017 -14"><span class='ocrx_word' id='word_1_104' title='bbox 2198 895 2344 980; x_wconf 38' lang='grc' dir='ltr'><strong>ι’τῶν</strong></span> <span class='ocrx_word' id='word_1_105' title='bbox 2373 895 2634 995; x_wconf 45' lang='grc' dir='ltr'><strong>ἀπεχθῶνῖ</strong></span> <span class='ocrx_word' id='word_1_106' title='bbox 2678 895 2833 973; x_wconf 68' lang='grc' dir='ltr'>Ἀλλὰ</span> <span class='ocrx_word' id='word_1_107' title='bbox 2903 916 3098 987; x_wconf 82' lang='lat' dir='ltr'><strong>procul</strong></span> <span class='ocrx_word' id='word_1_108' title='bbox 3130 912 3347 965; x_wconf 85' lang='lat' dir='ltr'><strong>dissita</strong></span> <span class='ocrx_word' id='word_1_109' title='bbox 3389 907 3460 961; x_wconf 89' lang='lat' dir='ltr'><strong>ab</strong></span> <span class='ocrx_word' id='word_1_110' title='bbox 3492 908 3562 960; x_wconf 88' lang='lat' dir='ltr'><strong>iis</strong></span> <span class='ocrx_word' id='word_1_111' title='bbox 3604 922 3711 975; x_wconf 69' lang='lat' dir='ltr'><strong>qua</strong></span> 
     </span>
    </p>
   </div>
   <div class='ocr_carea' id='block_1_16' title="bbox 481 991 1994 1076">
    <p class='ocr_par' dir='ltr' id='par_1_16' title="bbox 481 991 1994 1062">
     <span class='ocr_line' id='line_1_16' title="bbox 481 991 1994 1062; baseline -0.009 -13"><span class='ocrx_word' id='word_1_112' title='bbox 481 996 677 1052; x_wconf 78' lang='lat' dir='ltr'><strong>Verum</strong></span> <span class='ocrx_word' id='word_1_113' title='bbox 708 995 795 1048; x_wconf 90' lang='lat' dir='ltr'><strong>illa</strong></span> <span class='ocrx_word' id='word_1_114' title='bbox 818 991 1116 1062; x_wconf 87' lang='lat' dir='ltr'><strong>epistola,si</strong></span> <span class='ocrx_word' id='word_1_115' title='bbox 1143 991 1325 1044; x_wconf 87' lang='lat' dir='ltr'><strong>eadem</strong></span> <span class='ocrx_word' id='word_1_116' title='bbox 1351 1000 1433 1042; x_wconf 89' lang='lat' dir='ltr'><strong>est</strong></span> <span class='ocrx_word' id='word_1_117' title='bbox 1468 1002 1529 1040; x_wconf 92' lang='lat' dir='ltr'><strong>ac</strong></span> <span class='ocrx_word' id='word_1_118' title='bbox 1552 994 1733 1039; x_wconf 91' lang='lat' dir='ltr'><strong>nostra</strong></span> <span class='ocrx_word' id='word_1_119' title='bbox 1750 1024 1764 1046; x_wconf 94' lang='lat'><strong>,</strong></span> <span class='ocrx_word' id='word_1_120' title='bbox 1793 999 1891 1037; x_wconf 89' lang='lat' dir='ltr'><strong>nec</strong></span> <span class='ocrx_word' id='word_1_121' title='bbox 1916 991 1994 1035; x_wconf 89' lang='lat' dir='ltr'><strong>est</strong></span> 
     </span>
    </p>
   </div>
   <div class='ocr_carea' id='block_1_17' title="bbox 2199 991 3712 1076">
    <p class='ocr_par' dir='ltr' id='par_1_17' title="bbox 2263 991 3712 1076">
     <span class='ocr_line' id='line_1_17' title="bbox 2263 991 3712 1076; baseline -0.009 -9"><span class='ocrx_word' id='word_1_122' title='bbox 2263 991 2508 1076; x_wconf 43' lang='grc' dir='ltr'>πλοῦτοί</span> <span class='ocrx_word' id='word_1_123' title='bbox 2576 1010 2833 1072; x_wconf 81' lang='grc' dir='ltr'><strong>πολλάκις</strong></span> <span class='ocrx_word' id='word_1_124' title='bbox 2909 1011 3035 1064; x_wconf 88' lang='lat' dir='ltr'><strong>odio</strong></span> <span class='ocrx_word' id='word_1_125' title='bbox 3066 1007 3383 1060; x_wconf 86' lang='lat' dir='ltr'><strong>habentur.</strong></span> <span class='ocrx_word' id='word_1_126' title='bbox 3410 1001 3712 1066; x_wconf 81' lang='lat' dir='ltr'><strong>Quinetiam</strong></span> 
     </span>
    </p>
   </div>
   <div class='ocr_carea' id='block_1_18' title="bbox 482 1076 1995 1179">
    <p class='ocr_par' dir='ltr' id='par_1_18' title="bbox 482 1076 1995 1157">
     <span class='ocr_line' id='line_1_18' title="bbox 482 1076 1995 1157; baseline -0.011 -16"><span class='ocrx_word' id='word_1_127' title='bbox 482 1090 640 1157; x_wconf 84' lang='lat' dir='ltr'><strong>plane</strong></span> <span class='ocrx_word' id='word_1_128' title='bbox 668 1084 965 1154; x_wconf 77' lang='lat' dir='ltr'><strong>apocrypha</strong></span> <span class='ocrx_word' id='word_1_129' title='bbox 990 1123 1005 1147; x_wconf 92' lang='lat'><strong>,</strong></span> <span class='ocrx_word' id='word_1_130' title='bbox 1035 1094 1371 1149; x_wconf 86' lang='lat' dir='ltr'><strong>nequaquam</strong></span> <span class='ocrx_word' id='word_1_131' title='bbox 1410 1078 1591 1132; x_wconf 87' lang='lat' dir='ltr'><strong>retulit</strong></span> <span class='ocrx_word' id='word_1_132' title='bbox 1633 1077 1696 1129; x_wconf 88' lang='lat'><strong>70</strong></span> <span class='ocrx_word' id='word_1_133' title='bbox 1736 1076 1995 1134; x_wconf 76' lang='lat' dir='ltr'><strong>haereses,</strong></span> 
     </span>
    </p>
   </div>
   <div class='ocr_carea' id='block_1_19' title="bbox 2195 1076 3708 1179">
    <p class='ocr_par' dir='ltr' id='par_1_19' title="bbox 2195 1099 3708 1174">
     <span class='ocr_line' id='line_1_19' title="bbox 2195 1099 3708 1174; baseline -0.012 -15"><span class='ocrx_word' id='word_1_134' title='bbox 2195 1108 2289 1159; x_wconf 70' lang='grc' dir='ltr'>,λον</span> <span class='ocrx_word' id='word_1_135' title='bbox 2317 1108 2500 1168; x_wconf 83' lang='grc' dir='ltr'>πενίας</span> <span class='ocrx_word' id='word_1_136' title='bbox 2529 1105 2835 1174; x_wconf 48' lang='lat' dir='ltr'><strong>utilitatemet</strong></span> <span class='ocrx_word' id='word_1_137' title='bbox 2907 1099 3120 1153; x_wconf 67' lang='lat' dir='ltr'><strong>divitiae</strong></span> <span class='ocrx_word' id='word_1_138' title='bbox 3158 1107 3557 1161; x_wconf 72' lang='lat' dir='ltr'><strong>sazpenumero</strong></span> <span class='ocrx_word' id='word_1_139' title='bbox 3601 1108 3708 1143; x_wconf 85' lang='lat' dir='ltr'><strong>ma-</strong></span> 
     </span>
    </p>
   </div>
   <div class='ocr_carea' id='block_1_20' title="bbox 2096 1185 3713 1269">
    <p class='ocr_par' dir='ltr' id='par_1_20' title="bbox 2096 1185 3713 1269">
     <span class='ocr_line' id='line_1_20' title="bbox 2096 1185 3713 1269; baseline -0.011 -13"><span class='ocrx_word' id='word_1_140' title='bbox 2096 1203 2244 1269; x_wconf 80' lang='grc' dir='ltr'>ὑγεία</span> <span class='ocrx_word' id='word_1_141' title='bbox 2263 1202 2417 1254; x_wconf 82' lang='grc' dir='ltr'>πλέον</span> <span class='ocrx_word' id='word_1_142' title='bbox 2443 1201 2627 1269; x_wconf 74' lang='grc' dir='ltr'>ἠνίασε</span> <span class='ocrx_word' id='word_1_143' title='bbox 2656 1199 2829 1253; x_wconf 85' lang='grc' dir='ltr'>νόσου.</span> <span class='ocrx_word' id='word_1_144' title='bbox 2907 1196 2991 1265; x_wconf 86' lang='lat' dir='ltr'><strong>gis</strong></span> <span class='ocrx_word' id='word_1_145' title='bbox 3036 1206 3213 1262; x_wconf 86' lang='lat' dir='ltr'><strong>quam</strong></span> <span class='ocrx_word' id='word_1_146' title='bbox 3258 1195 3572 1257; x_wconf 72' lang='lat' dir='ltr'><strong>paupertas</strong></span> <span class='ocrx_word' id='word_1_147' title='bbox 3635 1185 3713 1239; x_wconf 62' lang='lat' dir='ltr'><strong>ltr-</strong></span> 
     </span>
    </p>
   </div>
   <div class='ocr_carea' id='block_1_21' title="bbox 2094 1280 3710 1364">
    <p class='ocr_par' dir='ltr' id='par_1_21' title="bbox 2094 1280 3710 1364">
     <span class='ocr_line' id='line_1_21' title="bbox 2094 1280 3710 1364; baseline -0.01 -14"><span class='ocrx_word' id='word_1_148' title='bbox 2094 1298 2202 1351; x_wconf 75' lang='lat' dir='ltr'><strong>Kal.</strong></span> <span class='ocrx_word' id='word_1_149' title='bbox 2220 1297 2553 1350; x_wconf 83' lang='grc' dir='ltr'>καθόλουτῶν</span> <span class='ocrx_word' id='word_1_150' title='bbox 2581 1294 2833 1364; x_wconf 80' lang='grc' dir='ltr'><strong>λυπηρῶν</strong></span> <span class='ocrx_word' id='word_1_151' title='bbox 2906 1297 3136 1349; x_wconf 84' lang='lat' dir='ltr'><strong>serunt,</strong></span> <span class='ocrx_word' id='word_1_152' title='bbox 3197 1293 3255 1337; x_wconf 89' lang='lat' dir='ltr'><strong>et</strong></span> <span class='ocrx_word' id='word_1_153' title='bbox 3316 1282 3541 1334; x_wconf 83' lang='lat' dir='ltr'><strong>sanitas</strong></span> <span class='ocrx_word' id='word_1_154' title='bbox 3600 1280 3710 1348; x_wconf 76' lang='lat' dir='ltr'><strong>plus</strong></span> 
     </span>
    </p>
   </div>
   <div class='ocr_carea' id='block_1_22' title="bbox 2096 1374 3709 1461">
    <p class='ocr_par' dir='ltr' id='par_1_22' title="bbox 2096 1374 3709 1461">
     <span class='ocr_line' id='line_1_22' title="bbox 2096 1374 3709 1461; baseline -0.012 -16"><span class='ocrx_word' id='word_1_155' title='bbox 2096 1394 2187 1445; x_wconf 72' lang='grc' dir='ltr'><strong>καὶ</strong></span> <span class='ocrx_word' id='word_1_156' title='bbox 2210 1391 2445 1461; x_wconf 79' lang='grc' dir='ltr'>φευκτῶν</span> <span class='ocrx_word' id='word_1_157' title='bbox 2475 1391 2686 1443; x_wconf 78' lang='grc' dir='ltr'>πάντων</span> <span class='ocrx_word' id='word_1_158' title='bbox 2712 1389 2836 1442; x_wconf 79' lang='grc' dir='ltr'>ὑπό-</span> <span class='ocrx_word' id='word_1_159' title='bbox 2908 1382 3101 1435; x_wconf 85' lang='lat' dir='ltr'><strong>morbo</strong></span> <span class='ocrx_word' id='word_1_160' title='bbox 3128 1378 3363 1449; x_wconf 74' lang='lat' dir='ltr'><strong>afﬂixit.</strong></span> <span class='ocrx_word' id='word_1_161' title='bbox 3384 1374 3459 1429; x_wconf 80' lang='lat' dir='ltr'><strong>In</strong></span> <span class='ocrx_word' id='word_1_162' title='bbox 3487 1391 3709 1437; x_wconf 82' lang='lat' dir='ltr'><strong>summa,</strong></span> 
     </span>
    </p>
   </div>
   <div class='ocr_carea' id='block_1_23' title="bbox 483 1476 1996 1588">
    <p class='ocr_par' dir='ltr' id='par_1_23' title="bbox 483 1476 1996 1588">
     <span class='ocr_line' id='line_1_23' title="bbox 483 1476 1996 1504; baseline -0.009 -8"><span class='ocrx_word' id='word_1_163' title='bbox 483 1476 778 1503; x_wconf 61' lang='grc' dir='ltr'><strong>ωηο-...η</strong></span> <span class='ocrx_word' id='word_1_164' title='bbox 820 1476 927 1493; x_wconf 75' lang='grc' dir='ltr'><strong>...ν</strong></span> <span class='ocrx_word' id='word_1_165' title='bbox 948 1476 1068 1491; x_wconf 70' lang='grc' dir='ltr'><strong>νυ...</strong></span> <span class='ocrx_word' id='word_1_166' title='bbox 1097 1476 1321 1504; x_wconf 65' lang='grc' dir='ltr'><strong>...ωυηω</strong></span> <span class='ocrx_word' id='word_1_167' title='bbox 1349 1476 1619 1495; x_wconf 73' lang='lat'><strong>.............,</strong></span> <span class='ocrx_word' id='word_1_168' title='bbox 1652 1476 1759 1485; x_wconf 58' lang='grc' dir='ltr'><strong>η---</strong></span> <span class='ocrx_word' id='word_1_169' title='bbox 1788 1476 1996 1498; x_wconf 61' lang='lat' dir='ltr'><strong>r-..--__</strong></span> 
     </span>
     <span class='ocr_line' id='line_1_24' title="bbox 483 1520 1996 1588; baseline -0.01 -4"><span class='ocrx_word' id='word_1_170' title='bbox 483 1529 852 1583; x_wconf 84' lang='lat' dir='ltr'><strong>humanitatis.</strong></span> <span class='ocrx_word' id='word_1_171' title='bbox 897 1526 990 1581; x_wconf 84' lang='lat' dir='ltr'><strong>Est</strong></span> <span class='ocrx_word' id='word_1_172' title='bbox 1034 1533 1209 1579; x_wconf 86' lang='lat' dir='ltr'><strong>autem</strong></span> <span class='ocrx_word' id='word_1_173' title='bbox 1249 1523 1306 1578; x_wconf 89' lang='lat' dir='ltr'><strong>S.</strong></span> <span class='ocrx_word' id='word_1_174' title='bbox 1341 1521 1652 1576; x_wconf 82' lang='lat' dir='ltr'><strong>Damasceni</strong></span> <span class='ocrx_word' id='word_1_175' title='bbox 1695 1520 1996 1588; x_wconf 86' lang='lat' dir='ltr'><strong>Eclogarum</strong></span> 
     </span>
    </p>
   </div>
   <div class='ocr_carea' id='block_1_24' title="bbox 2196 1476 3709 1588">
    <p class='ocr_par' dir='ltr' id='par_1_24' title="bbox 2196 1476 3709 1588">
     <span class='ocr_line' id='line_1_25' title="bbox 2196 1476 3709 1556; baseline -0.016 -15"><span class='ocrx_word' id='word_1_176' title='bbox 2196 1505 2241 1550; x_wconf 86' lang='grc' dir='ltr'><strong>ις</strong></span> <span class='ocrx_word' id='word_1_177' title='bbox 2267 1489 2359 1539; x_wconf 78' lang='grc' dir='ltr'><strong>καὶ</strong></span> <span class='ocrx_word' id='word_1_178' title='bbox 2383 1485 2511 1556; x_wconf 75' lang='grc' dir='ltr'><strong>ὕλη,</strong></span> <span class='ocrx_word' id='word_1_179' title='bbox 2539 1487 2573 1556; x_wconf 74' lang='grc' dir='ltr'><strong>ἡ</strong></span> <span class='ocrx_word' id='word_1_180' title='bbox 2607 1484 2713 1538; x_wconf 83' lang='grc' dir='ltr'><strong>τῶν</strong></span> <span class='ocrx_word' id='word_1_181' title='bbox 2746 1487 2837 1537; x_wconf 60' lang='lat' dir='ltr'><strong>ac.</strong></span> <span class='ocrx_word' id='word_1_182' title='bbox 2907 1484 3203 1545; x_wconf 87' lang='lat' dir='ltr'><strong>gratarum</strong></span> <span class='ocrx_word' id='word_1_183' title='bbox 3232 1484 3429 1523; x_wconf 85' lang='lat' dir='ltr'><strong>rerum</strong></span> <span class='ocrx_word' id='word_1_184' title='bbox 3468 1484 3535 1520; x_wconf 90' lang='lat' dir='ltr'><strong>ac</strong></span> <span class='ocrx_word' id='word_1_185' title='bbox 3568 1476 3709 1535; x_wconf 80' lang='lat' dir='ltr'><strong>opta-</strong></span> 
     </span>
     <span class='ocr_line' id='line_1_26' title="bbox 2249 1558 3708 1588; baseline 0 0"><span class='ocrx_word' id='word_1_186' title='bbox 2249 1580 2273 1588; x_wconf 87' lang='lat'><strong>...</strong></span> <span class='ocrx_word' id='word_1_187' title='bbox 2439 1580 2449 1588; x_wconf 87' lang='lat'><strong>.</strong></span> <span class='ocrx_word' id='word_1_188' title='bbox 2618 1580 2632 1588; x_wconf 89' lang='lat'><strong>.</strong></span> <span class='ocrx_word' id='word_1_189' title='bbox 2709 1579 2720 1588; x_wconf 88' lang='lat'><strong>.</strong></span> <span class='ocrx_word' id='word_1_190' title='bbox 2774 1576 2784 1588; x_wconf 82' lang='lat'><strong>.</strong></span> <span class='ocrx_word' id='word_1_191' title='bbox 2914 1575 3095 1588; x_wconf 73' lang='lat'><strong>..___-....</strong></span> <span class='ocrx_word' id='word_1_192' title='bbox 3138 1561 3424 1588; x_wconf 68' lang='lat' dir='ltr'><strong>-m..-...:..</strong></span> <span class='ocrx_word' id='word_1_193' title='bbox 3465 1558 3636 1588; x_wconf 62' lang='grc' dir='ltr'><strong>...υ-ιηο</strong></span> <span class='ocrx_word' id='word_1_194' title='bbox 3663 1559 3708 1588; x_wconf 68' lang='grc' dir='ltr'><strong>ὅ..</strong></span> 
     </span>
    </p>
   </div>
   <div class='ocr_carea' id='block_1_25' title="bbox 484 1558 1997 1686">
    <p class='ocr_par' dir='ltr' id='par_1_25' title="bbox 484 1558 1997 1686">
     <span class='ocr_line' id='line_1_27' title="bbox 484 1558 1997 1588; baseline -0.01 -4"><span class='ocrx_word' id='word_1_195' title='bbox 484 1558 852 1583; x_wconf 69' lang='lat' dir='ltr'><strong>uulllauuaua.</strong></span> <span class='ocrx_word' id='word_1_196' title='bbox 897 1558 990 1581; x_wconf 64' lang='lat' dir='ltr'><strong>halt</strong></span> <span class='ocrx_word' id='word_1_197' title='bbox 1034 1558 1209 1579; x_wconf 61' lang='lat' dir='ltr'><strong>«uicus</strong></span> <span class='ocrx_word' id='word_1_198' title='bbox 1250 1558 1306 1578; x_wconf 79' lang='grc' dir='ltr'><strong>υ.</strong></span> <span class='ocrx_word' id='word_1_199' title='bbox 1342 1558 1652 1576; x_wconf 64' lang='grc' dir='ltr'><strong>ναιιιασιυιιι</strong></span> <span class='ocrx_word' id='word_1_200' title='bbox 1695 1558 1900 1588; x_wconf 63' lang='grc' dir='ltr'><strong>μνουυκ-</strong></span> <span class='ocrx_word' id='word_1_201' title='bbox 1918 1558 1997 1570; x_wconf 69' lang='grc' dir='ltr'><strong>..υ-</strong></span> 
     </span>
     <span class='ocr_line' id='line_1_28' title="bbox 484 1608 1997 1686; baseline -0.01 -14"><span class='ocrx_word' id='word_1_202' title='bbox 484 1634 755 1672; x_wconf 84' lang='lat' dir='ltr'><strong>sacrarum</strong></span> <span class='ocrx_word' id='word_1_203' title='bbox 805 1632 925 1686; x_wconf 85' lang='lat' dir='ltr'><strong>cap.</strong></span> <span class='ocrx_word' id='word_1_204' title='bbox 952 1615 1084 1684; x_wconf 74' lang='grc' dir='ltr'><strong>Περὶ</strong></span> <span class='ocrx_word' id='word_1_205' title='bbox 1123 1614 1227 1666; x_wconf 85' lang='grc' dir='ltr'><strong>τῶν</strong></span> <span class='ocrx_word' id='word_1_206' title='bbox 1256 1612 1593 1683; x_wconf 84' lang='grc' dir='ltr'><strong>προσκαίρων</strong></span> <span class='ocrx_word' id='word_1_207' title='bbox 1621 1610 1712 1662; x_wconf 74' lang='grc' dir='ltr'><strong>καὶ</strong></span> <span class='ocrx_word' id='word_1_208' title='bbox 1753 1608 1857 1659; x_wconf 85' lang='grc' dir='ltr'><strong>τῶν</strong></span> <span class='ocrx_word' id='word_1_209' title='bbox 1885 1609 1997 1658; x_wconf 73' lang='grc' dir='ltr'><strong>αἰω-</strong></span> 
     </span>
    </p>
   </div>
   <div class='ocr_carea' id='block_1_26' title="bbox 2195 1558 3708 1686">
    <p class='ocr_par' dir='ltr' id='par_1_26' title="bbox 2195 1558 3708 1686">
     <span class='ocr_line' id='line_1_29' title="bbox 2195 1558 3708 1647; baseline -0.011 -19"><span class='ocrx_word' id='word_1_210' title='bbox 2195 1580 2314 1633; x_wconf 74' lang='grc' dir='ltr'><strong>πτῶν</strong></span> <span class='ocrx_word' id='word_1_211' title='bbox 2370 1580 2462 1631; x_wconf 73' lang='grc' dir='ltr'><strong>καὶ</strong></span> <span class='ocrx_word' id='word_1_212' title='bbox 2521 1580 2632 1647; x_wconf 81' lang='grc' dir='ltr'><strong>μετ’</strong></span> <span class='ocrx_word' id='word_1_213' title='bbox 2672 1576 2832 1646; x_wconf 68' lang='grc' dir='ltr'>εὐχὴν</span> <span class='ocrx_word' id='word_1_214' title='bbox 2908 1575 3099 1618; x_wconf 90' lang='lat' dir='ltr'><strong>tarum</strong></span> <span class='ocrx_word' id='word_1_215' title='bbox 3131 1561 3427 1631; x_wconf 69' lang='lat' dir='ltr'><strong>affluentia</strong></span> <span class='ocrx_word' id='word_1_216' title='bbox 3461 1558 3636 1612; x_wconf 80' lang='lat' dir='ltr'><strong>evadit</strong></span> <span class='ocrx_word' id='word_1_217' title='bbox 3663 1559 3708 1611; x_wconf 77' lang='lat' dir='ltr'><strong>in</strong></span> 
     </span>
     <span class='ocr_line' id='line_1_30' title="bbox 2234 1655 3706 1686; baseline 0 0"><span class='ocrx_word' id='word_1_218' title='bbox 2234 1674 2260 1686; x_wconf 70' lang='grc' dir='ltr'><strong><em>ο</em></strong></span> <span class='ocrx_word' id='word_1_219' title='bbox 2293 1673 2338 1686; x_wconf 65' lang='grc' dir='ltr'><strong>ι.</strong></span> <span class='ocrx_word' id='word_1_220' title='bbox 2416 1673 2427 1686; x_wconf 80' lang='lat'><strong>.</strong></span> <span class='ocrx_word' id='word_1_221' title='bbox 2914 1674 3141 1686; x_wconf 55' lang='grc' dir='ltr'><strong>--.αα-...-</strong></span> <span class='ocrx_word' id='word_1_222' title='bbox 3169 1666 3221 1686; x_wconf 70' lang='grc' dir='ltr'><strong>Δ.</strong></span> <span class='ocrx_word' id='word_1_223' title='bbox 3254 1655 3556 1686; x_wconf 63' lang='grc' dir='ltr'><strong>...παρ-ἐι...</strong></span> <span class='ocrx_word' id='word_1_224' title='bbox 3606 1670 3706 1686; x_wconf 70' lang='grc' dir='ltr'><strong>ιη..-</strong></span> 
     </span>
    </p>
   </div>
   <div class='ocr_carea' id='block_1_27' title="bbox 478 1655 1991 1773">
    <p class='ocr_par' dir='ltr' id='par_1_27' title="bbox 478 1655 1991 1773">
     <span class='ocr_line' id='line_1_31' title="bbox 478 1655 1991 1773; baseline -0.011 -13"><span class='ocrx_word' id='word_1_225' title='bbox 478 1708 609 1760; x_wconf 80' lang='grc' dir='ltr'>νίων</span> <span class='ocrx_word' id='word_1_226' title='bbox 636 1655 1150 1773; x_wconf 38' lang='grc' dir='ltr'><strong>ἀγαοῶνῖσκαὶγὸτι</strong></span> <span class='ocrx_word' id='word_1_227' title='bbox 1193 1655 1427 1771; x_wconf 42' lang='grc' dir='ltr'><strong>χρὴντῶν</strong></span> <span class='ocrx_word' id='word_1_228' title='bbox 1454 1655 1728 1768; x_wconf 41' lang='grc' dir='ltr'>πιοιρονξιον</span> <span class='ocrx_word' id='word_1_229' title='bbox 1765 1655 1848 1746; x_wconf 25' lang='lat' dir='ltr'><strong>ira</strong></span> 
     </span>
    </p>
   </div>
   <div class='ocr_carea' id='block_1_28' title="bbox 2193 1655 3706 1773">
    <p class='ocr_par' dir='ltr' id='par_1_28' title="bbox 2193 1655 3706 1773">
     <span class='ocr_line' id='line_1_32' title="bbox 2193 1655 3706 1743; baseline -0.011 -21"><span class='ocrx_word' id='word_1_230' title='bbox 2193 1673 2355 1743; x_wconf 64' lang='grc' dir='ltr'>πιϐολὴ</span> <span class='ocrx_word' id='word_1_231' title='bbox 2374 1673 2593 1739; x_wconf 79' lang='grc' dir='ltr'><strong>γίνεται,</strong></span> <span class='ocrx_word' id='word_1_232' title='bbox 2909 1674 3144 1712; x_wconf 86' lang='lat' dir='ltr'><strong>causam</strong></span> <span class='ocrx_word' id='word_1_233' title='bbox 3165 1666 3221 1710; x_wconf 88' lang='lat' dir='ltr'><strong>et</strong></span> <span class='ocrx_word' id='word_1_234' title='bbox 3254 1655 3559 1708; x_wconf 79' lang='lat' dir='ltr'><strong>materiam</strong></span> <span class='ocrx_word' id='word_1_235' title='bbox 3605 1670 3706 1706; x_wconf 80' lang='lat' dir='ltr'><strong>om-</strong></span> 
     </span>
     <span class='ocr_line' id='line_1_33' title="bbox 2914 1742 3705 1773; baseline 0 0"><span class='ocrx_word' id='word_1_236' title='bbox 2914 1750 3064 1773; x_wconf 76' lang='lat'><strong>..:-....</strong></span> <span class='ocrx_word' id='word_1_237' title='bbox 3113 1748 3368 1773; x_wconf 69' lang='grc' dir='ltr'><strong>ι..;-ι;.....</strong></span> <span class='ocrx_word' id='word_1_238' title='bbox 3422 1752 3580 1773; x_wconf 61' lang='grc' dir='ltr'><strong>ηοω..</strong></span> <span class='ocrx_word' id='word_1_239' title='bbox 3621 1742 3705 1773; x_wconf 66' lang='grc' dir='ltr'><strong>Α.-</strong></span> 
     </span>
    </p>
   </div>
   <div class='ocr_carea' id='block_1_29' title="bbox 484 1742 1997 1864">
    <p class='ocr_par' dir='ltr' id='par_1_29' title="bbox 484 1742 1997 1864">
     <span class='ocr_line' id='line_1_34' title="bbox 484 1742 1997 1864; baseline -0.009 -17"><span class='ocrx_word' id='word_1_240' title='bbox 484 1795 640 1847; x_wconf 63' lang='lat' dir='ltr'><strong>lam</strong></span> <span class='ocrx_word' id='word_1_241' title='bbox 668 1742 960 1864; x_wconf 50' lang='grc' dir='ltr'>προτιμῖᾷν,</span> <span class='ocrx_word' id='word_1_242' title='bbox 1000 1790 1141 1861; x_wconf 91' lang='lat' dir='ltr'><strong>quod</strong></span> <span class='ocrx_word' id='word_1_243' title='bbox 1183 1742 1467 1858; x_wconf 48' lang='lat' dir='ltr'><strong>respondet</strong></span> <span class='ocrx_word' id='word_1_244' title='bbox 1970 1742 1997 1833; x_wconf 76' lang='lat' dir='ltr'><strong>i1</strong></span> 
     </span>
    </p>
   </div>
   <div class='ocr_carea' id='block_1_30' title="bbox 2191 1742 3704 1864">
    <p class='ocr_par' dir='ltr' id='par_1_30' title="bbox 2912 1742 3704 1813">
     <span class='ocr_line' id='line_1_35' title="bbox 2912 1742 3704 1813; baseline -0.008 -12"><span class='ocrx_word' id='word_1_245' title='bbox 2912 1750 3067 1802; x_wconf 86' lang='lat' dir='ltr'><strong>nium</strong></span> <span class='ocrx_word' id='word_1_246' title='bbox 3109 1748 3371 1800; x_wconf 84' lang='lat' dir='ltr'><strong>tristium</strong></span> <span class='ocrx_word' id='word_1_247' title='bbox 3417 1752 3580 1813; x_wconf 80' lang='lat' dir='ltr'><strong>atque</strong></span> <span class='ocrx_word' id='word_1_248' title='bbox 3619 1742 3704 1795; x_wconf 78' lang='lat' dir='ltr'><strong>de-</strong></span> 
     </span>
    </p>
   </div>
   <div class='ocr_carea' id='block_1_31' title="bbox 486 1851 3279 1940">
    <p class='ocr_par' dir='ltr' id='par_1_31' title="bbox 486 1851 3279 1940">
     <span class='ocr_line' id='line_1_36' title="bbox 486 1851 3279 1940; baseline -0.018 0"><span class='ocrx_word' id='word_1_249' title='bbox 486 1851 870 1940; x_wconf 72' lang='lat' dir='ltr'><strong>Parallelorum</strong></span> <span class='ocrx_word' id='word_1_250' title='bbox 887 1851 1179 1938; x_wconf 68' lang='lat' dir='ltr'><strong>editorum.</strong></span> <span class='ocrx_word' id='word_1_251' title='bbox 1272 1851 1289 1858; x_wconf 51' lang='lat'><strong>-</strong></span> <span class='ocrx_word' id='word_1_252' title='bbox 1571 1851 1587 1855; x_wconf 43' lang='lat'><strong><em>—</em></strong></span> <span class='ocrx_word' id='word_1_253' title='bbox 2916 1851 3279 1896; x_wconf 77' lang='lat' dir='ltr'><strong>testularum.</strong></span> 
     </span>
    </p>
   </div>
   <div class='ocr_carea' id='block_1_32' title="bbox 483 1165 2001 1237">
    <p class='ocr_par' dir='ltr' id='par_1_32' title="bbox 483 1165 2001 1237">
     <span class='ocr_line' id='line_1_37' title="bbox 483 1165 2001 1237; baseline -0.011 -3"><span class='ocrx_word' id='word_1_254' title='bbox 483 1178 661 1234; x_wconf 88' lang='lat' dir='ltr'><strong>retulit</strong></span> <span class='ocrx_word' id='word_1_255' title='bbox 690 1176 868 1229; x_wconf 80' lang='lat' dir='ltr'><strong>forsan</strong></span> <span class='ocrx_word' id='word_1_256' title='bbox 893 1174 942 1227; x_wconf 88' lang='grc'><strong>7.</strong></span> <span class='ocrx_word' id='word_1_257' title='bbox 967 1172 1204 1227; x_wconf 82' lang='lat' dir='ltr'><strong>Alterum</strong></span> <span class='ocrx_word' id='word_1_258' title='bbox 1230 1171 1402 1224; x_wconf 89' lang='lat' dir='ltr'><strong>locum</strong></span> <span class='ocrx_word' id='word_1_259' title='bbox 1445 1167 1747 1237; x_wconf 90' lang='lat' dir='ltr'><strong>deprompsi</strong></span> <span class='ocrx_word' id='word_1_260' title='bbox 1779 1181 1842 1220; x_wconf 79' lang='lat' dir='ltr'><strong>ex</strong></span> <span class='ocrx_word' id='word_1_261' title='bbox 1866 1165 2001 1234; x_wconf 85' lang='lat' dir='ltr'><strong>opti-</strong></span> 
     </span>
    </p>
   </div>
   <div class='ocr_carea' id='block_1_33' title="bbox 482 1252 2000 1322">
    <p class='ocr_par' dir='ltr' id='par_1_33' title="bbox 482 1252 2000 1322">
     <span class='ocr_line' id='line_1_38' title="bbox 482 1252 2000 1322; baseline -0.011 -2"><span class='ocrx_word' id='word_1_262' title='bbox 482 1267 586 1319; x_wconf 89' lang='lat' dir='ltr'><strong>mis</strong></span> <span class='ocrx_word' id='word_1_263' title='bbox 613 1262 932 1317; x_wconf 87' lang='lat' dir='ltr'><strong>membranis</strong></span> <span class='ocrx_word' id='word_1_264' title='bbox 975 1259 1177 1313; x_wconf 85' lang='lat' dir='ltr'><strong>codicis</strong></span> <span class='ocrx_word' id='word_1_265' title='bbox 1214 1256 1497 1311; x_wconf 88' lang='lat' dir='ltr'><strong>admodum</strong></span> <span class='ocrx_word' id='word_1_266' title='bbox 1559 1253 1759 1322; x_wconf 82' lang='lat' dir='ltr'><strong>antiqui</strong></span> <span class='ocrx_word' id='word_1_267' title='bbox 1821 1252 1875 1305; x_wconf 94' lang='lat' dir='ltr'><strong>in</strong></span> <span class='ocrx_word' id='word_1_268' title='bbox 1919 1252 2000 1305; x_wconf 83' lang='lat' dir='ltr'><strong>bi-</strong></span> 
     </span>
    </p>
   </div>
   <div class='ocr_carea' id='block_1_34' title="bbox 482 1340 2001 1413">
    <p class='ocr_par' dir='ltr' id='par_1_34' title="bbox 482 1340 2001 1413">
     <span class='ocr_line' id='line_1_39' title="bbox 482 1340 2001 1413; baseline -0.009 -5"><span class='ocrx_word' id='word_1_269' title='bbox 482 1352 748 1408; x_wconf 84' lang='lat' dir='ltr'><strong>bliotbeca</strong></span> <span class='ocrx_word' id='word_1_270' title='bbox 789 1348 892 1403; x_wconf 80' lang='lat' dir='ltr'><strong>PP.</strong></span> <span class='ocrx_word' id='word_1_271' title='bbox 924 1348 1047 1402; x_wconf 90' lang='lat' dir='ltr'><strong>Soc.</strong></span> <span class='ocrx_word' id='word_1_272' title='bbox 1068 1346 1231 1409; x_wconf 65' lang='lat' dir='ltr'><strong>Iesu,</strong></span> <span class='ocrx_word' id='word_1_273' title='bbox 1259 1346 1464 1413; x_wconf 90' lang='lat' dir='ltr'><strong>copiam</strong></span> <span class='ocrx_word' id='word_1_274' title='bbox 1491 1342 1719 1396; x_wconf 78' lang='lat' dir='ltr'><strong>faciente</strong></span> <span class='ocrx_word' id='word_1_275' title='bbox 1759 1340 2001 1395; x_wconf 86' lang='lat' dir='ltr'><strong>Gabriele</strong></span> 
     </span>
    </p>
   </div>
   <div class='ocr_carea' id='block_1_35' title="bbox 482 1430 2002 1504">
    <p class='ocr_par' dir='ltr' id='par_1_35' title="bbox 482 1430 2002 1504">
     <span class='ocr_line' id='line_1_40' title="bbox 482 1430 2002 1504; baseline -0.009 -8"><span class='ocrx_word' id='word_1_276' title='bbox 482 1440 778 1503; x_wconf 79' lang='lat' dir='ltr'><strong>Cossartio,</strong></span> <span class='ocrx_word' id='word_1_277' title='bbox 809 1439 927 1493; x_wconf 91' lang='lat' dir='ltr'><strong>viro</strong></span> <span class='ocrx_word' id='word_1_278' title='bbox 948 1452 1068 1491; x_wconf 92' lang='lat' dir='ltr'><strong>cum</strong></span> <span class='ocrx_word' id='word_1_279' title='bbox 1096 1436 1321 1504; x_wconf 79' lang='lat' dir='ltr'><strong>insignis</strong></span> <span class='ocrx_word' id='word_1_280' title='bbox 1347 1434 1619 1495; x_wconf 64' lang='lat' dir='ltr'><strong>doctrinm,</strong></span> <span class='ocrx_word' id='word_1_281' title='bbox 1650 1443 1759 1485; x_wconf 89' lang='lat' dir='ltr'><strong>tum</strong></span> <span class='ocrx_word' id='word_1_282' title='bbox 1786 1430 2002 1498; x_wconf 72' lang='lat' dir='ltr'><strong>prolixae</strong></span> 
     </span>
    </p>
   </div>
   <div class='ocr_carea' id='block_1_36' title="bbox 489 2034 3685 2077">
    <p class='ocr_par' dir='ltr' id='par_1_36' title="bbox 489 2034 3685 2077">
     <span class='ocr_line' id='line_1_41' title="bbox 489 2034 3685 2077; baseline -0.011 0"><span class='ocrx_word' id='word_1_283' title='bbox 489 2034 3685 2077; x_wconf 49' lang='lat' dir='ltr'><strong>WW—</strong></span> 
     </span>
    </p>
   </div>
   <div class='ocr_carea' id='block_1_37' title="bbox 760 2408 3420 2598">
    <p class='ocr_par' dir='ltr' id='par_1_37' title="bbox 760 2408 3420 2598">
     <span class='ocr_line' id='line_1_42' title="bbox 760 2408 3420 2598; baseline -0.005 1"><span class='ocrx_word' id='word_1_284' title='bbox 760 2477 966 2598; x_wconf 85' lang='lat' dir='ltr'>EX</span> <span class='ocrx_word' id='word_1_285' title='bbox 1060 2469 1771 2595; x_wconf 85' lang='lat' dir='ltr'><strong>EDITIONE</strong></span> <span class='ocrx_word' id='word_1_286' title='bbox 1849 2408 2304 2586; x_wconf 82' lang='lat' dir='ltr'>PETRI</span> <span class='ocrx_word' id='word_1_287' title='bbox 2399 2459 3420 2594; x_wconf 85' lang='lat' dir='ltr'><strong>COUSTANTII.</strong></span> 
     </span>
    </p>
   </div>
   <div class='ocr_carea' id='block_1_38' title="bbox 1451 2702 2606 2789">
    <p class='ocr_par' dir='ltr' id='par_1_38' title="bbox 1451 2702 2606 2789">
     <span class='ocr_line' id='line_1_43' title="bbox 1451 2702 2606 2789; baseline -0.006 -25"><span class='ocrx_word' id='word_1_288' title='bbox 1451 2710 1596 2781; x_wconf 76' lang='lat' dir='ltr'><strong>(Epp.</strong></span> <span class='ocrx_word' id='word_1_289' title='bbox 1622 2713 1757 2762; x_wconf 79' lang='lat' dir='ltr'><strong>Rom.</strong></span> <span class='ocrx_word' id='word_1_290' title='bbox 1776 2712 1916 2762; x_wconf 84' lang='lat' dir='ltr'><strong>Pont.</strong></span> <span class='ocrx_word' id='word_1_291' title='bbox 1943 2714 1982 2760; x_wconf 90' lang='lat' dir='ltr'><strong>t.</strong></span> <span class='ocrx_word' id='word_1_292' title='bbox 2010 2710 2049 2771; x_wconf 86' lang='grc' dir='ltr'><strong>Ι,</strong></span> <span class='ocrx_word' id='word_1_293' title='bbox 2072 2705 2225 2789; x_wconf 63' lang='lat' dir='ltr'><strong>Paris.</strong></span> <span class='ocrx_word' id='word_1_294' title='bbox 2254 2705 2388 2769; x_wconf 70' lang='grc'><strong>1721,</strong></span> <span class='ocrx_word' id='word_1_295' title='bbox 2424 2702 2606 2775; x_wconf 64' lang='lat' dir='ltr'><strong>tit-fol.)</strong></span> 
     </span>
    </p>
   </div>
   <div class='ocr_carea' id='block_1_39' title="bbox 1034 2968 3100 3122">
    <p class='ocr_par' dir='ltr' id='par_1_39' title="bbox 1034 2968 3100 3122">
     <span class='ocr_line' id='line_1_44' title="bbox 1034 2968 3100 3122; baseline -0.002 0"><span class='ocrx_word' id='word_1_296' title='bbox 1034 2968 1640 3122; x_wconf 64' lang='lat' dir='ltr'><strong>EPISTOLIE</strong></span> <span class='ocrx_word' id='word_1_297' title='bbox 1725 3030 1817 3116; x_wconf 89' lang='lat' dir='ltr'><strong>s.</strong></span> <span class='ocrx_word' id='word_1_298' title='bbox 1891 3025 2546 3116; x_wconf 86' lang='lat' dir='ltr'><strong>CLEMENTIS</strong></span> <span class='ocrx_word' id='word_1_299' title='bbox 2625 3029 2657 3112; x_wconf 84' lang='lat'>1</span> <span class='ocrx_word' id='word_1_300' title='bbox 2735 3028 3100 3117; x_wconf 61' lang='lat' dir='ltr'><strong>PAPIE.</strong></span> 
     </span>
    </p>
   </div>
   <div class='ocr_carea' id='block_1_40' title="bbox 1562 3233 2564 3313">
    <p class='ocr_par' dir='ltr' id='par_1_40' title="bbox 1562 3233 2564 3313">
     <span class='ocr_line' id='line_1_45' title="bbox 1562 3233 2564 3313; baseline -0.007 -15"><span class='ocrx_word' id='word_1_301' title='bbox 1562 3234 1829 3311; x_wconf 85' lang='lat' dir='ltr'><strong>Quando</strong></span> <span class='ocrx_word' id='word_1_302' title='bbox 1862 3239 1925 3297; x_wconf 89' lang='lat' dir='ltr'><strong>et</strong></span> <span class='ocrx_word' id='word_1_303' title='bbox 1953 3249 2140 3313; x_wconf 84' lang='lat' dir='ltr'><strong>quam</strong></span> <span class='ocrx_word' id='word_1_304' title='bbox 2171 3234 2283 3295; x_wconf 88' lang='lat' dir='ltr'><strong>diu</strong></span> <span class='ocrx_word' id='word_1_305' title='bbox 2314 3233 2564 3295; x_wconf 90' lang='lat' dir='ltr'><strong>sederit.</strong></span> 
     </span>
    </p>
   </div>
   <div class='ocr_carea' id='block_1_41' title="bbox 568 3532 3695 3612">
    <p class='ocr_par' dir='ltr' id='par_1_41' title="bbox 568 3532 3695 3612">
     <span class='ocr_line' id='line_1_46' title="bbox 568 3532 3695 3612; baseline -0.004 -2"><span class='ocrx_word' id='word_1_306' title='bbox 568 3554 623 3611; x_wconf 73' lang='lat' dir='ltr'><strong>l.</strong></span> <span class='ocrx_word' id='word_1_307' title='bbox 644 3552 889 3609; x_wconf 84' lang='lat' dir='ltr'><strong>Clemens</strong></span> <span class='ocrx_word' id='word_1_308' title='bbox 925 3554 1162 3602; x_wconf 77' lang='lat' dir='ltr'><strong>veterum</strong></span> <span class='ocrx_word' id='word_1_309' title='bbox 1180 3541 1480 3598; x_wconf 81' lang='lat' dir='ltr'><strong>testimonio</strong></span> <span class='ocrx_word' id='word_1_310' title='bbox 1502 3548 1559 3593; x_wconf 91' lang='lat' dir='ltr'><strong>ut</strong></span> <span class='ocrx_word' id='word_1_311' title='bbox 1583 3538 1938 3609; x_wconf 88' lang='lat' dir='ltr'><strong>apostolorum</strong></span> <span class='ocrx_word' id='word_1_312' title='bbox 1965 3550 2030 3589; x_wconf 69' lang='grc' dir='ltr'><strong>ω-</strong></span> <span class='ocrx_word' id='word_1_313' title='bbox 2054 3539 2099 3597; x_wconf 88' lang='lat' dir='ltr'><strong>C</strong></span> <span class='ocrx_word' id='word_1_314' title='bbox 2129 3534 2185 3587; x_wconf 90' lang='lat' dir='ltr'><strong>in</strong></span> <span class='ocrx_word' id='word_1_315' title='bbox 2211 3532 2522 3587; x_wconf 87' lang='lat' dir='ltr'><strong>Corbeiensi</strong></span> <span class='ocrx_word' id='word_1_316' title='bbox 2552 3539 2730 3587; x_wconf 89' lang='lat' dir='ltr'><strong>autem</strong></span> <span class='ocrx_word' id='word_1_317' title='bbox 2757 3535 2915 3590; x_wconf 89' lang='lat' dir='ltr'><strong>annis</strong></span> <span class='ocrx_word' id='word_1_318' title='bbox 2944 3553 2999 3591; x_wconf 74' lang='grc' dir='ltr'><strong>ιι</strong></span> <span class='ocrx_word' id='word_1_319' title='bbox 3020 3579 3037 3606; x_wconf 90' lang='grc'><em>,</em></span> <span class='ocrx_word' id='word_1_320' title='bbox 3084 3542 3395 3600; x_wconf 86' lang='lat' dir='ltr'><strong>mensibus</strong></span> <span class='ocrx_word' id='word_1_321' title='bbox 3441 3562 3475 3600; x_wconf 82' lang='lat' dir='ltr'><strong>x</strong></span> <span class='ocrx_word' id='word_1_322' title='bbox 3495 3586 3512 3612; x_wconf 89' lang='lat'><strong>,</strong></span> <span class='ocrx_word' id='word_1_323' title='bbox 3558 3549 3645 3605; x_wconf 74' lang='lat' dir='ltr'><strong>die</strong></span> <span class='ocrx_word' id='word_1_324' title='bbox 3675 3560 3695 3603; x_wconf 66' lang='grc' dir='ltr'><strong><em>γ</em></strong></span> 
     </span>
    </p>
   </div>
   <div class='ocr_carea' id='block_1_42' title="bbox 498 3622 3696 3715">
    <p class='ocr_par' dir='ltr' id='par_1_42' title="bbox 498 3622 3696 3715">
     <span class='ocr_line' id='line_1_47' title="bbox 498 3622 3696 3715; baseline -0.003 -16"><span class='ocrx_word' id='word_1_325' title='bbox 498 3643 675 3715; x_wconf 86' lang='lat' dir='ltr'><strong>qualis</strong></span> <span class='ocrx_word' id='word_1_326' title='bbox 716 3639 1033 3695; x_wconf 84' lang='lat' dir='ltr'><strong>celebratur.</strong></span> <span class='ocrx_word' id='word_1_327' title='bbox 1060 3633 1413 3700; x_wconf 81' lang='lat' dir='ltr'><strong>Quamobrem</strong></span> <span class='ocrx_word' id='word_1_328' title='bbox 1454 3646 1561 3685; x_wconf 90' lang='lat' dir='ltr'><strong>non</strong></span> <span class='ocrx_word' id='word_1_329' title='bbox 1608 3630 1744 3682; x_wconf 88' lang='lat' dir='ltr'><strong>alius</strong></span> <span class='ocrx_word' id='word_1_330' title='bbox 1782 3626 2018 3681; x_wconf 88' lang='lat' dir='ltr'><strong>creditur</strong></span> <span class='ocrx_word' id='word_1_331' title='bbox 2120 3622 2421 3678; x_wconf 89' lang='lat' dir='ltr'><strong>obtinuisse</strong></span> <span class='ocrx_word' id='word_1_332' title='bbox 2444 3629 2790 3679; x_wconf 90' lang='lat' dir='ltr'><strong>memoratur.</strong></span> <span class='ocrx_word' id='word_1_333' title='bbox 2828 3625 2981 3691; x_wconf 84' lang='lat' dir='ltr'><strong>Eum,</strong></span> <span class='ocrx_word' id='word_1_334' title='bbox 3007 3643 3160 3685; x_wconf 88' lang='lat' dir='ltr'><strong>anno</strong></span> <span class='ocrx_word' id='word_1_335' title='bbox 3192 3631 3433 3703; x_wconf 71' lang='lat' dir='ltr'><strong>Traiani</strong></span> <span class='ocrx_word' id='word_1_336' title='bbox 3466 3637 3696 3707; x_wconf 74' lang='lat' dir='ltr'><strong>impers-</strong></span> 
     </span>
    </p>
   </div>
   <div class='ocr_carea' id='block_1_43' title="bbox 499 3713 3694 3802">
    <p class='ocr_par' dir='ltr' id='par_1_43' title="bbox 499 3713 3694 3802">
     <span class='ocr_line' id='line_1_48' title="bbox 499 3713 3694 3802; baseline -0.004 -8"><span class='ocrx_word' id='word_1_337' title='bbox 499 3713 570 3793; x_wconf 68' lang='lat' dir='ltr'><strong>ab</strong></span> <span class='ocrx_word' id='word_1_338' title='bbox 588 3751 672 3800; x_wconf 90' lang='lat' dir='ltr'><strong>eo,</strong></span> <span class='ocrx_word' id='word_1_339' title='bbox 697 3737 853 3802; x_wconf 84' lang='lat' dir='ltr'><strong>cujus</strong></span> <span class='ocrx_word' id='word_1_340' title='bbox 882 3730 1079 3785; x_wconf 89' lang='lat' dir='ltr'><strong>Paulus</strong></span> <span class='ocrx_word' id='word_1_341' title='bbox 1106 3726 1300 3796; x_wconf 87' lang='lat' dir='ltr'><strong>Philip.</strong></span> <span class='ocrx_word' id='word_1_342' title='bbox 1349 3740 1402 3777; x_wconf 82' lang='lat' dir='ltr'><strong>tv</strong></span> <span class='ocrx_word' id='word_1_343' title='bbox 1422 3764 1436 3786; x_wconf 92' lang='lat'><strong>,</strong></span> <span class='ocrx_word' id='word_1_344' title='bbox 1467 3725 1534 3786; x_wconf 80' lang='lat'><strong>&#39;5,</strong></span> <span class='ocrx_word' id='word_1_345' title='bbox 1578 3722 1838 3777; x_wconf 90' lang='lat' dir='ltr'><strong>meminit.</strong></span> <span class='ocrx_word' id='word_1_346' title='bbox 1870 3719 2021 3773; x_wconf 87' lang='lat' dir='ltr'><strong>Licet</strong></span> <span class='ocrx_word' id='word_1_347' title='bbox 2118 3715 2255 3769; x_wconf 87' lang='lat' dir='ltr'><strong>toris</strong></span> <span class='ocrx_word' id='word_1_348' title='bbox 2287 3713 2468 3776; x_wconf 92' lang='lat' dir='ltr'><strong>tertio,</strong></span> <span class='ocrx_word' id='word_1_349' title='bbox 2498 3714 2601 3767; x_wconf 90' lang='lat' dir='ltr'><strong>hoc</strong></span> <span class='ocrx_word' id='word_1_350' title='bbox 2640 3722 2723 3769; x_wconf 89' lang='lat' dir='ltr'><strong>est</strong></span> <span class='ocrx_word' id='word_1_351' title='bbox 2757 3713 2958 3770; x_wconf 86' lang='lat' dir='ltr'><strong>Christi</strong></span> <span class='ocrx_word' id='word_1_352' title='bbox 3002 3722 3325 3778; x_wconf 84' lang='lat' dir='ltr'><strong>centesimo</strong></span> <span class='ocrx_word' id='word_1_353' title='bbox 3352 3764 3368 3788; x_wconf 91' lang='lat'><strong>,</strong></span> <span class='ocrx_word' id='word_1_354' title='bbox 3402 3744 3526 3780; x_wconf 85' lang='lat' dir='ltr'><strong>cum</strong></span> <span class='ocrx_word' id='word_1_355' title='bbox 3566 3738 3694 3781; x_wconf 76' lang='lat' dir='ltr'><strong>totos</strong></span> 
     </span>
    </p>
   </div>
   <div class='ocr_carea' id='block_1_44' title="bbox 500 3803 3693 3893">
    <p class='ocr_par' dir='ltr' id='par_1_44' title="bbox 500 3803 3693 3893">
     <span class='ocr_line' id='line_1_49' title="bbox 500 3803 3693 3893; baseline -0.004 -11"><span class='ocrx_word' id='word_1_356' title='bbox 500 3830 664 3891; x_wconf 85' lang='lat' dir='ltr'><strong>hunc,</strong></span> <span class='ocrx_word' id='word_1_357' title='bbox 694 3826 769 3879; x_wconf 91' lang='lat' dir='ltr'><strong>uti</strong></span> <span class='ocrx_word' id='word_1_358' title='bbox 793 3814 903 3893; x_wconf 86' lang='lat' dir='ltr'><strong>jam</strong></span> <span class='ocrx_word' id='word_1_359' title='bbox 930 3817 1359 3890; x_wconf 65' lang='lat' dir='ltr'><strong>praxnonuimus,</strong></span> <span class='ocrx_word' id='word_1_360' title='bbox 1385 3828 1414 3865; x_wconf 92' lang='lat' dir='ltr'><strong>a</strong></span> <span class='ocrx_word' id='word_1_361' title='bbox 1436 3812 1593 3867; x_wconf 90' lang='lat' dir='ltr'><strong>Petro</strong></span> <span class='ocrx_word' id='word_1_362' title='bbox 1612 3812 1915 3880; x_wconf 86' lang='lat' dir='ltr'><strong>episcopum</strong></span> <span class='ocrx_word' id='word_1_363' title='bbox 1939 3822 2024 3860; x_wconf 83' lang='lat' dir='ltr'><strong>or—</strong></span> <span class='ocrx_word' id='word_1_364' title='bbox 2119 3820 2297 3858; x_wconf 82' lang='lat' dir='ltr'><strong>novem</strong></span> <span class='ocrx_word' id='word_1_365' title='bbox 2332 3821 2492 3857; x_wconf 86' lang='lat' dir='ltr'><strong>annos</strong></span> <span class='ocrx_word' id='word_1_366' title='bbox 2513 3803 2936 3871; x_wconf 78' lang='lat' dir='ltr'><strong>prwdicationem</strong></span> <span class='ocrx_word' id='word_1_367' title='bbox 2955 3809 3100 3862; x_wconf 81' lang='lat' dir='ltr'><strong>verbi</strong></span> <span class='ocrx_word' id='word_1_368' title='bbox 3127 3812 3306 3868; x_wconf 82' lang='lat' dir='ltr'><strong>divini</strong></span> <span class='ocrx_word' id='word_1_369' title='bbox 3332 3828 3693 3884; x_wconf 80' lang='lat' dir='ltr'><strong>procurasset,</strong></span> 
     </span>
    </p>
   </div>
   <div class='ocr_carea' id='block_1_45' title="bbox 502 3892 3694 3971">
    <p class='ocr_par' dir='ltr' id='par_1_45' title="bbox 502 3892 3694 3971">
     <span class='ocr_line' id='line_1_50' title="bbox 502 3892 3694 3971; baseline -0.003 0"><span class='ocrx_word' id='word_1_370' title='bbox 502 3917 741 3971; x_wconf 90' lang='lat' dir='ltr'><strong>dinatum</strong></span> <span class='ocrx_word' id='word_1_371' title='bbox 762 3892 1120 3965; x_wconf 79' lang='lat' dir='ltr'><strong>Tcrtullianus</strong></span> <span class='ocrx_word' id='word_1_372' title='bbox 1146 3903 1261 3958; x_wconf 88' lang='lat' dir='ltr'><strong>Lib.</strong></span> <span class='ocrx_word' id='word_1_373' title='bbox 1289 3903 1351 3956; x_wconf 86' lang='lat' dir='ltr'><strong>de</strong></span> <span class='ocrx_word' id='word_1_374' title='bbox 1382 3901 1691 3971; x_wconf 75' lang='lat' dir='ltr'><strong>prwscript.,</strong></span> <span class='ocrx_word' id='word_1_375' title='bbox 1716 3913 1765 3952; x_wconf 90' lang='lat' dir='ltr'><strong>c.</strong></span> <span class='ocrx_word' id='word_1_376' title='bbox 1796 3896 1884 3959; x_wconf 79' lang='lat'><strong>52,</strong></span> <span class='ocrx_word' id='word_1_377' title='bbox 1911 3904 2022 3948; x_wconf 84' lang='lat' dir='ltr'><strong>tra—</strong></span> <span class='ocrx_word' id='word_1_378' title='bbox 2120 3909 2150 3948; x_wconf 91' lang='lat' dir='ltr'><strong>e</strong></span> <span class='ocrx_word' id='word_1_379' title='bbox 2179 3894 2287 3948; x_wconf 89' lang='lat' dir='ltr'><strong>vita</strong></span> <span class='ocrx_word' id='word_1_380' title='bbox 2326 3893 2524 3947; x_wconf 86' lang='lat' dir='ltr'><strong>abiisse</strong></span> <span class='ocrx_word' id='word_1_381' title='bbox 2553 3892 2814 3949; x_wconf 85' lang='lat' dir='ltr'><strong>Eusebius</strong></span> <span class='ocrx_word' id='word_1_382' title='bbox 2856 3896 2949 3950; x_wconf 89' lang='lat' dir='ltr'><strong>lib.</strong></span> <span class='ocrx_word' id='word_1_383' title='bbox 2998 3912 3061 3950; x_wconf 85' lang='lat' dir='ltr'><strong>Ill</strong></span> <span class='ocrx_word' id='word_1_384' title='bbox 3104 3899 3286 3967; x_wconf 81' lang='lat' dir='ltr'><strong>Hist.,</strong></span> <span class='ocrx_word' id='word_1_385' title='bbox 3320 3921 3374 3961; x_wconf 92' lang='lat' dir='ltr'><strong>c.</strong></span> <span class='ocrx_word' id='word_1_386' title='bbox 3430 3907 3502 3961; x_wconf 74' lang='grc'><strong>54</strong></span> <span class='ocrx_word' id='word_1_387' title='bbox 3521 3947 3537 3971; x_wconf 84' lang='grc'>,</span> <span class='ocrx_word' id='word_1_388' title='bbox 3560 3908 3694 3962; x_wconf 69' lang='lat' dir='ltr'><strong>scri~</strong></span> 
     </span>
    </p>
   </div>
   <div class='ocr_carea' id='block_1_46' title="bbox 504 3982 3695 4070">
    <p class='ocr_par' dir='ltr' id='par_1_46' title="bbox 504 3982 3695 4070">
     <span class='ocr_line' id='line_1_51' title="bbox 504 3982 3695 4070; baseline -0.003 -12"><span class='ocrx_word' id='word_1_389' title='bbox 504 4006 615 4066; x_wconf 85' lang='lat' dir='ltr'><strong>dat,</strong></span> <span class='ocrx_word' id='word_1_390' title='bbox 638 4010 798 4070; x_wconf 88' lang='lat' dir='ltr'><strong>atque</strong></span> <span class='ocrx_word' id='word_1_391' title='bbox 820 4014 932 4053; x_wconf 67' lang='lat' dir='ltr'><strong>aevo</strong></span> <span class='ocrx_word' id='word_1_392' title='bbox 961 3994 1305 4064; x_wconf 88' lang='lat' dir='ltr'><strong>Hieronymi,</strong></span> <span class='ocrx_word' id='word_1_393' title='bbox 1345 3993 1463 4061; x_wconf 90' lang='lat' dir='ltr'><strong>ipso</strong></span> <span class='ocrx_word' id='word_1_394' title='bbox 1499 3989 1820 4057; x_wconf 84' lang='lat' dir='ltr'><strong>Hieronymo</strong></span> <span class='ocrx_word' id='word_1_395' title='bbox 1851 3992 1986 4041; x_wconf 85' lang='lat' dir='ltr'><strong>teste</strong></span> <span class='ocrx_word' id='word_1_396' title='bbox 2005 4024 2021 4049; x_wconf 94' lang='lat'><strong>,</strong></span> <span class='ocrx_word' id='word_1_397' title='bbox 2123 3983 2223 4039; x_wconf 90' lang='lat' dir='ltr'><strong>bit.</strong></span> <span class='ocrx_word' id='word_1_398' title='bbox 2259 3982 2394 4036; x_wconf 85' lang='lat' dir='ltr'><strong>Hinc</strong></span> <span class='ocrx_word' id='word_1_399' title='bbox 2416 3983 2570 4036; x_wconf 82' lang='lat' dir='ltr'><strong>valde</strong></span> <span class='ocrx_word' id='word_1_400' title='bbox 2599 3983 2855 4039; x_wconf 57' lang='lat' dir='ltr'><strong>sublesta:</strong></span> <span class='ocrx_word' id='word_1_401' title='bbox 2882 3995 2965 4039; x_wconf 88' lang='lat' dir='ltr'><strong>est</strong></span> <span class='ocrx_word' id='word_1_402' title='bbox 3001 3986 3150 4057; x_wconf 85' lang='lat' dir='ltr'><strong>fidei,</strong></span> <span class='ocrx_word' id='word_1_403' title='bbox 3183 3994 3339 4061; x_wconf 89' lang='lat' dir='ltr'><strong>quod</strong></span> <span class='ocrx_word' id='word_1_404' title='bbox 3367 3997 3526 4052; x_wconf 91' lang='lat' dir='ltr'><strong>solus</strong></span> <span class='ocrx_word' id='word_1_405' title='bbox 3555 3995 3695 4051; x_wconf 71' lang='lat' dir='ltr'><strong>Prae-</strong></span> 
     </span>
    </p>
   </div>
   <div class='ocr_carea' id='block_1_47' title="bbox 503 4071 3692 4158">
    <p class='ocr_par' dir='ltr' id='par_1_47' title="bbox 503 4071 3692 4158">
     <span class='ocr_line' id='line_1_52' title="bbox 503 4071 3692 4158; baseline -0.001 -13"><span class='ocrx_word' id='word_1_406' title='bbox 503 4092 726 4158; x_wconf 76' lang='lat' dir='ltr'><strong>plerique</strong></span> <span class='ocrx_word' id='word_1_407' title='bbox 751 4087 1050 4140; x_wconf 86' lang='lat' dir='ltr'><strong>Latinorum</strong></span> <span class='ocrx_word' id='word_1_408' title='bbox 1068 4081 1341 4137; x_wconf 83' lang='lat' dir='ltr'><strong>secundum</strong></span> <span class='ocrx_word' id='word_1_409' title='bbox 1367 4089 1481 4148; x_wconf 85' lang='lat' dir='ltr'><strong>post</strong></span> <span class='ocrx_word' id='word_1_410' title='bbox 1501 4078 1711 4132; x_wconf 84' lang='lat' dir='ltr'><strong>Petrum</strong></span> <span class='ocrx_word' id='word_1_411' title='bbox 1738 4077 2023 4144; x_wconf 85' lang='lat' dir='ltr'><strong>apostolum</strong></span> <span class='ocrx_word' id='word_1_412' title='bbox 2122 4071 2422 4126; x_wconf 87' lang='lat' dir='ltr'><strong>destinatus</strong></span> <span class='ocrx_word' id='word_1_413' title='bbox 2465 4086 2495 4123; x_wconf 92' lang='lat' dir='ltr'><strong>a</strong></span> <span class='ocrx_word' id='word_1_414' title='bbox 2537 4071 2820 4127; x_wconf 88' lang='lat' dir='ltr'><strong>Sirmondo</strong></span> <span class='ocrx_word' id='word_1_415' title='bbox 2857 4075 3109 4145; x_wconf 84' lang='lat' dir='ltr'><strong>vulgatus</strong></span> <span class='ocrx_word' id='word_1_416' title='bbox 3164 4096 3297 4153; x_wconf 88' lang='lat' dir='ltr'><strong>cap.</strong></span> <span class='ocrx_word' id='word_1_417' title='bbox 3335 4085 3442 4150; x_wconf 75' lang='lat' dir='ltr'><strong>i2,</strong></span> <span class='ocrx_word' id='word_1_418' title='bbox 3475 4096 3692 4153; x_wconf 86' lang='lat' dir='ltr'><strong>narrat,</strong></span> 
     </span>
    </p>
   </div>
   <div class='ocr_carea' id='block_1_48' title="bbox 505 4160 3694 4246">
    <p class='ocr_par' dir='ltr' id='par_1_48' title="bbox 505 4160 3694 4246">
     <span class='ocr_line' id='line_1_53' title="bbox 505 4160 3694 4246; baseline -0.002 -16"><span class='ocrx_word' id='word_1_419' title='bbox 505 4184 744 4246; x_wconf 79' lang='lat' dir='ltr'><strong>putarent</strong></span> <span class='ocrx_word' id='word_1_420' title='bbox 774 4174 963 4243; x_wconf 75' lang='lat' dir='ltr'><strong>fuisse;</strong></span> <span class='ocrx_word' id='word_1_421' title='bbox 1000 4170 1138 4225; x_wconf 88' lang='lat' dir='ltr'><strong>idem</strong></span> <span class='ocrx_word' id='word_1_422' title='bbox 1177 4177 1355 4222; x_wconf 87' lang='lat' dir='ltr'><strong>tamen</strong></span> <span class='ocrx_word' id='word_1_423' title='bbox 1383 4167 1738 4235; x_wconf 81' lang='lat' dir='ltr'><strong>Hieronymus</strong></span> <span class='ocrx_word' id='word_1_424' title='bbox 1758 4206 1771 4229; x_wconf 94' lang='lat'><strong>,</strong></span> <span class='ocrx_word' id='word_1_425' title='bbox 1816 4178 2023 4218; x_wconf 89' lang='lat' dir='ltr'><strong>necnon</strong></span> <span class='ocrx_word' id='word_1_426' title='bbox 2122 4161 2402 4231; x_wconf 89' lang='lat' dir='ltr'><strong>quemdam</strong></span> <span class='ocrx_word' id='word_1_427' title='bbox 2436 4160 2683 4215; x_wconf 87' lang='lat' dir='ltr'><strong>videlicet</strong></span> <span class='ocrx_word' id='word_1_428' title='bbox 2712 4160 2969 4227; x_wconf 87' lang='lat' dir='ltr'><strong>Marcum,</strong></span> <span class='ocrx_word' id='word_1_429' title='bbox 3001 4167 3095 4234; x_wconf 91' lang='lat' dir='ltr'><strong>qui</strong></span> <span class='ocrx_word' id='word_1_430' title='bbox 3125 4173 3324 4226; x_wconf 86' lang='lat' dir='ltr'><strong>carnis</strong></span> <span class='ocrx_word' id='word_1_431' title='bbox 3344 4176 3586 4245; x_wconf 82' lang='lat' dir='ltr'><strong>negabat</strong></span> <span class='ocrx_word' id='word_1_432' title='bbox 3610 4190 3694 4231; x_wconf 72' lang='lat' dir='ltr'><strong>re-</strong></span> 
     </span>
    </p>
   </div>
   <div class='ocr_carea' id='block_1_49' title="bbox 506 4251 3689 4335">
    <p class='ocr_par' dir='ltr' id='par_1_49' title="bbox 506 4251 3689 4335">
     <span class='ocr_line' id='line_1_54' title="bbox 506 4251 3689 4335; baseline 0.001 -18"><span class='ocrx_word' id='word_1_433' title='bbox 506 4264 857 4335; x_wconf 84' lang='lat' dir='ltr'><strong>Epiphanius.</strong></span> <span class='ocrx_word' id='word_1_434' title='bbox 886 4257 1212 4328; x_wconf 76' lang='lat' dir='ltr'><strong>Augustinus</strong></span> <span class='ocrx_word' id='word_1_435' title='bbox 1230 4295 1246 4321; x_wconf 93' lang='lat'><strong>,</strong></span> <span class='ocrx_word' id='word_1_436' title='bbox 1269 4254 1492 4324; x_wconf 87' lang='lat' dir='ltr'><strong>Optatus</strong></span> <span class='ocrx_word' id='word_1_437' title='bbox 1510 4294 1527 4317; x_wconf 93' lang='lat'><strong>,</strong></span> <span class='ocrx_word' id='word_1_438' title='bbox 1561 4253 1820 4308; x_wconf 88' lang='lat' dir='ltr'><strong>Eusebius</strong></span> <span class='ocrx_word' id='word_1_439' title='bbox 1841 4291 1855 4316; x_wconf 91' lang='lat'><strong>,</strong></span> <span class='ocrx_word' id='word_1_440' title='bbox 1890 4252 2025 4306; x_wconf 86' lang='lat' dir='ltr'><strong>scri-</strong></span> <span class='ocrx_word' id='word_1_441' title='bbox 2125 4252 2537 4315; x_wconf 87' lang='lat' dir='ltr'><strong>surrectionem,</strong></span> <span class='ocrx_word' id='word_1_442' title='bbox 2567 4251 2793 4320; x_wconf 91' lang='lat' dir='ltr'><strong>ideoque</strong></span> <span class='ocrx_word' id='word_1_443' title='bbox 2825 4253 3103 4310; x_wconf 87' lang='lat' dir='ltr'><strong>Christum</strong></span> <span class='ocrx_word' id='word_1_444' title='bbox 3131 4274 3249 4315; x_wconf 90' lang='lat' dir='ltr'><strong>non</strong></span> <span class='ocrx_word' id='word_1_445' title='bbox 3282 4278 3417 4321; x_wconf 87' lang='lat' dir='ltr'><strong>vere</strong></span> <span class='ocrx_word' id='word_1_446' title='bbox 3445 4280 3689 4334; x_wconf 87' lang='lat' dir='ltr'><strong>passum.</strong></span> 
     </span>
    </p>
   </div>
   <div class='ocr_carea' id='block_1_50' title="bbox 507 4341 3694 4427">
    <p class='ocr_par' dir='ltr' id='par_1_50' title="bbox 507 4341 3694 4427">
     <span class='ocr_line' id='line_1_55' title="bbox 507 4341 3694 4427; baseline -0 -19"><span class='ocrx_word' id='word_1_447' title='bbox 507 4364 631 4427; x_wconf 89' lang='lat' dir='ltr'><strong>ptor</strong></span> <span class='ocrx_word' id='word_1_448' title='bbox 683 4350 941 4422; x_wconf 87' lang='lat' dir='ltr'><strong>poematis</strong></span> <span class='ocrx_word' id='word_1_449' title='bbox 993 4346 1249 4400; x_wconf 84' lang='lat' dir='ltr'><strong>adversus</strong></span> <span class='ocrx_word' id='word_1_450' title='bbox 1309 4344 1651 4405; x_wconf 85' lang='lat' dir='ltr'><strong>Marcionem,</strong></span> <span class='ocrx_word' id='word_1_451' title='bbox 1697 4342 2027 4396; x_wconf 89' lang='lat' dir='ltr'><strong>Tertulliano</strong></span> <span class='ocrx_word' id='word_1_452' title='bbox 2125 4341 2219 4398; x_wconf 88' lang='lat' dir='ltr'><strong>sed</strong></span> <span class='ocrx_word' id='word_1_453' title='bbox 2248 4341 2504 4410; x_wconf 88' lang='lat' dir='ltr'><strong>putative,</strong></span> <span class='ocrx_word' id='word_1_454' title='bbox 2536 4342 2831 4395; x_wconf 87' lang='lat' dir='ltr'><strong>conabatur</strong></span> <span class='ocrx_word' id='word_1_455' title='bbox 2866 4352 3113 4400; x_wconf 86' lang='lat' dir='ltr'><strong>astruere</strong></span> <span class='ocrx_word' id='word_1_456' title='bbox 3137 4386 3154 4413; x_wconf 87' lang='lat'><strong>,</strong></span> <span class='ocrx_word' id='word_1_457' title='bbox 3187 4363 3221 4401; x_wconf 89' lang='lat' dir='ltr'><strong>a</strong></span> <span class='ocrx_word' id='word_1_458' title='bbox 3262 4351 3561 4409; x_wconf 87' lang='lat' dir='ltr'><strong>Clemente</strong></span> <span class='ocrx_word' id='word_1_459' title='bbox 3588 4354 3694 4408; x_wconf 83' lang='lat' dir='ltr'><strong>Ro-</strong></span> 
     </span>
    </p>
   </div>
   <div class='ocr_carea' id='block_1_51' title="bbox 508 4417 3691 4515">
    <p class='ocr_par' dir='ltr' id='par_1_51' title="bbox 508 4417 3691 4515">
     <span class='ocr_line' id='line_1_56' title="bbox 508 4417 3691 4515; baseline -0.002 -16"><span class='ocrx_word' id='word_1_460' title='bbox 508 4446 635 4499; x_wconf 90' lang='lat' dir='ltr'><strong>olim</strong></span> <span class='ocrx_word' id='word_1_461' title='bbox 687 4434 1230 4503; x_wconf 74' lang='lat' dir='ltr'><strong>tributi,etlrena:us,</strong></span> <span class='ocrx_word' id='word_1_462' title='bbox 1267 4434 1406 4487; x_wconf 88' lang='lat' dir='ltr'><strong>sicut</strong></span> <span class='ocrx_word' id='word_1_463' title='bbox 1448 4440 1501 4485; x_wconf 93' lang='lat' dir='ltr'><strong>et</strong></span> <span class='ocrx_word' id='word_1_464' title='bbox 1534 4439 1738 4485; x_wconf 88' lang='lat' dir='ltr'><strong>veteres</strong></span> <span class='ocrx_word' id='word_1_465' title='bbox 1763 4430 2027 4485; x_wconf 56' lang='lat' dir='ltr'><strong>Romano.</strong></span> <span class='ocrx_word' id='word_1_466' title='bbox 2125 4450 2286 4490; x_wconf 88' lang='lat' dir='ltr'><strong>mano</strong></span> <span class='ocrx_word' id='word_1_467' title='bbox 2313 4434 2565 4503; x_wconf 88' lang='lat' dir='ltr'><strong>episcopo</strong></span> <span class='ocrx_word' id='word_1_468' title='bbox 2593 4440 2653 4486; x_wconf 89' lang='lat' dir='ltr'><strong>ut</strong></span> <span class='ocrx_word' id='word_1_469' title='bbox 2681 4432 3001 4502; x_wconf 89' lang='lat' dir='ltr'><strong>dignissimo</strong></span> <span class='ocrx_word' id='word_1_470' title='bbox 3037 4417 3256 4494; x_wconf 73' lang='lat' dir='ltr'><strong>Christi</strong></span> <span class='ocrx_word' id='word_1_471' title='bbox 3290 4454 3543 4515; x_wconf 88' lang='lat' dir='ltr'><strong>martyre</strong></span> <span class='ocrx_word' id='word_1_472' title='bbox 3572 4446 3691 4501; x_wconf 79' lang='lat' dir='ltr'><strong>ﬁxis</strong></span> 
     </span>
    </p>
   </div>
   <div class='ocr_carea' id='block_1_52' title="bbox 508 4519 3693 4604">
    <p class='ocr_par' dir='ltr' id='par_1_52' title="bbox 508 4519 3693 4604">
     <span class='ocr_line' id='line_1_57' title="bbox 508 4519 3693 4604; baseline -0 -17"><span class='ocrx_word' id='word_1_473' title='bbox 508 4548 627 4587; x_wconf 89' lang='lat' dir='ltr'><strong>rum</strong></span> <span class='ocrx_word' id='word_1_474' title='bbox 654 4527 959 4601; x_wconf 80' lang='lat' dir='ltr'><strong>pontiﬁcum</strong></span> <span class='ocrx_word' id='word_1_475' title='bbox 988 4523 1235 4593; x_wconf 89' lang='lat' dir='ltr'><strong>catalogi,</strong></span> <span class='ocrx_word' id='word_1_476' title='bbox 1254 4522 1552 4591; x_wconf 77' lang='lat' dir='ltr'><strong>proximum</strong></span> <span class='ocrx_word' id='word_1_477' title='bbox 1578 4519 1721 4573; x_wconf 87' lang='lat' dir='ltr'><strong>Petri</strong></span> <span class='ocrx_word' id='word_1_478' title='bbox 1748 4535 2029 4575; x_wconf 82' lang='lat' dir='ltr'><strong>successo-</strong></span> <span class='ocrx_word' id='word_1_479' title='bbox 2126 4532 2180 4578; x_wconf 88' lang='lat' dir='ltr'><strong>et</strong></span> <span class='ocrx_word' id='word_1_480' title='bbox 2200 4523 2422 4592; x_wconf 79' lang='lat' dir='ltr'><strong>integris</strong></span> <span class='ocrx_word' id='word_1_481' title='bbox 2442 4523 2832 4578; x_wconf 89' lang='lat' dir='ltr'><strong>assertionibus</strong></span> <span class='ocrx_word' id='word_1_482' title='bbox 2857 4523 3221 4592; x_wconf 82' lang='lat' dir='ltr'><strong>confutatam,</strong></span> <span class='ocrx_word' id='word_1_483' title='bbox 3251 4539 3313 4584; x_wconf 90' lang='lat' dir='ltr'><strong>et</strong></span> <span class='ocrx_word' id='word_1_484' title='bbox 3328 4547 3520 4587; x_wconf 91' lang='lat' dir='ltr'><strong>coram</strong></span> <span class='ocrx_word' id='word_1_485' title='bbox 3540 4535 3693 4604; x_wconf 84' lang='lat' dir='ltr'><strong>plebe</strong></span> 
     </span>
    </p>
   </div>
   <div class='ocr_carea' id='block_1_53' title="bbox 510 4608 3689 4691">
    <p class='ocr_par' dir='ltr' id='par_1_53' title="bbox 510 4608 3689 4691">
     <span class='ocr_line' id='line_1_58' title="bbox 510 4608 3689 4691; baseline -0.002 -14"><span class='ocrx_word' id='word_1_486' title='bbox 510 4638 622 4677; x_wconf 88' lang='lat' dir='ltr'><strong>rem</strong></span> <span class='ocrx_word' id='word_1_487' title='bbox 641 4635 748 4674; x_wconf 90' lang='lat' dir='ltr'><strong>non</strong></span> <span class='ocrx_word' id='word_1_488' title='bbox 780 4618 1102 4673; x_wconf 88' lang='lat' dir='ltr'><strong>Clementem</strong></span> <span class='ocrx_word' id='word_1_489' title='bbox 1122 4652 1137 4677; x_wconf 95' lang='lat'><strong>,</strong></span> <span class='ocrx_word' id='word_1_490' title='bbox 1171 4613 1263 4667; x_wconf 86' lang='lat' dir='ltr'><strong>sed</strong></span> <span class='ocrx_word' id='word_1_491' title='bbox 1290 4611 1480 4665; x_wconf 88' lang='lat' dir='ltr'><strong>Linum</strong></span> <span class='ocrx_word' id='word_1_492' title='bbox 1508 4609 1809 4679; x_wconf 83' lang='lat' dir='ltr'><strong>designant.</strong></span> <span class='ocrx_word' id='word_1_493' title='bbox 1838 4608 1914 4664; x_wconf 87' lang='lat' dir='ltr'><strong>Ita</strong></span> <span class='ocrx_word' id='word_1_494' title='bbox 1942 4611 2030 4666; x_wconf 90' lang='lat' dir='ltr'><strong>ille</strong></span> <span class='ocrx_word' id='word_1_495' title='bbox 2128 4613 2182 4667; x_wconf 92' lang='lat' dir='ltr'><strong>in</strong></span> <span class='ocrx_word' id='word_1_496' title='bbox 2206 4611 2435 4666; x_wconf 89' lang='lat' dir='ltr'><strong>ecclesia</strong></span> <span class='ocrx_word' id='word_1_497' title='bbox 2461 4610 2728 4665; x_wconf 88' lang='lat' dir='ltr'><strong>detectum</strong></span> <span class='ocrx_word' id='word_1_498' title='bbox 2747 4650 2762 4675; x_wconf 91' lang='lat'><strong>,</strong></span> <span class='ocrx_word' id='word_1_499' title='bbox 2808 4621 3009 4667; x_wconf 59' lang='lat' dir='ltr'><strong>asterna</strong></span> <span class='ocrx_word' id='word_1_500' title='bbox 3036 4614 3399 4675; x_wconf 88' lang='lat' dir='ltr'><strong>damnatione</strong></span> <span class='ocrx_word' id='word_1_501' title='bbox 3438 4624 3689 4691; x_wconf 87' lang='lat' dir='ltr'><strong>punitum</strong></span> 
     </span>
    </p>
   </div>
   <div class='ocr_carea' id='block_1_54' title="bbox 512 4700 3687 4781">
    <p class='ocr_par' dir='ltr' id='par_1_54' title="bbox 512 4700 3687 4781">
     <span class='ocr_line' id='line_1_59' title="bbox 512 4700 3687 4781; baseline 0 -14"><span class='ocrx_word' id='word_1_502' title='bbox 512 4711 733 4781; x_wconf 77' lang='lat' dir='ltr'><strong>intelligi</strong></span> <span class='ocrx_word' id='word_1_503' title='bbox 761 4717 936 4780; x_wconf 86' lang='lat' dir='ltr'><strong>potest</strong></span> <span class='ocrx_word' id='word_1_504' title='bbox 961 4725 992 4761; x_wconf 86' lang='lat' dir='ltr'><strong>a</strong></span> <span class='ocrx_word' id='word_1_505' title='bbox 1019 4706 1177 4760; x_wconf 90' lang='lat' dir='ltr'><strong>Petro</strong></span> <span class='ocrx_word' id='word_1_506' title='bbox 1199 4703 1479 4759; x_wconf 85' lang='lat' dir='ltr'><strong>ordinatus</strong></span> <span class='ocrx_word' id='word_1_507' title='bbox 1504 4702 1784 4769; x_wconf 88' lang='lat' dir='ltr'><strong>episcopus</strong></span> <span class='ocrx_word' id='word_1_508' title='bbox 1825 4701 1891 4755; x_wconf 91' lang='lat' dir='ltr'><strong>ad</strong></span> <span class='ocrx_word' id='word_1_509' title='bbox 1918 4704 2032 4771; x_wconf 86' lang='lat' dir='ltr'><strong>epi-</strong></span> <span class='ocrx_word' id='word_1_510' title='bbox 2130 4703 2319 4757; x_wconf 89' lang='lat' dir='ltr'><strong>fuisse.</strong></span> <span class='ocrx_word' id='word_1_511' title='bbox 2350 4700 2480 4755; x_wconf 84' lang='lat' dir='ltr'><strong>Nam</strong></span> <span class='ocrx_word' id='word_1_512' title='bbox 2500 4709 2553 4755; x_wconf 91' lang='lat' dir='ltr'><strong>et</strong></span> <span class='ocrx_word' id='word_1_513' title='bbox 2567 4700 2797 4757; x_wconf 74' lang='lat' dir='ltr'><strong>lrenasus</strong></span> <span class='ocrx_word' id='word_1_514' title='bbox 2819 4702 2914 4758; x_wconf 91' lang='lat' dir='ltr'><strong>lib.</strong></span> <span class='ocrx_word' id='word_1_515' title='bbox 2936 4718 2974 4768; x_wconf 87' lang='grc' dir='ltr'><strong>ι,</strong></span> <span class='ocrx_word' id='word_1_516' title='bbox 2998 4717 3047 4757; x_wconf 93' lang='lat' dir='ltr'><strong>c.</strong></span> <span class='ocrx_word' id='word_1_517' title='bbox 3068 4703 3122 4766; x_wconf 90' lang='lat'><strong>9,</strong></span> <span class='ocrx_word' id='word_1_518' title='bbox 3141 4705 3296 4760; x_wconf 87' lang='lat' dir='ltr'><strong>circa</strong></span> <span class='ocrx_word' id='word_1_519' title='bbox 3328 4724 3539 4765; x_wconf 90' lang='lat' dir='ltr'><strong>annum</strong></span> <span class='ocrx_word' id='word_1_520' title='bbox 3565 4714 3687 4775; x_wconf 73' lang='grc'><strong>180.</strong></span> 
     </span>
    </p>
   </div>
   <div class='ocr_carea' id='block_1_55' title="bbox 513 4789 3690 4869">
    <p class='ocr_par' dir='ltr' id='par_1_55' title="bbox 513 4789 3690 4869">
     <span class='ocr_line' id='line_1_60' title="bbox 513 4789 3690 4869; baseline -0.002 -14"><span class='ocrx_word' id='word_1_521' title='bbox 513 4800 779 4869; x_wconf 78' lang='lat' dir='ltr'><strong>scopalia,</strong></span> <span class='ocrx_word' id='word_1_522' title='bbox 810 4814 904 4854; x_wconf 88' lang='lat' dir='ltr'><strong>seu</strong></span> <span class='ocrx_word' id='word_1_523' title='bbox 941 4793 1236 4866; x_wconf 86' lang='lat' dir='ltr'><strong>apostolica</strong></span> <span class='ocrx_word' id='word_1_524' title='bbox 1262 4792 1446 4846; x_wconf 87' lang='lat' dir='ltr'><strong>munia</strong></span> <span class='ocrx_word' id='word_1_525' title='bbox 1485 4790 1729 4845; x_wconf 87' lang='lat' dir='ltr'><strong>obeunda</strong></span> <span class='ocrx_word' id='word_1_526' title='bbox 1749 4828 1766 4854; x_wconf 89' lang='lat'><strong>,</strong></span> <span class='ocrx_word' id='word_1_527' title='bbox 1798 4800 1855 4844; x_wconf 92' lang='lat' dir='ltr'><strong>ut</strong></span> <span class='ocrx_word' id='word_1_528' title='bbox 1897 4793 2029 4846; x_wconf 91' lang='lat' dir='ltr'><strong>nulli</strong></span> <span class='ocrx_word' id='word_1_529' title='bbox 2061 4855 2100 4869; x_wconf 38' lang='lat' dir='ltr'><strong>ﬁ</strong></span> <span class='ocrx_word' id='word_1_530' title='bbox 2132 4800 2224 4846; x_wconf 87' lang='lat' dir='ltr'><strong>aut</strong></span> <span class='ocrx_word' id='word_1_531' title='bbox 2251 4790 2413 4845; x_wconf 90' lang='lat' dir='ltr'><strong>etiam</strong></span> <span class='ocrx_word' id='word_1_532' title='bbox 2447 4790 2568 4854; x_wconf 80' lang='grc'><strong>190,</strong></span> <span class='ocrx_word' id='word_1_533' title='bbox 2609 4789 2772 4844; x_wconf 84' lang='lat' dir='ltr'><strong>Marci</strong></span> <span class='ocrx_word' id='word_1_534' title='bbox 2810 4802 3106 4846; x_wconf 82' lang='lat' dir='ltr'><strong>commenta</strong></span> <span class='ocrx_word' id='word_1_535' title='bbox 3145 4795 3453 4853; x_wconf 87' lang='lat' dir='ltr'><strong>confutans</strong></span> <span class='ocrx_word' id='word_1_536' title='bbox 3473 4840 3490 4864; x_wconf 92' lang='lat'><strong>,</strong></span> <span class='ocrx_word' id='word_1_537' title='bbox 3519 4802 3593 4858; x_wconf 81' lang='lat' dir='ltr'><strong>de</strong></span> <span class='ocrx_word' id='word_1_538' title='bbox 3625 4817 3690 4858; x_wconf 79' lang='lat' dir='ltr'><strong>eo</strong></span> 
     </span>
    </p>
   </div>
   <div class='ocr_carea' id='block_1_56' title="bbox 513 4855 3645 4951">
    <p class='ocr_par' dir='ltr' id='par_1_56' title="bbox 513 4855 3645 4951">
     <span class='ocr_line' id='line_1_61' title="bbox 513 4855 3645 4951; baseline -0.001 -11"><span class='ocrx_word' id='word_1_539' title='bbox 513 4895 627 4940; x_wconf 88' lang='lat' dir='ltr'><strong>tum</strong></span> <span class='ocrx_word' id='word_1_540' title='bbox 654 4887 890 4941; x_wconf 73' lang='lat' dir='ltr'><strong>ecclesiae</strong></span> <span class='ocrx_word' id='word_1_541' title='bbox 913 4891 1057 4939; x_wconf 85' lang='lat' dir='ltr'><strong>esset</strong></span> <span class='ocrx_word' id='word_1_542' title='bbox 1085 4882 1351 4951; x_wconf 88' lang='lat' dir='ltr'><strong>alligatus,</strong></span> <span class='ocrx_word' id='word_1_543' title='bbox 1383 4879 1478 4934; x_wconf 89' lang='lat' dir='ltr'><strong>sed</strong></span> <span class='ocrx_word' id='word_1_544' title='bbox 1514 4887 1636 4950; x_wconf 89' lang='lat' dir='ltr'><strong>post</strong></span> <span class='ocrx_word' id='word_1_545' title='bbox 1662 4887 1884 4933; x_wconf 86' lang='lat' dir='ltr'><strong>mortem</strong></span> <span class='ocrx_word' id='word_1_546' title='bbox 1910 4879 2029 4934; x_wconf 91' lang='lat' dir='ltr'><strong>Lini</strong></span> <span class='ocrx_word' id='word_1_547' title='bbox 2061 4855 2104 4909; x_wconf 70' lang='grc' dir='ltr'>θ</span> <span class='ocrx_word' id='word_1_548' title='bbox 2133 4892 2192 4936; x_wconf 92' lang='lat' dir='ltr'><strong>ut</strong></span> <span class='ocrx_word' id='word_1_549' title='bbox 2223 4882 2401 4935; x_wconf 91' lang='lat' dir='ltr'><strong>adhuc</strong></span> <span class='ocrx_word' id='word_1_550' title='bbox 2441 4883 2729 4950; x_wconf 90' lang='lat' dir='ltr'><strong>superstite</strong></span> <span class='ocrx_word' id='word_1_551' title='bbox 2762 4874 3030 4951; x_wconf 72' lang='lat' dir='ltr'><strong>loquitur:</strong></span> <span class='ocrx_word' id='word_1_552' title='bbox 3059 4889 3112 4936; x_wconf 90' lang='lat' dir='ltr'><strong>et</strong></span> <span class='ocrx_word' id='word_1_553' title='bbox 3145 4881 3426 4943; x_wconf 82' lang='lat' dir='ltr'><strong>Eusebius</strong></span> <span class='ocrx_word' id='word_1_554' title='bbox 3458 4855 3645 4948; x_wconf 23' lang='lat' dir='ltr'><strong>tibi;</strong></span> 
     </span>
    </p>
   </div>
   <div class='ocr_carea' id='block_1_57' title="bbox 514 4933 3685 5041">
    <p class='ocr_par' dir='ltr' id='par_1_57' title="bbox 514 4933 3685 5041">
     <span class='ocr_line' id='line_1_62' title="bbox 514 4933 3685 5041; baseline 0.001 -13"><span class='ocrx_word' id='word_1_555' title='bbox 514 4982 568 5028; x_wconf 84' lang='lat' dir='ltr'><strong>et</strong></span> <span class='ocrx_word' id='word_1_556' title='bbox 589 4972 724 5027; x_wconf 89' lang='lat' dir='ltr'><strong>Cleti</strong></span> <span class='ocrx_word' id='word_1_557' title='bbox 752 4987 783 5024; x_wconf 87' lang='lat' dir='ltr'><strong>a</strong></span> <span class='ocrx_word' id='word_1_558' title='bbox 810 4971 1063 5026; x_wconf 80' lang='lat' dir='ltr'><strong>Romanis</strong></span> <span class='ocrx_word' id='word_1_559' title='bbox 1089 4972 1144 5025; x_wconf 90' lang='lat' dir='ltr'><strong>in</strong></span> <span class='ocrx_word' id='word_1_560' title='bbox 1170 4970 1478 5038; x_wconf 88' lang='lat' dir='ltr'><strong>episcopum</strong></span> <span class='ocrx_word' id='word_1_561' title='bbox 1508 4967 1783 5036; x_wconf 85' lang='lat' dir='ltr'><strong>proprium</strong></span> <span class='ocrx_word' id='word_1_562' title='bbox 1813 4978 2031 5039; x_wconf 90' lang='lat' dir='ltr'><strong>coopta-</strong></span> <span class='ocrx_word' id='word_1_563' title='bbox 2132 4987 2183 5026; x_wconf 90' lang='lat' dir='ltr'><strong>c.</strong></span> <span class='ocrx_word' id='word_1_564' title='bbox 2236 4971 2295 5025; x_wconf 77' lang='lat' dir='ltr'><strong>ll</strong></span> <span class='ocrx_word' id='word_1_565' title='bbox 2317 4989 2348 5035; x_wconf 60' lang='grc' dir='ltr'>,ο</span> <span class='ocrx_word' id='word_1_566' title='bbox 2372 4933 2654 5039; x_wconf 70' lang='lat' dir='ltr'><strong>postquam</strong></span> <span class='ocrx_word' id='word_1_567' title='bbox 2696 4933 3040 5026; x_wconf 64' lang='lat' dir='ltr'><strong>Valentinum</strong></span> <span class='ocrx_word' id='word_1_568' title='bbox 3067 4933 3685 5041; x_wconf 31' lang='lat' dir='ltr'><strong>valiosque—bmr‘etieo;</strong></span> 
     </span>
    </p>
   </div>
   <div class='ocr_carea' id='block_1_58' title="bbox 516 5058 3685 5131">
    <p class='ocr_par' dir='ltr' id='par_1_58' title="bbox 516 5058 3685 5131">
     <span class='ocr_line' id='line_1_63' title="bbox 516 5058 3685 5131; baseline 0.001 -14"><span class='ocrx_word' id='word_1_569' title='bbox 516 5073 603 5118; x_wconf 88' lang='lat' dir='ltr'><strong>tus</strong></span> <span class='ocrx_word' id='word_1_570' title='bbox 631 5062 808 5117; x_wconf 85' lang='lat' dir='ltr'><strong>fuerit.</strong></span> <span class='ocrx_word' id='word_1_571' title='bbox 834 5062 1111 5131; x_wconf 84' lang='lat' dir='ltr'><strong>Epiphanii</strong></span> <span class='ocrx_word' id='word_1_572' title='bbox 1129 5075 1191 5116; x_wconf 84' lang='lat' dir='ltr'><strong>ea</strong></span> <span class='ocrx_word' id='word_1_573' title='bbox 1215 5061 1281 5115; x_wconf 89' lang='lat' dir='ltr'><strong>de</strong></span> <span class='ocrx_word' id='word_1_574' title='bbox 1299 5075 1357 5114; x_wconf 89' lang='lat' dir='ltr'><strong>re</strong></span> <span class='ocrx_word' id='word_1_575' title='bbox 1383 5059 1742 5127; x_wconf 81' lang='lat' dir='ltr'><strong>conjecturam</strong></span> <span class='ocrx_word' id='word_1_576' title='bbox 1764 5058 2030 5127; x_wconf 85' lang='lat' dir='ltr'><strong>superius,</strong></span> <span class='ocrx_word' id='word_1_577' title='bbox 2132 5061 2338 5131; x_wconf 83' lang='lat' dir='ltr'><strong>Hygino</strong></span> <span class='ocrx_word' id='word_1_578' title='bbox 2376 5061 2622 5128; x_wconf 84' lang='lat' dir='ltr'><strong>pontifice</strong></span> <span class='ocrx_word' id='word_1_579' title='bbox 2651 5060 2872 5115; x_wconf 83' lang='lat' dir='ltr'><strong>Romam</strong></span> <span class='ocrx_word' id='word_1_580' title='bbox 2900 5060 3112 5114; x_wconf 86' lang='lat' dir='ltr'><strong>venisse</strong></span> <span class='ocrx_word' id='word_1_581' title='bbox 3130 5097 3146 5120; x_wconf 87' lang='lat'><strong>,</strong></span> <span class='ocrx_word' id='word_1_582' title='bbox 3178 5067 3350 5130; x_wconf 89' lang='lat' dir='ltr'><strong>atque</strong></span> <span class='ocrx_word' id='word_1_583' title='bbox 3381 5067 3453 5121; x_wconf 89' lang='lat' dir='ltr'><strong>ad</strong></span> <span class='ocrx_word' id='word_1_584' title='bbox 3484 5067 3685 5127; x_wconf 75' lang='lat' dir='ltr'><strong>Anice.</strong></span> 
     </span>
    </p>
   </div>
   <div class='ocr_carea' id='block_1_59' title="bbox 516 5146 3685 5227">
    <p class='ocr_par' dir='ltr' id='par_1_59' title="bbox 516 5146 3685 5227">
     <span class='ocr_line' id='line_1_64' title="bbox 516 5146 3685 5227; baseline -0.003 -22"><span class='ocrx_word' id='word_1_585' title='bbox 516 5151 610 5205; x_wconf 90' lang='lat' dir='ltr'><strong>ubi</strong></span> <span class='ocrx_word' id='word_1_586' title='bbox 636 5150 701 5203; x_wconf 91' lang='lat' dir='ltr'><strong>de</strong></span> <span class='ocrx_word' id='word_1_587' title='bbox 720 5148 856 5203; x_wconf 88' lang='lat' dir='ltr'><strong>Lino</strong></span> <span class='ocrx_word' id='word_1_588' title='bbox 882 5146 1446 5218; x_wconf 86' lang='lat' dir='ltr'><strong>disseruimus,relatis</strong></span> <span class='ocrx_word' id='word_1_589' title='bbox 1466 5146 1638 5216; x_wconf 88' lang='lat' dir='ltr'><strong>ipsius</strong></span> <span class='ocrx_word' id='word_1_590' title='bbox 1663 5146 1841 5201; x_wconf 91' lang='lat' dir='ltr'><strong>verbis</strong></span> <span class='ocrx_word' id='word_1_591' title='bbox 1869 5161 2033 5215; x_wconf 77' lang='lat' dir='ltr'><strong>expo—</strong></span> <span class='ocrx_word' id='word_1_592' title='bbox 2135 5158 2248 5203; x_wconf 90' lang='lat' dir='ltr'><strong>tum</strong></span> <span class='ocrx_word' id='word_1_593' title='bbox 2305 5164 2473 5217; x_wconf 92' lang='lat' dir='ltr'><strong>usque</strong></span> <span class='ocrx_word' id='word_1_594' title='bbox 2522 5150 2887 5218; x_wconf 87' lang='lat' dir='ltr'><strong>permansisse</strong></span> <span class='ocrx_word' id='word_1_595' title='bbox 2936 5148 3254 5213; x_wconf 84' lang='lat' dir='ltr'><strong>enarravit,</strong></span> <span class='ocrx_word' id='word_1_596' title='bbox 3316 5154 3577 5227; x_wconf 57' lang='lat' dir='ltr'><strong>adiungit</strong></span> <span class='ocrx_word' id='word_1_597' title='bbox 3632 5169 3685 5214; x_wconf 68' lang='grc' dir='ltr'>ει</span> 
     </span>
    </p>
   </div>
   <div class='ocr_carea' id='block_1_60' title="bbox 516 5237 3682 5312">
    <p class='ocr_par' dir='ltr' id='par_1_60' title="bbox 516 5237 3682 5312">
     <span class='ocr_line' id='line_1_65' title="bbox 516 5237 3682 5312; baseline 0.003 -19"><span class='ocrx_word' id='word_1_598' title='bbox 516 5241 748 5295; x_wconf 84' lang='lat' dir='ltr'><strong>suimus.</strong></span> <span class='ocrx_word' id='word_1_599' title='bbox 2137 5239 2279 5293; x_wconf 88' lang='lat' dir='ltr'><strong>hunc</strong></span> <span class='ocrx_word' id='word_1_600' title='bbox 2308 5237 2542 5292; x_wconf 81' lang='lat' dir='ltr'><strong>Marcum</strong></span> <span class='ocrx_word' id='word_1_601' title='bbox 2571 5238 2747 5294; x_wconf 83' lang='lat' dir='ltr'><strong>eodem</strong></span> <span class='ocrx_word' id='word_1_602' title='bbox 2793 5247 3012 5304; x_wconf 82' lang='lat' dir='ltr'><strong>tempore</strong></span> <span class='ocrx_word' id='word_1_603' title='bbox 3058 5238 3363 5299; x_wconf 75' lang='lat' dir='ltr'><strong>exstitisse.</strong></span> <span class='ocrx_word' id='word_1_604' title='bbox 3406 5245 3567 5312; x_wconf 84' lang='lat' dir='ltr'><strong>Quod</strong></span> <span class='ocrx_word' id='word_1_605' title='bbox 3598 5249 3682 5302; x_wconf 89' lang='lat' dir='ltr'><strong>in-</strong></span> 
     </span>
    </p>
   </div>
   <div class='ocr_carea' id='block_1_61' title="bbox 588 5322 3680 5426">
    <p class='ocr_par' dir='ltr' id='par_1_61' title="bbox 588 5322 3680 5426">
     <span class='ocr_line' id='line_1_66' title="bbox 588 5322 3680 5426; baseline 0.002 -43"><span class='ocrx_word' id='word_1_606' title='bbox 588 5328 641 5426; x_wconf 74' lang='lat'><strong>2.</strong></span> <span class='ocrx_word' id='word_1_607' title='bbox 668 5327 825 5381; x_wconf 81' lang='lat' dir='ltr'><strong>Anno</strong></span> <span class='ocrx_word' id='word_1_608' title='bbox 842 5325 1152 5426; x_wconf 42' lang='grc' dir='ltr'><strong>φάεα-οι,</strong></span> <span class='ocrx_word' id='word_1_609' title='bbox 1182 5328 1424 5384; x_wconf 86' lang='lat' dir='ltr'><strong>Clemens</strong></span> <span class='ocrx_word' id='word_1_610' title='bbox 1448 5326 1506 5426; x_wconf 66' lang='lat' dir='ltr'><strong>in</strong></span> <span class='ocrx_word' id='word_1_611' title='bbox 1533 5324 1673 5426; x_wconf 76' lang='lat' dir='ltr'><strong>Cleti</strong></span> <span class='ocrx_word' id='word_1_612' title='bbox 1700 5323 1878 5426; x_wconf 67' lang='lat' dir='ltr'><strong>locum</strong></span> <span class='ocrx_word' id='word_1_613' title='bbox 1909 5322 2033 5422; x_wconf 72' lang='lat' dir='ltr'><strong>suf-</strong></span> <span class='ocrx_word' id='word_1_614' title='bbox 2134 5327 2277 5426; x_wconf 69' lang='lat' dir='ltr'><strong>dicio</strong></span> <span class='ocrx_word' id='word_1_615' title='bbox 2322 5334 2406 5426; x_wconf 75' lang='lat' dir='ltr'><strong>est</strong></span> <span class='ocrx_word' id='word_1_616' title='bbox 2448 5327 2592 5382; x_wconf 88' lang='lat' dir='ltr'><strong>hunc</strong></span> <span class='ocrx_word' id='word_1_617' title='bbox 2647 5327 2956 5384; x_wconf 56' lang='lat' dir='ltr'><strong>haereticum</strong></span> <span class='ocrx_word' id='word_1_618' title='bbox 3023 5337 3151 5384; x_wconf 86' lang='lat' dir='ltr'><strong>ante</strong></span> <span class='ocrx_word' id='word_1_619' title='bbox 3188 5328 3391 5402; x_wconf 76' lang='lat' dir='ltr'><strong>Hygini</strong></span> <span class='ocrx_word' id='word_1_620' title='bbox 3430 5343 3680 5409; x_wconf 82' lang='lat' dir='ltr'><strong>tempora</strong></span> 
     </span>
    </p>
   </div>
   <div class='ocr_carea' id='block_1_62' title="bbox 519 5411 2583 5488">
    <p class='ocr_par' dir='ltr' id='par_1_62' title="bbox 519 5411 2583 5488">
     <span class='ocr_line' id='line_1_67' title="bbox 519 5411 2583 5488; baseline 0 -17"><span class='ocrx_word' id='word_1_621' title='bbox 519 5417 691 5471; x_wconf 87' lang='lat' dir='ltr'><strong>fectus</strong></span> <span class='ocrx_word' id='word_1_622' title='bbox 731 5415 985 5468; x_wconf 88' lang='lat' dir='ltr'><strong>creditur.</strong></span> <span class='ocrx_word' id='word_1_623' title='bbox 1034 5413 1324 5471; x_wconf 85' lang='lat' dir='ltr'><strong>Romanam</strong></span> <span class='ocrx_word' id='word_1_624' title='bbox 1373 5417 1553 5474; x_wconf 90' lang='lat' dir='ltr'><strong>sedem</strong></span> <span class='ocrx_word' id='word_1_625' title='bbox 1598 5414 1651 5467; x_wconf 91' lang='lat' dir='ltr'><strong>in</strong></span> <span class='ocrx_word' id='word_1_626' title='bbox 1700 5411 2034 5465; x_wconf 88' lang='lat' dir='ltr'><strong>Bucheriano</strong></span> <span class='ocrx_word' id='word_1_627' title='bbox 2134 5414 2300 5473; x_wconf 77' lang='lat' dir='ltr'><strong>fuisse</strong></span> <span class='ocrx_word' id='word_1_628' title='bbox 2328 5415 2583 5488; x_wconf 82' lang='lat' dir='ltr'><strong>ignotum.</strong></span> 
     </span>
    </p>
   </div>
   <div class='ocr_carea' id='block_1_63' title="bbox 517 5499 2029 5572">
    <p class='ocr_par' dir='ltr' id='par_1_63' title="bbox 517 5499 2029 5572">
     <span class='ocr_line' id='line_1_68' title="bbox 517 5499 2029 5572; baseline -0.003 -17"><span class='ocrx_word' id='word_1_629' title='bbox 517 5504 734 5568; x_wconf 85' lang='lat' dir='ltr'><strong>quidem</strong></span> <span class='ocrx_word' id='word_1_630' title='bbox 762 5502 1000 5572; x_wconf 85' lang='lat' dir='ltr'><strong>catalogo</strong></span> <span class='ocrx_word' id='word_1_631' title='bbox 1022 5505 1175 5558; x_wconf 89' lang='lat' dir='ltr'><strong>annis</strong></span> <span class='ocrx_word' id='word_1_632' title='bbox 1198 5521 1270 5567; x_wconf 77' lang='lat' dir='ltr'><strong>Ix,</strong></span> <span class='ocrx_word' id='word_1_633' title='bbox 1309 5506 1583 5562; x_wconf 85' lang='lat' dir='ltr'><strong>mensibus</strong></span> <span class='ocrx_word' id='word_1_634' title='bbox 1606 5518 1680 5567; x_wconf 76' lang='grc' dir='ltr'><strong>ιι,</strong></span> <span class='ocrx_word' id='word_1_635' title='bbox 1711 5499 1899 5555; x_wconf 86' lang='lat' dir='ltr'><strong>diebus</strong></span> <span class='ocrx_word' id='word_1_636' title='bbox 1929 5512 2029 5565; x_wconf 78' lang='lat' dir='ltr'><strong>xu,</strong></span> 
     </span>
    </p>
   </div>
  </div>
