3870 6354
191 256 252 315 Π
454 279 462 286 δ
1427 251 1764 309 ΡῐὶοίΕΜΙΑ

1853 252 2190 309 ARIORUM.
3363 264 3429 318 78

1068 432 1532 494 ADMONlTlO
1588 434 1671 493 IN
1726 429 2181 491 EPISTOLAM
2248 431 2590 493 PRIMAM.

256 570 295 629 1.
314 570 516 641 Elapso
547 569 759 625 saeculo
789 568 1019 641 Cyrillus
1038 569 1267 625 Lucaris
1286 570 1521 640 primum
1538 570 1770 624 Alexan-
1798 576 1842 632 Α
1869 569 2071 626 tentias
2110 571 2256 642 apud
2303 572 2637 628 Clementem
2682 573 2837 631 Alex.
2872 577 2968 633 lib.
3014 594 3098 645 tv,
3130 595 3251 652 pag.
3286 582 3391 638 516
3412 628 3428 650 ,

192 663 394 726 driuus,
427 678 494 717 ac
536 661 737 718 deinde
783 663 1416 732 Constantinopolitanus
1456 661 1764 733 patriarcha

190 750 380 806 Carolo
417 750 462 813 1,
496 751 805 821 Anglorum
830 751 962 820 regi,
1018 750 1286 820 insignem
1312 753 1457 807 dono
1490 752 1638 805 misit
1666 766 1762 805 co-

190 842 359 895 dicem
410 840 876 905 Alexandrinum,
925 842 1314 911 grandioribus
1353 842 1550 897 litteris
1597 856 1762 894 manu

191 934 401 987 Thecla:
448 934 653 989 nobilis
708 933 919 988 femina:
962 933 1273 1007 Egyptize,
1340 935 1489 989 circa
1558 935 1763 995 Nicaeni

192 1023 211 1077 l
247 1026 495 1088 concilii,
524 1033 585 1079 ut
615 1024 811 1088 fertur,
843 1036 1082 1094 tempora
1105 1037 1407 1089 exaratum,
1446 1027 1499 1081 in
1525 1043 1632 1097 quo
1661 1028 1765 1084 Vc.

189 1118 320 1173 teris
353 1125 409 1172 et
440 1116 576 1171 Novi
617 1116 953 1173 Testamenti
985 1118 1138 1172 libris
1167 1118 1287 1172 duae
1324 1119 1622 1176 Clementis
1648 1122 1764 1192 epi-

188 1206 339 1261 stola:
354 1206 749 1275 subjiciuntur.
770 1206 970 1261 Harum
996 1207 1167 1277 prima
1192 1207 1344 1263 valde
1372 1210 1602 1264 celebris
1619 1210 1761 1280 apud

190 1306 400 1351 veteres
435 1296 559 1351 fuit.
593 1295 748 1351 Hanc
778 1297 972 1367 quippe
1014 1298 1237 1352 laudant
1277 1298 1510 1354 lrenazus
1545 1301 1638 1357 lib.
1674 1317 1758 1367 ιιι,

191 1403 241 1441 c.
266 1388 333 1453 5;
364 1395 421 1442 et
462 1388 605 1457 apud
644 1386 935 1443 Eusebium
984 1387 1076 1443 lib.
1102 1405 1155 1452 ν,
1175 1405 1225 1445 c.
1254 1390 1307 1453 6,
1347 1390 1601 1447 Clemens
1621 1392 1761 1447 'Ale-

192 1478 498 1533 xandrinus
528 1476 856 1534 Stromatum
894 1480 987 1534 lib.
1024 1494 1062 1547 ι,
1098 1497 1173 1544 ιν,
1217 1497 1248 1535 v
1274 1491 1327 1536 et
1376 1497 1463 1549 v1;
1496 1483 1757 1554 Origenes

191 1568 284 1623 lib.
327 1585 368 1623 ιι
412 1568 493 1623 De
511 1563 807 1637 principiis,
834 1585 954 1639 cap.
988 1571 1042 1634 5,
1073 1580 1127 1625 et
1164 1570 1217 1624 in
1248 1569 1408 1627 Joan.
1440 1587 1480 1637 ι,
1520 1572 1625 1640 29;
1659 1573 1759 1630 He-

190 1661 446 1732 gesippus
479 1662 620 1731 apud
653 1660 945 1716 Eusebium
986 1661 1080 1716 lib.
1125 1678 1178 1716 IV
1203 1703 1217 1726 ,
1257 1676 1307 1717 c.
1348 1663 1420 1717 22
1446 1682 1461 1731 ;
1488 1663 1755 1722 Eusebius

190 1751 305 1822 ipse
325 1754 421 1807 lib.
454 1768 517 1806 ιιι
558 1751 705 1808 Hist.
750 1750 969 1817 eccl.,c.
999 1751 1099 1819 16;
1130 1752 1367 1822 scriptor
1387 1755 1753 1824 quaastionum

190 1845 388 1903 Justini
419 1848 643 1903 nomine
666 1847 1027 1917 vulgatarum,
1050 1862 1101 1903 c.
1132 1847 1227 1914 74;
1256 1846 1592 1917 Epiphanius
1620 1848 1751 1907 haer.

1864 663 2213 730 paucioribus
2244 665 2583 733 perstrictas,
2610 674 2662 719 et
2687 676 2879 722 contra
2901 685 3024 741 pag.
3055 673 3158 727 517
3183 675 3430 743 pluribus

1863 752 2159 819 explicatas
2179 752 2451 807 oll’endant
2469 794 2485 818 ,
2518 756 2801 825 epistolam
2829 759 2967 815 banc
2992 777 3099 816 non
3130 764 3426 824 sinceram.

1864 840 1959 895 sed
1989 841 2110 897 aliis
2142 841 2277 898 locis
2320 853 2629 900 truncatam
2675 856 2728 902 et
2772 850 2895 905 aliis
2938 852 3317 924 interpolatam
3360 857 3430 913 ad

1863 944 1965 985 nos
1994 934 2306 1000 pervenisse
2336 938 2703 1005 suspicentur.
2740 936 2843 994 Sed
2872 941 3166 1001 Clementis
3195 946 3429 1005 Romani

1862 1019 2286 1076 Alexandrinum
2336 1023 2776 1094 interpolatorem
2824 1044 2947 1085 esse
2998 1048 3109 1087 non
3157 1037 3425 1108 ambiget,

1862 1105 1957 1175 qui
1999 1108 2162 1161 verba
2196 1108 2381 1164 addita
2411 1112 2477 1165 ad
2508 1114 2815 1169 institutum
2849 1118 3022 1188 ipsius
3051 1105 3425 1194 Alexandrini,

1862 1215 1971 1269 quo
1993 1201 2061 1257 de
2088 1201 2257 1261 Gnosi
2287 1215 2529 1263 tractare
2560 1210 2662 1264 sibi
2700 1227 3077 1283 preposuerat,
3120 1237 3431 1280 accommo-

1862 1291 1988 1346 data
2015 1307 2137 1350 esse
2169 1299 2513 1368 compererit.
2554 1300 2657 1368 Qui
2698 1294 2876 1360 autem
2911 1307 3207 1370 Clementis
3252 1320 3425 1372 nostri

1862 1385 2161 1441 sententias
2203 1391 2481 1446 nonnullis
2512 1392 2566 1447 in
2599 1395 2734 1451 locis
2776 1398 3105 1470 interpolare
3133 1407 3236 1462 sibi
3267 1410 3429 1467 licere
3482 1432 3486 1437 '

1859 1474 2212 1543 existimavit,
2246 1480 2300 1534 in
2332 1482 2455 1537 aliis
2484 1485 2672 1539 eadem
2720 1488 2938 1545 licentia
2971 1495 3035 1548 ad
3071 1512 3165 1552 eas
3207 1510 3428 1556 contra-

1861 1564 2067 1622 hendas
2094 1570 2174 1622 uti
2208 1574 2454 1641 potuisse
2495 1591 2602 1630 non
2633 1577 2932 1638 dubitatur.
2968 1584 3234 1645 Prmterea
3266 1592 3424 1651 Joan.

1858 1655 2103 1715 Clericus
2138 1660 2284 1717 Artis
2308 1666 2505 1721 Critiae
2547 1678 2688 1738 part.
2716 1686 2799 1737 ιιι,
2833 1683 2968 1732 sect.
3011 1678 3066 1743 2,
3095 1696 3143 1736 c.
3170 1683 3222 1748 5,
3254 1700 3309 1739 ιι.
3338 1687 3425 1746 l2.

1857 1747 2140 1815 observat,
2172 1768 2235 1806 ex
2281 1754 2514 1810 duorum
2562 1758 2808 1817 locorum
2851 1768 3046 1836 capitis
3087 1771 3154 1825 46
3186 1774 3429 1844 epistolae

1858 1847 2062 1894 nostra
2104 1856 2227 1895 cum
2272 1846 2455 1902 verbis
2495 1847 2793 1908 Clementis
2834 1855 3185 1917 Alexandrini
3219 1880 3425 1936 cogna-

189 1939 279 2003 27,
309 1956 368 1995 ιι.
418 1939 473 2003 6,
501 1948 555 1994 et
587 1940 719 1994 har.
779 1938 868 2001 50,
900 1954 955 1993 ιι.
998 1938 1106 2005 15;
1134 1936 1521 2011 Hieronymus,
1555 1938 1674 1991 Lib.
1701 1938 1764 1992 de

1862 1930 2010 1985 tione
2056 1935 2351 1991 nonnullos
2385 1942 2625 2006 moveri,
2659 1954 2720 1997 ut
2763 1946 2877 2001 haec
2915 1948 3024 2005 duo
3067 1953 3181 2008 loca
3210 1972 3275 2011 ex
3290 1918 3427 2015 ’λιε-

189 2033 288 2088 εἰν.
338 2033 539 2088 illustr.
595 2047 645 2086 c.
694 2031 798 2095 25,
849 2031 941 2085 lib.
1001 2046 1113 2095 xxv,
1145 2032 1200 2085 in
1248 2031 1411 2085 Isaia:
1455 2047 1552 2095 LII,
1593 2034 1677 2100 l5,
1706 2042 1761 2089 et

185 2119 491 2177 Comment.
517 2123 569 2178 in
598 2122 794 2192 Ephes.
819 2135 935 2186 tv,t
968 2138 983 2188 ;
1020 2119 1247 2176 Pbotius
1278 2121 1399 2175 cod.
1436 2122 1539 2176 115
1560 2130 1614 2177 et
1636 2121 1758 2191 126,

188 2220 248 2267 ut
299 2213 439 2267 alios
491 2219 724 2267 taceam.
779 2211 1004 2266 Etiamsi
1042 2220 1221 2266 autem
1269 2227 1299 2265 a
1335 2213 1610 2283 plerisque
1638 2212 1759 2269 Cle-

187 2305 407 2367 mentis,
449 2319 481 2357 a
505 2304 782 2359 nonnullis
820 2311 999 2359 tamen
1034 2303 1425 2369 Romanorum,
1451 2307 1579 2376 quia
1608 2307 1760 2361 vide-

191 2395 313 2450 licet
340 2411 531 2449 eorum
573 2396 795 2451 nomine
820 2410 849 2448 a
872 2388 1145 2449 Clemente
1175 2396 1489 2466 conscripta
1513 2404 1618 2463 est,
1644 2399 1761 2468 epi-

187 2488 323 2540 stola
374 2495 743 2557 nuncupatur.
796 2484 1125 2540 Nominatim
1178 2502 1307 2541 vero
1343 2486 1598 2543 Clemens
1641 2486 1739 2545 Ale

186 2577 511 2643 xandriaus,
547 2578 641 2632 lib.
668 2594 701 2631 v
721 2578 917 2632 Strom.
944 2592 1068 2648 pag.
1104 2577 1229 2643 584,
1259 2578 1420 2633 verba
1448 2580 1660 2634 numeri
1690 2578 1760 2633 20

184 2667 262 2722 sic
286 2668 473 2722 laudat
498 2688 511 2720 :
549 2668 707 2721 Ἀλλὰ
730 2669 830 2721 κάν
859 2671 924 2739 τῇ
956 2669 1090 2741 πρὸς
1117 2669 1434 2741 Κορινθίους
1474 2672 1756 2743 Ῥωμαίων

184 2756 436 2829 “anuli;
465 2756 706 2821 ὠκεανὸς
746 2758 1047 2829 ἀπέραντος
1091 2758 1397 2831 ἀνθρώποις
1425 2760 1753 2833 γέγραπται,

184 2847 275 2899 καὶ
303 2847 355 2899 oi
390 2848 509 2917 μετ’
541 2847 703 2899 αὑτὸν
735 2847 945 2917 κόσμοι.
979 2848 1118 2914 Quin
1134 2850 1293 2902 etiam
1316 2850 1371 2903 in
1399 2852 1624 2920 epistola
1649 2853 1756 2907 Ro-

184 2954 459 2991 manorum
486 2938 557 2991 ad
585 2936 884 2992 Corinthios
914 2940 1168 3008 scriptum
1190 2949 1267 2993 est
1298 2953 1316 2992 :
1351 2940 1613 3009 Oceanus,
1640 2955 1747 3000 etc.

252 3027 313 3082 ll.
341 3028 641 3098 Epistolam
687 3030 832 3082 illam
864 3030 1081 3099 publice
1109 3032 1237 3084 olim
1267 3032 1517 3102 plurimis
1556 3036 1610 3089 in
1662 3051 1744 3091 ec-

183 3121 358 3175 clesiis
401 3123 597 3175 lectam
650 3119 818 3175 fuisse
860 3120 1127 3177 Eusebius
1172 3122 1313 3179 Hist.
1363 3127 1489 3179 eccl.
1535 3127 1627 3181 lib.
1661 3141 1744 3191 ιιι,

1860 2021 2128 2078 xandrino
2149 2027 2321 2081 ascita
2350 2030 2662 2100 opinentur.
2695 2033 2871 2106 Ipsius
2894 2040 3242 2101 Alexandrini
3266 2052 3427 2106 verba

1861 2112 1941 2205 ad
1958 2116 2278 2183 praedictum
2307 2130 2470 2191 caput
2498 2123 2568 2178 46
2594 2125 2894 2185 referemus
2922 2141 2975 2185 et
3000 2138 3387 2205 expendemus.

1931 2204 2019 2262 Ν.
2053 2206 2377 2265 Praeclaram
2416 2214 2557 2269 hanc
2586 2219 2871 2288 epistolam
2906 2204 3114 2293 primus
3154 2227 3427 2290 Patricius

1858 2295 2591 2359 JuniusLatineconversam
2642 2322 2706 2362 ac
2750 2311 2895 2366 notis
2925 2312 3252 2373 illustratam
3283 2321 3427 2377 Oxo-

1859 2387 1935 2478 nii
1968 2402 2112 2442 anno
2143 2389 2282 2444 1655
2308 2392 2500 2450 edidit.
2539 2395 2796 2453 Eamdem
2839 2416 2963 2457 cum
3004 2404 3204 2476 insigni
3233 2411 3429 2478 prada-

1858 2477 2006 2531 tione
2028 2492 2171 2532 anno
2199 2481 2336 2535 1654
2388 2482 2740 2542 Helmestadii
2772 2493 2956 2547 recudi
2986 2500 3197 2551 curavit
3217 2477 3429 2558 Joacbi-

1857 2581 1979 2623 mus
2016 2567 2254 2626 Joannes
2300 2571 2571 2631 Maderus.
2626 2578 2779 2634 Mitto
2820 2592 2873 2637 et
2917 2601 3078 2655 quam
3132 2589 3425 2649 Bartonius

1856 2672 2001 2712 anno
2040 2661 2211 2727 i647,
2244 2680 2307 2717 ac
2352 2668 2587 2723 subinde
2628 2669 2959 2731 Codel‘ridus
2999 2677 3333 2738 Vendelinus
3372 2697 3426 2741 ct

1854 2749 2091 2810 Joannes
2118 2754 2249 2811 Fell.
2268 2756 2595 2817 Oxoniensis
2626 2766 2854 2821 antistes
2877 2768 3077 2839 aliique
3106 2774 3338 2831 subinde
3369 2778 3422 2830 in

1855 2856 1973 2897 eam
1998 2857 2269 2901 navarunt
2296 2864 2538 2919 operam.
2577 2850 2930 2911 Postmodum
2962 2867 3015 2913 et
3052 2860 3419 2919 Joannes-Ba-

1854 2936 2018 3004 ptista
2048 2934 2352 2995 Cotelerius
2390 2955 2535 2994 anno
2565 2941 2705 2995 i672
2738 2944 2883 2998 illam
2929 2962 3066 3001 nova
3099 2949 3425 3021 interpreta-

1853 3027 2003 3084 tione
2035 3030 2301 3101 novisque
2342 3035 2487 3089 notis
2532 3035 2849 3091 adornatam
2890 3037 3119 3096 Parisiis
3154 3044 3208 3095 in
3248 3044 3423 3101 lucem

1853 3119 2054 3174 emisit.
2086 3119 2215 3174 Eam
2240 3122 2458 3177 demum
2492 3126 2769 3181 recensuit
2810 3142 2874 3182 ac
2916 3139 3166 3185 notarum
3200 3135 3424 3204 spicile-

180 3228 229 3266 c.
252 3213 353 3277 16,
385 3214 576 3277 tradit,
609 3221 664 3268 et
704 3213 1036 3284 Epiphanius
1072 3215 1202 3272 hair.
1242 3219 1331 3285 50,
1364 3236 1417 3275 ιι.
1445 3221 1533 3285 15,
1587 3230 1749 3291 atque

1853 3208 1997 3277 gium
2028 3211 2244 3282 collegit
2291 3211 2493 3268 Paulus
2524 3216 2863 3272 Culomesius
2883 3258 2899 3283 ,
2933 3220 3091 3289 cujus
3126 3225 3423 3280 novissima

180 3303 541 3375 Hieronymus
590 3306 688 3361 lib.
728 3305 801 3359 De
847 3307 973 3359 viris
1022 3306 1221 3361 illustr.
1261 3311 1602 3367 conﬁrmant.
1635 3312 1746 3368 Hoc

177 3407 319 3451 certe
340 3397 592 3451 Corinthi
625 3413 689 3451 ex
726 3398 903 3467 prisca
946 3401 1339 3456 consuetudine
1382 3404 1579 3458 factum
1626 3422 1748 3462 esse

175 3488 468 3561 Dionysius
514 3489 919 3545 Alexandrinus
966 3490 1109 3559 apud
1161 3491 1455 3549 Eusebium
1516 3496 1610 3551 lib.
1667 3514 1740 3562 Iv,

171 3598 223 3637 c.
252 3582 356 3648 25,
400 3582 870 3652 locupletissimus
903 3587 1058 3639 testis
1085 3599 1187 3641 est.
1227 3584 1303 3639 Ex
1329 3602 1393 3641 eo
1414 3587 1576 3641 etiam
1601 3588 1742 3653 loco,

170 3688 329 3743 quem
367 3676 422 3728 in
470 3674 694 3728 laudato
730 3674 914 3729 codice
948 3676 1317 3731 Alexandrino
1354 3678 1582 3741 obtinet,
1612 3695 1746 3734 con-

165 3764 371 3834 jectare
392 3774 477 3819 est
499 3766 549 3819 ei
581 3781 612 3819 a
632 3767 907 3821 nonnullis
933 3769 1014 3822 vel
1034 3784 1216 3837 parem
1242 3770 1414 3825 sacris
1437 3770 1591 3825 libris
1608 3812 1625 3837 ,
1660 3775 1742 3827 vel

167 3856 474 3926 proximam
518 3864 642 3926 post
690 3856 814 3911 illos
857 3858 1115 3913 tributam
1157 3875 1278 3914 esse
1329 3861 1736 3919 auctoritatem.

166 3948 266 4002 Cui
290 3948 626 4015 conjecturae
676 3946 821 4003 favet
848 3949 1072 4005 ultimus
1114 3950 1500 4019 Apostolorum
1541 3967 1738 4019 canon,

166 4039 221 4092 in
250 4054 360 4108 quo
406 4038 548 4092 inter
569 4038 705 4091 Novi
735 4037 1067 4093 Testamenti
1096 4039 1266 4096 libros
1294 4041 1413 4095 duae
1442 4041 1740 4099 Clementis

165 4131 414 4200 epistolae
459 4138 837 4185 recensentur.
872 4130 939 4183 Et
967 4131 1218 4187 Clemens
1261 4133 1478 4202 quidem
1510 4133 1743 4189 Alexan-

167 4223 360 4277 drinus
390 4222 483 4277 lib.
518 4239 570 4277 tv
602 4222 830 4287 Strom.,
862 4222 990 4276 dum
1036 4222 1178 4278 banc
1202 4230 1259 4277 ut
1286 4223 1580 4279 Clementis
1609 4240 1740 4295 apo-

168 4311 294 4363 stoli
336 4311 542 4375 laudat,
570 4311 717 4366 inter
749 4311 1074 4380 apostolicas
1107 4300 1420 4383 Scri'pturas
1448 4314 1661 4367 videtur
1688 4316 1737 4369 ei

167 4399 348 4452 locum
368 4400 517 4453 dare.
551 4398 665 4453 lmo
696 4414 801 4453 non
829 4399 933 4452 alia
961 4399 1027 4453 de
1046 4416 1210 4454 causa
1242 4400 1508 4456 Eusebius
1537 4403 1630 4458 lib.
1662 4420 1736 4469 vt,

1851 3299 2016 3355 editio
2062 3300 2297 3357 Londini
2327 3319 2472 3358 anno
2501 3305 2639 3359 1694
2680 3309 2903 3377 prodiit.
2954 3310 3209 3370 Cotelerii
3254 3315 3427 3371 inter-

1849 3395 2227 3464 pretationem,
2262 3403 2320 3448 ut
2345 3396 2533 3451 litterae
2557 3400 2905 3464 tenaciorem,
2937 3404 3119 3459 verbis
3145 3411 3421 3471 nonnullis

1851 3487 2146 3541 identidem
2173 3488 2416 3552 mutatis,
2453 3490 2794 3544 retinendam
2828 3493 2980 3549 duxi.

1924 3578 1987 3634 ν.
2021 3578 2097 3635 De
2126 3588 2367 3649 tempore
2380 3597 2488 3651 quo
2509 3583 2709 3652 scripta
2732 3592 2835 3648 est,
2862 3589 3099 3643 nondum
3130 3591 3271 3647 inter
3289 3610 3419 3650 eru-

1845 3672 1992 3729 ditos
2024 3673 2300 3729 convenit.
2340 3672 2416 3727 Ac
2448 3674 2575 3727 licet
2619 3677 2792 3744 prima
2824 3677 2973 3734 illius
3002 3682 3165 3737 verba
3196 3684 3263 3739 de
3294 3703 3419 3757 per-

1844 3765 2127 3819 secutione
2164 3762 2309 3818 dicta
2340 3779 2460 3819 esse
2500 3766 2744 3837 plerique
2795 3782 2985 3825 omnes
3030 3776 3412 3843 consentiant,

1843 3868 1904 3908 ea
1929 3861 2112 3907 tamen
2137 3852 2228 3907 alii
2259 3854 2326 3907 de
2346 3851 2598 3916 Neronis,
2626 3854 2717 3907 alii
2742 3855 2808 3909 de
2836 3855 3127 3913 Domitiani
3157 3876 3417 3929 persecu-

1843 3945 1993 3999 tione
2042 3945 2492 4014 interpretantur.
2535 3944 2601 3998 Et
2637 3946 2779 3999 hanc
2811 3948 3030 4016 quidem
3070 3951 3161 4004 alii
3199 3951 3414 4008 ferven-

1840 4044 1947 4089 tem
1971 4076 1985 4097 ,
2019 4036 2110 4088 alii
2139 4036 2483 4090 desinentem
2531 4036 2863 4107 intelligunt.
2909 4037 3047 4092 Hinc
3081 4042 3228 4097 circa
3274 4054 3413 4098 tem-

1841 4142 1964 4196 pus.
1990 4142 2100 4195 quo
2128 4127 2355 4195 epistola
2402 4128 2504 4181 ista
2548 4127 2748 4197 scripta
2790 4138 2907 4194 est,
2948 4131 3145 4201 triplex
3177 4136 3413 4195 maxime

1839 4215 2023 4270 existit
2068 4214 2255 4282 Opinio
2294 4233 2306 4268 :
2343 4214 2515 4283 prima
2545 4212 2772 4270 Joannis
2805 4215 3017 4272 Ernesti
3060 4216 3280 4283 Grabii,
3312 4224 3407 4293 qui

1842 4304 2091 4375 Spicileg.
2116 4305 2269 4360 Patr.
2290 4314 2331 4360 t.
2364 4306 2402 4369 1,
2433 4322 2486 4376 p.
2510 4306 2616 4361 254
2651 4313 2704 4361 et
2732 4307 2859 4370 255,
2890 4323 3009 4362 eam
3037 4309 3268 4367 Neronis
3294 4330 3410 4384 per-

1839 4398 2120 4450 secutione
2152 4395 2452 4458 desinente,
2487 4397 2734 4468 proxime
2759 4408 2882 4468 post
2911 4404 3282 4470 apostolorum
3307 4404 3410 4461 Pe-

164 4504 215 4544 c.
252 4490 339 4551 i5,
372 4488 707 4544 Clementem
750 4488 1177 4543 Alexandrinum
1223 4488 1627 4560 Scripturarum
1667 4492 1737 4546 ab
1835 4488 1903 4541 tri
1926 4497 1979 4541 et
2010 4485 2165 4540 Pauli
2194 4488 2537 4559 martyrium,
2568 4489 2673 4543 hoc
2698 4499 2782 4544 est
2813 4506 2956 4545 anno
2985 4491 3186 4548 Christi
3227 4495 3298 4549 68
3320 4498 3405 4551 vel

164 4581 289 4635 aliis
319 4580 751 4649 repudiatarum,
780 4580 1203 4650 nominatimque
1224 4582 1575 4650 epistolarum
1605 4582 1740 4636 Bar-
1769 4601 1812 4655 ι)
1840 4577 2004 4631 etiam
2033 4576 2102 4631 65
2128 4585 2361 4632 exeunte
2403 4579 2663 4648 scriptam
2711 4594 2835 4636 esse
2878 4583 3191 4647 contendit;
3234 4585 3403 4638 altera

164 4673 341 4736 nabat,
374 4671 672 4725 Clementis
702 4677 756 4724 et
776 4668 929 4724 Juda:
960 4671 1291 4727 testimoniis
1322 4674 1401 4725 uti
1433 4681 1605 4737 notat,
1636 4675 1743 4730 nisi
1840 4667 2116 4722 Godefridi
2148 4666 2437 4722 Vendelini
2465 4668 2711 4723 eamdem
2738 4684 2885 4723 anno
2926 4669 3130 4726 Christi
3169 4671 3260 4735 95,
3295 4672 3401 4729 fer-

163 4767 291 4833 quia
325 4778 428 4833 pro
451 4778 610 4817 sacra
643 4759 929 4831 Scriptura
956 4762 1097 4816 hanc
1126 4761 1424 4818 Clementis
1453 4765 1740 4834 epistolam
1834 4765 1996 4813 vente
2034 4756 2327 4811 Domitiani
2370 4759 2750 4827 persecutione
2790 4760 3085 4830 illigantis;
3128 4771 3401 4831 postrema

164 4857 415 4911 habebat.
448 4853 526 4909 Eo
550 4865 715 4925 pacto
758 4853 1048 4923 quamdam
1077 4869 1270 4925 pugnae
1314 4856 1549 4925 speciem
1570 4896 1584 4921 ,
1619 4872 1741 4928 qua:

162 4946 216 5001 in
243 4944 463 4999 Eusebii
499 4943 745 4998 Historia
771 4943 1031 5006 occurrit,
1057 4943 1183 4997 dum
1206 4944 1503 5002 Clementis
1531 4946 1739 5015 episto-

161 5034 266 5090 lam
296 5035 419 5088 loco
444 5049 567 5087 mox
601 5031 819 5086 laudato
844 5032 911 5086 ab
927 5032 1049 5087 aliis
1071 5032 1431 5102 repudiatam,
1454 5040 1509 5088 et
1532 5035 1628 5089 lib.
1651 5050 1735 5101 ιιι,

160 5142 283 5198 cap.
316 5128 383 5181 16
410 5135 464 5181 et
490 5124 582 5189 58,
629 5124 699 5177 ab
741 5124 994 5178 omnibus
1024 5139 1134 5178 uno
1161 5138 1429 5181 consensu
1459 5134 1729 5195 receptam

159 5218 369 5282 scribit,
400 5216 662 5287 componi
684 5230 846 5284 posse
878 5214 1182 5271 Cotelerius
1210 5216 1483 5271 observat.
1526 5216 1731 5282 Quam-

156 5310 239 5371 vis
271 5310 414 5363 enim
445 5309 518 5363 ab
548 5307 807 5361 omnibus
836 5306 974 5360 inter
998 5306 1429 5371 ecclesiasticas,
1458 5324 1567 5362 non
1600 5307 1729 5361 item

158 5400 225 5455 ab
244 5402 499 5456 omnibus
523 5400 669 5455 inter
697 5413 885 5453 sacras
909 5396 1225 5469 Scripturas
1248 5407 1332 5454 est
1361 5406 1599 5469 recepta,
1632 5397 1727 5453 sed

158 5508 186 5545 a
214 5495 489 5567 plerisque
527 5509 561 5550 e
595 5491 913 5547 divinorum
962 5491 1228 5546 librorum
1275 5505 1485 5547 canone
1526 5490 1727 5561 reiecta

216 5676 299 5734 Ill.
337 5676 459 5734 Non
491 5676 738 5741 desunt,
769 5673 859 5744 qui
889 5689 1011 5729 cum
1054 5673 1355 5730 Clementis
1387 5672 1556 5729 nostri
1604 5687 1726 5728 sen—

1831 4844 2089 4902 Cotelerii
2105 4854 2266 4916 atque
2283 4846 2636 4911 Tillemontii,
2660 4848 2751 4918 qui
2772 4849 2919 4903 illam
2946 4850 3227 4908 desinente
3252 4854 3397 4923 ejus-

1830 4936 1950 4994 dem
1981 4939 2327 5009 imperatoris
2359 4941 2758 5009 persecutione,
2792 4942 2936 4995 circa
2962 4957 3165 4998 annum
3195 4946 3398 5003 Christi

1836 5031 1905 5086 97
1955 5031 2213 5099 scriptam
2245 5030 2598 5086 arbitrantur.
2641 5030 2899 5097 Quartam
2946 5035 3030 5088 vir
3054 5035 3399 5095 clarissimus

1834 5121 2095 5176 Claudius
2122 5118 2438 5188 Fleury,t.l
2476 5119 2620 5175 Hist.
2676 5121 2827 5186 eccl.,
2861 5139 2983 5195 pag.
3016 5124 3143 5191 248,
3174 5130 3400 5199 excogi-

1831 5213 1999 5271 tavit,
2046 5228 2169 5282 qua:
2197 5212 2261 5265 ad
2302 5210 2487 5267 Grabii
2526 5214 2848 5268 sententiam
2894 5218 3118 5287 prepius
3148 5221 3393 5278 accedat.

1832 5301 2035 5373 Nempe
2064 5304 2130 5358 ad
2162 5302 2215 5357 id
2241 5311 2476 5372 tempus,
2506 5303 2650 5371 quod
2674 5303 2902 5362 Neronis
2932 5308 3208 5365 interitum
3234 5327 3401 5368 cxco-

1833 5395 1945 5465 pit,
1974 5403 2026 5449 et
2058 5394 2573 5466 Jerosolymitanum
2620 5399 2915 5452 antecessit
2958 5402 3258 5467 excidium,
3304 5420 3395 5459 re-

1833 5486 1961 5542 ferri
1987 5503 2148 5557 posse
2171 5489 2460 5555 opinatur;
2488 5497 2541 5542 et
2569 5501 2733 5544 casus
2761 5488 3041 5556 adversos,
3073 5493 3129 5547 in
3148 5494 3393 5565 epistola

1834 5578 2103 5649 principio
2133 5585 2482 5641 memoratos,
2514 5576 2581 5633 de
2607 5580 2750 5636 bello
2780 5581 2958 5650 civili,
2986 5582 3131 5653 quod
3161 5583 3391 5641 Neronis

1836 5685 1980 5725 mors
2009 5669 2279 5735 excitavit,
2316 5669 2735 5741 interpretatur-

2958 5776 3035 5789 ,γ’
3082 5776 3088 5783 ⁸
