  <div class='ocr_page' id='page_1' title='image "/cluster/home/n/w/nwhite01/storage/ocr_20150623/1 (St. Clemens; pt. 1)/nyp.33433019854052/047.png"; bbox 0 0 3832 6300; ppageno 0'>
   <div class='ocr_carea' id='block_1_1' title="bbox 444 239 1935 299">
    <p class='ocr_par' dir='ltr' id='par_1_1' title="bbox 444 241 1935 299">
     <span class='ocr_line' id='line_1_1' title="bbox 444 241 1935 299; baseline -0.004 0"><span class='ocrx_word' id='word_1_1' title='bbox 444 246 508 299; x_wconf 84' lang='lat'><strong>79</strong></span> <span class='ocrx_word' id='word_1_2' title='bbox 1492 243 1579 296; x_wconf 82' lang='lat' dir='ltr'><strong>AD</strong></span> <span class='ocrx_word' id='word_1_3' title='bbox 1617 243 1672 297; x_wconf 89' lang='lat' dir='ltr'><strong>S.</strong></span> <span class='ocrx_word' id='word_1_4' title='bbox 1714 241 1935 295; x_wconf 78' lang='lat' dir='ltr'><strong>CLEME</strong></span> 
     </span>
    </p>
   </div>
   <div class='ocr_carea' id='block_1_2' title="bbox 2072 239 3641 299">
    <p class='ocr_par' dir='ltr' id='par_1_2' title="bbox 2072 239 3641 299">
     <span class='ocr_line' id='line_1_2' title="bbox 2072 239 3641 299; baseline -0.001 -6"><span class='ocrx_word' id='word_1_5' title='bbox 2072 242 2123 297; x_wconf 73' lang='grc' dir='ltr'><em>Μ</em></span> <span class='ocrx_word' id='word_1_6' title='bbox 2164 245 2186 297; x_wconf 80' lang='grc' dir='ltr'><strong>ι</strong></span> <span class='ocrx_word' id='word_1_7' title='bbox 2220 243 2444 299; x_wconf 82' lang='lat' dir='ltr'><strong>PAPAM</strong></span> <span class='ocrx_word' id='word_1_8' title='bbox 3574 239 3641 291; x_wconf 78' lang='lat'><strong>80</strong></span> 
     </span>
    </p>
   </div>
   <div class='ocr_carea' id='block_1_3' title="bbox 510 350 3645 428">
    <p class='ocr_par' dir='ltr' id='par_1_3' title="bbox 510 350 3645 428">
     <span class='ocr_line' id='line_1_3' title="bbox 510 350 3645 428; baseline -0.003 -16"><span class='ocrx_word' id='word_1_9' title='bbox 510 358 594 413; x_wconf 72' lang='lat' dir='ltr'><strong>Vl.</strong></span> <span class='ocrx_word' id='word_1_10' title='bbox 635 358 930 415; x_wconf 80' lang='lat' dir='ltr'><strong>Obscurum</strong></span> <span class='ocrx_word' id='word_1_11' title='bbox 961 377 1066 416; x_wconf 90' lang='lat' dir='ltr'><strong>non</strong></span> <span class='ocrx_word' id='word_1_12' title='bbox 1092 369 1195 424; x_wconf 87' lang='lat' dir='ltr'><strong>est,</strong></span> <span class='ocrx_word' id='word_1_13' title='bbox 1221 361 1543 415; x_wconf 89' lang='lat' dir='ltr'><strong>Clementem</strong></span> <span class='ocrx_word' id='word_1_14' title='bbox 1567 361 1637 412; x_wconf 85' lang='lat' dir='ltr'><strong>ibi</strong></span> <span class='ocrx_word' id='word_1_15' title='bbox 1667 359 1733 413; x_wconf 91' lang='lat' dir='ltr'><strong>de</strong></span> <span class='ocrx_word' id='word_1_16' title='bbox 1761 374 1953 411; x_wconf 60' lang='lat' dir='ltr'><strong>atrum—</strong></span> <span class='ocrx_word' id='word_1_17' title='bbox 1983 359 2027 412; x_wconf 75' lang='grc' dir='ltr'>Α</span> <span class='ocrx_word' id='word_1_18' title='bbox 2055 373 2177 412; x_wconf 81' lang='lat' dir='ltr'><strong>sens</strong></span> <span class='ocrx_word' id='word_1_19' title='bbox 2210 367 2420 428; x_wconf 92' lang='lat' dir='ltr'><strong>tempus</strong></span> <span class='ocrx_word' id='word_1_20' title='bbox 2446 359 2726 413; x_wconf 90' lang='lat' dir='ltr'><strong>enuntiare</strong></span> <span class='ocrx_word' id='word_1_21' title='bbox 2754 359 2997 412; x_wconf 81' lang='lat' dir='ltr'><strong>narranti</strong></span> <span class='ocrx_word' id='word_1_22' title='bbox 3029 358 3183 411; x_wconf 91' lang='lat' dir='ltr'><strong>licet.</strong></span> <span class='ocrx_word' id='word_1_23' title='bbox 3220 352 3378 418; x_wconf 84' lang='lat' dir='ltr'><strong>Quid</strong></span> <span class='ocrx_word' id='word_1_24' title='bbox 3413 350 3564 404; x_wconf 90' lang='lat' dir='ltr'><strong>enim</strong></span> <span class='ocrx_word' id='word_1_25' title='bbox 3590 352 3645 404; x_wconf 87' lang='lat' dir='ltr'><strong>in</strong></span> 
     </span>
    </p>
   </div>
   <div class='ocr_carea' id='block_1_4' title="bbox 437 448 1951 520">
    <p class='ocr_par' dir='ltr' id='par_1_4' title="bbox 437 448 1951 520">
     <span class='ocr_line' id='line_1_4' title="bbox 437 448 1951 520; baseline -0.002 -18"><span class='ocrx_word' id='word_1_26' title='bbox 437 449 558 511; x_wconf 85' lang='lat' dir='ltr'><strong>nis,</strong></span> <span class='ocrx_word' id='word_1_27' title='bbox 592 451 787 519; x_wconf 91' lang='lat' dir='ltr'><strong>quibus</strong></span> <span class='ocrx_word' id='word_1_28' title='bbox 814 466 1071 520; x_wconf 88' lang='lat' dir='ltr'><strong>oppressa</strong></span> <span class='ocrx_word' id='word_1_29' title='bbox 1116 461 1229 506; x_wconf 88' lang='lat' dir='ltr'><strong>erat</strong></span> <span class='ocrx_word' id='word_1_30' title='bbox 1275 450 1513 505; x_wconf 83' lang='lat' dir='ltr'><strong>Romana</strong></span> <span class='ocrx_word' id='word_1_31' title='bbox 1554 448 1788 502; x_wconf 86' lang='lat' dir='ltr'><strong>Ecclesia</strong></span> <span class='ocrx_word' id='word_1_32' title='bbox 1831 462 1951 501; x_wconf 92' lang='lat' dir='ltr'><strong>cum</strong></span> 
     </span>
    </p>
   </div>
   <div class='ocr_carea' id='block_1_5' title="bbox 436 538 1954 609">
    <p class='ocr_par' dir='ltr' id='par_1_5' title="bbox 436 538 1954 609">
     <span class='ocr_line' id='line_1_5' title="bbox 436 538 1954 609; baseline 0 -18"><span class='ocrx_word' id='word_1_33' title='bbox 436 538 834 595; x_wconf 84' lang='lat' dir='ltr'><strong>Corinthiorum</strong></span> <span class='ocrx_word' id='word_1_34' title='bbox 860 542 1136 609; x_wconf 82' lang='lat' dir='ltr'><strong>epistolam</strong></span> <span class='ocrx_word' id='word_1_35' title='bbox 1155 541 1376 609; x_wconf 87' lang='lat' dir='ltr'><strong>accepit,</strong></span> <span class='ocrx_word' id='word_1_36' title='bbox 1402 540 1493 594; x_wconf 90' lang='lat' dir='ltr'><strong>sed</strong></span> <span class='ocrx_word' id='word_1_37' title='bbox 1520 554 1550 592; x_wconf 92' lang='lat' dir='ltr'><strong>a</strong></span> <span class='ocrx_word' id='word_1_38' title='bbox 1569 539 1760 608; x_wconf 84' lang='lat' dir='ltr'><strong>quibus</strong></span> <span class='ocrx_word' id='word_1_39' title='bbox 1786 538 1954 606; x_wconf 88' lang='lat' dir='ltr'><strong>respi-</strong></span> 
     </span>
    </p>
   </div>
   <div class='ocr_carea' id='block_1_6' title="bbox 435 627 1953 697">
    <p class='ocr_par' dir='ltr' id='par_1_6' title="bbox 435 627 1953 697">
     <span class='ocr_line' id='line_1_6' title="bbox 435 627 1953 697; baseline -0.002 -15"><span class='ocrx_word' id='word_1_40' title='bbox 435 630 588 683; x_wconf 89' lang='lat' dir='ltr'><strong>rabat</strong></span> <span class='ocrx_word' id='word_1_41' title='bbox 630 644 753 682; x_wconf 94' lang='lat' dir='ltr'><strong>cum</strong></span> <span class='ocrx_word' id='word_1_42' title='bbox 808 629 949 682; x_wconf 90' lang='lat' dir='ltr'><strong>hanc</strong></span> <span class='ocrx_word' id='word_1_43' title='bbox 1002 628 1314 697; x_wconf 84' lang='lat' dir='ltr'><strong>rescripsit,</strong></span> <span class='ocrx_word' id='word_1_44' title='bbox 1368 627 1562 681; x_wconf 90' lang='lat' dir='ltr'><strong>habere</strong></span> <span class='ocrx_word' id='word_1_45' title='bbox 1614 642 1910 680; x_wconf 86' lang='lat' dir='ltr'><strong>sermonem</strong></span> <span class='ocrx_word' id='word_1_46' title='bbox 1937 667 1953 691; x_wconf 92' lang='lat'><strong>,</strong></span> 
     </span>
    </p>
   </div>
   <div class='ocr_carea' id='block_1_7' title="bbox 434 714 1953 785">
    <p class='ocr_par' dir='ltr' id='par_1_7' title="bbox 434 714 1953 785">
     <span class='ocr_line' id='line_1_7' title="bbox 434 714 1953 785; baseline -0.002 -17"><span class='ocrx_word' id='word_1_47' title='bbox 434 716 672 785; x_wconf 86' lang='lat' dir='ltr'><strong>adeoque</strong></span> <span class='ocrx_word' id='word_1_48' title='bbox 691 715 968 771; x_wconf 75' lang='lat' dir='ltr'><strong>Vendelini</strong></span> <span class='ocrx_word' id='word_1_49' title='bbox 997 718 1061 771; x_wconf 89' lang='lat' dir='ltr'><strong>de</strong></span> <span class='ocrx_word' id='word_1_50' title='bbox 1083 714 1451 784; x_wconf 84' lang='lat' dir='ltr'><strong>persecutione</strong></span> <span class='ocrx_word' id='word_1_51' title='bbox 1480 714 1713 767; x_wconf 89' lang='lat' dir='ltr'><strong>fervente</strong></span> <span class='ocrx_word' id='word_1_52' title='bbox 1741 721 1953 767; x_wconf 87' lang='lat' dir='ltr'><strong>senten-</strong></span> 
     </span>
    </p>
   </div>
   <div class='ocr_carea' id='block_1_8' title="bbox 432 801 1952 875">
    <p class='ocr_par' dir='ltr' id='par_1_8' title="bbox 432 801 1952 875">
     <span class='ocr_line' id='line_1_8' title="bbox 432 801 1952 875; baseline -0.003 -18"><span class='ocrx_word' id='word_1_53' title='bbox 432 807 560 858; x_wconf 90' lang='lat' dir='ltr'><strong>tiam</strong></span> <span class='ocrx_word' id='word_1_54' title='bbox 605 806 823 861; x_wconf 90' lang='lat' dir='ltr'><strong>minime</strong></span> <span class='ocrx_word' id='word_1_55' title='bbox 861 806 1182 875; x_wconf 84' lang='lat' dir='ltr'><strong>probandam</strong></span> <span class='ocrx_word' id='word_1_56' title='bbox 1211 818 1351 857; x_wconf 88' lang='lat' dir='ltr'><strong>esse.</strong></span> <span class='ocrx_word' id='word_1_57' title='bbox 1392 801 1571 870; x_wconf 88' lang='lat' dir='ltr'><strong>Neque</strong></span> <span class='ocrx_word' id='word_1_58' title='bbox 1600 803 1774 856; x_wconf 91' lang='lat' dir='ltr'><strong>minus</strong></span> <span class='ocrx_word' id='word_1_59' title='bbox 1807 810 1952 855; x_wconf 89' lang='lat' dir='ltr'><strong>certo</strong></span> 
     </span>
    </p>
   </div>
   <div class='ocr_carea' id='block_1_9' title="bbox 432 890 1943 955">
    <p class='ocr_par' dir='ltr' id='par_1_9' title="bbox 432 890 1943 955">
     <span class='ocr_line' id='line_1_9' title="bbox 432 890 1943 955; baseline -0.002 -9"><span class='ocrx_word' id='word_1_60' title='bbox 432 908 496 947; x_wconf 81' lang='lat' dir='ltr'><strong>ex</strong></span> <span class='ocrx_word' id='word_1_61' title='bbox 531 894 718 949; x_wconf 88' lang='lat' dir='ltr'><strong>eodem</strong></span> <span class='ocrx_word' id='word_1_62' title='bbox 743 895 964 948; x_wconf 78' lang='lat' dir='ltr'><strong>exordio</strong></span> <span class='ocrx_word' id='word_1_63' title='bbox 992 895 1292 955; x_wconf 90' lang='lat' dir='ltr'><strong>conﬁcitur,</strong></span> <span class='ocrx_word' id='word_1_64' title='bbox 1329 907 1593 946; x_wconf 66' lang='lat' dir='ltr'><strong>aarumnas</strong></span> <span class='ocrx_word' id='word_1_65' title='bbox 1624 891 1740 944; x_wconf 92' lang='lat' dir='ltr'><strong>illas</strong></span> <span class='ocrx_word' id='word_1_66' title='bbox 1767 890 1830 943; x_wconf 88' lang='lat' dir='ltr'><strong>de</strong></span> <span class='ocrx_word' id='word_1_67' title='bbox 1850 890 1943 943; x_wconf 83' lang='lat' dir='ltr'><strong>Ne-</strong></span> 
     </span>
    </p>
   </div>
   <div class='ocr_carea' id='block_1_10' title="bbox 432 977 1949 1053">
    <p class='ocr_par' dir='ltr' id='par_1_10' title="bbox 432 977 1949 1053">
     <span class='ocr_line' id='line_1_10' title="bbox 432 977 1949 1053; baseline -0.004 -19"><span class='ocrx_word' id='word_1_68' title='bbox 432 983 581 1037; x_wconf 89' lang='lat' dir='ltr'><strong>ronis</strong></span> <span class='ocrx_word' id='word_1_69' title='bbox 622 983 990 1053; x_wconf 81' lang='lat' dir='ltr'><strong>persecutione</strong></span> <span class='ocrx_word' id='word_1_70' title='bbox 1034 980 1372 1049; x_wconf 88' lang='lat' dir='ltr'><strong>interpretari</strong></span> <span class='ocrx_word' id='word_1_71' title='bbox 1424 995 1531 1033; x_wconf 92' lang='lat' dir='ltr'><strong>non</strong></span> <span class='ocrx_word' id='word_1_72' title='bbox 1575 980 1753 1032; x_wconf 84' lang='lat' dir='ltr'><strong>licere.</strong></span> <span class='ocrx_word' id='word_1_73' title='bbox 1808 977 1949 1029; x_wconf 81' lang='lat' dir='ltr'><strong>Nihil</strong></span> 
     </span>
    </p>
   </div>
   <div class='ocr_carea' id='block_1_11' title="bbox 429 1067 1949 1137">
    <p class='ocr_par' dir='ltr' id='par_1_11' title="bbox 429 1067 1949 1137">
     <span class='ocr_line' id='line_1_11' title="bbox 429 1067 1949 1137; baseline -0.004 -9"><span class='ocrx_word' id='word_1_74' title='bbox 429 1073 572 1129; x_wconf 89' lang='lat' dir='ltr'><strong>enim</strong></span> <span class='ocrx_word' id='word_1_75' title='bbox 600 1080 744 1137; x_wconf 90' lang='lat' dir='ltr'><strong>erat,</strong></span> <span class='ocrx_word' id='word_1_76' title='bbox 786 1088 883 1126; x_wconf 89' lang='lat' dir='ltr'><strong>cur</strong></span> <span class='ocrx_word' id='word_1_77' title='bbox 922 1072 975 1125; x_wconf 92' lang='lat' dir='ltr'><strong>in</strong></span> <span class='ocrx_word' id='word_1_78' title='bbox 1024 1072 1316 1125; x_wconf 89' lang='lat' dir='ltr'><strong>litterarum</strong></span> <span class='ocrx_word' id='word_1_79' title='bbox 1371 1071 1616 1123; x_wconf 84' lang='lat' dir='ltr'><strong>tarditate</strong></span> <span class='ocrx_word' id='word_1_80' title='bbox 1661 1067 1949 1122; x_wconf 86' lang='lat' dir='ltr'><strong>Corinthiis</strong></span> 
     </span>
    </p>
   </div>
   <div class='ocr_carea' id='block_1_12' title="bbox 429 1158 1948 1225">
    <p class='ocr_par' dir='ltr' id='par_1_12' title="bbox 429 1158 1948 1225">
     <span class='ocr_line' id='line_1_12' title="bbox 429 1158 1948 1225; baseline -0.007 -6"><span class='ocrx_word' id='word_1_81' title='bbox 429 1162 736 1219; x_wconf 77' lang='lat' dir='ltr'><strong>excusanda</strong></span> <span class='ocrx_word' id='word_1_82' title='bbox 765 1162 867 1215; x_wconf 91' lang='lat' dir='ltr'><strong>hoc</strong></span> <span class='ocrx_word' id='word_1_83' title='bbox 899 1168 1166 1214; x_wconf 85' lang='lat' dir='ltr'><strong>taceretur</strong></span> <span class='ocrx_word' id='word_1_84' title='bbox 1186 1199 1201 1223; x_wconf 94' lang='lat'><strong>,</strong></span> <span class='ocrx_word' id='word_1_85' title='bbox 1228 1158 1439 1213; x_wconf 89' lang='lat' dir='ltr'><strong>Petrum</strong></span> <span class='ocrx_word' id='word_1_86' title='bbox 1476 1159 1752 1221; x_wconf 86' lang='lat' dir='ltr'><strong>videlicet,</strong></span> <span class='ocrx_word' id='word_1_87' title='bbox 1795 1158 1948 1225; x_wconf 88' lang='lat' dir='ltr'><strong>cujus</strong></span> 
     </span>
    </p>
   </div>
   <div class='ocr_carea' id='block_1_13' title="bbox 427 1247 1947 1320">
    <p class='ocr_par' dir='ltr' id='par_1_13' title="bbox 427 1247 1947 1320">
     <span class='ocr_line' id='line_1_13' title="bbox 427 1247 1947 1320; baseline -0.003 -15"><span class='ocrx_word' id='word_1_88' title='bbox 427 1260 543 1305; x_wconf 86' lang='lat' dir='ltr'><strong>erat</strong></span> <span class='ocrx_word' id='word_1_89' title='bbox 571 1253 807 1320; x_wconf 89' lang='lat' dir='ltr'><strong>ipsorum</strong></span> <span class='ocrx_word' id='word_1_90' title='bbox 839 1248 1151 1303; x_wconf 76' lang='lat' dir='ltr'><strong>satisfacere</strong></span> <span class='ocrx_word' id='word_1_91' title='bbox 1177 1247 1592 1316; x_wconf 65' lang='lat' dir='ltr'><strong>quaestionibus,</strong></span> <span class='ocrx_word' id='word_1_92' title='bbox 1622 1248 1686 1300; x_wconf 91' lang='lat' dir='ltr'><strong>iis</strong></span> <span class='ocrx_word' id='word_1_93' title='bbox 1715 1248 1947 1314; x_wconf 87' lang='lat' dir='ltr'><strong>acceptis</strong></span> 
     </span>
    </p>
   </div>
   <div class='ocr_carea' id='block_1_14' title="bbox 426 1336 1947 1403">
    <p class='ocr_par' dir='ltr' id='par_1_14' title="bbox 426 1336 1947 1403">
     <span class='ocr_line' id='line_1_14' title="bbox 426 1336 1947 1403; baseline -0.004 -10"><span class='ocrx_word' id='word_1_94' title='bbox 426 1338 718 1403; x_wconf 81' lang='lat' dir='ltr'><strong>detentum,</strong></span> <span class='ocrx_word' id='word_1_95' title='bbox 748 1353 941 1393; x_wconf 65' lang='lat' dir='ltr'><strong>cassum</strong></span> <span class='ocrx_word' id='word_1_96' title='bbox 964 1345 1017 1391; x_wconf 92' lang='lat' dir='ltr'><strong>et</strong></span> <span class='ocrx_word' id='word_1_97' title='bbox 1045 1352 1074 1391; x_wconf 93' lang='lat' dir='ltr'><strong>e</strong></span> <span class='ocrx_word' id='word_1_98' title='bbox 1094 1338 1227 1390; x_wconf 87' lang='lat' dir='ltr'><strong>vivis</strong></span> <span class='ocrx_word' id='word_1_99' title='bbox 1256 1337 1420 1390; x_wconf 86' lang='lat' dir='ltr'><strong>fuisse</strong></span> <span class='ocrx_word' id='word_1_100' title='bbox 1440 1337 1724 1390; x_wconf 90' lang='lat' dir='ltr'><strong>sublatum.</strong></span> <span class='ocrx_word' id='word_1_101' title='bbox 1749 1336 1947 1388; x_wconf 82' lang='lat' dir='ltr'><strong>Deinde</strong></span> 
     </span>
    </p>
   </div>
   <div class='ocr_carea' id='block_1_15' title="bbox 426 1425 1942 1499">
    <p class='ocr_par' dir='ltr' id='par_1_15' title="bbox 426 1425 1942 1499">
     <span class='ocr_line' id='line_1_15' title="bbox 426 1425 1942 1499; baseline -0.005 -15"><span class='ocrx_word' id='word_1_102' title='bbox 426 1431 480 1484; x_wconf 91' lang='lat' dir='ltr'><strong>in</strong></span> <span class='ocrx_word' id='word_1_103' title='bbox 503 1439 611 1484; x_wconf 91' lang='lat' dir='ltr'><strong>toto</strong></span> <span class='ocrx_word' id='word_1_104' title='bbox 629 1428 866 1499; x_wconf 66' lang='lat' dir='ltr'><strong>epistolae</strong></span> <span class='ocrx_word' id='word_1_105' title='bbox 888 1434 1138 1480; x_wconf 80' lang='lat' dir='ltr'><strong>contextu</strong></span> <span class='ocrx_word' id='word_1_106' title='bbox 1166 1425 1293 1477; x_wconf 91' lang='lat' dir='ltr'><strong>illud</strong></span> <span class='ocrx_word' id='word_1_107' title='bbox 1320 1425 1587 1486; x_wconf 75' lang='lat' dir='ltr'><strong>inanitur,</strong></span> <span class='ocrx_word' id='word_1_108' title='bbox 1622 1440 1741 1476; x_wconf 85' lang='lat' dir='ltr'><strong>eum</strong></span> <span class='ocrx_word' id='word_1_109' title='bbox 1770 1425 1942 1491; x_wconf 91' lang='lat' dir='ltr'><strong>ipsum</strong></span> 
     </span>
    </p>
   </div>
   <div class='ocr_carea' id='block_1_16' title="bbox 425 1514 1943 1589">
    <p class='ocr_par' dir='ltr' id='par_1_16' title="bbox 425 1514 1943 1589">
     <span class='ocr_line' id='line_1_16' title="bbox 425 1514 1943 1589; baseline -0.006 -16"><span class='ocrx_word' id='word_1_110' title='bbox 425 1521 518 1589; x_wconf 91' lang='lat' dir='ltr'><strong>qui</strong></span> <span class='ocrx_word' id='word_1_111' title='bbox 542 1533 684 1572; x_wconf 90' lang='lat' dir='ltr'><strong>nunc</strong></span> <span class='ocrx_word' id='word_1_112' title='bbox 712 1517 983 1579; x_wconf 88' lang='lat' dir='ltr'><strong>rescribit,</strong></span> <span class='ocrx_word' id='word_1_113' title='bbox 1016 1516 1166 1584; x_wconf 89' lang='lat' dir='ltr'><strong>prius</strong></span> <span class='ocrx_word' id='word_1_114' title='bbox 1189 1514 1587 1568; x_wconf 82' lang='lat' dir='ltr'><strong>Corinthiorum</strong></span> <span class='ocrx_word' id='word_1_115' title='bbox 1623 1514 1820 1580; x_wconf 89' lang='lat' dir='ltr'><strong>scripta</strong></span> <span class='ocrx_word' id='word_1_116' title='bbox 1855 1527 1943 1565; x_wconf 83' lang='lat' dir='ltr'><strong>ac-</strong></span> 
     </span>
    </p>
   </div>
   <div class='ocr_carea' id='block_1_17' title="bbox 425 1601 1938 1676">
    <p class='ocr_par' dir='ltr' id='par_1_17' title="bbox 425 1601 1938 1676">
     <span class='ocr_line' id='line_1_17' title="bbox 425 1601 1938 1676; baseline -0.006 -15"><span class='ocrx_word' id='word_1_117' title='bbox 425 1614 651 1676; x_wconf 86' lang='lat' dir='ltr'><strong>cepisse.</strong></span> <span class='ocrx_word' id='word_1_118' title='bbox 678 1604 937 1669; x_wconf 85' lang='lat' dir='ltr'><strong>Quocirca</strong></span> <span class='ocrx_word' id='word_1_119' title='bbox 969 1604 1034 1658; x_wconf 93' lang='lat' dir='ltr'><strong>ad</strong></span> <span class='ocrx_word' id='word_1_120' title='bbox 1068 1605 1295 1656; x_wconf 87' lang='lat' dir='ltr'><strong>litteram</strong></span> <span class='ocrx_word' id='word_1_121' title='bbox 1323 1601 1649 1671; x_wconf 76' lang='lat' dir='ltr'><strong>intelligendi</strong></span> <span class='ocrx_word' id='word_1_122' title='bbox 1679 1609 1803 1654; x_wconf 91' lang='lat' dir='ltr'><strong>sunt</strong></span> <span class='ocrx_word' id='word_1_123' title='bbox 1830 1609 1938 1653; x_wconf 91' lang='lat' dir='ltr'><strong>tum</strong></span> 
     </span>
    </p>
   </div>
   <div class='ocr_carea' id='block_1_18' title="bbox 2053 442 3641 517">
    <p class='ocr_par' dir='ltr' id='par_1_18' title="bbox 2053 442 3641 517">
     <span class='ocr_line' id='line_1_18' title="bbox 2053 442 3641 517; baseline -0.004 -18"><span class='ocrx_word' id='word_1_124' title='bbox 2053 447 2153 502; x_wconf 88' lang='lat' dir='ltr'><strong>hac</strong></span> <span class='ocrx_word' id='word_1_125' title='bbox 2180 450 2401 516; x_wconf 91' lang='lat' dir='ltr'><strong>epistola</strong></span> <span class='ocrx_word' id='word_1_126' title='bbox 2437 449 2541 502; x_wconf 89' lang='lat' dir='ltr'><strong>sibi</strong></span> <span class='ocrx_word' id='word_1_127' title='bbox 2582 450 2726 512; x_wconf 85' lang='lat' dir='ltr'><strong>vult,</strong></span> <span class='ocrx_word' id='word_1_128' title='bbox 2758 448 3037 517; x_wconf 78' lang='lat' dir='ltr'><strong>Sacriﬁcia</strong></span> <span class='ocrx_word' id='word_1_129' title='bbox 3070 463 3179 500; x_wconf 86' lang='lat' dir='ltr'><strong>non</strong></span> <span class='ocrx_word' id='word_1_130' title='bbox 3210 446 3271 496; x_wconf 87' lang='lat' dir='ltr'><strong>in</strong></span> <span class='ocrx_word' id='word_1_131' title='bbox 3300 443 3456 495; x_wconf 86' lang='lat' dir='ltr'><strong>omni</strong></span> <span class='ocrx_word' id='word_1_132' title='bbox 3506 442 3641 503; x_wconf 87' lang='lat' dir='ltr'><strong>loco,</strong></span> 
     </span>
    </p>
   </div>
   <div class='ocr_carea' id='block_1_19' title="bbox 2052 528 3643 605">
    <p class='ocr_par' dir='ltr' id='par_1_19' title="bbox 2052 528 3643 605">
     <span class='ocr_line' id='line_1_19' title="bbox 2052 528 3643 605; baseline -0.003 -16"><span class='ocrx_word' id='word_1_133' title='bbox 2052 537 2139 589; x_wconf 82' lang='lat' dir='ltr'><strong>sed</strong></span> <span class='ocrx_word' id='word_1_134' title='bbox 2167 536 2504 605; x_wconf 77' lang='lat' dir='ltr'><strong>Jerosolymis</strong></span> <span class='ocrx_word' id='word_1_135' title='bbox 2537 547 2737 590; x_wconf 82' lang='lat' dir='ltr'><strong>tantum</strong></span> <span class='ocrx_word' id='word_1_136' title='bbox 2788 538 3119 605; x_wconf 73' lang='lat' dir='ltr'><strong>o/feruntur,</strong></span> <span class='ocrx_word' id='word_1_137' title='bbox 3164 531 3281 585; x_wconf 88' lang='lat' dir='ltr'><strong>nisi</strong></span> <span class='ocrx_word' id='word_1_138' title='bbox 3337 528 3520 591; x_wconf 88' lang='lat' dir='ltr'><strong>illud,</strong></span> <span class='ocrx_word' id='word_1_139' title='bbox 3570 528 3643 584; x_wconf 77' lang='lat' dir='ltr'><strong>Ex</strong></span> 
     </span>
    </p>
   </div>
   <div class='ocr_carea' id='block_1_20' title="bbox 2049 619 3643 697">
    <p class='ocr_par' dir='ltr' id='par_1_20' title="bbox 2049 619 3643 697">
     <span class='ocr_line' id='line_1_20' title="bbox 2049 619 3643 697; baseline -0.007 -18"><span class='ocrx_word' id='word_1_140' title='bbox 2049 630 2358 696; x_wconf 63' lang='lat' dir='ltr'><strong>praescripto</strong></span> <span class='ocrx_word' id='word_1_141' title='bbox 2388 628 2517 697; x_wconf 80' lang='lat' dir='ltr'><strong>legis</strong></span> <span class='ocrx_word' id='word_1_142' title='bbox 2545 626 2803 680; x_wconf 88' lang='lat' dir='ltr'><strong>sacriﬁcia</strong></span> <span class='ocrx_word' id='word_1_143' title='bbox 2830 623 3193 694; x_wconf 84' lang='lat' dir='ltr'><strong>Jerosolymis</strong></span> <span class='ocrx_word' id='word_1_144' title='bbox 3236 628 3464 672; x_wconf 85' lang='lat' dir='ltr'><strong>tantum</strong></span> <span class='ocrx_word' id='word_1_145' title='bbox 3514 619 3643 684; x_wconf 78' lang='grc' dir='ltr'><strong>οῙῙε-</strong></span> 
     </span>
    </p>
   </div>
   <div class='ocr_carea' id='block_1_21' title="bbox 2050 711 3644 786">
    <p class='ocr_par' dir='ltr' id='par_1_21' title="bbox 2050 711 3644 786">
     <span class='ocr_line' id='line_1_21' title="bbox 2050 711 3644 786; baseline -0.005 -17"><span class='ocrx_word' id='word_1_146' title='bbox 2050 722 2273 773; x_wconf 78' lang='lat' dir='ltr'><strong>runlur?</strong></span> <span class='ocrx_word' id='word_1_147' title='bbox 2303 717 2454 782; x_wconf 86' lang='lat' dir='ltr'><strong>Quod</strong></span> <span class='ocrx_word' id='word_1_148' title='bbox 2495 717 2708 786; x_wconf 88' lang='lat' dir='ltr'><strong>quidem</strong></span> <span class='ocrx_word' id='word_1_149' title='bbox 2741 718 3123 785; x_wconf 45' lang='lat' dir='ltr'><strong>praescriptum</strong></span> <span class='ocrx_word' id='word_1_150' title='bbox 3157 728 3294 765; x_wconf 89' lang='lat' dir='ltr'><strong>cum</strong></span> <span class='ocrx_word' id='word_1_151' title='bbox 3330 711 3644 762; x_wconf 84' lang='lat' dir='ltr'><strong>etiamnum</strong></span> 
     </span>
    </p>
   </div>
   <div class='ocr_carea' id='block_1_22' title="bbox 2048 798 3645 875">
    <p class='ocr_par' dir='ltr' id='par_1_22' title="bbox 2048 798 3645 875">
     <span class='ocr_line' id='line_1_22' title="bbox 2048 798 3645 875; baseline -0.004 -18"><span class='ocrx_word' id='word_1_152' title='bbox 2048 805 2107 859; x_wconf 91' lang='lat' dir='ltr'><strong>in</strong></span> <span class='ocrx_word' id='word_1_153' title='bbox 2137 807 2249 874; x_wconf 84' lang='lat' dir='ltr'><strong>lege</strong></span> <span class='ocrx_word' id='word_1_154' title='bbox 2276 814 2518 870; x_wconf 89' lang='lat' dir='ltr'><strong>maneat,</strong></span> <span class='ocrx_word' id='word_1_155' title='bbox 2558 808 2671 875; x_wconf 89' lang='lat' dir='ltr'><strong>ipsa</strong></span> <span class='ocrx_word' id='word_1_156' title='bbox 2700 805 2995 859; x_wconf 86' lang='lat' dir='ltr'><strong>Clementis</strong></span> <span class='ocrx_word' id='word_1_157' title='bbox 3034 801 3209 856; x_wconf 88' lang='lat' dir='ltr'><strong>verba</strong></span> <span class='ocrx_word' id='word_1_158' title='bbox 3247 798 3431 853; x_wconf 84' lang='lat' dir='ltr'><strong>etiam</strong></span> <span class='ocrx_word' id='word_1_159' title='bbox 3478 798 3645 851; x_wconf 86' lang='lat' dir='ltr'><strong>nobis</strong></span> 
     </span>
    </p>
   </div>
   <div class='ocr_carea' id='block_1_23' title="bbox 2047 884 3644 964">
    <p class='ocr_par' dir='ltr' id='par_1_23' title="bbox 2047 884 3644 964">
     <span class='ocr_line' id='line_1_23' title="bbox 2047 884 3644 964; baseline -0.003 -18"><span class='ocrx_word' id='word_1_160' title='bbox 2047 894 2233 949; x_wconf 84' lang='lat' dir='ltr'><strong>eﬁ‘erre</strong></span> <span class='ocrx_word' id='word_1_161' title='bbox 2275 911 2382 949; x_wconf 90' lang='lat' dir='ltr'><strong>non</strong></span> <span class='ocrx_word' id='word_1_162' title='bbox 2435 897 2610 964; x_wconf 90' lang='lat' dir='ltr'><strong>inepte</strong></span> <span class='ocrx_word' id='word_1_163' title='bbox 2657 910 2801 947; x_wconf 90' lang='lat' dir='ltr'><strong>nunc</strong></span> <span class='ocrx_word' id='word_1_164' title='bbox 2835 895 3048 947; x_wconf 91' lang='lat' dir='ltr'><strong>liceret.</strong></span> <span class='ocrx_word' id='word_1_165' title='bbox 3096 888 3322 956; x_wconf 85' lang='lat' dir='ltr'><strong>Nempe</strong></span> <span class='ocrx_word' id='word_1_166' title='bbox 3376 884 3644 942; x_wconf 79' lang='lat' dir='ltr'><strong>Clemens</strong></span> 
     </span>
    </p>
   </div>
   <div class='ocr_carea' id='block_1_24' title="bbox 2045 975 3644 1053">
    <p class='ocr_par' dir='ltr' id='par_1_24' title="bbox 2045 975 3644 1053">
     <span class='ocr_line' id='line_1_24' title="bbox 2045 975 3644 1053; baseline -0.003 -19"><span class='ocrx_word' id='word_1_167' title='bbox 2045 984 2437 1053; x_wconf 84' lang='lat' dir='ltr'><strong>comparatione</strong></span> <span class='ocrx_word' id='word_1_168' title='bbox 2455 1000 2514 1037; x_wconf 90' lang='lat' dir='ltr'><strong>ac</strong></span> <span class='ocrx_word' id='word_1_169' title='bbox 2543 999 2688 1037; x_wconf 88' lang='lat' dir='ltr'><strong>more</strong></span> <span class='ocrx_word' id='word_1_170' title='bbox 2716 982 3047 1043; x_wconf 66' lang='lat' dir='ltr'><strong>Judmorum,</strong></span> <span class='ocrx_word' id='word_1_171' title='bbox 3078 978 3294 1047; x_wconf 89' lang='lat' dir='ltr'><strong>quibus</strong></span> <span class='ocrx_word' id='word_1_172' title='bbox 3325 975 3644 1030; x_wconf 89' lang='lat' dir='ltr'><strong>sacriﬁcio-</strong></span> 
     </span>
    </p>
   </div>
   <div class='ocr_carea' id='block_1_25' title="bbox 2044 1064 3643 1142">
    <p class='ocr_par' dir='ltr' id='par_1_25' title="bbox 2044 1064 3643 1142">
     <span class='ocr_line' id='line_1_25' title="bbox 2044 1064 3643 1142; baseline -0.004 -17"><span class='ocrx_word' id='word_1_173' title='bbox 2044 1088 2160 1125; x_wconf 86' lang='lat' dir='ltr'><strong>rum</strong></span> <span class='ocrx_word' id='word_1_174' title='bbox 2192 1073 2331 1141; x_wconf 86' lang='lat' dir='ltr'><strong>leges</strong></span> <span class='ocrx_word' id='word_1_175' title='bbox 2362 1089 2391 1125; x_wconf 90' lang='lat' dir='ltr'><strong>a</strong></span> <span class='ocrx_word' id='word_1_176' title='bbox 2427 1073 2605 1142; x_wconf 79' lang='lat' dir='ltr'><strong>Moyse</strong></span> <span class='ocrx_word' id='word_1_177' title='bbox 2634 1071 3066 1141; x_wconf 83' lang='lat' dir='ltr'><strong>praescribuntur</strong></span> <span class='ocrx_word' id='word_1_178' title='bbox 3086 1108 3101 1131; x_wconf 89' lang='lat'><strong>,</strong></span> <span class='ocrx_word' id='word_1_179' title='bbox 3142 1064 3510 1121; x_wconf 86' lang='lat' dir='ltr'><strong>Christianis</strong></span> <span class='ocrx_word' id='word_1_180' title='bbox 3539 1079 3643 1118; x_wconf 88' lang='lat' dir='ltr'><strong>au-</strong></span> 
     </span>
    </p>
   </div>
   <div class='ocr_carea' id='block_1_26' title="bbox 2045 1153 3643 1231">
    <p class='ocr_par' dir='ltr' id='par_1_26' title="bbox 2045 1153 3643 1231">
     <span class='ocr_line' id='line_1_26' title="bbox 2045 1153 3643 1231; baseline -0.006 -17"><span class='ocrx_word' id='word_1_181' title='bbox 2045 1170 2160 1215; x_wconf 92' lang='lat' dir='ltr'><strong>ctor</strong></span> <span class='ocrx_word' id='word_1_182' title='bbox 2183 1172 2294 1228; x_wconf 90' lang='lat' dir='ltr'><strong>est,</strong></span> <span class='ocrx_word' id='word_1_183' title='bbox 2329 1170 2461 1216; x_wconf 91' lang='lat' dir='ltr'><strong>utet</strong></span> <span class='ocrx_word' id='word_1_184' title='bbox 2494 1164 2593 1231; x_wconf 87' lang='lat' dir='ltr'><strong>ipsi</strong></span> <span class='ocrx_word' id='word_1_185' title='bbox 2637 1169 2895 1214; x_wconf 85' lang='lat' dir='ltr'><strong>statutum</strong></span> <span class='ocrx_word' id='word_1_186' title='bbox 2940 1160 3009 1212; x_wconf 90' lang='lat' dir='ltr'><strong>ab</strong></span> <span class='ocrx_word' id='word_1_187' title='bbox 3053 1156 3345 1225; x_wconf 86' lang='lat' dir='ltr'><strong>apostolis</strong></span> <span class='ocrx_word' id='word_1_188' title='bbox 3398 1153 3643 1206; x_wconf 89' lang='lat' dir='ltr'><strong>oblatio-</strong></span> 
     </span>
    </p>
   </div>
   <div class='ocr_carea' id='block_1_27' title="bbox 2042 1244 3641 1313">
    <p class='ocr_par' dir='ltr' id='par_1_27' title="bbox 2042 1244 3641 1313">
     <span class='ocr_line' id='line_1_27' title="bbox 2042 1244 3641 1313; baseline -0.003 -10"><span class='ocrx_word' id='word_1_189' title='bbox 2042 1267 2167 1303; x_wconf 89' lang='lat' dir='ltr'><strong>num</strong></span> <span class='ocrx_word' id='word_1_190' title='bbox 2194 1260 2247 1305; x_wconf 92' lang='lat' dir='ltr'><strong>et</strong></span> <span class='ocrx_word' id='word_1_191' title='bbox 2271 1252 2563 1305; x_wconf 80' lang='lat' dir='ltr'><strong>ofﬁciorum</strong></span> <span class='ocrx_word' id='word_1_192' title='bbox 2607 1252 2847 1305; x_wconf 89' lang='lat' dir='ltr'><strong>ordinem</strong></span> <span class='ocrx_word' id='word_1_193' title='bbox 2880 1257 3206 1304; x_wconf 83' lang='lat' dir='ltr'><strong>reverenter</strong></span> <span class='ocrx_word' id='word_1_194' title='bbox 3249 1244 3545 1313; x_wconf 85' lang='lat' dir='ltr'><strong>accipiant</strong></span> <span class='ocrx_word' id='word_1_195' title='bbox 3578 1259 3641 1299; x_wconf 90' lang='lat' dir='ltr'><strong>ac</strong></span> 
     </span>
    </p>
   </div>
   <div class='ocr_carea' id='block_1_28' title="bbox 2043 1333 3643 1408">
    <p class='ocr_par' dir='ltr' id='par_1_28' title="bbox 2043 1333 3643 1408">
     <span class='ocr_line' id='line_1_28' title="bbox 2043 1333 3643 1408; baseline -0.004 -16"><span class='ocrx_word' id='word_1_196' title='bbox 2043 1348 2272 1392; x_wconf 86' lang='lat' dir='ltr'><strong>servent.</strong></span> <span class='ocrx_word' id='word_1_197' title='bbox 2301 1339 2411 1393; x_wconf 80' lang='lat' dir='ltr'><strong>Hoc</strong></span> <span class='ocrx_word' id='word_1_198' title='bbox 2436 1348 2632 1403; x_wconf 88' lang='lat' dir='ltr'><strong>autem,</strong></span> <span class='ocrx_word' id='word_1_199' title='bbox 2662 1347 2718 1391; x_wconf 92' lang='lat' dir='ltr'><strong>ut</strong></span> <span class='ocrx_word' id='word_1_200' title='bbox 2744 1340 2858 1408; x_wconf 91' lang='lat' dir='ltr'><strong>ipse</strong></span> <span class='ocrx_word' id='word_1_201' title='bbox 2885 1354 2939 1393; x_wconf 92' lang='lat' dir='ltr'><strong>v.</strong></span> <span class='ocrx_word' id='word_1_202' title='bbox 2970 1338 3043 1391; x_wconf 89' lang='lat' dir='ltr'><strong>cl.</strong></span> <span class='ocrx_word' id='word_1_203' title='bbox 3078 1335 3291 1391; x_wconf 89' lang='lat' dir='ltr'><strong>Claud.</strong></span> <span class='ocrx_word' id='word_1_204' title='bbox 3319 1333 3529 1402; x_wconf 86' lang='lat' dir='ltr'><strong>Fleury</strong></span> <span class='ocrx_word' id='word_1_205' title='bbox 3562 1333 3643 1386; x_wconf 84' lang='lat' dir='ltr'><strong>fa-</strong></span> 
     </span>
    </p>
   </div>
   <div class='ocr_carea' id='block_1_29' title="bbox 2041 1422 3641 1496">
    <p class='ocr_par' dir='ltr' id='par_1_29' title="bbox 2041 1422 3641 1496">
     <span class='ocr_line' id='line_1_29' title="bbox 2041 1422 3641 1496; baseline -0.001 -20"><span class='ocrx_word' id='word_1_206' title='bbox 2041 1433 2205 1488; x_wconf 89' lang='lat' dir='ltr'><strong>tetur,</strong></span> <span class='ocrx_word' id='word_1_207' title='bbox 2237 1427 2291 1479; x_wconf 92' lang='lat' dir='ltr'><strong>in</strong></span> <span class='ocrx_word' id='word_1_208' title='bbox 2317 1426 2649 1496; x_wconf 78' lang='lat' dir='ltr'><strong>exponendis</strong></span> <span class='ocrx_word' id='word_1_209' title='bbox 2678 1426 3194 1496; x_wconf 86' lang='lat' dir='ltr'><strong>comparationibus</strong></span> <span class='ocrx_word' id='word_1_210' title='bbox 3230 1422 3547 1485; x_wconf 86' lang='lat' dir='ltr'><strong>usuvenit,</strong></span> <span class='ocrx_word' id='word_1_211' title='bbox 3582 1431 3641 1475; x_wconf 93' lang='lat' dir='ltr'><strong>ut</strong></span> 
     </span>
    </p>
   </div>
   <div class='ocr_carea' id='block_1_30' title="bbox 2040 1514 3643 1586">
    <p class='ocr_par' dir='ltr' id='par_1_30' title="bbox 2040 1514 3643 1586">
     <span class='ocr_line' id='line_1_30' title="bbox 2040 1514 3643 1586; baseline 0 -18"><span class='ocrx_word' id='word_1_212' title='bbox 2040 1531 2125 1568; x_wconf 89' lang='lat' dir='ltr'><strong>res</strong></span> <span class='ocrx_word' id='word_1_213' title='bbox 2150 1518 2431 1584; x_wconf 68' lang='lat' dir='ltr'><strong>praeterita:</strong></span> <span class='ocrx_word' id='word_1_214' title='bbox 2468 1518 2687 1585; x_wconf 86' lang='lat' dir='ltr'><strong>perinde</strong></span> <span class='ocrx_word' id='word_1_215' title='bbox 2728 1532 2790 1571; x_wconf 91' lang='lat' dir='ltr'><strong>ac</strong></span> <span class='ocrx_word' id='word_1_216' title='bbox 2820 1516 2865 1571; x_wconf 90' lang='lat' dir='ltr'><strong>si</strong></span> <span class='ocrx_word' id='word_1_217' title='bbox 2892 1523 3205 1586; x_wconf 61' lang='lat' dir='ltr'><strong>praesentes</strong></span> <span class='ocrx_word' id='word_1_218' title='bbox 3241 1514 3541 1580; x_wconf 89' lang='lat' dir='ltr'><strong>adessent,</strong></span> <span class='ocrx_word' id='word_1_219' title='bbox 3573 1516 3643 1568; x_wconf 89' lang='lat' dir='ltr'><strong>ob</strong></span> 
     </span>
    </p>
   </div>
   <div class='ocr_carea' id='block_1_31' title="bbox 2041 1607 2539 1675">
    <p class='ocr_par' dir='ltr' id='par_1_31' title="bbox 2041 1607 2539 1675">
     <span class='ocr_line' id='line_1_31' title="bbox 2041 1607 2539 1675; baseline 0.006 -19"><span class='ocrx_word' id='word_1_220' title='bbox 2041 1607 2226 1659; x_wconf 92' lang='lat' dir='ltr'><strong>oculos</strong></span> <span class='ocrx_word' id='word_1_221' title='bbox 2257 1616 2539 1675; x_wconf 90' lang='lat' dir='ltr'><strong>ponantur.</strong></span> 
     </span>
    </p>
   </div>
   <div class='ocr_carea' id='block_1_32' title="bbox 424 1666 3644 1762">
    <p class='ocr_par' dir='ltr' id='par_1_32' title="bbox 424 1666 3644 1762">
     <span class='ocr_line' id='line_1_32' title="bbox 424 1666 3644 1762; baseline -0.002 -12"><span class='ocrx_word' id='word_1_222' title='bbox 424 1666 655 1752; x_wconf 68' lang='lat' dir='ltr'><strong>Irenaeus</strong></span> <span class='ocrx_word' id='word_1_223' title='bbox 800 1712 880 1757; x_wconf 88' lang='grc' dir='ltr'>ιιι,</span> <span class='ocrx_word' id='word_1_224' title='bbox 908 1693 1036 1748; x_wconf 77' lang='lat' dir='ltr'><strong>Adv.</strong></span> <span class='ocrx_word' id='word_1_225' title='bbox 1061 1692 1240 1746; x_wconf 72' lang='lat' dir='ltr'><strong>lateres.</strong></span> <span class='ocrx_word' id='word_1_226' title='bbox 1270 1707 1320 1745; x_wconf 94' lang='lat' dir='ltr'><strong>c.</strong></span> <span class='ocrx_word' id='word_1_227' title='bbox 1346 1693 1397 1753; x_wconf 77' lang='lat'><strong>3,</strong></span> <span class='ocrx_word' id='word_1_228' title='bbox 1422 1702 1471 1745; x_wconf 89' lang='lat' dir='ltr'><strong>et</strong></span> <span class='ocrx_word' id='word_1_229' title='bbox 1492 1666 1630 1758; x_wconf 77' lang='lat' dir='ltr'><strong>apud</strong></span> <span class='ocrx_word' id='word_1_230' title='bbox 1658 1690 1940 1746; x_wconf 83' lang='lat' dir='ltr'><strong>Eusebium</strong></span> <span class='ocrx_word' id='word_1_231' title='bbox 1975 1666 2018 1724; x_wconf 76' lang='grc' dir='ltr'><strong>Β</strong></span> <span class='ocrx_word' id='word_1_232' title='bbox 2116 1666 2501 1749; x_wconf 43' lang='lat' dir='ltr'><strong>Vlll..Frustra</strong></span> <span class='ocrx_word' id='word_1_233' title='bbox 2524 1697 2681 1750; x_wconf 90' lang='lat' dir='ltr'><strong>etiam</strong></span> <span class='ocrx_word' id='word_1_234' title='bbox 2710 1695 3036 1750; x_wconf 89' lang='lat' dir='ltr'><strong>Clementem</strong></span> <span class='ocrx_word' id='word_1_235' title='bbox 3071 1692 3345 1762; x_wconf 78' lang='lat' dir='ltr'><strong>proxime</strong></span> <span class='ocrx_word' id='word_1_236' title='bbox 3381 1701 3513 1760; x_wconf 90' lang='lat' dir='ltr'><strong>post</strong></span> <span class='ocrx_word' id='word_1_237' title='bbox 3544 1691 3644 1746; x_wconf 87' lang='lat' dir='ltr'><strong>Pe-</strong></span> 
     </span>
    </p>
   </div>
   <div class='ocr_carea' id='block_1_33' title="bbox 428 1780 1943 1850">
    <p class='ocr_par' dir='ltr' id='par_1_33' title="bbox 428 1780 1943 1850">
     <span class='ocr_line' id='line_1_33' title="bbox 428 1780 1943 1850; baseline -0.003 -13"><span class='ocrx_word' id='word_1_238' title='bbox 428 1786 568 1840; x_wconf 79' lang='lat' dir='ltr'><strong>llist.</strong></span> <span class='ocrx_word' id='word_1_239' title='bbox 617 1785 777 1849; x_wconf 60' lang='grc' dir='ltr'><strong>βοείη</strong></span> <span class='ocrx_word' id='word_1_240' title='bbox 808 1784 903 1838; x_wconf 89' lang='lat' dir='ltr'><strong>lib.</strong></span> <span class='ocrx_word' id='word_1_241' title='bbox 932 1800 992 1846; x_wconf 89' lang='lat' dir='ltr'><strong>v,</strong></span> <span class='ocrx_word' id='word_1_242' title='bbox 1023 1797 1142 1850; x_wconf 89' lang='lat' dir='ltr'><strong>cap.</strong></span> <span class='ocrx_word' id='word_1_243' title='bbox 1177 1781 1243 1847; x_wconf 81' lang='lat' dir='ltr'><strong>ti;</strong></span> <span class='ocrx_word' id='word_1_244' title='bbox 1284 1789 1392 1833; x_wconf 91' lang='lat' dir='ltr'><strong>tum</strong></span> <span class='ocrx_word' id='word_1_245' title='bbox 1435 1780 1763 1848; x_wconf 84' lang='lat' dir='ltr'><strong>Hegesippus</strong></span> <span class='ocrx_word' id='word_1_246' title='bbox 1805 1781 1943 1848; x_wconf 85' lang='lat' dir='ltr'><strong>apud</strong></span> 
     </span>
    </p>
   </div>
   <div class='ocr_carea' id='block_1_34' title="bbox 424 1869 1944 1934">
    <p class='ocr_par' dir='ltr' id='par_1_34' title="bbox 424 1869 1944 1934">
     <span class='ocr_line' id='line_1_34' title="bbox 424 1869 1944 1934; baseline -0.005 -4"><span class='ocrx_word' id='word_1_247' title='bbox 424 1874 665 1930; x_wconf 87' lang='lat' dir='ltr'><strong>eumdem</strong></span> <span class='ocrx_word' id='word_1_248' title='bbox 704 1874 992 1928; x_wconf 86' lang='lat' dir='ltr'><strong>Eusebium</strong></span> <span class='ocrx_word' id='word_1_249' title='bbox 1024 1873 1117 1925; x_wconf 92' lang='lat' dir='ltr'><strong>lib.</strong></span> <span class='ocrx_word' id='word_1_250' title='bbox 1156 1887 1242 1934; x_wconf 87' lang='lat' dir='ltr'><strong>Iv,</strong></span> <span class='ocrx_word' id='word_1_251' title='bbox 1279 1886 1328 1923; x_wconf 92' lang='lat' dir='ltr'><strong>c.</strong></span> <span class='ocrx_word' id='word_1_252' title='bbox 1362 1869 1458 1932; x_wconf 71' lang='grc'><strong>22,</strong></span> <span class='ocrx_word' id='word_1_253' title='bbox 1495 1885 1615 1923; x_wconf 91' lang='lat' dir='ltr'><strong>cum</strong></span> <span class='ocrx_word' id='word_1_254' title='bbox 1653 1869 1944 1923; x_wconf 83' lang='lat' dir='ltr'><strong>dissensio-</strong></span> 
     </span>
    </p>
   </div>
   <div class='ocr_carea' id='block_1_35' title="bbox 424 1959 1943 2033">
    <p class='ocr_par' dir='ltr' id='par_1_35' title="bbox 424 1959 1943 2033">
     <span class='ocr_line' id='line_1_35' title="bbox 424 1959 1943 2033; baseline -0.003 -17"><span class='ocrx_word' id='word_1_255' title='bbox 424 1980 567 2029; x_wconf 86' lang='lat' dir='ltr'><strong>nem,</strong></span> <span class='ocrx_word' id='word_1_256' title='bbox 598 1978 757 2033; x_wconf 88' lang='lat' dir='ltr'><strong>quam</strong></span> <span class='ocrx_word' id='word_1_257' title='bbox 784 1963 973 2018; x_wconf 86' lang='lat' dir='ltr'><strong>sedare</strong></span> <span class='ocrx_word' id='word_1_258' title='bbox 998 1976 1142 2015; x_wconf 83' lang='lat' dir='ltr'><strong>nunc</strong></span> <span class='ocrx_word' id='word_1_259' title='bbox 1169 1968 1395 2015; x_wconf 89' lang='lat' dir='ltr'><strong>conatur</strong></span> <span class='ocrx_word' id='word_1_260' title='bbox 1415 1959 1679 2022; x_wconf 89' lang='lat' dir='ltr'><strong>Clemens,</strong></span> <span class='ocrx_word' id='word_1_261' title='bbox 1709 1974 1814 2011; x_wconf 91' lang='lat' dir='ltr'><strong>non</strong></span> <span class='ocrx_word' id='word_1_262' title='bbox 1844 1959 1943 2012; x_wconf 91' lang='lat' dir='ltr'><strong>sub</strong></span> 
     </span>
    </p>
   </div>
   <div class='ocr_carea' id='block_1_36' title="bbox 423 2047 1945 2113">
    <p class='ocr_par' dir='ltr' id='par_1_36' title="bbox 423 2047 1945 2113">
     <span class='ocr_line' id='line_1_36' title="bbox 423 2047 1945 2113; baseline -0.002 -10"><span class='ocrx_word' id='word_1_263' title='bbox 423 2049 601 2113; x_wconf 89' lang='lat' dir='ltr'><strong>Petro,</strong></span> <span class='ocrx_word' id='word_1_264' title='bbox 634 2051 727 2105; x_wconf 88' lang='lat' dir='ltr'><strong>sed</strong></span> <span class='ocrx_word' id='word_1_265' title='bbox 749 2052 848 2105; x_wconf 89' lang='lat' dir='ltr'><strong>sub</strong></span> <span class='ocrx_word' id='word_1_266' title='bbox 866 2049 1138 2104; x_wconf 89' lang='lat' dir='ltr'><strong>Clemente</strong></span> <span class='ocrx_word' id='word_1_267' title='bbox 1163 2058 1332 2103; x_wconf 89' lang='lat' dir='ltr'><strong>ortam</strong></span> <span class='ocrx_word' id='word_1_268' title='bbox 1368 2063 1486 2103; x_wconf 91' lang='lat' dir='ltr'><strong>esse</strong></span> <span class='ocrx_word' id='word_1_269' title='bbox 1509 2055 1792 2102; x_wconf 90' lang='lat' dir='ltr'><strong>testantur.</strong></span> <span class='ocrx_word' id='word_1_270' title='bbox 1811 2047 1945 2101; x_wconf 86' lang='lat' dir='ltr'><strong>Prae-</strong></span> 
     </span>
    </p>
   </div>
   <div class='ocr_carea' id='block_1_37' title="bbox 423 2139 1940 2208">
    <p class='ocr_par' dir='ltr' id='par_1_37' title="bbox 423 2139 1940 2208">
     <span class='ocr_line' id='line_1_37' title="bbox 423 2139 1940 2208; baseline -0.002 -13"><span class='ocrx_word' id='word_1_271' title='bbox 423 2151 565 2196; x_wconf 88' lang='lat' dir='ltr'><strong>terea</strong></span> <span class='ocrx_word' id='word_1_272' title='bbox 591 2157 710 2195; x_wconf 92' lang='lat' dir='ltr'><strong>cum</strong></span> <span class='ocrx_word' id='word_1_273' title='bbox 734 2141 871 2195; x_wconf 86' lang='lat' dir='ltr'><strong>idem</strong></span> <span class='ocrx_word' id='word_1_274' title='bbox 898 2139 1126 2194; x_wconf 68' lang='lat' dir='ltr'><strong>Irenaaus</strong></span> <span class='ocrx_word' id='word_1_275' title='bbox 1147 2179 1161 2202; x_wconf 96' lang='lat'><strong>,</strong></span> <span class='ocrx_word' id='word_1_276' title='bbox 1194 2139 1607 2208; x_wconf 90' lang='lat' dir='ltr'><strong>apostolicorum</strong></span> <span class='ocrx_word' id='word_1_277' title='bbox 1647 2148 1940 2208; x_wconf 90' lang='lat' dir='ltr'><strong>temporum</strong></span> 
     </span>
    </p>
   </div>
   <div class='ocr_carea' id='block_1_38' title="bbox 420 2230 1942 2297">
    <p class='ocr_par' dir='ltr' id='par_1_38' title="bbox 420 2230 1942 2297">
     <span class='ocr_line' id='line_1_38' title="bbox 420 2230 1942 2297; baseline -0.001 -14"><span class='ocrx_word' id='word_1_278' title='bbox 420 2240 529 2285; x_wconf 85' lang='lat' dir='ltr'><strong>tam</strong></span> <span class='ocrx_word' id='word_1_279' title='bbox 554 2233 778 2294; x_wconf 88' lang='lat' dir='ltr'><strong>vicinus,</strong></span> <span class='ocrx_word' id='word_1_280' title='bbox 796 2230 1117 2285; x_wconf 84' lang='lat' dir='ltr'><strong>Clementem</strong></span> <span class='ocrx_word' id='word_1_281' title='bbox 1145 2230 1300 2283; x_wconf 90' lang='lat' dir='ltr'><strong>tertio</strong></span> <span class='ocrx_word' id='word_1_282' title='bbox 1327 2230 1442 2283; x_wconf 90' lang='lat' dir='ltr'><strong>loco</strong></span> <span class='ocrx_word' id='word_1_283' title='bbox 1465 2230 1531 2282; x_wconf 90' lang='lat' dir='ltr'><strong>ab</strong></span> <span class='ocrx_word' id='word_1_284' title='bbox 1553 2231 1806 2297; x_wconf 90' lang='lat' dir='ltr'><strong>apostolis</strong></span> <span class='ocrx_word' id='word_1_285' title='bbox 1822 2236 1942 2296; x_wconf 90' lang='lat' dir='ltr'><strong>post</strong></span> 
     </span>
    </p>
   </div>
   <div class='ocr_carea' id='block_1_39' title="bbox 420 2316 1942 2381">
    <p class='ocr_par' dir='ltr' id='par_1_39' title="bbox 420 2316 1942 2381">
     <span class='ocr_line' id='line_1_39' title="bbox 420 2316 1942 2381; baseline 0 -8"><span class='ocrx_word' id='word_1_286' title='bbox 420 2319 611 2373; x_wconf 90' lang='lat' dir='ltr'><strong>Linum</strong></span> <span class='ocrx_word' id='word_1_287' title='bbox 636 2327 689 2373; x_wconf 91' lang='lat' dir='ltr'><strong>et</strong></span> <span class='ocrx_word' id='word_1_288' title='bbox 714 2319 943 2380; x_wconf 90' lang='lat' dir='ltr'><strong>Cletum,</strong></span> <span class='ocrx_word' id='word_1_289' title='bbox 975 2333 1067 2372; x_wconf 90' lang='lat' dir='ltr'><strong>seu</strong></span> <span class='ocrx_word' id='word_1_290' title='bbox 1093 2325 1149 2370; x_wconf 91' lang='lat' dir='ltr'><strong>ut</strong></span> <span class='ocrx_word' id='word_1_291' title='bbox 1182 2326 1359 2381; x_wconf 90' lang='lat' dir='ltr'><strong>vocat,</strong></span> <span class='ocrx_word' id='word_1_292' title='bbox 1386 2318 1694 2372; x_wconf 86' lang='lat' dir='ltr'><strong>Anacletum</strong></span> <span class='ocrx_word' id='word_1_293' title='bbox 1713 2356 1728 2379; x_wconf 96' lang='lat'><strong>,</strong></span> <span class='ocrx_word' id='word_1_294' title='bbox 1760 2316 1942 2373; x_wconf 62' lang='lat' dir='ltr'><strong>Romae</strong></span> 
     </span>
    </p>
   </div>
   <div class='ocr_carea' id='block_1_40' title="bbox 419 2407 1941 2479">
    <p class='ocr_par' dir='ltr' id='par_1_40' title="bbox 419 2407 1941 2479">
     <span class='ocr_line' id='line_1_40' title="bbox 419 2407 1941 2479; baseline -0.001 -14"><span class='ocrx_word' id='word_1_295' title='bbox 419 2410 784 2479; x_wconf 84' lang='lat' dir='ltr'><strong>episcopatum</strong></span> <span class='ocrx_word' id='word_1_296' title='bbox 808 2407 1058 2462; x_wconf 87' lang='lat' dir='ltr'><strong>sortitum</strong></span> <span class='ocrx_word' id='word_1_297' title='bbox 1080 2422 1199 2462; x_wconf 91' lang='lat' dir='ltr'><strong>esse</strong></span> <span class='ocrx_word' id='word_1_298' title='bbox 1226 2409 1457 2471; x_wconf 86' lang='lat' dir='ltr'><strong>scribat,</strong></span> <span class='ocrx_word' id='word_1_299' title='bbox 1490 2409 1750 2477; x_wconf 89' lang='lat' dir='ltr'><strong>reliquum</strong></span> <span class='ocrx_word' id='word_1_300' title='bbox 1779 2418 1861 2463; x_wconf 91' lang='lat' dir='ltr'><strong>est</strong></span> <span class='ocrx_word' id='word_1_301' title='bbox 1883 2418 1941 2463; x_wconf 93' lang='lat' dir='ltr'><strong>ut</strong></span> 
     </span>
    </p>
   </div>
   <div class='ocr_carea' id='block_1_41' title="bbox 418 2496 1940 2568">
    <p class='ocr_par' dir='ltr' id='par_1_41' title="bbox 418 2496 1940 2568">
     <span class='ocr_line' id='line_1_41' title="bbox 418 2496 1940 2568; baseline 0.002 -15"><span class='ocrx_word' id='word_1_302' title='bbox 418 2513 540 2554; x_wconf 86' lang='lat' dir='ltr'><strong>eum</strong></span> <span class='ocrx_word' id='word_1_303' title='bbox 569 2498 809 2567; x_wconf 90' lang='lat' dir='ltr'><strong>pluribus</strong></span> <span class='ocrx_word' id='word_1_304' title='bbox 833 2505 951 2568; x_wconf 83' lang='lat' dir='ltr'><strong>post</strong></span> <span class='ocrx_word' id='word_1_305' title='bbox 975 2496 1233 2553; x_wconf 88' lang='lat' dir='ltr'><strong>Neronem</strong></span> <span class='ocrx_word' id='word_1_306' title='bbox 1246 2500 1398 2553; x_wconf 89' lang='lat' dir='ltr'><strong>annis</strong></span> <span class='ocrx_word' id='word_1_307' title='bbox 1419 2498 1670 2553; x_wconf 74' lang='lat' dir='ltr'><strong>Romana:</strong></span> <span class='ocrx_word' id='word_1_308' title='bbox 1694 2499 1940 2556; x_wconf 73' lang='lat' dir='ltr'><strong>Ecclesiae</strong></span> 
     </span>
    </p>
   </div>
   <div class='ocr_carea' id='block_1_42' title="bbox 418 2585 1937 2656">
    <p class='ocr_par' dir='ltr' id='par_1_42' title="bbox 418 2585 1937 2656">
     <span class='ocr_line' id='line_1_42' title="bbox 418 2585 1937 2656; baseline 0.004 -17"><span class='ocrx_word' id='word_1_309' title='bbox 418 2585 925 2641; x_wconf 85' lang='lat' dir='ltr'><strong>administrationem</strong></span> <span class='ocrx_word' id='word_1_310' title='bbox 938 2587 1239 2656; x_wconf 89' lang='lat' dir='ltr'><strong>suscepisse</strong></span> <span class='ocrx_word' id='word_1_311' title='bbox 1259 2588 1558 2643; x_wconf 90' lang='lat' dir='ltr'><strong>crediderit.</strong></span> <span class='ocrx_word' id='word_1_312' title='bbox 1592 2589 1741 2644; x_wconf 86' lang='lat' dir='ltr'><strong>Hunc</strong></span> <span class='ocrx_word' id='word_1_313' title='bbox 1763 2598 1937 2645; x_wconf 89' lang='lat' dir='ltr'><strong>autem</strong></span> 
     </span>
    </p>
   </div>
   <div class='ocr_carea' id='block_1_43' title="bbox 415 2674 1937 2746">
    <p class='ocr_par' dir='ltr' id='par_1_43' title="bbox 415 2674 1937 2746">
     <span class='ocr_line' id='line_1_43' title="bbox 415 2674 1937 2746; baseline 0.003 -16"><span class='ocrx_word' id='word_1_314' title='bbox 415 2674 561 2730; x_wconf 88' lang='lat' dir='ltr'><strong>eain</strong></span> <span class='ocrx_word' id='word_1_315' title='bbox 588 2691 647 2732; x_wconf 89' lang='lat' dir='ltr'><strong>re</strong></span> <span class='ocrx_word' id='word_1_316' title='bbox 672 2675 865 2729; x_wconf 86' lang='lat' dir='ltr'><strong>falsum</strong></span> <span class='ocrx_word' id='word_1_317' title='bbox 905 2691 1024 2731; x_wconf 90' lang='lat' dir='ltr'><strong>esse</strong></span> <span class='ocrx_word' id='word_1_318' title='bbox 1053 2678 1175 2746; x_wconf 87' lang='lat' dir='ltr'><strong>quis</strong></span> <span class='ocrx_word' id='word_1_319' title='bbox 1216 2677 1318 2731; x_wconf 88' lang='lat' dir='ltr'><strong>sibi</strong></span> <span class='ocrx_word' id='word_1_320' title='bbox 1358 2679 1710 2746; x_wconf 86' lang='lat' dir='ltr'><strong>persuadeat?</strong></span> <span class='ocrx_word' id='word_1_321' title='bbox 1753 2679 1937 2735; x_wconf 89' lang='lat' dir='ltr'><strong>Eidem</strong></span> 
     </span>
    </p>
   </div>
   <div class='ocr_carea' id='block_1_44' title="bbox 414 2763 1937 2836">
    <p class='ocr_par' dir='ltr' id='par_1_44' title="bbox 414 2763 1937 2836">
     <span class='ocr_line' id='line_1_44' title="bbox 414 2763 1937 2836; baseline 0.003 -18"><span class='ocrx_word' id='word_1_322' title='bbox 414 2763 773 2833; x_wconf 79' lang='lat' dir='ltr'><strong>suffragantur</strong></span> <span class='ocrx_word' id='word_1_323' title='bbox 807 2772 859 2818; x_wconf 90' lang='lat' dir='ltr'><strong>et</strong></span> <span class='ocrx_word' id='word_1_324' title='bbox 898 2766 1139 2835; x_wconf 89' lang='lat' dir='ltr'><strong>plerique</strong></span> <span class='ocrx_word' id='word_1_325' title='bbox 1180 2765 1401 2831; x_wconf 85' lang='lat' dir='ltr'><strong>Patres,</strong></span> <span class='ocrx_word' id='word_1_326' title='bbox 1445 2768 1535 2836; x_wconf 90' lang='lat' dir='ltr'><strong>qui</strong></span> <span class='ocrx_word' id='word_1_327' title='bbox 1578 2767 1937 2823; x_wconf 87' lang='lat' dir='ltr'><strong>Romanorum</strong></span> 
     </span>
    </p>
   </div>
   <div class='ocr_carea' id='block_1_45' title="bbox 416 2854 1937 2927">
    <p class='ocr_par' dir='ltr' id='par_1_45' title="bbox 416 2854 1937 2927">
     <span class='ocr_line' id='line_1_45' title="bbox 416 2854 1937 2927; baseline 0.005 -19"><span class='ocrx_word' id='word_1_328' title='bbox 416 2854 728 2909; x_wconf 84' lang='lat' dir='ltr'><strong>Pontiﬁcum</strong></span> <span class='ocrx_word' id='word_1_329' title='bbox 759 2856 946 2910; x_wconf 89' lang='lat' dir='ltr'><strong>seriem</strong></span> <span class='ocrx_word' id='word_1_330' title='bbox 974 2863 1187 2919; x_wconf 82' lang='lat' dir='ltr'><strong>texunt,</strong></span> <span class='ocrx_word' id='word_1_331' title='bbox 1231 2866 1388 2926; x_wconf 87' lang='lat' dir='ltr'><strong>atque</strong></span> <span class='ocrx_word' id='word_1_332' title='bbox 1428 2859 1530 2927; x_wconf 87' lang='lat' dir='ltr'><strong>ipsi</strong></span> <span class='ocrx_word' id='word_1_333' title='bbox 1559 2870 1762 2914; x_wconf 89' lang='lat' dir='ltr'><strong>veteres</strong></span> <span class='ocrx_word' id='word_1_334' title='bbox 1790 2870 1937 2915; x_wconf 84' lang='lat' dir='ltr'><strong>cata-</strong></span> 
     </span>
    </p>
   </div>
   <div class='ocr_carea' id='block_1_46' title="bbox 415 2942 2002 3037">
    <p class='ocr_par' dir='ltr' id='par_1_46' title="bbox 415 2942 2002 3037">
     <span class='ocr_line' id='line_1_46' title="bbox 415 2942 2002 3037; baseline 0.006 -41"><span class='ocrx_word' id='word_1_335' title='bbox 415 2944 544 3013; x_wconf 83' lang='lat' dir='ltr'><strong>logi,</strong></span> <span class='ocrx_word' id='word_1_336' title='bbox 572 2946 623 2997; x_wconf 91' lang='lat' dir='ltr'><strong>in</strong></span> <span class='ocrx_word' id='word_1_337' title='bbox 646 2944 840 3013; x_wconf 91' lang='lat' dir='ltr'><strong>quibus</strong></span> <span class='ocrx_word' id='word_1_338' title='bbox 866 2942 1022 2999; x_wconf 90' lang='lat' dir='ltr'><strong>Petro</strong></span> <span class='ocrx_word' id='word_1_339' title='bbox 1058 2945 1244 3009; x_wconf 87' lang='lat' dir='ltr'><strong>Linus,</strong></span> <span class='ocrx_word' id='word_1_340' title='bbox 1276 2947 1411 3001; x_wconf 90' lang='lat' dir='ltr'><strong>Lino</strong></span> <span class='ocrx_word' id='word_1_341' title='bbox 1438 2947 1637 3014; x_wconf 75' lang='lat' dir='ltr'><strong>Cletus,</strong></span> <span class='ocrx_word' id='word_1_342' title='bbox 1670 2950 1935 3005; x_wconf 87' lang='lat' dir='ltr'><strong>buicCle-</strong></span> <span class='ocrx_word' id='word_1_343' title='bbox 1961 2981 2002 3037; x_wconf 70' lang='grc' dir='ltr'>ο</span> 
     </span>
    </p>
   </div>
   <div class='ocr_carea' id='block_1_47' title="bbox 415 3034 1936 3108">
    <p class='ocr_par' dir='ltr' id='par_1_47' title="bbox 415 3034 1936 3108">
     <span class='ocr_line' id='line_1_47' title="bbox 415 3034 1936 3108; baseline 0.006 -22"><span class='ocrx_word' id='word_1_344' title='bbox 415 3048 566 3087; x_wconf 89' lang='lat' dir='ltr'><strong>mens</strong></span> <span class='ocrx_word' id='word_1_345' title='bbox 612 3034 939 3088; x_wconf 87' lang='lat' dir='ltr'><strong>successisse</strong></span> <span class='ocrx_word' id='word_1_346' title='bbox 982 3034 1194 3104; x_wconf 83' lang='lat' dir='ltr'><strong>legitur.</strong></span> <span class='ocrx_word' id='word_1_347' title='bbox 1238 3035 1357 3105; x_wconf 90' lang='lat' dir='ltr'><strong>lpsa</strong></span> <span class='ocrx_word' id='word_1_348' title='bbox 1401 3053 1611 3108; x_wconf 89' lang='lat' dir='ltr'><strong>quoque</strong></span> <span class='ocrx_word' id='word_1_349' title='bbox 1651 3038 1936 3095; x_wconf 91' lang='lat' dir='ltr'><strong>Clementis</strong></span> 
     </span>
    </p>
   </div>
   <div class='ocr_carea' id='block_1_48' title="bbox 411 3121 1935 3196">
    <p class='ocr_par' dir='ltr' id='par_1_48' title="bbox 411 3121 1935 3196">
     <span class='ocr_line' id='line_1_48' title="bbox 411 3121 1935 3196; baseline 0.005 -22"><span class='ocrx_word' id='word_1_350' title='bbox 411 3122 573 3176; x_wconf 84' lang='lat' dir='ltr'><strong>verba</strong></span> <span class='ocrx_word' id='word_1_351' title='bbox 598 3137 744 3176; x_wconf 91' lang='lat' dir='ltr'><strong>num.</strong></span> <span class='ocrx_word' id='word_1_352' title='bbox 770 3121 839 3175; x_wconf 72' lang='grc'><strong>44</strong></span> <span class='ocrx_word' id='word_1_353' title='bbox 866 3122 957 3190; x_wconf 93' lang='lat' dir='ltr'><strong>qui</strong></span> <span class='ocrx_word' id='word_1_354' title='bbox 986 3124 1315 3191; x_wconf 84' lang='lat' dir='ltr'><strong>expenderit,</strong></span> <span class='ocrx_word' id='word_1_355' title='bbox 1345 3126 1433 3179; x_wconf 92' lang='lat' dir='ltr'><strong>ubi</strong></span> <span class='ocrx_word' id='word_1_356' title='bbox 1476 3127 1690 3179; x_wconf 85' lang='lat' dir='ltr'><strong>laudata</strong></span> <span class='ocrx_word' id='word_1_357' title='bbox 1725 3137 1935 3196; x_wconf 57' lang='lat' dir='ltr'><strong>apostoo</strong></span> 
     </span>
    </p>
   </div>
   <div class='ocr_carea' id='block_1_49' title="bbox 413 3208 1934 3282">
    <p class='ocr_par' dir='ltr' id='par_1_49' title="bbox 413 3208 1934 3282">
     <span class='ocr_line' id='line_1_49' title="bbox 413 3208 1934 3282; baseline 0.005 -21"><span class='ocrx_word' id='word_1_358' title='bbox 413 3208 584 3262; x_wconf 81' lang='lat' dir='ltr'><strong>larunt</strong></span> <span class='ocrx_word' id='word_1_359' title='bbox 630 3209 964 3278; x_wconf 88' lang='lat' dir='ltr'><strong>providentia</strong></span> <span class='ocrx_word' id='word_1_360' title='bbox 1009 3211 1189 3264; x_wconf 91' lang='lat' dir='ltr'><strong>subdit</strong></span> <span class='ocrx_word' id='word_1_361' title='bbox 1218 3230 1230 3265; x_wconf 88' lang='lat'><strong>:</strong></span> <span class='ocrx_word' id='word_1_362' title='bbox 1257 3212 1358 3277; x_wconf 83' lang='lat' dir='ltr'><strong>Qui</strong></span> <span class='ocrx_word' id='word_1_363' title='bbox 1402 3214 1561 3282; x_wconf 81' lang='lat' dir='ltr'><strong>igitur</strong></span> <span class='ocrx_word' id='word_1_364' title='bbox 1598 3214 1660 3266; x_wconf 87' lang='lat' dir='ltr'><strong>ab</strong></span> <span class='ocrx_word' id='word_1_365' title='bbox 1686 3216 1812 3277; x_wconf 79' lang='lat' dir='ltr'><strong>illis,</strong></span> <span class='ocrx_word' id='word_1_366' title='bbox 1846 3225 1934 3268; x_wconf 86' lang='lat' dir='ltr'><strong>aut</strong></span> 
     </span>
    </p>
   </div>
   <div class='ocr_carea' id='block_1_50' title="bbox 411 3298 1933 3367">
    <p class='ocr_par' dir='ltr' id='par_1_50' title="bbox 411 3298 1933 3367">
     <span class='ocr_line' id='line_1_50' title="bbox 411 3298 1933 3367; baseline 0.003 -17"><span class='ocrx_word' id='word_1_367' title='bbox 411 3298 649 3367; x_wconf 78' lang='lat' dir='ltr'><strong>deinceps</strong></span> <span class='ocrx_word' id='word_1_368' title='bbox 693 3298 756 3352; x_wconf 83' lang='lat' dir='ltr'><strong>ab</strong></span> <span class='ocrx_word' id='word_1_369' title='bbox 796 3300 914 3352; x_wconf 77' lang='lat' dir='ltr'><strong>aliis</strong></span> <span class='ocrx_word' id='word_1_370' title='bbox 962 3300 1084 3353; x_wconf 83' lang='lat' dir='ltr'><strong>viris</strong></span> <span class='ocrx_word' id='word_1_371' title='bbox 1121 3300 1324 3354; x_wconf 72' lang='lat' dir='ltr'><strong>eximiis</strong></span> <span class='ocrx_word' id='word_1_372' title='bbox 1365 3304 1628 3355; x_wconf 80' lang='lat' dir='ltr'><strong>constituti</strong></span> <span class='ocrx_word' id='word_1_373' title='bbox 1654 3312 1841 3357; x_wconf 82' lang='lat' dir='ltr'><strong>sunt...</strong></span> <span class='ocrx_word' id='word_1_374' title='bbox 1873 3321 1933 3356; x_wconf 81' lang='lat' dir='ltr'><strong>ac</strong></span> 
     </span>
    </p>
   </div>
   <div class='ocr_carea' id='block_1_51' title="bbox 414 3389 1931 3461">
    <p class='ocr_par' dir='ltr' id='par_1_51' title="bbox 414 3389 1931 3461">
     <span class='ocr_line' id='line_1_51' title="bbox 414 3389 1931 3461; baseline 0.005 -23"><span class='ocrx_word' id='word_1_375' title='bbox 414 3389 564 3461; x_wconf 75' lang='lat' dir='ltr'><strong>longe</strong></span> <span class='ocrx_word' id='word_1_376' title='bbox 607 3397 827 3456; x_wconf 84' lang='lat' dir='ltr'><strong>tempore</strong></span> <span class='ocrx_word' id='word_1_377' title='bbox 874 3389 1181 3457; x_wconf 73' lang='lat' dir='ltr'><strong>prwclarum</strong></span> <span class='ocrx_word' id='word_1_378' title='bbox 1221 3389 1284 3442; x_wconf 84' lang='lat' dir='ltr'><strong>ab</strong></span> <span class='ocrx_word' id='word_1_379' title='bbox 1319 3391 1551 3445; x_wconf 81' lang='lat' dir='ltr'><strong>omnibus</strong></span> <span class='ocrx_word' id='word_1_380' title='bbox 1589 3394 1931 3446; x_wconf 82' lang='lat' dir='ltr'><strong>testimonium</strong></span> 
     </span>
    </p>
   </div>
   <div class='ocr_carea' id='block_1_52' title="bbox 412 3477 1928 3548">
    <p class='ocr_par' dir='ltr' id='par_1_52' title="bbox 412 3477 1928 3548">
     <span class='ocr_line' id='line_1_52' title="bbox 412 3477 1928 3548; baseline 0.004 -20"><span class='ocrx_word' id='word_1_381' title='bbox 412 3485 766 3544; x_wconf 76' lang='lat' dir='ltr'><strong>repertarum,</strong></span> <span class='ocrx_word' id='word_1_382' title='bbox 795 3477 886 3530; x_wconf 85' lang='lat' dir='ltr'><strong>hos</strong></span> <span class='ocrx_word' id='word_1_383' title='bbox 917 3494 1176 3531; x_wconf 77' lang='lat' dir='ltr'><strong>censemus</strong></span> <span class='ocrx_word' id='word_1_384' title='bbox 1205 3479 1362 3546; x_wconf 74' lang='lat' dir='ltr'><strong>ofﬁcio</strong></span> <span class='ocrx_word' id='word_1_385' title='bbox 1379 3480 1566 3547; x_wconf 83' lang='lat' dir='ltr'><strong>injuste</strong></span> <span class='ocrx_word' id='word_1_386' title='bbox 1588 3480 1770 3548; x_wconf 85' lang='lat' dir='ltr'><strong>dejici;</strong></span> <span class='ocrx_word' id='word_1_387' title='bbox 1796 3482 1928 3546; x_wconf 56' lang='lat' dir='ltr'><strong>huic,</strong></span> 
     </span>
    </p>
   </div>
   <div class='ocr_carea' id='block_1_53' title="bbox 414 3567 1931 3639">
    <p class='ocr_par' dir='ltr' id='par_1_53' title="bbox 414 3567 1931 3639">
     <span class='ocr_line' id='line_1_53' title="bbox 414 3567 1931 3639; baseline 0.002 -20"><span class='ocrx_word' id='word_1_388' title='bbox 414 3567 651 3634; x_wconf 82' lang='lat' dir='ltr'><strong>inquam,</strong></span> <span class='ocrx_word' id='word_1_389' title='bbox 679 3568 771 3637; x_wconf 88' lang='lat' dir='ltr'><strong>qui</strong></span> <span class='ocrx_word' id='word_1_390' title='bbox 792 3568 1122 3636; x_wconf 73' lang='lat' dir='ltr'><strong>eXpenderit,</strong></span> <span class='ocrx_word' id='word_1_391' title='bbox 1155 3569 1201 3623; x_wconf 91' lang='lat' dir='ltr'><strong>is</strong></span> <span class='ocrx_word' id='word_1_392' title='bbox 1240 3583 1555 3638; x_wconf 87' lang='lat' dir='ltr'><strong>persuasum</strong></span> <span class='ocrx_word' id='word_1_393' title='bbox 1585 3570 1797 3624; x_wconf 89' lang='lat' dir='ltr'><strong>habebit</strong></span> <span class='ocrx_word' id='word_1_394' title='bbox 1818 3571 1931 3639; x_wconf 83' lang='lat' dir='ltr'><strong>epi-</strong></span> 
     </span>
    </p>
   </div>
   <div class='ocr_carea' id='block_1_54' title="bbox 412 3656 1927 3728">
    <p class='ocr_par' dir='ltr' id='par_1_54' title="bbox 412 3656 1927 3728">
     <span class='ocr_line' id='line_1_54' title="bbox 412 3656 1927 3728; baseline 0.002 -18"><span class='ocrx_word' id='word_1_395' title='bbox 412 3659 602 3710; x_wconf 86' lang='lat' dir='ltr'><strong>stolam</strong></span> <span class='ocrx_word' id='word_1_396' title='bbox 632 3656 789 3711; x_wconf 89' lang='lat' dir='ltr'><strong>istam</strong></span> <span class='ocrx_word' id='word_1_397' title='bbox 815 3665 942 3712; x_wconf 90' lang='lat' dir='ltr'><strong>tunc</strong></span> <span class='ocrx_word' id='word_1_398' title='bbox 967 3659 1221 3727; x_wconf 89' lang='lat' dir='ltr'><strong>temporis</strong></span> <span class='ocrx_word' id='word_1_399' title='bbox 1248 3660 1606 3728; x_wconf 89' lang='lat' dir='ltr'><strong>conscriptam</strong></span> <span class='ocrx_word' id='word_1_400' title='bbox 1631 3676 1771 3723; x_wconf 86' lang='lat' dir='ltr'><strong>esse,</strong></span> <span class='ocrx_word' id='word_1_401' title='bbox 1807 3675 1927 3715; x_wconf 90' lang='lat' dir='ltr'><strong>cum</strong></span> 
     </span>
    </p>
   </div>
   <div class='ocr_carea' id='block_1_55' title="bbox 412 3747 1929 3819">
    <p class='ocr_par' dir='ltr' id='par_1_55' title="bbox 412 3747 1929 3819">
     <span class='ocr_line' id='line_1_55' title="bbox 412 3747 1929 3819; baseline 0.003 -19"><span class='ocrx_word' id='word_1_402' title='bbox 412 3748 479 3802; x_wconf 77' lang='lat' dir='ltr'><strong>ab</strong></span> <span class='ocrx_word' id='word_1_403' title='bbox 521 3747 690 3802; x_wconf 82' lang='lat' dir='ltr'><strong>olIicio</strong></span> <span class='ocrx_word' id='word_1_404' title='bbox 735 3763 835 3802; x_wconf 89' lang='lat' dir='ltr'><strong>suo</strong></span> <span class='ocrx_word' id='word_1_405' title='bbox 864 3750 1053 3803; x_wconf 88' lang='lat' dir='ltr'><strong>remoti</strong></span> <span class='ocrx_word' id='word_1_406' title='bbox 1086 3748 1313 3804; x_wconf 80' lang='lat' dir='ltr'><strong>fuissent</strong></span> <span class='ocrx_word' id='word_1_407' title='bbox 1342 3752 1666 3819; x_wconf 86' lang='lat' dir='ltr'><strong>presbyteri,</strong></span> <span class='ocrx_word' id='word_1_408' title='bbox 1710 3752 1799 3819; x_wconf 91' lang='lat' dir='ltr'><strong>qui</strong></span> <span class='ocrx_word' id='word_1_409' title='bbox 1824 3766 1929 3805; x_wconf 92' lang='lat' dir='ltr'><strong>non</strong></span> 
     </span>
    </p>
   </div>
   <div class='ocr_carea' id='block_1_56' title="bbox 411 3836 1929 3910">
    <p class='ocr_par' dir='ltr' id='par_1_56' title="bbox 411 3836 1929 3910">
     <span class='ocr_line' id='line_1_56' title="bbox 411 3836 1929 3910; baseline 0.001 -21"><span class='ocrx_word' id='word_1_410' title='bbox 411 3836 580 3889; x_wconf 80' lang='lat' dir='ltr'><strong>solum</strong></span> <span class='ocrx_word' id='word_1_411' title='bbox 610 3836 678 3910; x_wconf 85' lang='lat' dir='ltr'><strong>ab</strong></span> <span class='ocrx_word' id='word_1_412' title='bbox 705 3836 979 3906; x_wconf 89' lang='lat' dir='ltr'><strong>apostolis,</strong></span> <span class='ocrx_word' id='word_1_413' title='bbox 1008 3838 1098 3890; x_wconf 85' lang='lat' dir='ltr'><strong>sed</strong></span> <span class='ocrx_word' id='word_1_414' title='bbox 1120 3837 1280 3891; x_wconf 89' lang='lat' dir='ltr'><strong>etiam</strong></span> <span class='ocrx_word' id='word_1_415' title='bbox 1309 3837 1370 3889; x_wconf 88' lang='lat' dir='ltr'><strong>ab</strong></span> <span class='ocrx_word' id='word_1_416' title='bbox 1398 3837 1517 3890; x_wconf 75' lang='lat' dir='ltr'><strong>aliis</strong></span> <span class='ocrx_word' id='word_1_417' title='bbox 1544 3837 1797 3907; x_wconf 76' lang='lat' dir='ltr'><strong>deinceps,</strong></span> <span class='ocrx_word' id='word_1_418' title='bbox 1827 3838 1929 3892; x_wconf 91' lang='lat' dir='ltr'><strong>hoc</strong></span> 
     </span>
    </p>
   </div>
   <div class='ocr_carea' id='block_1_57' title="bbox 409 3923 1927 3991">
    <p class='ocr_par' dir='ltr' id='par_1_57' title="bbox 409 3923 1927 3991">
     <span class='ocr_line' id='line_1_57' title="bbox 409 3923 1927 3991; baseline 0.003 -17"><span class='ocrx_word' id='word_1_419' title='bbox 409 3929 491 3977; x_wconf 87' lang='lat' dir='ltr'><strong>est</strong></span> <span class='ocrx_word' id='word_1_420' title='bbox 517 3923 583 3975; x_wconf 91' lang='lat' dir='ltr'><strong>ab</strong></span> <span class='ocrx_word' id='word_1_421' title='bbox 608 3937 793 3976; x_wconf 91' lang='lat' dir='ltr'><strong>eorum</strong></span> <span class='ocrx_word' id='word_1_422' title='bbox 830 3925 1235 3978; x_wconf 88' lang='lat' dir='ltr'><strong>successoribus</strong></span> <span class='ocrx_word' id='word_1_423' title='bbox 1262 3926 1515 3991; x_wconf 89' lang='lat' dir='ltr'><strong>ordinati,</strong></span> <span class='ocrx_word' id='word_1_424' title='bbox 1549 3940 1744 3979; x_wconf 90' lang='lat' dir='ltr'><strong>munus</strong></span> <span class='ocrx_word' id='word_1_425' title='bbox 1774 3942 1927 3979; x_wconf 91' lang='lat' dir='ltr'><strong>suum</strong></span> 
     </span>
    </p>
   </div>
   <div class='ocr_carea' id='block_1_58' title="bbox 411 4011 1929 4084">
    <p class='ocr_par' dir='ltr' id='par_1_58' title="bbox 411 4011 1929 4084">
     <span class='ocr_line' id='line_1_58' title="bbox 411 4011 1929 4084; baseline 0.003 -21"><span class='ocrx_word' id='word_1_426' title='bbox 411 4011 560 4079; x_wconf 76' lang='lat' dir='ltr'><strong>longo</strong></span> <span class='ocrx_word' id='word_1_427' title='bbox 583 4019 806 4081; x_wconf 82' lang='lat' dir='ltr'><strong>tempore</strong></span> <span class='ocrx_word' id='word_1_428' title='bbox 830 4012 1091 4068; x_wconf 90' lang='lat' dir='ltr'><strong>obierant.</strong></span> <span class='ocrx_word' id='word_1_429' title='bbox 1126 4013 1384 4067; x_wconf 78' lang='lat' dir='ltr'><strong>Standum</strong></span> <span class='ocrx_word' id='word_1_430' title='bbox 1414 4016 1574 4084; x_wconf 79' lang='lat' dir='ltr'><strong>igitur</strong></span> <span class='ocrx_word' id='word_1_431' title='bbox 1611 4022 1693 4068; x_wconf 91' lang='lat' dir='ltr'><strong>est</strong></span> <span class='ocrx_word' id='word_1_432' title='bbox 1716 4024 1929 4068; x_wconf 85' lang='lat' dir='ltr'><strong>senten-</strong></span> 
     </span>
    </p>
   </div>
   <div class='ocr_carea' id='block_1_59' title="bbox 408 4099 1927 4171">
    <p class='ocr_par' dir='ltr' id='par_1_59' title="bbox 408 4099 1927 4171">
     <span class='ocr_line' id='line_1_59' title="bbox 408 4099 1927 4171; baseline 0.003 -19"><span class='ocrx_word' id='word_1_433' title='bbox 408 4100 497 4152; x_wconf 65' lang='lat' dir='ltr'><strong>tiae</strong></span> <span class='ocrx_word' id='word_1_434' title='bbox 523 4099 759 4163; x_wconf 87' lang='lat' dir='ltr'><strong>Eusebii,</strong></span> <span class='ocrx_word' id='word_1_435' title='bbox 790 4100 843 4153; x_wconf 88' lang='lat' dir='ltr'><strong>in</strong></span> <span class='ocrx_word' id='word_1_436' title='bbox 865 4101 1019 4165; x_wconf 77' lang='lat' dir='ltr'><strong>cuius</strong></span> <span class='ocrx_word' id='word_1_437' title='bbox 1050 4101 1298 4158; x_wconf 83' lang='lat' dir='ltr'><strong>Chronico</strong></span> <span class='ocrx_word' id='word_1_438' title='bbox 1324 4117 1442 4170; x_wconf 88' lang='lat' dir='ltr'><strong>cap.</strong></span> <span class='ocrx_word' id='word_1_439' title='bbox 1484 4104 1565 4165; x_wconf 80' lang='grc'><strong>15,</strong></span> <span class='ocrx_word' id='word_1_440' title='bbox 1591 4106 1927 4171; x_wconf 85' lang='lat' dir='ltr'><strong>pontificatus</strong></span> 
     </span>
    </p>
   </div>
   <div class='ocr_carea' id='block_1_60' title="bbox 407 4189 1926 4263">
    <p class='ocr_par' dir='ltr' id='par_1_60' title="bbox 407 4189 1926 4263">
     <span class='ocr_line' id='line_1_60' title="bbox 407 4189 1926 4263; baseline 0.003 -21"><span class='ocrx_word' id='word_1_441' title='bbox 407 4190 700 4243; x_wconf 90' lang='lat' dir='ltr'><strong>Clementis</strong></span> <span class='ocrx_word' id='word_1_442' title='bbox 737 4189 888 4243; x_wconf 92' lang='lat' dir='ltr'><strong>initia</strong></span> <span class='ocrx_word' id='word_1_443' title='bbox 940 4190 1005 4243; x_wconf 89' lang='lat' dir='ltr'><strong>ad</strong></span> <span class='ocrx_word' id='word_1_444' title='bbox 1047 4199 1345 4259; x_wconf 89' lang='lat' dir='ltr'><strong>postremos</strong></span> <span class='ocrx_word' id='word_1_445' title='bbox 1379 4193 1659 4247; x_wconf 88' lang='lat' dir='ltr'><strong>Domitiani</strong></span> <span class='ocrx_word' id='word_1_446' title='bbox 1697 4196 1926 4263; x_wconf 83' lang='lat' dir='ltr'><strong>impera-</strong></span> 
     </span>
    </p>
   </div>
   <div class='ocr_carea' id='block_1_61' title="bbox 2047 1783 3638 1856">
    <p class='ocr_par' dir='ltr' id='par_1_61' title="bbox 2047 1783 3638 1856">
     <span class='ocr_line' id='line_1_61' title="bbox 2047 1783 3638 1856; baseline 0 -21"><span class='ocrx_word' id='word_1_447' title='bbox 2047 1786 2113 1836; x_wconf 91' lang='lat' dir='ltr'><strong>tri</strong></span> <span class='ocrx_word' id='word_1_448' title='bbox 2140 1800 2200 1838; x_wconf 87' lang='lat' dir='ltr'><strong>ac</strong></span> <span class='ocrx_word' id='word_1_449' title='bbox 2234 1783 2382 1837; x_wconf 88' lang='lat' dir='ltr'><strong>Pauli</strong></span> <span class='ocrx_word' id='word_1_450' title='bbox 2415 1788 2726 1856; x_wconf 80' lang='lat' dir='ltr'><strong>martyrium</strong></span> <span class='ocrx_word' id='word_1_451' title='bbox 2760 1786 3052 1854; x_wconf 86' lang='lat' dir='ltr'><strong>scripsisse</strong></span> <span class='ocrx_word' id='word_1_452' title='bbox 3083 1801 3152 1837; x_wconf 78' lang='lat' dir='ltr'><strong>ex</strong></span> <span class='ocrx_word' id='word_1_453' title='bbox 3192 1801 3266 1838; x_wconf 89' lang='lat' dir='ltr'><strong>eo</strong></span> <span class='ocrx_word' id='word_1_454' title='bbox 3309 1784 3638 1852; x_wconf 85' lang='lat' dir='ltr'><strong>colligitur,</strong></span> 
     </span>
    </p>
   </div>
   <div class='ocr_carea' id='block_1_62' title="bbox 2041 1872 3639 1943">
    <p class='ocr_par' dir='ltr' id='par_1_62' title="bbox 2041 1872 3639 1943">
     <span class='ocr_line' id='line_1_62' title="bbox 2041 1872 3639 1943; baseline 0 -18"><span class='ocrx_word' id='word_1_455' title='bbox 2041 1872 2182 1941; x_wconf 89' lang='lat' dir='ltr'><strong>quod</strong></span> <span class='ocrx_word' id='word_1_456' title='bbox 2210 1889 2354 1927; x_wconf 90' lang='lat' dir='ltr'><strong>num.</strong></span> <span class='ocrx_word' id='word_1_457' title='bbox 2385 1874 2418 1925; x_wconf 71' lang='grc'><strong>4</strong></span> <span class='ocrx_word' id='word_1_458' title='bbox 2444 1876 2645 1938; x_wconf 82' lang='lat' dir='ltr'><strong>Abelis,</strong></span> <span class='ocrx_word' id='word_1_459' title='bbox 2671 1873 2865 1939; x_wconf 83' lang='lat' dir='ltr'><strong>Jacob,</strong></span> <span class='ocrx_word' id='word_1_460' title='bbox 2908 1874 3119 1943; x_wconf 83' lang='lat' dir='ltr'><strong>Moysis</strong></span> <span class='ocrx_word' id='word_1_461' title='bbox 3147 1888 3218 1925; x_wconf 88' lang='lat' dir='ltr'><strong>ac</strong></span> <span class='ocrx_word' id='word_1_462' title='bbox 3249 1872 3516 1934; x_wconf 79' lang='lat' dir='ltr'><strong>Davidis,</strong></span> <span class='ocrx_word' id='word_1_463' title='bbox 3548 1875 3639 1940; x_wconf 85' lang='lat' dir='ltr'><strong>qni</strong></span> 
     </span>
    </p>
   </div>
   <div class='ocr_carea' id='block_1_63' title="bbox 2041 1961 3642 2030">
    <p class='ocr_par' dir='ltr' id='par_1_63' title="bbox 2041 1961 3642 2030">
     <span class='ocr_line' id='line_1_63' title="bbox 2041 1961 3642 2030; baseline -0.001 -16"><span class='ocrx_word' id='word_1_464' title='bbox 2041 1977 2135 2030; x_wconf 90' lang='lat' dir='ltr'><strong>per</strong></span> <span class='ocrx_word' id='word_1_465' title='bbox 2164 1963 2549 2015; x_wconf 65' lang='lat' dir='ltr'><strong>aemulationem</strong></span> <span class='ocrx_word' id='word_1_466' title='bbox 2567 1971 2617 2015; x_wconf 93' lang='lat' dir='ltr'><strong>et</strong></span> <span class='ocrx_word' id='word_1_467' title='bbox 2646 1962 2898 2015; x_wconf 87' lang='lat' dir='ltr'><strong>invidiam</strong></span> <span class='ocrx_word' id='word_1_468' title='bbox 2924 1963 3098 2014; x_wconf 90' lang='lat' dir='ltr'><strong>multa</strong></span> <span class='ocrx_word' id='word_1_469' title='bbox 3126 1961 3289 2030; x_wconf 86' lang='lat' dir='ltr'><strong>passi</strong></span> <span class='ocrx_word' id='word_1_470' title='bbox 3318 1971 3479 2023; x_wconf 89' lang='lat' dir='ltr'><strong>sunt,</strong></span> <span class='ocrx_word' id='word_1_471' title='bbox 3503 1977 3642 2029; x_wconf 63' lang='grc' dir='ltr'>ιιι-ω-</span> 
     </span>
    </p>
   </div>
   <div class='ocr_carea' id='block_1_64' title="bbox 2039 2049 3641 2119">
    <p class='ocr_par' dir='ltr' id='par_1_64' title="bbox 2039 2049 3641 2119">
     <span class='ocr_line' id='line_1_64' title="bbox 2039 2049 3641 2119; baseline 0 -16"><span class='ocrx_word' id='word_1_472' title='bbox 2039 2052 2221 2106; x_wconf 91' lang='lat' dir='ltr'><strong>missis</strong></span> <span class='ocrx_word' id='word_1_473' title='bbox 2247 2052 2524 2119; x_wconf 78' lang='lat' dir='ltr'><strong>exemplis,</strong></span> <span class='ocrx_word' id='word_1_474' title='bbox 2558 2067 2707 2104; x_wconf 90' lang='lat' dir='ltr'><strong>num.</strong></span> <span class='ocrx_word' id='word_1_475' title='bbox 2731 2052 2763 2105; x_wconf 88' lang='grc'><strong>5</strong></span> <span class='ocrx_word' id='word_1_476' title='bbox 2806 2051 2965 2104; x_wconf 91' lang='lat' dir='ltr'><strong>initio</strong></span> <span class='ocrx_word' id='word_1_477' title='bbox 2999 2051 3285 2119; x_wconf 85' lang='lat' dir='ltr'><strong>subjicit,</strong></span> <span class='ocrx_word' id='word_1_478' title='bbox 3322 2049 3422 2103; x_wconf 80' lang='lat' dir='ltr'><strong>sed</strong></span> <span class='ocrx_word' id='word_1_479' title='bbox 3456 2052 3641 2104; x_wconf 79' lang='lat' dir='ltr'><strong>missis</strong></span> 
     </span>
    </p>
   </div>
   <div class='ocr_carea' id='block_1_65' title="bbox 2038 2139 3642 2208">
    <p class='ocr_par' dir='ltr' id='par_1_65' title="bbox 2038 2139 3642 2208">
     <span class='ocr_line' id='line_1_65' title="bbox 2038 2139 3642 2208; baseline 0.003 -19"><span class='ocrx_word' id='word_1_480' title='bbox 2038 2139 2283 2191; x_wconf 82' lang='lat' dir='ltr'><strong>veteribus</strong></span> <span class='ocrx_word' id='word_1_481' title='bbox 2304 2139 2565 2207; x_wconf 79' lang='lat' dir='ltr'><strong>exemplis,</strong></span> <span class='ocrx_word' id='word_1_482' title='bbox 2596 2140 2856 2192; x_wconf 77' lang='lat' dir='ltr'><strong>veniamus</strong></span> <span class='ocrx_word' id='word_1_483' title='bbox 2888 2139 2957 2191; x_wconf 87' lang='lat' dir='ltr'><strong>ad</strong></span> <span class='ocrx_word' id='word_1_484' title='bbox 2981 2141 3275 2208; x_wconf 72' lang='lat' dir='ltr'><strong>proximos</strong></span> <span class='ocrx_word' id='word_1_485' title='bbox 3297 2141 3569 2204; x_wconf 79' lang='lat' dir='ltr'><strong>athletas,</strong></span> <span class='ocrx_word' id='word_1_486' title='bbox 3592 2152 3642 2194; x_wconf 86' lang='lat' dir='ltr'><strong>et</strong></span> 
     </span>
    </p>
   </div>
   <div class='ocr_carea' id='block_1_66' title="bbox 2041 2228 3641 2297">
    <p class='ocr_par' dir='ltr' id='par_1_66' title="bbox 2041 2228 3641 2297">
     <span class='ocr_line' id='line_1_66' title="bbox 2041 2228 3641 2297; baseline 0.004 -18"><span class='ocrx_word' id='word_1_487' title='bbox 2041 2230 2207 2280; x_wconf 70' lang='lat' dir='ltr'><strong>aetatis</strong></span> <span class='ocrx_word' id='word_1_488' title='bbox 2240 2238 2428 2281; x_wconf 77' lang='lat' dir='ltr'><strong>nostra:</strong></span> <span class='ocrx_word' id='word_1_489' title='bbox 2453 2245 2694 2297; x_wconf 85' lang='lat' dir='ltr'><strong>generosa</strong></span> <span class='ocrx_word' id='word_1_490' title='bbox 2723 2228 2956 2295; x_wconf 72' lang='lat' dir='ltr'><strong>exempla</strong></span> <span class='ocrx_word' id='word_1_491' title='bbox 2980 2245 3301 2292; x_wconf 81' lang='lat' dir='ltr'><strong>sumamus,</strong></span> <span class='ocrx_word' id='word_1_492' title='bbox 3332 2244 3404 2284; x_wconf 88' lang='lat' dir='ltr'><strong>ac</strong></span> <span class='ocrx_word' id='word_1_493' title='bbox 3437 2228 3641 2285; x_wconf 83' lang='lat' dir='ltr'><strong>deinde</strong></span> 
     </span>
    </p>
   </div>
   <div class='ocr_carea' id='block_1_67' title="bbox 2036 2315 3639 2388">
    <p class='ocr_par' dir='ltr' id='par_1_67' title="bbox 2036 2315 3639 2388">
     <span class='ocr_line' id='line_1_67' title="bbox 2036 2315 3639 2388; baseline 0.002 -19"><span class='ocrx_word' id='word_1_494' title='bbox 2036 2315 2178 2371; x_wconf 89' lang='lat' dir='ltr'><strong>Petri</strong></span> <span class='ocrx_word' id='word_1_495' title='bbox 2213 2325 2264 2371; x_wconf 90' lang='lat' dir='ltr'><strong>et</strong></span> <span class='ocrx_word' id='word_1_496' title='bbox 2304 2317 2451 2371; x_wconf 89' lang='lat' dir='ltr'><strong>Pauli</strong></span> <span class='ocrx_word' id='word_1_497' title='bbox 2487 2320 3067 2388; x_wconf 76' lang='lat' dir='ltr'><strong>martyriumenarrat.</strong></span> <span class='ocrx_word' id='word_1_498' title='bbox 3104 2317 3295 2373; x_wconf 87' lang='lat' dir='ltr'><strong>Nemo</strong></span> <span class='ocrx_word' id='word_1_499' title='bbox 3328 2321 3487 2373; x_wconf 91' lang='lat' dir='ltr'><strong>enim</strong></span> <span class='ocrx_word' id='word_1_500' title='bbox 3527 2336 3639 2374; x_wconf 87' lang='lat' dir='ltr'><strong>non</strong></span> 
     </span>
    </p>
   </div>
   <div class='ocr_carea' id='block_1_68' title="bbox 2036 2406 3639 2474">
    <p class='ocr_par' dir='ltr' id='par_1_68' title="bbox 2036 2406 3639 2474">
     <span class='ocr_line' id='line_1_68' title="bbox 2036 2406 3639 2474; baseline 0.002 -16"><span class='ocrx_word' id='word_1_501' title='bbox 2036 2406 2179 2459; x_wconf 87' lang='lat' dir='ltr'><strong>videt</strong></span> <span class='ocrx_word' id='word_1_502' title='bbox 2209 2421 2367 2474; x_wconf 90' lang='lat' dir='ltr'><strong>quam</strong></span> <span class='ocrx_word' id='word_1_503' title='bbox 2397 2414 2539 2462; x_wconf 90' lang='lat' dir='ltr'><strong>recte</strong></span> <span class='ocrx_word' id='word_1_504' title='bbox 2580 2406 2828 2460; x_wconf 89' lang='lat' dir='ltr'><strong>Clemens</strong></span> <span class='ocrx_word' id='word_1_505' title='bbox 2857 2407 3003 2460; x_wconf 89' lang='lat' dir='ltr'><strong>circa</strong></span> <span class='ocrx_word' id='word_1_506' title='bbox 3035 2422 3260 2460; x_wconf 90' lang='lat' dir='ltr'><strong>annum</strong></span> <span class='ocrx_word' id='word_1_507' title='bbox 3297 2407 3521 2463; x_wconf 90' lang='lat' dir='ltr'><strong>Christi</strong></span> <span class='ocrx_word' id='word_1_508' title='bbox 3547 2408 3639 2471; x_wconf 85' lang='lat'><strong>97,</strong></span> 
     </span>
    </p>
   </div>
   <div class='ocr_carea' id='block_1_69' title="bbox 2036 2493 3637 2565">
    <p class='ocr_par' dir='ltr' id='par_1_69' title="bbox 2036 2493 3637 2565">
     <span class='ocr_line' id='line_1_69' title="bbox 2036 2493 3637 2565; baseline 0.006 -20"><span class='ocrx_word' id='word_1_509' title='bbox 2036 2493 2177 2548; x_wconf 89' lang='lat' dir='ltr'><strong>Petri</strong></span> <span class='ocrx_word' id='word_1_510' title='bbox 2208 2511 2268 2549; x_wconf 90' lang='lat' dir='ltr'><strong>ac</strong></span> <span class='ocrx_word' id='word_1_511' title='bbox 2298 2494 2444 2548; x_wconf 88' lang='lat' dir='ltr'><strong>Pauli</strong></span> <span class='ocrx_word' id='word_1_512' title='bbox 2471 2496 2800 2563; x_wconf 87' lang='lat' dir='ltr'><strong>martyrium,</strong></span> <span class='ocrx_word' id='word_1_513' title='bbox 2831 2511 2954 2549; x_wconf 89' lang='lat' dir='ltr'><strong>cum</strong></span> <span class='ocrx_word' id='word_1_514' title='bbox 2980 2498 3352 2565; x_wconf 88' lang='lat' dir='ltr'><strong>temporibus</strong></span> <span class='ocrx_word' id='word_1_515' title='bbox 3382 2497 3637 2559; x_wconf 80' lang='lat' dir='ltr'><strong>Davidis,</strong></span> 
     </span>
    </p>
   </div>
   <div class='ocr_carea' id='block_1_70' title="bbox 2036 2583 3642 2655">
    <p class='ocr_par' dir='ltr' id='par_1_70' title="bbox 2036 2583 3642 2655">
     <span class='ocr_line' id='line_1_70' title="bbox 2036 2583 3642 2655; baseline 0.005 -20"><span class='ocrx_word' id='word_1_516' title='bbox 2036 2583 2250 2654; x_wconf 78' lang='lat' dir='ltr'><strong>Moysis,</strong></span> <span class='ocrx_word' id='word_1_517' title='bbox 2281 2583 2443 2639; x_wconf 86' lang='lat' dir='ltr'><strong>Jacob</strong></span> <span class='ocrx_word' id='word_1_518' title='bbox 2465 2592 2518 2639; x_wconf 90' lang='lat' dir='ltr'><strong>et</strong></span> <span class='ocrx_word' id='word_1_519' title='bbox 2545 2584 2723 2639; x_wconf 88' lang='lat' dir='ltr'><strong>Abelis</strong></span> <span class='ocrx_word' id='word_1_520' title='bbox 2752 2596 3132 2655; x_wconf 89' lang='lat' dir='ltr'><strong>comparatum</strong></span> <span class='ocrx_word' id='word_1_521' title='bbox 3158 2626 3175 2649; x_wconf 88' lang='lat'><strong>,</strong></span> <span class='ocrx_word' id='word_1_522' title='bbox 3208 2590 3543 2654; x_wconf 74' lang='lat' dir='ltr'><strong>proximum</strong></span> <span class='ocrx_word' id='word_1_523' title='bbox 3578 2605 3642 2643; x_wconf 81' lang='lat' dir='ltr'><strong>ac</strong></span> 
     </span>
    </p>
   </div>
   <div class='ocr_carea' id='block_1_71' title="bbox 2035 2674 3641 2747">
    <p class='ocr_par' dir='ltr' id='par_1_71' title="bbox 2035 2674 3641 2747">
     <span class='ocr_line' id='line_1_71' title="bbox 2035 2674 3641 2747; baseline 0.004 -20"><span class='ocrx_word' id='word_1_524' title='bbox 2035 2676 2253 2727; x_wconf 78' lang='lat' dir='ltr'><strong>vicinum</strong></span> <span class='ocrx_word' id='word_1_525' title='bbox 2274 2676 2439 2728; x_wconf 77' lang='lat' dir='ltr'><strong>wtatis</strong></span> <span class='ocrx_word' id='word_1_526' title='bbox 2471 2683 2658 2727; x_wconf 83' lang='lat' dir='ltr'><strong>nostra:</strong></span> <span class='ocrx_word' id='word_1_527' title='bbox 2680 2675 2894 2729; x_wconf 74' lang='lat' dir='ltr'><strong>dixerit.</strong></span> <span class='ocrx_word' id='word_1_528' title='bbox 2928 2676 3043 2728; x_wconf 89' lang='lat' dir='ltr'><strong>lmo</strong></span> <span class='ocrx_word' id='word_1_529' title='bbox 3077 2692 3273 2746; x_wconf 89' lang='lat' dir='ltr'><strong>neque</strong></span> <span class='ocrx_word' id='word_1_530' title='bbox 3307 2674 3641 2747; x_wconf 74' lang='lat' dir='ltr'><strong>proximum</strong></span> 
     </span>
    </p>
   </div>
   <div class='ocr_carea' id='block_1_72' title="bbox 2036 2761 3642 2842">
    <p class='ocr_par' dir='ltr' id='par_1_72' title="bbox 2036 2761 3642 2842">
     <span class='ocr_line' id='line_1_72' title="bbox 2036 2761 3642 2842; baseline 0.005 -28"><span class='ocrx_word' id='word_1_531' title='bbox 2036 2763 2100 2815; x_wconf 91' lang='lat' dir='ltr'><strong>ab</strong></span> <span class='ocrx_word' id='word_1_532' title='bbox 2120 2780 2183 2817; x_wconf 93' lang='lat' dir='ltr'><strong>eo</strong></span> <span class='ocrx_word' id='word_1_533' title='bbox 2208 2763 2407 2815; x_wconf 89' lang='lat' dir='ltr'><strong>dicitur</strong></span> <span class='ocrx_word' id='word_1_534' title='bbox 2437 2763 2624 2816; x_wconf 89' lang='lat' dir='ltr'><strong>diebus</strong></span> <span class='ocrx_word' id='word_1_535' title='bbox 2656 2761 2849 2832; x_wconf 84' lang='lat' dir='ltr'><strong>quibus</strong></span> <span class='ocrx_word' id='word_1_536' title='bbox 2879 2766 3101 2828; x_wconf 89' lang='lat' dir='ltr'><strong>scribit,</strong></span> <span class='ocrx_word' id='word_1_537' title='bbox 3137 2768 3243 2821; x_wconf 89' lang='lat' dir='ltr'><strong>sed</strong></span> <span class='ocrx_word' id='word_1_538' title='bbox 3262 2769 3642 2842; x_wconf 49' lang='lat' dir='ltr'><strong>mtatiqevad</strong></span> 
     </span>
    </p>
   </div>
   <div class='ocr_carea' id='block_1_73' title="bbox 2034 2853 3640 2922">
    <p class='ocr_par' dir='ltr' id='par_1_73' title="bbox 2034 2853 3640 2922">
     <span class='ocr_line' id='line_1_73' title="bbox 2034 2853 3640 2922; baseline 0.007 -19"><span class='ocrx_word' id='word_1_539' title='bbox 2034 2867 2190 2919; x_wconf 90' lang='lat' dir='ltr'><strong>quam</strong></span> <span class='ocrx_word' id='word_1_540' title='bbox 2215 2853 2359 2921; x_wconf 84' lang='lat' dir='ltr'><strong>agit,</strong></span> <span class='ocrx_word' id='word_1_541' title='bbox 2392 2867 2486 2905; x_wconf 89' lang='lat' dir='ltr'><strong>seu</strong></span> <span class='ocrx_word' id='word_1_542' title='bbox 2519 2853 2571 2904; x_wconf 91' lang='lat' dir='ltr'><strong>in</strong></span> <span class='ocrx_word' id='word_1_543' title='bbox 2602 2868 2705 2921; x_wconf 87' lang='lat' dir='ltr'><strong>qua</strong></span> <span class='ocrx_word' id='word_1_544' title='bbox 2733 2854 2904 2922; x_wconf 82' lang='lat' dir='ltr'><strong>degit.</strong></span> <span class='ocrx_word' id='word_1_545' title='bbox 2940 2853 3181 2908; x_wconf 84' lang='lat' dir='ltr'><strong>Domum</strong></span> <span class='ocrx_word' id='word_1_546' title='bbox 3215 2874 3387 2911; x_wconf 89' lang='lat' dir='ltr'><strong>num.</strong></span> <span class='ocrx_word' id='word_1_547' title='bbox 3428 2860 3508 2912; x_wconf 74' lang='grc'><strong>47</strong></span> <span class='ocrx_word' id='word_1_548' title='bbox 3546 2861 3640 2914; x_wconf 85' lang='lat' dir='ltr'><strong>ubi</strong></span> 
     </span>
    </p>
   </div>
   <div class='ocr_carea' id='block_1_74' title="bbox 2036 2942 3639 3017">
    <p class='ocr_par' dir='ltr' id='par_1_74' title="bbox 2036 2942 3639 3017">
     <span class='ocr_line' id='line_1_74' title="bbox 2036 2942 3639 3017; baseline 0.006 -25"><span class='ocrx_word' id='word_1_549' title='bbox 2036 2942 2102 2995; x_wconf 92' lang='lat' dir='ltr'><strong>ad</strong></span> <span class='ocrx_word' id='word_1_550' title='bbox 2131 2942 2434 3010; x_wconf 77' lang='lat' dir='ltr'><strong>evangelica</strong></span> <span class='ocrx_word' id='word_1_551' title='bbox 2462 2949 2699 3009; x_wconf 90' lang='lat' dir='ltr'><strong>tempora</strong></span> <span class='ocrx_word' id='word_1_552' title='bbox 2723 2943 2963 2995; x_wconf 88' lang='lat' dir='ltr'><strong>animum</strong></span> <span class='ocrx_word' id='word_1_553' title='bbox 2991 2944 3171 2998; x_wconf 88' lang='lat' dir='ltr'><strong>refert</strong></span> <span class='ocrx_word' id='word_1_554' title='bbox 3192 2985 3209 3009; x_wconf 96' lang='lat'><strong>,</strong></span> <span class='ocrx_word' id='word_1_555' title='bbox 3263 2962 3459 3017; x_wconf 82' lang='lat' dir='ltr'><strong>eaque</strong></span> <span class='ocrx_word' id='word_1_556' title='bbox 3507 2965 3639 3002; x_wconf 88' lang='lat' dir='ltr'><strong>cum</strong></span> 
     </span>
    </p>
   </div>
   <div class='ocr_carea' id='block_1_75' title="bbox 2034 3031 3639 3099">
    <p class='ocr_par' dir='ltr' id='par_1_75' title="bbox 2034 3031 3639 3099">
     <span class='ocr_line' id='line_1_75' title="bbox 2034 3031 3639 3099; baseline 0.006 -16"><span class='ocrx_word' id='word_1_557' title='bbox 2034 3031 2124 3083; x_wconf 84' lang='lat' dir='ltr'><strong>illo</strong></span> <span class='ocrx_word' id='word_1_558' title='bbox 2167 3031 2372 3083; x_wconf 86' lang='lat' dir='ltr'><strong>confert</strong></span> <span class='ocrx_word' id='word_1_559' title='bbox 2414 3045 2521 3099; x_wconf 91' lang='lat' dir='ltr'><strong>quo</strong></span> <span class='ocrx_word' id='word_1_560' title='bbox 2550 3031 2771 3095; x_wconf 88' lang='lat' dir='ltr'><strong>scribit,</strong></span> <span class='ocrx_word' id='word_1_561' title='bbox 2818 3033 3247 3089; x_wconf 85' lang='lat' dir='ltr'><strong>Corinthiorum</strong></span> <span class='ocrx_word' id='word_1_562' title='bbox 3308 3038 3639 3094; x_wconf 86' lang='lat' dir='ltr'><strong>Ecclesiam</strong></span> 
     </span>
    </p>
   </div>
   <div class='ocr_carea' id='block_1_76' title="bbox 2033 3119 3643 3194">
    <p class='ocr_par' dir='ltr' id='par_1_76' title="bbox 2033 3119 3643 3194">
     <span class='ocr_line' id='line_1_76' title="bbox 2033 3119 3643 3194; baseline 0.008 -24"><span class='ocrx_word' id='word_1_563' title='bbox 2033 3119 2303 3187; x_wconf 89' lang='lat' dir='ltr'><strong>antiquam</strong></span> <span class='ocrx_word' id='word_1_564' title='bbox 2333 3135 2526 3173; x_wconf 89' lang='lat' dir='ltr'><strong>vocare</strong></span> <span class='ocrx_word' id='word_1_565' title='bbox 2546 3159 2561 3183; x_wconf 90' lang='lat'><strong>,</strong></span> <span class='ocrx_word' id='word_1_566' title='bbox 2592 3130 2643 3173; x_wconf 92' lang='lat' dir='ltr'><strong>et</strong></span> <span class='ocrx_word' id='word_1_567' title='bbox 2686 3120 2919 3189; x_wconf 90' lang='lat' dir='ltr'><strong>primum</strong></span> <span class='ocrx_word' id='word_1_568' title='bbox 2950 3139 3150 3177; x_wconf 89' lang='lat' dir='ltr'><strong>eorum</strong></span> <span class='ocrx_word' id='word_1_569' title='bbox 3184 3126 3536 3194; x_wconf 83' lang='lat' dir='ltr'><strong>dissidium,</strong></span> <span class='ocrx_word' id='word_1_570' title='bbox 3571 3130 3643 3183; x_wconf 89' lang='lat' dir='ltr'><strong>de</strong></span> 
     </span>
    </p>
   </div>
   <div class='ocr_carea' id='block_1_77' title="bbox 2031 3208 3641 3284">
    <p class='ocr_par' dir='ltr' id='par_1_77' title="bbox 2031 3208 3641 3284">
     <span class='ocr_line' id='line_1_77' title="bbox 2031 3208 3641 3284; baseline 0.005 -21"><span class='ocrx_word' id='word_1_571' title='bbox 2031 3226 2136 3279; x_wconf 92' lang='lat' dir='ltr'><strong>quo</strong></span> <span class='ocrx_word' id='word_1_572' title='bbox 2165 3208 2361 3263; x_wconf 85' lang='lat' dir='ltr'><strong>Paulus</strong></span> <span class='ocrx_word' id='word_1_573' title='bbox 2388 3210 2407 3263; x_wconf 89' lang='grc' dir='ltr'>Ι</span> <span class='ocrx_word' id='word_1_574' title='bbox 2435 3210 2562 3266; x_wconf 92' lang='lat' dir='ltr'><strong>Cor.</strong></span> <span class='ocrx_word' id='word_1_575' title='bbox 2590 3226 2626 3277; x_wconf 90' lang='grc' dir='ltr'>ι,</span> <span class='ocrx_word' id='word_1_576' title='bbox 2658 3210 2915 3278; x_wconf 85' lang='lat' dir='ltr'><strong>loquitur,</strong></span> <span class='ocrx_word' id='word_1_577' title='bbox 2948 3220 3008 3264; x_wconf 94' lang='lat' dir='ltr'><strong>ut</strong></span> <span class='ocrx_word' id='word_1_578' title='bbox 3026 3214 3084 3266; x_wconf 84' lang='lat' dir='ltr'><strong>in</strong></span> <span class='ocrx_word' id='word_1_579' title='bbox 3116 3216 3412 3284; x_wconf 86' lang='lat' dir='ltr'><strong>principio</strong></span> <span class='ocrx_word' id='word_1_580' title='bbox 3447 3218 3641 3271; x_wconf 79' lang='lat' dir='ltr'><strong>Evan-</strong></span> 
     </span>
    </p>
   </div>
   <div class='ocr_carea' id='block_1_78' title="bbox 2028 3299 3647 3377">
    <p class='ocr_par' dir='ltr' id='par_1_78' title="bbox 2028 3299 3647 3377">
     <span class='ocr_line' id='line_1_78' title="bbox 2028 3299 3647 3377; baseline 0.006 -27"><span class='ocrx_word' id='word_1_581' title='bbox 2028 3299 2146 3364; x_wconf 83' lang='lat' dir='ltr'><strong>gelii</strong></span> <span class='ocrx_word' id='word_1_582' title='bbox 2173 3308 2345 3351; x_wconf 90' lang='lat' dir='ltr'><strong>ortum</strong></span> <span class='ocrx_word' id='word_1_583' title='bbox 2378 3313 2690 3361; x_wconf 88' lang='lat' dir='ltr'><strong>memorare,</strong></span> <span class='ocrx_word' id='word_1_584' title='bbox 2713 3300 2998 3368; x_wconf 89' lang='lat' dir='ltr'><strong>ipsamque</strong></span> <span class='ocrx_word' id='word_1_585' title='bbox 3021 3306 3277 3370; x_wconf 88' lang='lat' dir='ltr'><strong>apostoli</strong></span> <span class='ocrx_word' id='word_1_586' title='bbox 3314 3306 3500 3374; x_wconf 84' lang='lat' dir='ltr'><strong>hujus</strong></span> <span class='ocrx_word' id='word_1_587' title='bbox 3526 3307 3647 3377; x_wconf 84' lang='lat' dir='ltr'><strong>epi-</strong></span> 
     </span>
    </p>
   </div>
   <div class='ocr_carea' id='block_1_79' title="bbox 2031 3388 3643 3457">
    <p class='ocr_par' dir='ltr' id='par_1_79' title="bbox 2031 3388 3643 3457">
     <span class='ocr_line' id='line_1_79' title="bbox 2031 3388 3643 3457; baseline 0.007 -17"><span class='ocrx_word' id='word_1_588' title='bbox 2031 3388 2258 3451; x_wconf 87' lang='lat' dir='ltr'><strong>stolam,</strong></span> <span class='ocrx_word' id='word_1_589' title='bbox 2293 3389 2502 3442; x_wconf 87' lang='lat' dir='ltr'><strong>tametsi</strong></span> <span class='ocrx_word' id='word_1_590' title='bbox 2547 3391 2954 3457; x_wconf 88' lang='lat' dir='ltr'><strong>quatuordecim</strong></span> <span class='ocrx_word' id='word_1_591' title='bbox 3000 3402 3225 3447; x_wconf 90' lang='lat' dir='ltr'><strong>tantum</strong></span> <span class='ocrx_word' id='word_1_592' title='bbox 3267 3399 3451 3452; x_wconf 87' lang='lat' dir='ltr'><strong>annis</strong></span> <span class='ocrx_word' id='word_1_593' title='bbox 3481 3400 3643 3451; x_wconf 76' lang='lat' dir='ltr'><strong>exci-</strong></span> 
     </span>
    </p>
   </div>
   <div class='ocr_carea' id='block_1_80' title="bbox 2028 3477 3642 3559">
    <p class='ocr_par' dir='ltr' id='par_1_80' title="bbox 2028 3477 3642 3559">
     <span class='ocr_line' id='line_1_80' title="bbox 2028 3477 3642 3559; baseline 0.008 -29"><span class='ocrx_word' id='word_1_594' title='bbox 2028 3478 2173 3531; x_wconf 88' lang='lat' dir='ltr'><strong>dium</strong></span> <span class='ocrx_word' id='word_1_595' title='bbox 2201 3477 2519 3547; x_wconf 81' lang='lat' dir='ltr'><strong>Jcrosolym.</strong></span> <span class='ocrx_word' id='word_1_596' title='bbox 2546 3482 2905 3547; x_wconf 58' lang='lat' dir='ltr'><strong>praecesserit,</strong></span> <span class='ocrx_word' id='word_1_597' title='bbox 2940 3482 2992 3533; x_wconf 87' lang='lat' dir='ltr'><strong>in</strong></span> <span class='ocrx_word' id='word_1_598' title='bbox 3022 3484 3305 3552; x_wconf 81' lang='lat' dir='ltr'><strong>principio</strong></span> <span class='ocrx_word' id='word_1_599' title='bbox 3339 3488 3642 3559; x_wconf 82' lang='lat' dir='ltr'><strong>Evangelii</strong></span> 
     </span>
    </p>
   </div>
   <div class='ocr_carea' id='block_1_81' title="bbox 2028 3568 3639 3641">
    <p class='ocr_par' dir='ltr' id='par_1_81' title="bbox 2028 3568 3639 3641">
     <span class='ocr_line' id='line_1_81' title="bbox 2028 3568 3639 3641; baseline 0.009 -21"><span class='ocrx_word' id='word_1_600' title='bbox 2028 3568 2271 3635; x_wconf 82' lang='lat' dir='ltr'><strong>scriptam</strong></span> <span class='ocrx_word' id='word_1_601' title='bbox 2304 3568 2483 3622; x_wconf 90' lang='lat' dir='ltr'><strong>dicere</strong></span> <span class='ocrx_word' id='word_1_602' title='bbox 2519 3584 2629 3641; x_wconf 88' lang='lat' dir='ltr'><strong>non</strong></span> <span class='ocrx_word' id='word_1_603' title='bbox 2669 3569 2900 3624; x_wconf 88' lang='lat' dir='ltr'><strong>dubitat.</strong></span> <span class='ocrx_word' id='word_1_604' title='bbox 2945 3572 3107 3636; x_wconf 85' lang='lat' dir='ltr'><strong>Quod</strong></span> <span class='ocrx_word' id='word_1_605' title='bbox 3165 3592 3319 3631; x_wconf 87' lang='lat' dir='ltr'><strong>sane</strong></span> <span class='ocrx_word' id='word_1_606' title='bbox 3378 3584 3639 3635; x_wconf 82' lang='lat' dir='ltr'><strong>evidenti</strong></span> 
     </span>
    </p>
   </div>
   <div class='ocr_carea' id='block_1_82' title="bbox 2028 3659 3641 3736">
    <p class='ocr_par' dir='ltr' id='par_1_82' title="bbox 2028 3659 3641 3736">
     <span class='ocr_line' id='line_1_82' title="bbox 2028 3659 3641 3736; baseline 0.011 -30"><span class='ocrx_word' id='word_1_607' title='bbox 2028 3663 2339 3723; x_wconf 90' lang='lat' dir='ltr'><strong>argumento</strong></span> <span class='ocrx_word' id='word_1_608' title='bbox 2366 3664 2447 3710; x_wconf 92' lang='lat' dir='ltr'><strong>est</strong></span> <span class='ocrx_word' id='word_1_609' title='bbox 2484 3671 2635 3719; x_wconf 91' lang='lat' dir='ltr'><strong>eum,</strong></span> <span class='ocrx_word' id='word_1_610' title='bbox 2666 3672 2785 3710; x_wconf 90' lang='lat' dir='ltr'><strong>cum</strong></span> <span class='ocrx_word' id='word_1_611' title='bbox 2818 3659 2889 3710; x_wconf 91' lang='lat' dir='ltr'><strong>ita</strong></span> <span class='ocrx_word' id='word_1_612' title='bbox 2923 3661 3233 3724; x_wconf 87' lang='lat' dir='ltr'><strong>scriberet,</strong></span> <span class='ocrx_word' id='word_1_613' title='bbox 3279 3666 3527 3736; x_wconf 80' lang='lat' dir='ltr'><strong>longius</strong></span> <span class='ocrx_word' id='word_1_614' title='bbox 3568 3670 3641 3723; x_wconf 92' lang='lat' dir='ltr'><strong>ab</strong></span> 
     </span>
    </p>
   </div>
   <div class='ocr_carea' id='block_1_83' title="bbox 2026 3744 3641 3813">
    <p class='ocr_par' dir='ltr' id='par_1_83' title="bbox 2026 3744 3641 3813">
     <span class='ocr_line' id='line_1_83' title="bbox 2026 3744 3641 3813; baseline 0.011 -16"><span class='ocrx_word' id='word_1_615' title='bbox 2026 3745 2208 3797; x_wconf 91' lang='lat' dir='ltr'><strong>eodem</strong></span> <span class='ocrx_word' id='word_1_616' title='bbox 2237 3744 2500 3813; x_wconf 91' lang='lat' dir='ltr'><strong>principio</strong></span> <span class='ocrx_word' id='word_1_617' title='bbox 2527 3747 2854 3811; x_wconf 85' lang='lat' dir='ltr'><strong>recessisse;</strong></span> <span class='ocrx_word' id='word_1_618' title='bbox 2898 3764 2999 3802; x_wconf 89' lang='lat' dir='ltr'><strong>nec</strong></span> <span class='ocrx_word' id='word_1_619' title='bbox 3027 3750 3096 3803; x_wconf 87' lang='lat' dir='ltr'><strong>ab</strong></span> <span class='ocrx_word' id='word_1_620' title='bbox 3129 3752 3272 3807; x_wconf 87' lang='lat' dir='ltr'><strong>hinc</strong></span> <span class='ocrx_word' id='word_1_621' title='bbox 3306 3761 3641 3813; x_wconf 88' lang='lat' dir='ltr'><strong>recessisse</strong></span> 
     </span>
    </p>
   </div>
   <div class='ocr_carea' id='block_1_84' title="bbox 2025 3832 3638 3913">
    <p class='ocr_par' dir='ltr' id='par_1_84' title="bbox 2025 3832 3638 3913">
     <span class='ocr_line' id='line_1_84' title="bbox 2025 3832 3638 3913; baseline 0.009 -30"><span class='ocrx_word' id='word_1_622' title='bbox 2025 3832 2233 3901; x_wconf 82' lang='lat' dir='ltr'><strong>longius</strong></span> <span class='ocrx_word' id='word_1_623' title='bbox 2281 3832 2578 3893; x_wconf 83' lang='lat' dir='ltr'><strong>videretur,</strong></span> <span class='ocrx_word' id='word_1_624' title='bbox 2629 3832 2696 3892; x_wconf 85' lang='lat' dir='ltr'><strong>si,</strong></span> <span class='ocrx_word' id='word_1_625' title='bbox 2744 3840 2802 3885; x_wconf 92' lang='lat' dir='ltr'><strong>ut</strong></span> <span class='ocrx_word' id='word_1_626' title='bbox 2840 3834 2953 3886; x_wconf 86' lang='lat' dir='ltr'><strong>vult</strong></span> <span class='ocrx_word' id='word_1_627' title='bbox 3003 3835 3296 3905; x_wconf 88' lang='lat' dir='ltr'><strong>Grabius,</strong></span> <span class='ocrx_word' id='word_1_628' title='bbox 3353 3849 3638 3913; x_wconf 63' lang='lat' dir='ltr'><strong>praedicta</strong></span> 
     </span>
    </p>
   </div>
   <div class='ocr_carea' id='block_1_85' title="bbox 2026 3919 3642 3992">
    <p class='ocr_par' dir='ltr' id='par_1_85' title="bbox 2026 3919 3642 3992">
     <span class='ocr_line' id='line_1_85' title="bbox 2026 3919 3642 3992; baseline 0.013 -21"><span class='ocrx_word' id='word_1_629' title='bbox 2026 3919 2172 3973; x_wconf 85' lang='lat' dir='ltr'><strong>Pauli</strong></span> <span class='ocrx_word' id='word_1_630' title='bbox 2190 3920 2427 3988; x_wconf 89' lang='lat' dir='ltr'><strong>Epistola</strong></span> <span class='ocrx_word' id='word_1_631' title='bbox 2459 3921 2568 3974; x_wconf 80' lang='lat' dir='ltr'><strong>haec</strong></span> <span class='ocrx_word' id='word_1_632' title='bbox 2611 3921 2900 3976; x_wconf 87' lang='lat' dir='ltr'><strong>Clementis</strong></span> <span class='ocrx_word' id='word_1_633' title='bbox 2945 3940 3144 3979; x_wconf 87' lang='lat' dir='ltr'><strong>novem</strong></span> <span class='ocrx_word' id='word_1_634' title='bbox 3184 3930 3500 3991; x_wconf 69' lang='lat' dir='ltr'><strong>duntaxat</strong></span> <span class='ocrx_word' id='word_1_635' title='bbox 3552 3936 3642 3992; x_wconf 86' lang='lat' dir='ltr'><strong>vel</strong></span> 
     </span>
    </p>
   </div>
   <div class='ocr_carea' id='block_1_86' title="bbox 2026 4008 3398 4079">
    <p class='ocr_par' dir='ltr' id='par_1_86' title="bbox 2026 4008 3398 4079">
     <span class='ocr_line' id='line_1_86' title="bbox 2026 4008 3398 4079; baseline 0.01 -18"><span class='ocrx_word' id='word_1_636' title='bbox 2026 4008 2091 4061; x_wconf 90' lang='lat' dir='ltr'><strong>ad</strong></span> <span class='ocrx_word' id='word_1_637' title='bbox 2121 4025 2386 4063; x_wconf 90' lang='lat' dir='ltr'><strong>summum</strong></span> <span class='ocrx_word' id='word_1_638' title='bbox 2415 4009 2691 4063; x_wconf 89' lang='lat' dir='ltr'><strong>duodecim</strong></span> <span class='ocrx_word' id='word_1_639' title='bbox 2718 4011 2872 4063; x_wconf 89' lang='lat' dir='ltr'><strong>annis</strong></span> <span class='ocrx_word' id='word_1_640' title='bbox 2900 4016 3177 4079; x_wconf 83' lang='lat' dir='ltr'><strong>posterior</strong></span> <span class='ocrx_word' id='word_1_641' title='bbox 3212 4020 3398 4074; x_wconf 83' lang='lat' dir='ltr'><strong>foret.</strong></span> 
     </span>
    </p>
   </div>
   <div class='ocr_carea' id='block_1_87' title="bbox 2092 4097 3642 4173">
    <p class='ocr_par' dir='ltr' id='par_1_87' title="bbox 2092 4097 3642 4173">
     <span class='ocr_line' id='line_1_87' title="bbox 2092 4097 3642 4173; baseline 0.013 -23"><span class='ocrx_word' id='word_1_642' title='bbox 2092 4097 2179 4151; x_wconf 78' lang='lat' dir='ltr'><strong>1X.</strong></span> <span class='ocrx_word' id='word_1_643' title='bbox 2210 4098 2286 4151; x_wconf 80' lang='lat' dir='ltr'><strong>Ex</strong></span> <span class='ocrx_word' id='word_1_644' title='bbox 2320 4100 2619 4152; x_wconf 82' lang='lat' dir='ltr'><strong>venerando</strong></span> <span class='ocrx_word' id='word_1_645' title='bbox 2662 4099 2753 4152; x_wconf 92' lang='lat' dir='ltr'><strong>illo</strong></span> <span class='ocrx_word' id='word_1_646' title='bbox 2798 4115 2965 4154; x_wconf 76' lang='lat' dir='ltr'><strong>sacrae</strong></span> <span class='ocrx_word' id='word_1_647' title='bbox 2997 4107 3381 4173; x_wconf 85' lang='lat' dir='ltr'><strong>antiquitatis</strong></span> <span class='ocrx_word' id='word_1_648' title='bbox 3420 4129 3642 4169; x_wconf 83' lang='lat' dir='ltr'><strong>monu-</strong></span> 
     </span>
    </p>
   </div>
   <div class='ocr_carea' id='block_1_88' title="bbox 2024 4189 3637 4259">
    <p class='ocr_par' dir='ltr' id='par_1_88' title="bbox 2024 4189 3637 4259">
     <span class='ocr_line' id='line_1_88' title="bbox 2024 4189 3637 4259; baseline 0.013 -20"><span class='ocrx_word' id='word_1_649' title='bbox 2024 4198 2233 4251; x_wconf 89' lang='lat' dir='ltr'><strong>mento,</strong></span> <span class='ocrx_word' id='word_1_650' title='bbox 2279 4189 2419 4257; x_wconf 88' lang='lat' dir='ltr'><strong>quod</strong></span> <span class='ocrx_word' id='word_1_651' title='bbox 2470 4205 2729 4243; x_wconf 87' lang='lat' dir='ltr'><strong>summam</strong></span> <span class='ocrx_word' id='word_1_652' title='bbox 2780 4191 3081 4258; x_wconf 88' lang='lat' dir='ltr'><strong>primorum</strong></span> <span class='ocrx_word' id='word_1_653' title='bbox 3130 4197 3637 4259; x_wconf 86' lang='lat' dir='ltr'><strong>Christianorum</strong></span> 
     </span>
    </p>
   </div>
   <div class='ocr_carea' id='block_1_89' title="bbox 406 4278 3638 4352">
    <p class='ocr_par' dir='ltr' id='par_1_89' title="bbox 406 4278 3638 4352">
     <span class='ocr_line' id='line_1_89' title="bbox 406 4278 3638 4352; baseline 0.006 -21"><span class='ocrx_word' id='word_1_654' title='bbox 406 4280 541 4332; x_wconf 89' lang='lat' dir='ltr'><strong>toris</strong></span> <span class='ocrx_word' id='word_1_655' title='bbox 573 4293 742 4333; x_wconf 87' lang='lat' dir='ltr'><strong>annos</strong></span> <span class='ocrx_word' id='word_1_656' title='bbox 786 4280 1108 4334; x_wconf 87' lang='lat' dir='ltr'><strong>referuntur.</strong></span> <span class='ocrx_word' id='word_1_657' title='bbox 1156 4279 1305 4335; x_wconf 87' lang='lat' dir='ltr'><strong>Unde</strong></span> <span class='ocrx_word' id='word_1_658' title='bbox 1347 4282 1481 4334; x_wconf 89' lang='lat' dir='ltr'><strong>nihil</strong></span> <span class='ocrx_word' id='word_1_659' title='bbox 1513 4283 1706 4335; x_wconf 90' lang='lat' dir='ltr'><strong>rationi</strong></span> <span class='ocrx_word' id='word_1_660' title='bbox 1750 4286 1920 4352; x_wconf 87' lang='lat' dir='ltr'><strong>magis</strong></span> <span class='ocrx_word' id='word_1_661' title='bbox 1953 4279 1995 4331; x_wconf 85' lang='grc' dir='ltr'><strong>Ι)</strong></span> <span class='ocrx_word' id='word_1_662' title='bbox 2023 4278 2413 4345; x_wconf 81' lang='lat' dir='ltr'><strong>simplicitatem</strong></span> <span class='ocrx_word' id='word_1_663' title='bbox 2445 4279 2602 4346; x_wconf 87' lang='lat' dir='ltr'><strong>sapit,</strong></span> <span class='ocrx_word' id='word_1_664' title='bbox 2633 4278 2739 4330; x_wconf 90' lang='lat' dir='ltr'><strong>duo</strong></span> <span class='ocrx_word' id='word_1_665' title='bbox 2769 4279 3016 4347; x_wconf 85' lang='lat' dir='ltr'><strong>inprimis</strong></span> <span class='ocrx_word' id='word_1_666' title='bbox 3056 4285 3300 4340; x_wconf 77' lang='lat' dir='ltr'><strong>maximi</strong></span> <span class='ocrx_word' id='word_1_667' title='bbox 3338 4297 3638 4350; x_wconf 82' lang='lat' dir='ltr'><strong>momenti</strong></span> 
     </span>
    </p>
   </div>
   <div class='ocr_carea' id='block_1_90' title="bbox 405 4367 1924 4439">
    <p class='ocr_par' dir='ltr' id='par_1_90' title="bbox 405 4367 1924 4439">
     <span class='ocr_line' id='line_1_90' title="bbox 405 4367 1924 4439; baseline 0.003 -20"><span class='ocrx_word' id='word_1_668' title='bbox 405 4374 819 4420; x_wconf 85' lang='lat' dir='ltr'><strong>consentaneum</strong></span> <span class='ocrx_word' id='word_1_669' title='bbox 842 4367 1097 4430; x_wconf 89' lang='lat' dir='ltr'><strong>occurrit,</strong></span> <span class='ocrx_word' id='word_1_670' title='bbox 1127 4383 1284 4435; x_wconf 90' lang='lat' dir='ltr'><strong>quam</strong></span> <span class='ocrx_word' id='word_1_671' title='bbox 1314 4378 1371 4421; x_wconf 89' lang='lat' dir='ltr'><strong>ut</strong></span> <span class='ocrx_word' id='word_1_672' title='bbox 1389 4368 1783 4423; x_wconf 86' lang='lat' dir='ltr'><strong>Corinthiorum</strong></span> <span class='ocrx_word' id='word_1_673' title='bbox 1811 4372 1924 4439; x_wconf 85' lang='lat' dir='ltr'><strong>epi-</strong></span> 
     </span>
    </p>
   </div>
   <div class='ocr_carea' id='block_1_91' title="bbox 405 4454 1920 4525">
    <p class='ocr_par' dir='ltr' id='par_1_91' title="bbox 405 4454 1920 4525">
     <span class='ocr_line' id='line_1_91' title="bbox 405 4454 1920 4525; baseline 0.004 -17"><span class='ocrx_word' id='word_1_674' title='bbox 405 4455 596 4508; x_wconf 84' lang='lat' dir='ltr'><strong>stolam</strong></span> <span class='ocrx_word' id='word_1_675' title='bbox 646 4454 894 4510; x_wconf 69' lang='lat' dir='ltr'><strong>saaviente</strong></span> <span class='ocrx_word' id='word_1_676' title='bbox 950 4454 1233 4509; x_wconf 83' lang='lat' dir='ltr'><strong>Domitiani</strong></span> <span class='ocrx_word' id='word_1_677' title='bbox 1283 4458 1651 4525; x_wconf 86' lang='lat' dir='ltr'><strong>persecutione</strong></span> <span class='ocrx_word' id='word_1_678' title='bbox 1700 4457 1920 4514; x_wconf 79' lang='lat' dir='ltr'><strong>Romam</strong></span> 
     </span>
    </p>
   </div>
   <div class='ocr_carea' id='block_1_92' title="bbox 403 4543 1922 4613">
    <p class='ocr_par' dir='ltr' id='par_1_92' title="bbox 403 4543 1922 4613">
     <span class='ocr_line' id='line_1_92' title="bbox 403 4543 1922 4613; baseline 0.003 -16"><span class='ocrx_word' id='word_1_679' title='bbox 403 4543 745 4613; x_wconf 85' lang='lat' dir='ltr'><strong>pervenisse,</strong></span> <span class='ocrx_word' id='word_1_680' title='bbox 798 4550 957 4612; x_wconf 87' lang='lat' dir='ltr'><strong>atque</strong></span> <span class='ocrx_word' id='word_1_681' title='bbox 996 4543 1106 4598; x_wconf 89' lang='lat' dir='ltr'><strong>illis</strong></span> <span class='ocrx_word' id='word_1_682' title='bbox 1150 4543 1332 4598; x_wconf 89' lang='lat' dir='ltr'><strong>eadem</strong></span> <span class='ocrx_word' id='word_1_683' title='bbox 1366 4546 1738 4612; x_wconf 88' lang='lat' dir='ltr'><strong>persecutione</strong></span> <span class='ocrx_word' id='word_1_684' title='bbox 1780 4548 1922 4602; x_wconf 83' lang='lat' dir='ltr'><strong>desi-</strong></span> 
     </span>
    </p>
   </div>
   <div class='ocr_carea' id='block_1_93' title="bbox 402 4631 1919 4699">
    <p class='ocr_par' dir='ltr' id='par_1_93' title="bbox 402 4631 1919 4699">
     <span class='ocr_line' id='line_1_93' title="bbox 402 4631 1919 4699; baseline 0.003 -14"><span class='ocrx_word' id='word_1_685' title='bbox 402 4640 564 4687; x_wconf 88' lang='lat' dir='ltr'><strong>nente</strong></span> <span class='ocrx_word' id='word_1_686' title='bbox 590 4646 620 4685; x_wconf 86' lang='lat' dir='ltr'><strong>a</strong></span> <span class='ocrx_word' id='word_1_687' title='bbox 646 4631 920 4688; x_wconf 90' lang='lat' dir='ltr'><strong>Clemente</strong></span> <span class='ocrx_word' id='word_1_688' title='bbox 943 4632 1087 4686; x_wconf 85' lang='lat' dir='ltr'><strong>circa</strong></span> <span class='ocrx_word' id='word_1_689' title='bbox 1117 4646 1315 4685; x_wconf 89' lang='lat' dir='ltr'><strong>annum</strong></span> <span class='ocrx_word' id='word_1_690' title='bbox 1356 4632 1557 4688; x_wconf 89' lang='lat' dir='ltr'><strong>Christi</strong></span> <span class='ocrx_word' id='word_1_691' title='bbox 1597 4634 1686 4699; x_wconf 88' lang='lat'><strong>97,</strong></span> <span class='ocrx_word' id='word_1_692' title='bbox 1718 4637 1919 4691; x_wconf 87' lang='lat' dir='ltr'><strong>rescri-</strong></span> 
     </span>
    </p>
   </div>
   <div class='ocr_carea' id='block_1_94' title="bbox 344 4720 1063 4789">
    <p class='ocr_par' dir='ltr' id='par_1_94' title="bbox 344 4720 1063 4789">
     <span class='ocr_line' id='line_1_94' title="bbox 344 4720 1063 4789; baseline 0.003 -17"><span class='ocrx_word' id='word_1_693' title='bbox 344 4786 349 4789; x_wconf 88' lang='lat'>_</span> <span class='ocrx_word' id='word_1_694' title='bbox 402 4720 550 4789; x_wconf 79' lang='lat' dir='ltr'><strong>ptum</strong></span> <span class='ocrx_word' id='word_1_695' title='bbox 581 4736 702 4776; x_wconf 85' lang='lat' dir='ltr'><strong>esse</strong></span> <span class='ocrx_word' id='word_1_696' title='bbox 730 4735 1063 4775; x_wconf 87' lang='lat' dir='ltr'><strong>censeamus.</strong></span> 
     </span>
    </p>
   </div>
   <div class='ocr_carea' id='block_1_95' title="bbox 470 4805 1918 4877">
    <p class='ocr_par' dir='ltr' id='par_1_95' title="bbox 470 4805 1918 4877">
     <span class='ocr_line' id='line_1_95' title="bbox 470 4805 1918 4877; baseline 0.003 -17"><span class='ocrx_word' id='word_1_697' title='bbox 470 4805 581 4861; x_wconf 76' lang='lat' dir='ltr'><strong>Vll.</strong></span> <span class='ocrx_word' id='word_1_698' title='bbox 619 4808 799 4877; x_wconf 88' lang='lat' dir='ltr'><strong>Neque</strong></span> <span class='ocrx_word' id='word_1_699' title='bbox 824 4808 907 4862; x_wconf 87' lang='lat' dir='ltr'><strong>his</strong></span> <span class='ocrx_word' id='word_1_700' title='bbox 948 4808 1259 4862; x_wconf 88' lang='lat' dir='ltr'><strong>adversatur</strong></span> <span class='ocrx_word' id='word_1_701' title='bbox 1284 4808 1434 4873; x_wconf 91' lang='lat' dir='ltr'><strong>illud,</strong></span> <span class='ocrx_word' id='word_1_702' title='bbox 1468 4825 1612 4863; x_wconf 93' lang='lat' dir='ltr'><strong>num.</strong></span> <span class='ocrx_word' id='word_1_703' title='bbox 1663 4812 1724 4864; x_wconf 73' lang='grc'><strong>41</strong></span> <span class='ocrx_word' id='word_1_704' title='bbox 1756 4811 1918 4867; x_wconf 88' lang='lat' dir='ltr'><strong>:Non</strong></span> 
     </span>
    </p>
   </div>
   <div class='ocr_carea' id='block_1_96' title="bbox 401 4894 1919 4969">
    <p class='ocr_par' dir='ltr' id='par_1_96' title="bbox 401 4894 1919 4969">
     <span class='ocr_line' id='line_1_96' title="bbox 401 4894 1919 4969; baseline 0.006 -21"><span class='ocrx_word' id='word_1_705' title='bbox 401 4894 603 4965; x_wconf 74' lang='lat' dir='ltr'><strong>tibique,</strong></span> <span class='ocrx_word' id='word_1_706' title='bbox 633 4896 840 4963; x_wconf 77' lang='lat' dir='ltr'><strong>fratres,</strong></span> <span class='ocrx_word' id='word_1_707' title='bbox 879 4897 1163 4964; x_wconf 72' lang='lat' dir='ltr'><strong>olferuntur</strong></span> <span class='ocrx_word' id='word_1_708' title='bbox 1206 4899 1462 4963; x_wconf 79' lang='lat' dir='ltr'><strong>sacriﬁcia</strong></span> <span class='ocrx_word' id='word_1_709' title='bbox 1496 4899 1663 4969; x_wconf 80' lang='lat' dir='ltr'><strong>jugia,</strong></span> <span class='ocrx_word' id='word_1_710' title='bbox 1715 4903 1792 4955; x_wconf 84' lang='lat' dir='ltr'><strong>vel</strong></span> <span class='ocrx_word' id='word_1_711' title='bbox 1834 4919 1919 4956; x_wconf 84' lang='lat' dir='ltr'><strong>vo-</strong></span> 
     </span>
    </p>
   </div>
   <div class='ocr_carea' id='block_1_97' title="bbox 404 4984 1915 5058">
    <p class='ocr_par' dir='ltr' id='par_1_97' title="bbox 404 4984 1915 5058">
     <span class='ocr_line' id='line_1_97' title="bbox 404 4984 1915 5058; baseline 0.005 -21"><span class='ocrx_word' id='word_1_712' title='bbox 404 4984 528 5047; x_wconf 72' lang='lat' dir='ltr'><strong>tiva,</strong></span> <span class='ocrx_word' id='word_1_713' title='bbox 555 4985 632 5038; x_wconf 72' lang='lat' dir='ltr'><strong>vel</strong></span> <span class='ocrx_word' id='word_1_714' title='bbox 649 5000 739 5051; x_wconf 76' lang='lat' dir='ltr'><strong>pro</strong></span> <span class='ocrx_word' id='word_1_715' title='bbox 768 4996 973 5052; x_wconf 82' lang='lat' dir='ltr'><strong>peccato</strong></span> <span class='ocrx_word' id='word_1_716' title='bbox 999 4996 1047 5040; x_wconf 81' lang='lat' dir='ltr'><strong>et</strong></span> <span class='ocrx_word' id='word_1_717' title='bbox 1080 4986 1285 5049; x_wconf 84' lang='lat' dir='ltr'><strong>delicto,</strong></span> <span class='ocrx_word' id='word_1_718' title='bbox 1314 4987 1401 5041; x_wconf 80' lang='lat' dir='ltr'><strong>sed</strong></span> <span class='ocrx_word' id='word_1_719' title='bbox 1430 4987 1767 5058; x_wconf 78' lang='lat' dir='ltr'><strong>Jerosolymis</strong></span> <span class='ocrx_word' id='word_1_720' title='bbox 1796 5002 1915 5044; x_wconf 84' lang='lat' dir='ltr'><strong>tan-</strong></span> 
     </span>
    </p>
   </div>
   <div class='ocr_carea' id='block_1_98' title="bbox 403 5071 1913 5141">
    <p class='ocr_par' dir='ltr' id='par_1_98' title="bbox 403 5071 1913 5141">
     <span class='ocr_line' id='line_1_98' title="bbox 403 5071 1913 5141; baseline 0.005 -16"><span class='ocrx_word' id='word_1_721' title='bbox 403 5081 534 5133; x_wconf 73' lang='lat' dir='ltr'><strong>tum,</strong></span> <span class='ocrx_word' id='word_1_722' title='bbox 564 5072 687 5125; x_wconf 90' lang='lat' dir='ltr'><strong>licet</strong></span> <span class='ocrx_word' id='word_1_723' title='bbox 711 5071 936 5127; x_wconf 85' lang='lat' dir='ltr'><strong>Grabius</strong></span> <span class='ocrx_word' id='word_1_724' title='bbox 962 5074 1086 5128; x_wconf 87' lang='lat' dir='ltr'><strong>hinc</strong></span> <span class='ocrx_word' id='word_1_725' title='bbox 1116 5081 1262 5129; x_wconf 85' lang='lat' dir='ltr'><strong>certo</strong></span> <span class='ocrx_word' id='word_1_726' title='bbox 1308 5086 1555 5130; x_wconf 87' lang='lat' dir='ltr'><strong>constare</strong></span> <span class='ocrx_word' id='word_1_727' title='bbox 1592 5078 1694 5131; x_wconf 88' lang='lat' dir='ltr'><strong>sibi</strong></span> <span class='ocrx_word' id='word_1_728' title='bbox 1736 5079 1913 5141; x_wconf 88' lang='lat' dir='ltr'><strong>dicat,</strong></span> 
     </span>
    </p>
   </div>
   <div class='ocr_carea' id='block_1_99' title="bbox 400 5158 1915 5232">
    <p class='ocr_par' dir='ltr' id='par_1_99' title="bbox 400 5158 1915 5232">
     <span class='ocr_line' id='line_1_99' title="bbox 400 5158 1915 5232; baseline 0.004 -18"><span class='ocrx_word' id='word_1_729' title='bbox 400 5160 655 5229; x_wconf 86' lang='lat' dir='ltr'><strong>templum</strong></span> <span class='ocrx_word' id='word_1_730' title='bbox 677 5158 1171 5230; x_wconf 79' lang='lat' dir='ltr'><strong>Jerosolymitanum</strong></span> <span class='ocrx_word' id='word_1_731' title='bbox 1193 5170 1302 5216; x_wconf 91' lang='lat' dir='ltr'><strong>tum</strong></span> <span class='ocrx_word' id='word_1_732' title='bbox 1332 5164 1563 5226; x_wconf 89' lang='lat' dir='ltr'><strong>stetisse,</strong></span> <span class='ocrx_word' id='word_1_733' title='bbox 1589 5172 1748 5232; x_wconf 91' lang='lat' dir='ltr'><strong>atque</strong></span> <span class='ocrx_word' id='word_1_734' title='bbox 1769 5167 1915 5220; x_wconf 73' lang='lat' dir='ltr'><strong>exci-</strong></span> 
     </span>
    </p>
   </div>
   <div class='ocr_carea' id='block_1_100' title="bbox 399 5248 1917 5318">
    <p class='ocr_par' dir='ltr' id='par_1_100' title="bbox 399 5248 1917 5318">
     <span class='ocr_line' id='line_1_100' title="bbox 399 5248 1917 5318; baseline 0.004 -16"><span class='ocrx_word' id='word_1_735' title='bbox 399 5250 546 5303; x_wconf 87' lang='lat' dir='ltr'><strong>dium</strong></span> <span class='ocrx_word' id='word_1_736' title='bbox 574 5248 736 5310; x_wconf 88' lang='lat' dir='ltr'><strong>illius,</strong></span> <span class='ocrx_word' id='word_1_737' title='bbox 766 5248 907 5318; x_wconf 89' lang='lat' dir='ltr'><strong>quod</strong></span> <span class='ocrx_word' id='word_1_738' title='bbox 934 5251 986 5303; x_wconf 89' lang='lat' dir='ltr'><strong>in</strong></span> <span class='ocrx_word' id='word_1_739' title='bbox 1005 5265 1200 5304; x_wconf 85' lang='lat' dir='ltr'><strong>annum</strong></span> <span class='ocrx_word' id='word_1_740' title='bbox 1232 5251 1297 5305; x_wconf 86' lang='lat'><strong>70</strong></span> <span class='ocrx_word' id='word_1_741' title='bbox 1316 5251 1521 5314; x_wconf 90' lang='lat' dir='ltr'><strong>incidit,</strong></span> <span class='ocrx_word' id='word_1_742' title='bbox 1546 5253 1771 5305; x_wconf 90' lang='lat' dir='ltr'><strong>necdum</strong></span> <span class='ocrx_word' id='word_1_743' title='bbox 1793 5270 1917 5308; x_wconf 89' lang='lat' dir='ltr'><strong>con-</strong></span> 
     </span>
    </p>
   </div>
   <div class='ocr_carea' id='block_1_101' title="bbox 397 5337 1911 5409">
    <p class='ocr_par' dir='ltr' id='par_1_101' title="bbox 397 5337 1911 5409">
     <span class='ocr_line' id='line_1_101' title="bbox 397 5337 1911 5409; baseline 0.002 -17"><span class='ocrx_word' id='word_1_744' title='bbox 397 5339 612 5409; x_wconf 83' lang='lat' dir='ltr'><strong>tigisse;</strong></span> <span class='ocrx_word' id='word_1_745' title='bbox 640 5337 837 5406; x_wconf 86' lang='lat' dir='ltr'><strong>alioqui</strong></span> <span class='ocrx_word' id='word_1_746' title='bbox 859 5351 966 5392; x_wconf 92' lang='lat' dir='ltr'><strong>non</strong></span> <span class='ocrx_word' id='word_1_747' title='bbox 995 5339 1276 5407; x_wconf 70' lang='lat' dir='ltr'><strong>olferuntur</strong></span> <span class='ocrx_word' id='word_1_748' title='bbox 1298 5340 1353 5392; x_wconf 90' lang='lat' dir='ltr'><strong>in</strong></span> <span class='ocrx_word' id='word_1_749' title='bbox 1375 5339 1646 5409; x_wconf 63' lang='lat' dir='ltr'><strong>praesenti,</strong></span> <span class='ocrx_word' id='word_1_750' title='bbox 1668 5340 1762 5394; x_wconf 90' lang='lat' dir='ltr'><strong>sed</strong></span> <span class='ocrx_word' id='word_1_751' title='bbox 1788 5343 1911 5395; x_wconf 85' lang='lat' dir='ltr'><strong>olim</strong></span> 
     </span>
    </p>
   </div>
   <div class='ocr_carea' id='block_1_102' title="bbox 397 5426 1912 5495">
    <p class='ocr_par' dir='ltr' id='par_1_102' title="bbox 397 5426 1912 5495">
     <span class='ocr_line' id='line_1_102' title="bbox 397 5426 1912 5495; baseline 0.001 -16"><span class='ocrx_word' id='word_1_752' title='bbox 397 5426 738 5495; x_wconf 74' lang='lat' dir='ltr'><strong>oﬂerebautur</strong></span> <span class='ocrx_word' id='word_1_753' title='bbox 763 5427 929 5483; x_wconf 81' lang='lat' dir='ltr'><strong>fuisse</strong></span> <span class='ocrx_word' id='word_1_754' title='bbox 953 5427 1257 5485; x_wconf 88' lang='lat' dir='ltr'><strong>dicendum.</strong></span> <span class='ocrx_word' id='word_1_755' title='bbox 1289 5427 1484 5483; x_wconf 83' lang='lat' dir='ltr'><strong>Verum</strong></span> <span class='ocrx_word' id='word_1_756' title='bbox 1527 5443 1633 5482; x_wconf 90' lang='lat' dir='ltr'><strong>non</strong></span> <span class='ocrx_word' id='word_1_757' title='bbox 1669 5430 1801 5484; x_wconf 88' lang='lat' dir='ltr'><strong>satis</strong></span> <span class='ocrx_word' id='word_1_758' title='bbox 1830 5438 1912 5481; x_wconf 90' lang='lat' dir='ltr'><strong>at-</strong></span> 
     </span>
    </p>
   </div>
   <div class='ocr_carea' id='block_1_103' title="bbox 396 5516 1905 5585">
    <p class='ocr_par' dir='ltr' id='par_1_103' title="bbox 396 5516 1905 5585">
     <span class='ocr_line' id='line_1_103' title="bbox 396 5516 1905 5585; baseline 0.003 -19"><span class='ocrx_word' id='word_1_759' title='bbox 396 5517 563 5569; x_wconf 87' lang='lat' dir='ltr'><strong>tendit</strong></span> <span class='ocrx_word' id='word_1_760' title='bbox 590 5516 670 5568; x_wconf 88' lang='lat' dir='ltr'><strong>vir</strong></span> <span class='ocrx_word' id='word_1_761' title='bbox 697 5518 939 5572; x_wconf 86' lang='lat' dir='ltr'><strong>eruditus</strong></span> <span class='ocrx_word' id='word_1_762' title='bbox 961 5519 1224 5575; x_wconf 89' lang='lat' dir='ltr'><strong>sermonis</strong></span> <span class='ocrx_word' id='word_1_763' title='bbox 1268 5529 1421 5572; x_wconf 88' lang='lat' dir='ltr'><strong>usum</strong></span> <span class='ocrx_word' id='word_1_764' title='bbox 1437 5553 1453 5579; x_wconf 94' lang='lat'><strong>,</strong></span> <span class='ocrx_word' id='word_1_765' title='bbox 1468 5528 1573 5585; x_wconf 91' lang='lat' dir='ltr'><strong>quo</strong></span> <span class='ocrx_word' id='word_1_766' title='bbox 1586 5528 1672 5568; x_wconf 90' lang='lat' dir='ltr'><strong>res</strong></span> <span class='ocrx_word' id='word_1_767' title='bbox 1688 5523 1905 5584; x_wconf 75' lang='lat' dir='ltr'><strong>praeter-</strong></span> 
     </span>
    </p>
   </div>
   <div class='ocr_carea' id='block_1_104' title="bbox 402 5603 1963 5684">
    <p class='ocr_par' dir='ltr' id='par_1_104' title="bbox 402 5603 1963 5684">
     <span class='ocr_line' id='line_1_104' title="bbox 402 5603 1963 5684; baseline -0.001 -23"><span class='ocrx_word' id='word_1_768' title='bbox 402 5609 504 5661; x_wconf 88' lang='lat' dir='ltr'><strong>itas</strong></span> <span class='ocrx_word' id='word_1_769' title='bbox 555 5603 715 5659; x_wconf 84' lang='lat' dir='ltr'><strong>veluti</strong></span> <span class='ocrx_word' id='word_1_770' title='bbox 752 5617 1033 5675; x_wconf 64' lang='lat' dir='ltr'><strong>praesentes</strong></span> <span class='ocrx_word' id='word_1_771' title='bbox 1061 5611 1129 5665; x_wconf 91' lang='lat' dir='ltr'><strong>ob</strong></span> <span class='ocrx_word' id='word_1_772' title='bbox 1149 5609 1331 5664; x_wconf 88' lang='lat' dir='ltr'><strong>oculos</strong></span> <span class='ocrx_word' id='word_1_773' title='bbox 1359 5622 1553 5676; x_wconf 89' lang='lat' dir='ltr'><strong>ponere</strong></span> <span class='ocrx_word' id='word_1_774' title='bbox 1580 5613 1630 5660; x_wconf 91' lang='lat' dir='ltr'><strong>ct</strong></span> <span class='ocrx_word' id='word_1_775' title='bbox 1654 5620 1747 5675; x_wconf 91' lang='lat' dir='ltr'><strong>per</strong></span> <span class='ocrx_word' id='word_1_776' title='bbox 1770 5620 1906 5675; x_wconf 84' lang='lat' dir='ltr'><strong>prae-</strong></span> <span class='ocrx_word' id='word_1_777' title='bbox 1956 5679 1963 5684; x_wconf 88' lang='lat'>_</span> 
     </span>
    </p>
   </div>
   <div class='ocr_carea' id='block_1_105' title="bbox 2021 4367 3638 4438">
    <p class='ocr_par' dir='ltr' id='par_1_105' title="bbox 2021 4367 3638 4438">
     <span class='ocr_line' id='line_1_105' title="bbox 2021 4367 3638 4438; baseline 0.004 -19"><span class='ocrx_word' id='word_1_778' title='bbox 2021 4368 2339 4420; x_wconf 88' lang='lat' dir='ltr'><strong>documenta</strong></span> <span class='ocrx_word' id='word_1_779' title='bbox 2372 4367 2551 4420; x_wconf 86' lang='lat' dir='ltr'><strong>fideles</strong></span> <span class='ocrx_word' id='word_1_780' title='bbox 2585 4368 2908 4436; x_wconf 83' lang='lat' dir='ltr'><strong>percipiunt.</strong></span> <span class='ocrx_word' id='word_1_781' title='bbox 2942 4368 3189 4425; x_wconf 88' lang='lat' dir='ltr'><strong>Primum</strong></span> <span class='ocrx_word' id='word_1_782' title='bbox 3224 4379 3399 4432; x_wconf 83' lang='lat' dir='ltr'><strong>enim</strong></span> <span class='ocrx_word' id='word_1_783' title='bbox 3433 4384 3541 4436; x_wconf 72' lang='lat' dir='ltr'><strong>ubi</strong></span> <span class='ocrx_word' id='word_1_784' title='bbox 3580 4402 3638 4438; x_wconf 74' lang='grc' dir='ltr'>ιη</span> 
     </span>
    </p>
   </div>
   <div class='ocr_carea' id='block_1_106' title="bbox 2022 4455 3638 4539">
    <p class='ocr_par' dir='ltr' id='par_1_106' title="bbox 2022 4455 3638 4539">
     <span class='ocr_line' id='line_1_106' title="bbox 2022 4455 3638 4539; baseline 0.012 -31"><span class='ocrx_word' id='word_1_785' title='bbox 2022 4457 2267 4524; x_wconf 91' lang='lat' dir='ltr'><strong>primaria</strong></span> <span class='ocrx_word' id='word_1_786' title='bbox 2294 4456 2550 4519; x_wconf 85' lang='lat' dir='ltr'><strong>Ecclesia,</strong></span> <span class='ocrx_word' id='word_1_787' title='bbox 2586 4464 2661 4509; x_wconf 93' lang='lat' dir='ltr'><strong>tot</strong></span> <span class='ocrx_word' id='word_1_788' title='bbox 2687 4455 2920 4525; x_wconf 88' lang='lat' dir='ltr'><strong>Spiritus</strong></span> <span class='ocrx_word' id='word_1_789' title='bbox 2951 4461 3126 4512; x_wconf 86' lang='lat' dir='ltr'><strong>sancti</strong></span> <span class='ocrx_word' id='word_1_790' title='bbox 3160 4461 3346 4521; x_wconf 89' lang='lat' dir='ltr'><strong>donis</strong></span> <span class='ocrx_word' id='word_1_791' title='bbox 3376 4483 3601 4527; x_wconf 81' lang='lat' dir='ltr'><strong>ornata</strong></span> <span class='ocrx_word' id='word_1_792' title='bbox 3622 4518 3638 4539; x_wconf 90' lang='lat'><strong>,</strong></span> 
     </span>
    </p>
   </div>
   <div class='ocr_carea' id='block_1_107' title="bbox 2020 4543 3641 4628">
    <p class='ocr_par' dir='ltr' id='par_1_107' title="bbox 2020 4543 3641 4628">
     <span class='ocr_line' id='line_1_107' title="bbox 2020 4543 3641 4628; baseline 0.004 -32"><span class='ocrx_word' id='word_1_793' title='bbox 2020 4560 2081 4596; x_wconf 91' lang='lat' dir='ltr'><strong>ac</strong></span> <span class='ocrx_word' id='word_1_794' title='bbox 2104 4543 2347 4596; x_wconf 77' lang='lat' dir='ltr'><strong>maximis</strong></span> <span class='ocrx_word' id='word_1_795' title='bbox 2377 4544 2737 4609; x_wconf 84' lang='lat' dir='ltr'><strong>apostolorum</strong></span> <span class='ocrx_word' id='word_1_796' title='bbox 2770 4544 3062 4599; x_wconf 87' lang='lat' dir='ltr'><strong>sudoribus</strong></span> <span class='ocrx_word' id='word_1_797' title='bbox 3092 4553 3333 4606; x_wconf 77' lang='lat' dir='ltr'><strong>exculta</strong></span> <span class='ocrx_word' id='word_1_798' title='bbox 3362 4596 3379 4618; x_wconf 77' lang='lat'><strong>,</strong></span> <span class='ocrx_word' id='word_1_799' title='bbox 3422 4562 3641 4628; x_wconf 65' lang='lat' dir='ltr'><strong>spinas</strong></span> 
     </span>
    </p>
   </div>
   <div class='ocr_carea' id='block_1_108' title="bbox 2017 4632 3635 4716">
    <p class='ocr_par' dir='ltr' id='par_1_108' title="bbox 2017 4632 3635 4716">
     <span class='ocr_line' id='line_1_108' title="bbox 2017 4632 3635 4716; baseline 0.011 -30"><span class='ocrx_word' id='word_1_800' title='bbox 2017 4633 2410 4687; x_wconf 89' lang='lat' dir='ltr'><strong>dissensionum</strong></span> <span class='ocrx_word' id='word_1_801' title='bbox 2442 4640 2656 4685; x_wconf 81' lang='lat' dir='ltr'><strong>exortus</strong></span> <span class='ocrx_word' id='word_1_802' title='bbox 2680 4632 2880 4694; x_wconf 83' lang='lat' dir='ltr'><strong>vident,</strong></span> <span class='ocrx_word' id='word_1_803' title='bbox 2917 4636 3101 4690; x_wconf 88' lang='lat' dir='ltr'><strong>minus</strong></span> <span class='ocrx_word' id='word_1_804' title='bbox 3127 4638 3249 4705; x_wconf 86' lang='lat' dir='ltr'><strong>jam</strong></span> <span class='ocrx_word' id='word_1_805' title='bbox 3282 4647 3635 4716; x_wconf 80' lang='lat' dir='ltr'><strong>mirantur,</strong></span> 
     </span>
    </p>
   </div>
   <div class='ocr_carea' id='block_1_109' title="bbox 2016 4717 3641 4803">
    <p class='ocr_par' dir='ltr' id='par_1_109' title="bbox 2016 4717 3641 4803">
     <span class='ocr_line' id='line_1_109' title="bbox 2016 4717 3641 4803; baseline 0.003 -27"><span class='ocrx_word' id='word_1_806' title='bbox 2016 4722 2061 4776; x_wconf 83' lang='lat' dir='ltr'><strong>si</strong></span> <span class='ocrx_word' id='word_1_807' title='bbox 2094 4721 2228 4773; x_wconf 90' lang='lat' dir='ltr'><strong>inter</strong></span> <span class='ocrx_word' id='word_1_808' title='bbox 2251 4717 2578 4773; x_wconf 88' lang='lat' dir='ltr'><strong>Christianas</strong></span> <span class='ocrx_word' id='word_1_809' title='bbox 2599 4721 2898 4787; x_wconf 84' lang='lat' dir='ltr'><strong>societates,</strong></span> <span class='ocrx_word' id='word_1_810' title='bbox 2921 4740 3040 4791; x_wconf 62' lang='lat' dir='ltr'><strong>quae</strong></span> <span class='ocrx_word' id='word_1_811' title='bbox 3070 4735 3223 4780; x_wconf 85' lang='lat' dir='ltr'><strong>recte</strong></span> <span class='ocrx_word' id='word_1_812' title='bbox 3258 4742 3641 4803; x_wconf 54' lang='lat' dir='ltr'><strong>conlpositm</strong></span> 
     </span>
    </p>
   </div>
   <div class='ocr_carea' id='block_1_110' title="bbox 2017 4807 3635 4895">
    <p class='ocr_par' dir='ltr' id='par_1_110' title="bbox 2017 4807 3635 4895">
     <span class='ocr_line' id='line_1_110' title="bbox 2017 4807 3635 4895; baseline 0.009 -34"><span class='ocrx_word' id='word_1_813' title='bbox 2017 4809 2280 4870; x_wconf 89' lang='lat' dir='ltr'><strong>audiunt,</strong></span> <span class='ocrx_word' id='word_1_814' title='bbox 2332 4807 2637 4873; x_wconf 79' lang='lat' dir='ltr'><strong>liujusmodi</strong></span> <span class='ocrx_word' id='word_1_815' title='bbox 2684 4810 2936 4863; x_wconf 81' lang='lat' dir='ltr'><strong>scandala</strong></span> <span class='ocrx_word' id='word_1_816' title='bbox 2990 4813 3199 4867; x_wconf 87' lang='lat' dir='ltr'><strong>oboriri</strong></span> <span class='ocrx_word' id='word_1_817' title='bbox 3260 4826 3635 4895; x_wconf 70' lang='lat' dir='ltr'><strong>contigerit,</strong></span> 
     </span>
    </p>
   </div>
   <div class='ocr_carea' id='block_1_111' title="bbox 2018 4896 3641 4975">
    <p class='ocr_par' dir='ltr' id='par_1_111' title="bbox 2018 4896 3641 4975">
     <span class='ocr_line' id='line_1_111' title="bbox 2018 4896 3641 4975; baseline 0.007 -25"><span class='ocrx_word' id='word_1_818' title='bbox 2018 4898 2299 4965; x_wconf 88' lang='lat' dir='ltr'><strong>Nunquam</strong></span> <span class='ocrx_word' id='word_1_819' title='bbox 2351 4896 2601 4949; x_wconf 85' lang='lat' dir='ltr'><strong>nimirum</strong></span> <span class='ocrx_word' id='word_1_820' title='bbox 2649 4899 2876 4966; x_wconf 87' lang='lat' dir='ltr'><strong>quiescit</strong></span> <span class='ocrx_word' id='word_1_821' title='bbox 2920 4902 3177 4970; x_wconf 90' lang='lat' dir='ltr'><strong>antiquus</strong></span> <span class='ocrx_word' id='word_1_822' title='bbox 3225 4907 3641 4975; x_wconf 74' lang='lat' dir='ltr'><strong>zizaniorum</strong></span> 
     </span>
    </p>
   </div>
   <div class='ocr_carea' id='block_1_112' title="bbox 2015 4987 3641 5066">
    <p class='ocr_par' dir='ltr' id='par_1_112' title="bbox 2015 4987 3641 5066">
     <span class='ocr_line' id='line_1_112' title="bbox 2015 4987 3641 5066; baseline 0.033 -53"><span class='ocrx_word' id='word_1_823' title='bbox 2015 4987 2334 5048; x_wconf 55' lang='lat' dir='ltr'><strong>seminatur,</strong></span> <span class='ocrx_word' id='word_1_824' title='bbox 2376 4993 2428 5037; x_wconf 82' lang='lat' dir='ltr'><strong>et</strong></span> <span class='ocrx_word' id='word_1_825' title='bbox 2483 5000 2668 5054; x_wconf 84' lang='lat' dir='ltr'><strong>agrum</strong></span> <span class='ocrx_word' id='word_1_826' title='bbox 2706 4988 2914 5042; x_wconf 89' lang='lat' dir='ltr'><strong>Domini</strong></span> <span class='ocrx_word' id='word_1_827' title='bbox 2956 4990 3218 5047; x_wconf 81' lang='lat' dir='ltr'><strong>infaustis</strong></span> <span class='ocrx_word' id='word_1_828' title='bbox 3271 5006 3641 5066; x_wconf 85' lang='lat' dir='ltr'><strong>seminibus</strong></span> 
     </span>
    </p>
   </div>
   <div class='ocr_carea' id='block_1_113' title="bbox 2016 5074 3643 5153">
    <p class='ocr_par' dir='ltr' id='par_1_113' title="bbox 2016 5074 3643 5153">
     <span class='ocr_line' id='line_1_113' title="bbox 2016 5074 3643 5153; baseline 0.013 -27"><span class='ocrx_word' id='word_1_829' title='bbox 2016 5074 2215 5128; x_wconf 74' lang='lat' dir='ltr'><strong>ftedare</strong></span> <span class='ocrx_word' id='word_1_830' title='bbox 2257 5087 2363 5125; x_wconf 92' lang='lat' dir='ltr'><strong>non</strong></span> <span class='ocrx_word' id='word_1_831' title='bbox 2407 5083 2600 5128; x_wconf 88' lang='lat' dir='ltr'><strong>cessat.</strong></span> <span class='ocrx_word' id='word_1_832' title='bbox 2636 5074 2739 5130; x_wconf 91' lang='lat' dir='ltr'><strong>Sed</strong></span> <span class='ocrx_word' id='word_1_833' title='bbox 2770 5078 3013 5145; x_wconf 86' lang='lat' dir='ltr'><strong>quamvis</strong></span> <span class='ocrx_word' id='word_1_834' title='bbox 3035 5080 3352 5149; x_wconf 85' lang='lat' dir='ltr'><strong>antiquum</strong></span> <span class='ocrx_word' id='word_1_835' title='bbox 3391 5093 3479 5145; x_wconf 91' lang='lat' dir='ltr'><strong>sit</strong></span> <span class='ocrx_word' id='word_1_836' title='bbox 3520 5098 3643 5153; x_wconf 79' lang='lat' dir='ltr'><strong>hoc</strong></span> 
     </span>
    </p>
   </div>
   <div class='ocr_carea' id='block_1_114' title="bbox 2013 5160 3642 5238">
    <p class='ocr_par' dir='ltr' id='par_1_114' title="bbox 2013 5160 3642 5238">
     <span class='ocr_line' id='line_1_114' title="bbox 2013 5160 3642 5238; baseline 0.015 -24"><span class='ocrx_word' id='word_1_837' title='bbox 2013 5163 2228 5224; x_wconf 89' lang='lat' dir='ltr'><strong>malum,</strong></span> <span class='ocrx_word' id='word_1_838' title='bbox 2259 5176 2366 5213; x_wconf 91' lang='lat' dir='ltr'><strong>non</strong></span> <span class='ocrx_word' id='word_1_839' title='bbox 2390 5160 2506 5215; x_wconf 90' lang='lat' dir='ltr'><strong>ideo</strong></span> <span class='ocrx_word' id='word_1_840' title='bbox 2532 5169 2706 5216; x_wconf 88' lang='lat' dir='ltr'><strong>tamen</strong></span> <span class='ocrx_word' id='word_1_841' title='bbox 2735 5166 2913 5217; x_wconf 89' lang='lat' dir='ltr'><strong>minus</strong></span> <span class='ocrx_word' id='word_1_842' title='bbox 2942 5165 3243 5235; x_wconf 87' lang='lat' dir='ltr'><strong>lugendum</strong></span> <span class='ocrx_word' id='word_1_843' title='bbox 3276 5190 3295 5237; x_wconf 91' lang='lat'><strong>;</strong></span> <span class='ocrx_word' id='word_1_844' title='bbox 3334 5180 3451 5232; x_wconf 87' lang='lat' dir='ltr'><strong>sed</strong></span> <span class='ocrx_word' id='word_1_845' title='bbox 3493 5188 3642 5238; x_wconf 82' lang='lat' dir='ltr'><strong>nul--</strong></span> 
     </span>
    </p>
   </div>
   <div class='ocr_carea' id='block_1_115' title="bbox 2011 5251 3636 5339">
    <p class='ocr_par' dir='ltr' id='par_1_115' title="bbox 2011 5251 3636 5339">
     <span class='ocr_line' id='line_1_115' title="bbox 2011 5251 3636 5339; baseline 0.016 -36"><span class='ocrx_word' id='word_1_846' title='bbox 2011 5251 2119 5303; x_wconf 90' lang='lat' dir='ltr'><strong>lum</strong></span> <span class='ocrx_word' id='word_1_847' title='bbox 2148 5265 2294 5311; x_wconf 86' lang='lat' dir='ltr'><strong>esse,</strong></span> <span class='ocrx_word' id='word_1_848' title='bbox 2340 5251 2427 5302; x_wconf 89' lang='lat' dir='ltr'><strong>cui</strong></span> <span class='ocrx_word' id='word_1_849' title='bbox 2473 5251 2767 5305; x_wconf 86' lang='lat' dir='ltr'><strong>remedium</strong></span> <span class='ocrx_word' id='word_1_850' title='bbox 2814 5254 2973 5308; x_wconf 90' lang='lat' dir='ltr'><strong>citius</strong></span> <span class='ocrx_word' id='word_1_851' title='bbox 3022 5256 3441 5321; x_wconf 86' lang='lat' dir='ltr'><strong>adhibendum</strong></span> <span class='ocrx_word' id='word_1_852' title='bbox 3506 5284 3636 5339; x_wconf 81' lang='lat' dir='ltr'><strong>Sit,</strong></span> 
     </span>
    </p>
   </div>
   <div class='ocr_carea' id='block_1_116' title="bbox 2010 5338 3635 5420">
    <p class='ocr_par' dir='ltr' id='par_1_116' title="bbox 2010 5338 3635 5420">
     <span class='ocr_line' id='line_1_116' title="bbox 2010 5338 3635 5420; baseline 0.015 -27"><span class='ocrx_word' id='word_1_853' title='bbox 2010 5341 2136 5394; x_wconf 85' lang='lat' dir='ltr'><strong>item</strong></span> <span class='ocrx_word' id='word_1_854' title='bbox 2164 5353 2228 5391; x_wconf 79' lang='lat' dir='ltr'><strong>ex</strong></span> <span class='ocrx_word' id='word_1_855' title='bbox 2256 5338 2356 5391; x_wconf 89' lang='lat' dir='ltr'><strong>hoc</strong></span> <span class='ocrx_word' id='word_1_856' title='bbox 2384 5338 2603 5406; x_wconf 89' lang='lat' dir='ltr'><strong>scripto,</strong></span> <span class='ocrx_word' id='word_1_857' title='bbox 2632 5349 2690 5392; x_wconf 90' lang='lat' dir='ltr'><strong>ut</strong></span> <span class='ocrx_word' id='word_1_858' title='bbox 2718 5357 2784 5394; x_wconf 79' lang='lat' dir='ltr'><strong>ex</strong></span> <span class='ocrx_word' id='word_1_859' title='bbox 2812 5340 2960 5395; x_wconf 88' lang='lat' dir='ltr'><strong>Pauli</strong></span> <span class='ocrx_word' id='word_1_860' title='bbox 2982 5344 3255 5415; x_wconf 84' lang='lat' dir='ltr'><strong>Epistola,</strong></span> <span class='ocrx_word' id='word_1_861' title='bbox 3288 5338 3635 5420; x_wconf 79' lang='lat' dir='ltr'><strong>docemur.</strong></span> 
     </span>
    </p>
   </div>
   <div class='ocr_carea' id='block_1_117' title="bbox 2009 5426 3641 5520">
    <p class='ocr_par' dir='ltr' id='par_1_117' title="bbox 2009 5426 3641 5520">
     <span class='ocr_line' id='line_1_117' title="bbox 2009 5426 3641 5520; baseline 0.01 -38"><span class='ocrx_word' id='word_1_862' title='bbox 2009 5428 2206 5494; x_wconf 90' lang='lat' dir='ltr'><strong>Nempe</strong></span> <span class='ocrx_word' id='word_1_863' title='bbox 2233 5428 2379 5480; x_wconf 90' lang='lat' dir='ltr'><strong>tenui</strong></span> <span class='ocrx_word' id='word_1_864' title='bbox 2408 5426 2797 5483; x_wconf 88' lang='lat' dir='ltr'><strong>discordiarum</strong></span> <span class='ocrx_word' id='word_1_865' title='bbox 2821 5430 3031 5493; x_wconf 86' lang='lat' dir='ltr'><strong>flamma</strong></span> <span class='ocrx_word' id='word_1_866' title='bbox 3051 5472 3066 5497; x_wconf 95' lang='lat'><strong>,</strong></span> <span class='ocrx_word' id='word_1_867' title='bbox 3094 5434 3199 5488; x_wconf 87' lang='lat' dir='ltr'><strong>nisi</strong></span> <span class='ocrx_word' id='word_1_868' title='bbox 3241 5454 3447 5507; x_wconf 86' lang='lat' dir='ltr'><strong>quam</strong></span> <span class='ocrx_word' id='word_1_869' title='bbox 3502 5456 3641 5520; x_wconf 78' lang='lat' dir='ltr'><strong>pri-</strong></span> 
     </span>
    </p>
   </div>
   <div class='ocr_carea' id='block_1_118' title="bbox 2011 5515 3630 5596">
    <p class='ocr_par' dir='ltr' id='par_1_118' title="bbox 2011 5515 3630 5596">
     <span class='ocr_line' id='line_1_118' title="bbox 2011 5515 3630 5596; baseline 0.017 -27"><span class='ocrx_word' id='word_1_870' title='bbox 2011 5532 2155 5569; x_wconf 89' lang='lat' dir='ltr'><strong>mum</strong></span> <span class='ocrx_word' id='word_1_871' title='bbox 2185 5515 2583 5583; x_wconf 78' lang='lat' dir='ltr'><strong>exstinguatur,</strong></span> <span class='ocrx_word' id='word_1_872' title='bbox 2623 5517 2771 5572; x_wconf 90' lang='lat' dir='ltr'><strong>brevi</strong></span> <span class='ocrx_word' id='word_1_873' title='bbox 2807 5520 2997 5591; x_wconf 85' lang='lat' dir='ltr'><strong>ingens</strong></span> <span class='ocrx_word' id='word_1_874' title='bbox 3024 5522 3367 5584; x_wconf 86' lang='lat' dir='ltr'><strong>incendium</strong></span> <span class='ocrx_word' id='word_1_875' title='bbox 3407 5515 3630 5596; x_wconf 79' lang='lat' dir='ltr'><strong>conci-</strong></span> 
     </span>
    </p>
   </div>
   <div class='ocr_carea' id='block_1_119' title="bbox 2009 5605 2669 5673">
    <p class='ocr_par' dir='ltr' id='par_1_119' title="bbox 2009 5605 2669 5673">
     <span class='ocr_line' id='line_1_119' title="bbox 2009 5605 2669 5673; baseline 0.002 -13"><span class='ocrx_word' id='word_1_876' title='bbox 2009 5605 2112 5660; x_wconf 89' lang='lat' dir='ltr'><strong>tari</strong></span> <span class='ocrx_word' id='word_1_877' title='bbox 2134 5605 2369 5673; x_wconf 88' lang='lat' dir='ltr'><strong>apprime</strong></span> <span class='ocrx_word' id='word_1_878' title='bbox 2388 5605 2669 5661; x_wconf 90' lang='lat' dir='ltr'><strong>callebant.</strong></span> 
     </span>
    </p>
   </div>
  </div>
