3832 6280
263 4951 436 5013 ’διηιδ

1570 410 1903 468 PROU‘ZMIA
1946 413 2316 467 VARIORUM.
3436 412 3506 467 82

1141 605 1608 668 ADMONITIO
1653 608 1731 667 IN
1790 603 2234 664 EPlSTOLAM
2283 605 2712 666 SECUNDAM.

402 3506 465 3559 ll.
501 3504 603 3557 Hic
636 3500 946 3556 notandum
969 3537 985 3559 ,
1013 3512 1079 3552 ex
1109 3497 1357 3550 omnibus
1391 3496 1742 3565 scriptoribus
1765 3510 1885 3546 mox

327 3598 531 3655 citatis,
564 3594 782 3647 nullum
815 3605 965 3650 esse,
997 3588 1088 3656 qui
1118 3588 1329 3640 duabus
1356 3586 1546 3639 litteris
1575 3586 1751 3653 plures
1770 3583 1886 3636 Cle-

328 3686 494 3737 menti
519 3683 774 3735 Romano
801 3676 1065 3730 attribuat
1094 3684 1185 3726 aut
1207 3674 1485 3726 attributas
1516 3679 1785 3741 agnoscat.
1810 3671 1882 3724 Ex

326 3791 439 3840 quo
462 3774 724 3841 colligere
756 3775 867 3830 est,
895 3763 1248 3834 Epiphanium
1274 3778 1392 3817 cum
1418 3762 1604 3815 haeres.
1637 3761 1724 3824 27,
1746 3777 1800 3815 ιι.
1829 3760 1883 3825 6,

327 3865 667 3918 Clementem
705 3862 761 3912 in
801 3872 915 3911 una
960 3854 1307 3924 epistolarum
1338 3866 1553 3905 suarum
1594 3854 1754 3917 citat,
1796 3860 1886 3905 aut

331 3970 457 4007 cum
482 3956 610 4006 haer.
641 3952 736 4010 50,
766 3965 824 4001 ιι.
855 3947 944 4007 15,
974 3943 1156 3996 laudat
1178 3939 1433 4008 Epistolas
1460 3940 1733 3992 circulares
1759 3955 1885 4008 quas

335 4043 495 4110 (idem
527 4036 801 4109 pontifex)
828 4032 1077 4098 scripsit,
1108 4043 1316 4097 qumque
1348 4027 1401 4078 in
1439 4026 1629 4078 sanctis
1648 4023 1884 4077 Ecclesiis

337 4128 596 4196 leguntur,
632 4133 687 4179 et
720 4124 775 4176 in
803 4122 1008 4191 quibus
1037 4117 1391 4184 virginitatem
1420 4115 1591 4176 docet,
1624 4127 1728 4166 non
1755 4113 1885 4166 alias

339 4221 417 4269 vel
461 4233 491 4269 a
535 4214 823 4284 praemissa
865 4210 951 4263 vel
991 4223 1021 4261 a
1060 4212 1316 4274 sequente
1352 4217 1663 4258 memorare.
1694 4202 1757 4254 Et
1785 4203 1886 4255 hoc

339 4307 549 4374 quidem
587 4320 655 4358 eo
683 4310 769 4357 est
797 4297 1164 4370 probabilius,
1198 4294 1339 4362 quod
1383 4307 1503 4344 cum
1536 4292 1886 4360 Hieronymus

340 4394 451 4450 Lib.
481 4394 543 4448 de
580 4394 765 4460 script.
800 4387 938 4443 εσσε.
974 4392 1185 4437 tantum
1221 4382 1355 4435 duas
1383 4380 1665 4435 Clementis
1689 4380 1886 4449 episto-

342 4485 413 4540 las
438 4492 730 4547 recenseat,
763 4495 865 4536 eas
918 4476 1095 4544 ipsas.
1122 4487 1258 4540 quas
1298 4470 1624 4539 Epiphanius
1651 4469 1888 4538 proxime

340 4573 579 4635 laudavit,
615 4575 712 4629 lib.
747 4589 766 4628 ι
798 4570 1085 4623 Adversus
1134 4559 1471 4613 Iovinianum
1516 4559 1885 4614 commendare

328 4678 421 4725 ηοιι
462 4670 748 4725 dubitatur
789 4662 890 4717 his
936 4654 1168 4709 verbis:
1216 4650 1296 4701 Ad
1339 4650 1429 4702 hos
1469 4650 1784 4717 (eunuchos)
1836 4660 1885 4706 et

316 4754 538 4820 Clemens
564 4770 860 4817 successor
896 4745 1135 4817 apostoli
1167 4743 1334 4807 Petri,
1356 4742 1505 4809 cujus
1536 4740 1733 4794 Paulus
1762 4759 1887 4810 apo-

280 4853 451 4916 ‘Iolus
476 4853 756 4913 meminit,
794 4838 1013 4899 scribit
1052 4833 1329 4902 epistolas,
1370 4846 1664 4898 omnemque
1695 4848 1888 4886 sermo-

440 4966 570 5008 uum
604 4946 677 4999 de
710 4925 1080 5007 virginitatis
1099 4923 1327 4991 puritate
1360 4920 1656 5008 cpit-tepuit:
1676 4919 1740 5008 Et
1764 4936 1889 4976 vero

409 5005 630 5101 credat
682 5005 1138 5125 Hieronymum
1186 5022 1326 5060 anno
1363 5005 1479 5107 .392
1524 5005 1577 5057 in
1603 5005 1794 5125 ILi‘bm.
1827 5008 1888 5062 de

436 5373 813 5467 iielvidium

1002 5372 1140 5422 hens
1165 5363 1297 5414 alias
1328 5360 1398 5411 ab
1438 5360 1524 5412 his
1545 5362 1759 5419 duabus
1783 5368 1892 5436 jam

714 5486 725 5521 i
772 5469 1001 5521 nullas
1039 5454 1179 5509 alias
1210 5448 1395 5510 novit.
1445 5448 1534 5500 ubi
1558 5449 1891 5511 Clementem

934 5562 1035 5606 em
1073 5554 1229 5598 suum
1274 5536 1344 5589 de
1384 5536 1706 5603 virginitatis
1749 5549 1894 5613 puri-

957 5628 1245 5710 perbolico
1291 5624 1545 5692 quidem,
1579 5631 1677 5685 sed
1712 5642 1893 5693 tamen

276 774 333 825 ι.
361 732 461 797 ει
482 726 685 825 eodem
706 730 928 788 codice
952 737 1391 808 Alexandrino,
1409 762 1469 799 ex
1496 761 1602 814 quo
1626 746 1887 815 superior,
1918 723 1960 777 Α
1990 740 2235 795 familiari
2263 757 2408 796 more
2438 742 2816 812 intelligendus
2838 751 2919 797 est
2939 745 3100 813 loqui.
3133 744 3225 798 Ubi
3248 745 3387 798 enim
3410 746 3503 799 ali-

240 816 453 923 “;d'iit
476 816 847 923 Subseqltrcns
873 825 1176 892 epistola.
1206 832 1285 887 De
1311 834 1405 885 hac
1422 831 1681 886 Eusebius
1702 832 1793 884 lib.
1832 846 1887 883 ιιι
1990 844 2091 896 qua
2121 829 2187 882 de
2218 844 2274 882 re
2291 830 2413 898 quis
2434 829 2720 885 identidem
2754 830 2963 885 locutus
2987 839 3099 894 est,
3129 832 3176 886 is
3205 846 3412 885 onmem
3442 832 3507 887 d’o

264 914 409 991 hist,
438 908 565 963 (CCL
594 926 648 963 ο.
677 910 755 965 38
777 927 795 964 ‘.
830 915 1064 971 ἰστὲον
1097 922 1147 974 δ’
1185 922 1265 986 ὡς
1295 923 1383 976 καὶ
1409 922 1628 992 δευτέρα
1651 939 1732 983 τις
1759 916 1891 973 εἶναι

1989 931 2049 969 ea
2081 917 2376 972 orationem
2404 921 2742 974 contexuisse
2772 922 2900 975 satis
2927 920 3258 974 familiariter
3284 920 3500 975 dicitur.

274 1021 488 1090 λέγεται
516 1000 611 1055 τοῦ
636 1001 999 1074 Κλήμεντος
1053 1012 1348 1083 ἐπιστολὴ,
1375 1011 1434 1065 οὐ
1466 1011 1568 1081 μὴν
1596 1011 1669 1063 ἔθ’
1699 1011 1892 1079 ὁμοίως

302 1094 603 1177 τῇπρστέρῖ-
616 1094 951 1167 καῖ-ταύτην
971 1103 1271 1173 γνώριμον
1289 1101 1635 1172 ἐπιστάμεθα,
1651 1102 1729 1152 ὅτι
1745 1100 1801 1152 δὲ
1820 1099 1891 1169 μὴ

311 1198 433 1253 τοὺς
447 1184 693 1255 ἀρχαίους
712 1184 864 1258 αὒτῇ
894 1193 1294 1262 κεχρημένους
1321 1194 1490 1262 ἴσμεν.
1512 1190 1779 1245 Sciendum
1798 1206 1891 1241 au-

325 1293 425 1334 lem
443 1285 501 1330 est
514 1274 647 1345 quod
662 1284 712 1328 et
727 1279 983 1330 secunda
1004 1280 1254 1347 qua‘dam
1274 1279 1543 1333 Clementis
1555 1278 1769 1347 epistola
1784 1293 1891 1330 esse

319 1371 541 1421 dicatur:
556 1381 675 1417 eam
694 1375 883 1418 autem
904 1384 1016 1421 non
1034 1369 1284 1422 similiter
1295 1386 1353 1421 ac
1367 1369 1585 1436 priorem
1602 1375 1771 1419 notam
1784 1381 1891 1419 esse

322 1459 649 1523 comperimus
672 1470 690 1517 ;
710 1458 980 1524 quoniam
996 1475 1090 1511 nec
1106 1468 1296 1511 ueteres
1311 1475 1370 1511 ea
1386 1473 1505 1511 usos
1520 1473 1625 1510 esse
1638 1456 1884 1510 novimus.

318 1548 569 1601 Observat
592 1541 925 1600 Cotelerius
952 1547 1071 1599 haec
1109 1544 1327 1601 Eusebii
1356 1546 1515 1600 verba
1557 1544 1889 1612 indiligenter

320 1654 357 1688 a
396 1632 566 1685 Ruﬁno
584 1622 929 1687 sidreddita
958 1654 972 1688 :
1007 1634 1217 1688 Dicitur
1247 1644 1411 1686 tamen
1438 1649 1545 1686 esse
1570 1643 1616 1685 et
1646 1633 1750 1684 alia
1777 1631 1889 1685 Cle-

322 1724 498 1779 mentis
519 1722 787 1790 epistola,
823 1723 982 1790 cujus
1026 1740 1119 1775 nos
1159 1723 1397 1775 notitiam
1427 1738 1525 1773 non
1564 1721 1885 1787 accepimus;

324 1825 489 1879 neque
518 1810 706 1878 magis
756 1818 1031 1863 accurate
1070 1809 1138 1863 ab
1183 1809 1505 1876 Hieronymo
1532 1807 1646 1861 Lib.
1687 1806 1747 1859 de
1792 1807 1883 1859 vir.

322 1905 514 1957 illustr.
550 1901 622 1971 (si
659 1911 857 1954 tamen
898 1901 973 1953 ibi
1004 1900 1071 1953 ad
1096 1898 1311 1953 Eusebii
1337 1899 1495 1951 verba
1528 1897 1767 1966 respicit)
1797 1912 1888 1951 ex-

325 2007 506 2062 pressa
555 1991 743 2045 fuisse
794 1991 852 2042 in
883 1989 1032 2042 hunc
1066 1989 1281 2042 modum
1312 2005 1326 2041 :
1372 1985 1561 2039 Fertur
1592 1995 1637 2039 et
1668 1985 1886 2039 secunda

322 2099 437 2135 esse
459 2096 522 2133 ea:
548 2081 668 2147 ejus
700 2080 920 2134 nomine
951 2077 1171 2146 epistola
1189 2117 1203 2139 ,
1235 2092 1347 2147 qua:
1377 2094 1408 2127 a
1433 2076 1678 2128 veteribus
1716 2089 1887 2141 repro-
1916 2069 1957 2083 ⁵’
1982 2069 2258 2136 epistolam
2281 2076 2601 2139 continetur,
2637 2084 2913 2148 utramque
2942 2082 3212 2136 nonnullis
3242 2083 3293 2135 in
3320 2082 3503 2138 Eccle-

323 2174 516 2234 batur;
541 2170 817 2223 Photium
851 2169 1089 2236 denique
1126 2166 1248 2220 cod.
1280 2166 1379 2218 11⁸5
1417 2164 1721 2234 Hieronymi
1762 2178 1887 2217 sen-
1984 2158 2077 2212 siis
2101 2160 2237 2214 inter
2257 2176 2435 2217 sacras
2468 2162 2770 2234 Scripturas
2799 2168 3083 2223 admissam
3117 2170 3281 2226 fuisse
3308 2173 3505 2227 indicio

325 2264 548 2317 tentiam
576 2262 769 2329 sequi,
800 2259 894 2313 ubi
923 2260 1030 2311 ait:
1052 2256 1179 2321 Quae
1206 2254 1429 2308 secunda
1457 2253 1523 2306 ad
1542 2252 1740 2307 eosdem
1765 2251 1887 2324 (Co-

323 2353 383 2404 ri
396 2352 579 2417 nthios)
617 2349 849 2411 dicitur,
877 2356 935 2397 ut
971 2345 1131 2398 notha
1170 2344 1437 2412 rejicitur;
1468 2352 1609 2396 certe
1637 2343 1774 2395 hanc
1803 2357 1887 2396 se-

318 2438 557 2491 cundam
592 2434 899 2503 epistolam
932 2434 1154 2485 minimc
1181 2432 1248 2484 ab
1285 2430 1510 2485 Eusebio
1538 2431 1639 2484 dici
1670 2430 1884 2484 notham

317 2534 392 2580 et
424 2525 821 2584 adulterinam,
873 2527 969 2573 aut
1011 2534 1040 2570 a
1082 2518 1349 2571 veteribus
1391 2516 1758 2584 reprobatam,
1796 2515 1886 2567 sed

318 2616 495 2683 prima
524 2614 718 2666 minus
742 2619 930 2664 notam
957 2618 1118 2676 atque
1141 2607 1193 2659 in
1214 2605 1553 2658 citationibus
1579 2618 1606 2655 a
1622 2603 1886 2657 veteribus

317 2703 791 2772 praetermissam.
814 2699 899 2753 Ab
922 2696 1139 2751 Eusebii
1165 2705 1339 2749 mente
1362 2694 1599 2747 nonnihil
1623 2693 1781 2746 etiam
1810 2708 1888 2747 re-

314 2797 492 2848 cessit
520 2791 882 2860 Nieephorus
924 2785 1134 2839 Callisti
1166 2785 1258 2837 lib.
1285 2796 1365 2845 ιιι,
1401 2797 1448 2835 c.
1480 2782 1566 2844 18,
1595 2780 1682 2834 ubi
1710 2780 1774 2834 de
1799 2795 1889 2834 ea-

323 2884 454 2935 dem
479 2883 559 2936 sic
589 2874 987 2947 loquitur:Ka.l
1006 2872 1137 2940 ἄλλη
1151 2871 1207 2923 δὲ
1225 2869 1382 2921 αὑτοῦ
1401 2869 1614 2938 φέρεται
1642 2865 1887 2936 ἐπιστολὴ

324 2972 432 3039 τῆς
459 2969 740 3040 προτέρας
768 2963 913 3018 κατὰ
937 2961 1069 3014 πολὺ
1093 2959 1405 3013 ἀποδέουσα·
1437 2960 1559 3028 περὶ
1587 2952 1650 3026 ἧς
1679 2958 1705 3008 ὁ
1733 2956 1888 3019 αὐτός

330 3076 489 3127 φησιν
506 3056 794 3116 Εὐσέϐιος,
818 3052 894 3123 μὴ
929 3054 988 3103 ὲν
1018 3046 1494 3119 ὲπιστήμῃταύτης
1506 3048 1625 3108 τοὺς
1640 3045 1889 3116 ἀρχαίους

326 3143 487 3199 εἶναι.
509 3145 715 3197 Fertur
736 3152 785 3195 et
804 3142 915 3193 alia
932 3139 1045 3207 ejus
1068 3136 1286 3204 epistola
1301 3135 1459 3188 multo
1477 3134 1884 3202 inferiorprima,

326 3239 397 3291 de
426 3254 525 3306 qua
568 3236 703 3287 dicit
742 3232 885 3285 idem
936 3229 1229 3291 Eusebius,
1260 3235 1444 3280 veteres
1496 3226 1607 3293 ejus
1648 3227 1887 3278 notitiam

328 3344 432 3379 non
455 3325 668 3378 habere.
686 3323 779 3375 Ait
799 3321 1003 3389 quippe
1018 3317 1284 3372 Eusebius
1300 3332 1413 3371 eam
1429 3315 1696 3371 veteribus
1719 3315 1891 3367 minus
1918 3321 1960 3380 C
1991 3320 2211 3388 epistola
2232 3361 2246 3387 ,
2279 3325 2343 3378 ad
2369 3342 2501 3394 quos
2528 3328 2728 3396 scripta
2773 3331 2843 3385 sit
2885 3332 3142 3389 indicem,
3186 3333 3376 3389 verum
3414 3337 3501 3391 hic

324 3427 512 3471 notam
538 3417 740 3484 prima,
767 3409 865 3465 sed
896 3424 1004 3462 non
1023 3409 1103 3462 eis
1124 3420 1344 3477 prorsus
1373 3406 1609 3476 ignotam
1644 3406 1851 3459 scribit.

1984 1004 2231 1061 Clemens
2270 1022 2394 1061 vero
2422 1023 2540 1061 cum
2572 1010 2728 1077 epist.
2763 1010 2814 1073 1,
2848 1025 2903 1064 ιι.
2932 1009 2993 1062 2i
3014 1049 3029 1073 ,
3062 1009 3149 1074 29,
3179 1010 3266 1073 30,
3300 1009 3386 1071 58,
3412 1008 3504 1076 45,

1986 1095 2075 1159 48,
2100 1097 2187 1160 58,
2218 1105 2327 1150 tum
2352 1099 2509 1167 epist.
2543 1098 2607 1163 2,
2635 1116 2687 1155 n.
2720 1101 2771 1164 8,
2801 1102 2832 1155 9
2863 1116 2923 1154 ac
2948 1101 3032 1163 l2,
3069 1110 3127 1155 ut
3158 1112 3357 1155 taceam
3387 1117 3506 1171 qua:

1989 1182 2123 1239 forte
2146 1187 2199 1239 in
2227 1185 2365 1241 foliis
2390 1188 2587 1243 avulsis
2608 1203 2668 1242 ea
2700 1191 2764 1243 de
2792 1206 2849 1244 re
2884 1190 3309 1256 disserebantur,
3356 1192 3504 1259 puri-

1989 1281 2183 1337 tatem,
2232 1278 2600 1330 continentiam
2632 1317 2646 1340 ,
2701 1279 3090 1347 castitatemque
3144 1280 3500 1335 commendat.

1990 1363 2122 1417 Hine
2160 1372 2211 1418 et
2242 1366 2373 1420 illud
2418 1381 2751 1437 consequens
2788 1378 2885 1433 ut,
2914 1369 2960 1423 si
2991 1368 3316 1438 Epiphanius
3345 1378 3503 1437 atque

1988 1450 2341 1522 Hieronymus
2388 1469 2491 1508 non
2532 1456 2586 1509 in
2622 1457 2880 1525 epistola,
2914 1458 3005 1512 sed
3036 1458 3088 1511 in
3114 1458 3353 1527 epistolis
3382 1458 3505 1512 Cle-

1986 1540 2178 1593 mentis
2229 1540 2508 1610 puritatem
2555 1544 2862 1613 uirginitatis
2898 1545 3075 1599 doceri
3118 1546 3500 1615 praedicantes,

1985 1634 2262 1697 utramque
2288 1630 2522 1686 indicare
2538 1635 2821 1699 voluerint,
2847 1651 3024 1704 parem
3047 1637 3204 1692 simul
3224 1639 3500 1705 ambabus,

1986 1723 2043 1767 ut
2068 1716 2305 1783 ejusdem
2349 1721 2605 1787 parentis,
2638 1723 2920 1777 tribuerint
2955 1726 3340 1781 auctoritatem.
3386 1728 3503 1796 Ipse

1985 1800 2141 1853 etiam
2168 1802 2316 1857 locus
2343 1844 2357 1865 ,
2402 1821 2556 1873 quem
2594 1809 2645 1860 in
2676 1811 2859 1864 codice
2883 1812 3242 1867 Alexandrino
3268 1815 3501 1882 obtinet,

1986 1889 2037 1942 in
2067 1905 2173 1957 quo
2202 1906 2320 1944 cum
2357 1896 2524 1948 sacris
2556 1897 2830 1967 utriusque
2862 1899 3079 1956 foederis
3111 1902 3262 1958 libris
3298 1904 3501 1957 nullum

1986 1980 2126 2033 aliud
2169 1996 2301 2050 Opus
2340 1995 2527 2052 praeter
2575 1987 2713 2042 hanc
2753 1997 2806 2043 et
2848 1992 3171 2058 superiorem
3220 1992 3502 2048 Clementis

1982 2255 2105 2301 est:
2145 2248 2301 2318 idque
2329 2252 2606 2307 conﬁrmat
2639 2256 2705 2309 84
2748 2272 2841 2311 seu
2882 2260 3100 2313 ultimus
3142 2262 3500 2329 apostolorum

1980 2350 2171 2400 canon,
2196 2342 2283 2407 qui
2301 2342 2510 2409 quidem
2534 2343 2586 2395 in
2614 2346 2853 2414 catalogo
2883 2347 3134 2401 librorum
3157 2347 3288 2403 Novi
3314 2349 3503 2406 Testa-

1944 2422 2143 2480 \.menti
2173 2427 2308 2483 duas
2335 2430 2620 2486 Clementis
2647 2435 2901 2501 epistolas
2924 2438 3089 2504 ponit.

2054 2513 2138 2568 lll.
2178 2516 2234 2568 In
2263 2520 2507 2573 omnibus
2534 2522 2745 2590 quidem
2772 2524 3113 2589 editionibus,
3146 2541 3249 2580 una
3286 2526 3501 2580 Patrieii

1981 2600 2122 2656 Junii
2150 2610 2616 2682 excepta,bsu-.épa
2641 2614 2774 2684 πρὸς
2795 2616 3107 2687 Κορινθίους
3134 2617 3383 2688 ἐπιστολή
3417 2617 3468 2669 in
3485 2646 3501 2658 -

1984 2696 2267 2753 scribitur:
2293 2700 2385 2753 sed
2406 2701 2514 2755 lucc
2547 2704 2823 2773 inscriptio
2852 2707 2915 2759 ad
2936 2706 3241 2763 Corinthios
3266 2724 3391 2761 num
3412 2724 3501 2777 ge-

1982 2784 2144 2838 nuina
2174 2794 2266 2839 aut
2297 2788 2640 2846 Alexandrini
2671 2794 2873 2849 codicis
2902 2796 3218 2851 auctoritate
3243 2796 3371 2851 fulta
3404 2798 3499 2860 sit,

1984 2878 2224 2931 nonnulli
2271 2878 2548 2947 dubitant;
2608 2885 2835 2940 maxime
2882 2901 3000 2940 cum
3044 2888 3097 2941 in
3138 2888 3364 2944 Juniana
3390 2891 3503 2944 edi-

1983 2965 2144 3029 tione,
2174 2967 2227 3020 in
2243 2983 2345 3036 qua
2368 2971 2591 3037 primum
2613 2971 2789 3027 Gra‘ce
2809 2977 3023 3044 prodiit,
3053 2978 3193 3032 hunc
3213 2996 3373 3033 unum
3394 2996 3503 3050 prae.

1989 3069 2047 3108 se
2080 3053 2214 3108 ferat
2240 3057 2453 3111 titulum
2477 3098 2492 3122 ,
2525 3059 2892 3130 Fragmentum
2921 3068 3149 3133 epistolae
3173 3070 3405 3123 secunda:
3439 3088 3503 3125 ea:

1983 3142 2155 3196 eodem
2190 3161 2313 3212 ms.,
2343 3162 2441 3201 nec
2465 3147 2756 3215 Eusebius,
2787 3151 3028 3217 Rufinus,
3056 3156 3406 3227 Hieronymus
3438 3175 3499 3213 ac

1984 3228 2314 3300 Nicephorus
2358 3235 2562 3292 Callisti
2600 3240 2665 3293 de
2703 3242 2866 3296 altera
2916 3244 3190 3313 loquentes
3216 3245 3500 3303 Clementis

1984 3411 2287 3478 scrupulus,
2319 3428 2381 3467 ex
2418 3415 2741 3486 indiligentia
2767 3420 2883 3488 ejus
2928 3420 3178 3489 injectus,
3203 3423 3291 3493 qui
3319 3425 3501 3492 primae

1983 3496 2269 3556 Clementis
2319 3503 2555 3571 epistolae
2599 3519 2628 3558 a
2677 3505 2834 3561 Junio
2880 3508 3034 3563 edita:
3088 3510 3305 3565 alteram
3362 3498 3499 3565 hanc

1983 3588 2182 3642 omisso
2210 3589 2327 3657 ejus
2357 3592 2511 3644 titulo
2540 3593 2845 3657 subnexuit,
2890 3595 3042 3649 facile
3068 3598 3336 3653 eximitur.
3368 3598 3497 3650 Nam

1983 3691 2102 3739 cum
2126 3677 2512 3734 Alexandrinus
2541 3682 2705 3735 codex
2734 3682 2966 3736 omnium
2996 3684 3315 3754 scriptorum
3337 3725 3352 3750 ,
3382 3704 3498 3756 quae

1984 3765 2038 3831 in
2067 3780 2129 3818 eo
2160 3770 2521 3834 continentur,
2556 3771 2853 3837 generalem
2891 3787 2998 3840 prae
3026 3788 3083 3827 se
3110 3772 3245 3826 ferat
3272 3774 3495 3830 indicem

1983 3852 2165 3906 eadem
2195 3868 2374 3917 manu,
2406 3869 2510 3923 qua
2537 3863 2679 3910 totus
2718 3856 2884 3910 codex
2915 3859 3147 3928 scriptus
3169 3866 3270 3921 est,
3311 3876 3498 3914 exara-

1983 3947 2128 4004 tum;
2158 3939 2271 3993 luec
2298 3939 2460 3993 altera
2492 3941 2712 4009 epistola
2742 3956 2850 3995 non
2883 3943 3054 3995 solum
3085 3942 3139 3995 in
3166 3942 3264 3996 hoc
3288 3943 3494 4008 indice,

1986 4028 2079 4083 sed
2107 4029 2263 4083 etiam
2289 4030 2341 4082 in
2361 4029 2529 4098 ipsius
2558 4028 2731 4083 fronte
2760 4030 3008 4101 ἐπιστολὴ
3037 4031 3169 4102 πρὸς
3189 4031 3497 4103 Κορινθίους

1985 4125 2329 4185 praenotatur.
2370 4117 2550 4187 Neque
2589 4119 2760 4173 codici
2789 4119 2915 4174 huic
2954 4118 3288 4189 refragantur
3332 4120 3498 4176 Euse-

1980 4204 2130 4266 bius,
2178 4202 2402 4258 Ruﬁnus
2423 4244 2437 4267 ,
2470 4204 2821 4276 Hieronymus
2864 4214 2955 4259 aut
2984 4206 3331 4275 Nicephorius.
3365 4204 3495 4259 Dum

1983 4296 2143 4355 enim,
2167 4301 2455 4347 memorata
2495 4294 2781 4349 Clementis
2824 4293 2890 4348 ad
2928 4295 3229 4349 Corinthios
3275 4294 3497 4364 epistola

1984 4383 2175 4450 prima,
2208 4382 2445 4450 proxime
2479 4384 2768 4453 subjiciunt
2800 4401 2814 4436 :
2849 4380 3040 4437 Fertur
3082 4393 3131 4439 et
3171 4385 3368 4442 altera,
3397 4395 3497 4435 nec

1985 4470 2049 4523 ad
2076 4471 2209 4525 alios
2238 4471 2376 4525 hanc
2412 4472 2632 4526 alteram
2671 4474 2919 4540 scriptam
2944 4488 3063 4527 esse
3099 4471 3411 4541 designant,
3442 4475 3498 4525 et

1985 4559 2122 4614 hanc
2148 4561 2213 4614 ad
2236 4562 2446 4615 eosdem
2477 4562 2725 4630 scriptam
2751 4569 3034 4617 censentur
3066 4561 3370 4629 intelligere.
3391 4562 3499 4613 Aut

1984 4657 2146 4711 certe,
2170 4651 2214 4702 si
2243 4650 2308 4703 ad
2337 4651 2470 4704 alios
2498 4652 2746 4719 scriptam
2777 4661 3014 4712 nossent,
3039 4652 3146 4704 haec
3171 4651 3379 4703 illorum
3408 4664 3493 4703 re-

1983 4738 2199 4792 ticentia
2229 4740 2416 4792 merito
2446 4740 2775 4809 negligentia:
2793 4740 3114 4807 culparetur.
3145 4737 3249 4791 Sed
3276 4745 3330 4792 et
3356 4736 3497 4792 Pho-

1984 4827 2112 4890 tius,
2144 4829 2233 4896 qui
2258 4828 2471 4897 aliquod
2511 4829 2696 4883 saltem
2743 4828 2979 4897 epistola:
3020 4827 3180 4895 bujus
3227 4827 3498 4896 exemplar
3568 4893 3577 4901 .

1986 4932 2147 4986 penes
2171 4933 2228 4971 se
2256 4917 2457 4981 habuit,
2489 4926 2540 4971 et
2570 4916 2957 4980 Damascenus,
2986 4917 3078 4985 qui
3108 4932 3270 4970 unum
3291 4924 3343 4970 et
3363 4917 3495 4971 alte-

1986 5023 2104 5061 rum
2120 5008 2272 5061 nobis
2290 5008 2637 5076 fragmentum
2652 5007 2796 5061 illius
2820 5004 3136 5068 transmisit,
3150 5006 3275 5059 dum
3293 5020 3409 5059 eam
3428 5003 3495 5073 ad

1988 5098 2288 5152 Corinthios
2302 5098 2554 5165 scriptam
2582 5097 2797 5152 disertis
2822 5095 2997 5151 verbis
3022 5095 3260 5156 tradunt,
3284 5095 3336 5147 id
3355 5094 3495 5164 quod

1990 5204 2084 5258 per
2095 5204 2150 5243 se
2162 5185 2829 5252 innuuntEusebii,Rullni,
2841 5184 3493 5247 ctc.,verba,conlirmant.

2058 5275 2144 5332 1V.
2194 5277 2320 5329 Eam
2349 5276 2691 5329 nihilominus
2725 5274 2963 5329 nonnulli
2994 5270 3372 5342 suppositionis
3398 5284 3489 5322 su-

1993 5376 2223 5438 spectam
2250 5367 2478 5427 habent,
2504 5365 2661 5433 idque
2686 5365 2996 5419 nominatim
3019 5364 3174 5419 loan.
3201 5361 3329 5415 Em.
3358 5358 3493 5413 Gra-

1993 5460 2112 5513 bius
2160 5456 2336 5524 Spicil.
2376 5456 2523 5508 Patr.
2556 5462 2596 5509 t.
2632 5456 2674 5521 1,
2703 5472 2822 5525 pag.
2864 5455 2967 5509 265
2982 5493 3011 5517 ,_
3045 5453 3229 5508 confici
3255 5456 3405 5519 putat
3430 5464 3496 5503 ex

1992 5549 2165 5602 verbis
2194 5545 2426 5615 Dionysii
2456 5543 2847 5597 Corinthiorum
2877 5541 3109 5611 episc0pi
3158 5538 3294 5608 apud
3332 5536 3495 5591 Euse-

1996 5640 2135 5693 bium
2161 5636 2250 5689 lib.
2286 5649 2358 5695 tv,
2388 5648 2435 5687 e.
2466 5630 2554 5689 23.
2589 5630 2652 5684 ad
2684 5630 2970 5685 Romanam
3004 5628 3287 5682 Ecclesium
3317 5623 3393 5676 sic
3415 5636 3493 5674 η-
