3870 6424
425 395 500 455 οδ
1524 400 1613 455 ΑΙ)
1652 398 1709 456 S.
1751 398 1951 455 CLEMl

2054 399 2171 455 [ἘΜ
2213 400 2232 453 1
2269 400 2499 456 PAPAM
3569 397 3643 455 δι

423 516 716 573 scribentis
749 507 973 573 :‘Ilodie
1013 502 1221 573 sacrum
1254 517 1391 573 diem
1438 515 1762 570 Dominicum
1808 526 1983 571 trans-
2009 518 2057 576 Α
2087 530 2216 568 num
2257 514 2325 569 de
2362 514 2471 569 illis
2492 512 2754 584 judicium
2782 512 2909 569 ferri
2933 520 3135 585 posset.
3168 512 3371 570 Deinde
3394 512 3641 586 primane

422 610 643 681 egimus.
673 607 728 662 in
750 623 850 678 quo
877 610 1152 679 epistolam
1175 620 1396 665 vestram
1424 610 1664 679 legimus;
1686 624 1842 680 quam
1863 608 1981 678 qui-

420 701 537 755 dem
559 708 804 770 perpetuo
824 701 1058 771 deinceps
1086 702 1323 773 legentes,
1348 701 1559 772 perinde
1580 710 1731 772 atque
1752 703 1979 772 priorem

419 790 570 845 illam
602 791 753 846 nobis
781 809 815 846 a
850 791 1110 848 Clemente
1134 793 1419 862 scriptam,
1452 793 1663 863 optimis
1702 791 1977 864 praeceptis

418 899 482 935 ac
506 880 830 937 documentis
856 882 1259 939 abundabimus.
1293 880 1577 949 Quomodo
1602 891 1780 937 tamen
1802 897 1867 937 ex
1893 872 1978 936 his

416 972 601 1027 verbis
628 971 682 1026 id
708 972 853 1042 quod
874 973 987 1025 vult
1014 970 1355 1035 conficiatur,
1380 987 1489 1027 non
1511 978 1595 1027 est
1615 971 1974 1041 exploratum.

418 1059 535 1117 Hoc
562 1078 729 1117 unum
761 1079 826 1118 ex
866 1064 935 1117 iis
961 1061 1286 1127 coniicitur,
1317 1064 1545 1133 primam
1578 1064 1832 1118 videlicet
1852 1061 1973 1116 Cle-

418 1156 620 1210 mentis
649 1154 952 1225 epistolam,
983 1170 1090 1209 non
1112 1156 1237 1210 item
1267 1156 1407 1210 hanc
1437 1156 1660 1211 alteram
1680 1194 1696 1219 ,
1725 1153 1973 1209 Corinthi

417 1243 633 1312 publice
663 1243 765 1312 legi
787 1245 1140 1299 consuevisse
1166 1263 1179 1299 :
1206 1253 1261 1298 at
1282 1254 1341 1299 ut
1371 1245 1485 1299 haec
1507 1246 1675 1299 altera
1707 1243 1842 1298 falsa
1876 1243 1968 1305 sit,

417 1332 543 1388 inde
568 1350 674 1388 non
702 1340 786 1387 est
809 1348 1167 1403 consequens.
1203 1335 1283 1388 An
1314 1335 1367 1390 id
1404 1336 1570 1391 moris
1595 1344 1722 1389 tunc
1745 1341 1881 1396 erat,
1916 1340 1975 1386 ut

416 1440 605 1479 omnes
637 1439 742 1478 non
772 1426 1141 1494 apostolorum
1166 1434 1404 1491 tantum,
1439 1425 1533 1481 sed
1569 1432 1622 1480 et
1649 1422 1977 1494 apostolico-

414 1529 534 1567 rum
556 1514 796 1569 virorum
827 1516 1069 1583 epistolae
1098 1515 1152 1568 in
1182 1516 1415 1586 publicis
1439 1514 1803 1571 Ecclesiarum
1841 1527 1964 1567 con-

412 1604 663 1661 ventibus
717 1605 1052 1676 legerentur;
1096 1606 1324 1677 ideoque
1389 1605 1511 1661 falsi
1570 1605 1844 1675 arguenda
1901 1604 1972 1660 sit

413 1698 584 1752 altera
624 1698 921 1754 Clementis
973 1699 1234 1768 epistola,
1281 1698 1426 1768 quod
1474 1699 1529 1752 in
1584 1698 1691 1753 illis
1741 1712 1971 1754 conven-

412 1790 559 1844 tibus
608 1789 827 1845 minime
864 1790 1003 1844 lecta
1052 1789 1256 1845 fuerit?
1298 1788 1457 1845 Certe
1503 1789 1549 1843 si
1606 1788 1811 1842 valeret
1865 1787 1968 1842 hu—

2083 620 2151 659 an
2181 604 2420 661 secunda
2461 603 2755 663 Clementis
2802 606 3030 676 epistola
3078 605 3153 661 ibi
3197 606 3483 669 laudetur,
3529 622 3639 662 non

2080 706 2314 753 constat.
2347 696 2605 754 Usserius
2629 697 2848 768 quidem
2888 698 3108 754 dissert.
3138 697 3206 753 de
3233 698 3451 767 scriptis
3485 696 3644 769 lgna-

2078 785 2140 839 tii
2168 801 2287 856 cap.
2323 774 2411 849 10,
2444 784 2881 856 pseudo-Justini
2910 786 3092 841 verbis
3122 786 3412 841 secundam
3432 788 3642 858 episto-

2078 875 2181 931 lam
2214 878 2500 931 memorari
2526 883 2712 946 putat;
2742 875 2836 931 sed
2866 876 3178 933 Blondellus
3208 876 3299 933 lib.
3331 875 3443 931 iDe
3465 872 3645 943 Sibylo

2078 965 2165 1029 lis,
2196 980 2248 1019 c.
2275 964 2367 1029 20,
2399 965 2477 1020 sic
2507 966 2691 1021 eadem
2710 964 2913 1019 Gallice
2933 966 3113 1030 vertit,
3137 964 3294 1035 quasi
3327 964 3557 1033 primam
3589 967 3644 1019 in

2076 1055 2157 1111 eis
2190 1056 2410 1110 citatam
2453 1056 2691 1126 legisset.
2731 1055 2914 1111 Tertio
2956 1071 3057 1112 nec
3099 1057 3251 1113 deest
3282 1058 3599 1125 coniectura
3624 1096 3641 1113 .

2077 1145 2253 1202 locum
2278 1147 2450 1213 illum,
2480 1164 2638 1218 quem
2669 1146 3150 1218 pseudo-Justinus
3181 1149 3532 1220 perstringit,
3566 1149 3635 1203 ad

2074 1252 2194 1290 eum
2230 1238 2531 1307 pertinere,
2573 1253 2731 1307 quem
2776 1238 3009 1295 lrenaaus
3045 1239 3137 1294 lib.
3177 1255 3237 1293 ιιι
3282 1239 3415 1294 Adv.
3476 1239 3631 1308 luem,

2074 1340 2123 1383 c.
2156 1328 2209 1391 5,
2241 1329 2469 1383 velutex
2496 1328 2670 1398 prima
2696 1328 2924 1399 epistola
2968 1331 3138 1396 citat,
3173 1331 3266 1385 tibi
3296 1331 3632 1386 Clementem

2074 1420 2141 1474 de
2168 1420 2300 1490 igne,
2322 1436 2473 1491 quem
2499 1418 2640 1474 Deus
2671 1418 2886 1477 diabolo
2915 1430 2965 1474 et
2994 1421 3192 1491 angelis
3216 1423 3333 1491 ejus
3354 1440 3631 1494 prtepara-

2076 1511 2166 1571 vit.
2213 1525 2519 1566 sermonem
2564 1511 2823 1566 habuisse
2872 1520 3125 1570 testatur.
3162 1514 3317 1580 Quod
3339 1516 3384 1569 si
3410 1517 3483 1569 ita
3522 1523 3629 1583 est,

2072 1601 2206 1655 nihil
2232 1600 2402 1655 ofﬁcit
2428 1601 2670 1671 epistolae
2699 1603 2951 1657 secundae
2982 1605 3213 1660 veritati.
3262 1605 3502 1677 Denique
3541 1622 3633 1662 ar-

2071 1702 2382 1763 gumentum
2407 1708 2472 1747 ex
2510 1691 2730 1762 Sibylla:
2762 1694 3036 1750 mentione
3060 1697 3316 1765 petitum,
3359 1699 3513 1754 valde
3543 1700 3631 1756 in-

2071 1785 2283 1838 ﬁrmum
2314 1800 2435 1839 esse
2464 1782 2769 1839 Cotelerius
2799 1785 3012 1841 erudite
3034 1788 3292 1846 ostendit.

405 1882 647 1952 jusmodi
697 1892 1111 1953 argumentum,
1160 1882 1250 1937 vix
1301 1879 1677 1950 ambigendum
1718 1879 1961 1942 videtur,
1999 1857 2039 1910 Β
2142 1874 2272 1929 Vill.
2320 1873 2450 1929 Item
2496 1874 2578 1927 vir
2619 1874 2955 1933 clarissimus
2996 1879 3128 1932 nihil
3160 1880 3378 1936 obstare
3405 1892 3627 1948 censet,

409 1975 542 2043 quin
567 1990 631 2029 eo
662 1972 951 2037 Eusebius,
983 1973 1345 2043 Hieronymus
1382 1988 1445 2025 ae
1475 1971 1701 2026 Photius
1736 1970 1802 2025 ad
1845 1972 1963 2041 epi-

408 2066 600 2120 stolam
632 2066 787 2120 istam
819 2064 1165 2133 rejiciendam
1191 2064 1274 2119 usi
1305 2070 1506 2118 essent.
1540 2062 1753 2118 Certius
1786 2070 1962 2116 autem

406 2172 473 2211 ex
502 2156 602 2209 hac
629 2155 966 2225 disparitate,
1000 2170 1104 2225 qua
1134 2156 1358 2224 primam
1394 2154 1448 2209 in
1477 2152 1722 2208 ecclesiis
1747 2153 1960 2215 lectam,

406 2248 631 2302 alteram
661 2264 768 2301 non
795 2248 988 2302 lectam
1035 2248 1294 2301 docemur
1315 2285 1330 2311 ,
1379 2245 1673 2315 percipitur
1698 2244 1836 2297 ratio
1865 2259 1964 2298 cur

405 2339 578 2409 prima
603 2339 783 2393 notior
818 2352 881 2392 ac
910 2336 1180 2393 celebrior
1203 2336 1372 2391 altera
1398 2333 1649 2390 evaserit.

475 2425 539 2482 V.
576 2427 740 2481 Addit
767 2425 998 2480 Grahius
1030 2425 1418 2495 suppositionis
1465 2423 1567 2478 sibi
1597 2422 1959 2492 suspicionem

401 2522 589 2591 augeri
620 2538 683 2577 ex
717 2522 837 2577 10cc
867 2519 1147 2590 cujusdam
1194 2519 1317 2573 libri
1354 2517 1645 2588 apocryphi
1666 2557 1681 2579 ,
1714 2517 1805 2587 qui
1836 2528 1958 2569 cum

400 2613 559 2682 epist.
595 2613 645 2677 l,
686 2629 718 2666 n
765 2611 856 2677 23,
891 2612 963 2668 sit
994 2611 1264 2673 laudatus,
1306 2610 1362 2663 in
1391 2609 1491 2663 hac
1520 2606 1747 2678 epistola
1775 2624 1835 2661 n.
1871 2608 1957 2671 ll,

398 2704 596 2757 iterum
643 2702 880 2767 citatur;
920 2701 1075 2771 quasi
1122 2699 1346 2770 repetita
1392 2698 1633 2767 ejusdem
1677 2698 1959 2752 sententiae

398 2796 586 2850 citatio
611 2794 803 2849 idonea
837 2795 907 2849 sit
940 2794 1058 2847 falsi
1090 2791 1402 2862 suspicandi
1434 2805 1619 2846 causa.
1654 2788 1758 2844 Sed
1789 2805 1955 2843 unum

397 2887 755 2957 enmdemque
785 2888 985 2949 locum,
1018 2886 1108 2940 ubi
1139 2900 1259 2939 sese
1288 2882 1443 2938 offert
1472 2884 1722 2947 occasio,
1758 2883 1825 2937 ab
1859 2896 1951 2936 eo-

396 2982 519 3037 dem
563 2982 829 3051 scriptore
859 2982 912 3036 in
942 2982 1130 3035 eodem
1155 2995 1337 3050 opere,
1369 2988 1573 3050 quanto
1593 2979 1764 3048 magis
1795 2979 1848 3034 in
1873 2979 1956 3033 di-

397 3077 591 3138 versis,
627 3074 818 3128 iterato
858 3074 1015 3128 citari
1056 3073 1184 3143 quid
1224 3073 1459 3127 mirum?
1487 3071 1605 3139 Quo
1645 3072 1806 3126 etiam
1839 3072 1953 3125 sin-

368 3164 637 3232 ‘gularior
661 3172 744 3218 est
769 3165 1035 3217 sententia
1067 3164 1260 3217 iterum
1303 3164 1530 3233 prolata,
1567 3178 1633 3218 eo
1667 3164 1844 3232 aptior
1870 3170 1953 3218 cst
1981 3180 2021 3237 ο

394 3252 460 3303 ad
486 3251 917 3321 persuadendum
939 3291 953 3314 ,
996 3252 1252 3321 epistolas
1293 3252 1346 3305 in
1378 3252 1575 3321 quibus
1609 3253 1811 3321 pariter
1840 3252 1956 3304 lau-

392 3340 577 3403 datur,
599 3340 667 3393 ab
694 3356 801 3394 uno
828 3348 1049 3394 auclore
1074 3338 1364 3409 proficisci.
1382 3338 1485 3391 Aut
1515 3338 1561 3391 si
1589 3340 1700 3393 lucc
1733 3348 1954 3394 senten-

392 3430 488 3494 tia,
508 3429 633 3500 quia
646 3445 711 3483 ex
740 3429 878 3483 libro
899 3429 1080 3497 aliquo
1103 3427 1413 3498 apocrypho
1429 3435 1680 3497 excerpta
1698 3436 1801 3493 est,
1823 3445 1951 3484 sus-

390 3528 601 3590 pectam
629 3518 803 3573 reddit
830 3518 1152 3585 secundam;
1175 3535 1272 3573 cur
1292 3534 1398 3573 non
1426 3518 1681 3575 reddatet
1695 3521 1951 3590 primam?

466 3608 549 3663 Vl.
582 3606 723 3663 Idem
748 3610 1033 3665 dicendum
1056 3618 1109 3664 et
1132 3610 1198 3665 de
1224 3625 1453 3665 censura
1482 3609 1680 3678 Pholii,
1709 3611 1801 3682 qui
1823 3613 1947 3683 qui-

391 3700 514 3756 dem
546 3702 635 3757 ubi
679 3702 968 3771 prmmisit,
1000 3701 1187 3754 Lectus
1218 3710 1295 3754 est
1326 3701 1531 3756 libellus
1552 3744 1565 3767 ,
1600 3703 1653 3755 in
1688 3720 1788 3773 quo
1829 3704 1949 3760 Cle-

388 3792 577 3846 mentis
601 3794 835 3860 epistola'
864 3792 983 3847 dua:
1015 3793 1081 3845 ad
1110 3791 1409 3849 Corinthios
1435 3796 1852 3858 continebantur,
1884 3812 1948 3853 ac

385 3880 455 3935 de
479 3882 652 3952 prima
691 3883 821 3952 quid
864 3884 1089 3939 sentiret
1118 3883 1208 3937 ubi
1234 3884 1505 3953 exposuit,
1531 3885 1750 3955 subjicit
1773 3886 1840 3941 de
1868 3887 1947 3941 al-

385 3978 543 4029 tera:
580 3972 823 4028 Secunda
867 3992 984 4029 vero
1017 3984 1064 4029 et
1096 3975 1211 4042 ipsa
1255 3973 1668 4030 admonitionem
1712 3976 1944 4032 melioris

384 4064 505 4117 vim:
536 4064 755 4129 inducit,
785 4076 937 4135 atque
970 4066 1021 4118 in
1048 4065 1300 4135 principio
1331 4063 1596 4120 Christum
1617 4067 1785 4121 Deum
1814 4084 1949 4137 prae-

383 4156 547 4211 dicat.
588 4157 778 4211 Verum
802 4157 944 4211 dicta
973 4157 1212 4229 quwdam
1254 4161 1525 4232 peregrina
1555 4161 1690 4214 velut
1727 4177 1754 4215 e
1786 4178 1943 4217 sacra

383 4247 661 4317 Scriptura
690 4248 1018 4312 subinducit,
1053 4250 1238 4318 quibus
1271 4269 1332 4307 ne
1367 4253 1538 4322 prima
1580 4252 1788 4324 quidem
1834 4256 1943 4323 epi-

382 4340 524 4393 stola
545 4341 754 4395 omnino
783 4350 952 4395 vacat.
998 4340 1065 4395 Et
1107 4343 1554 4411 interpretationes
1594 4346 1940 4411 quorumdam

381 4427 613 4481 locorum
665 4428 943 4483 alieniores
984 4431 1204 4499 profert.
1236 4432 1312 4486 Ac
1341 4433 1556 4487 demum
1595 4434 1661 4490 de
1708 4445 1939 4509 utraque

2067 1967 2358 2036 quominus
2414 1974 2468 2022 et
2518 1966 2631 2021 haec
2688 1970 2924 2023 secunda
2978 1972 3206 2040 epistola
3255 1989 3353 2043 pro
3390 1977 3629 2046 genuino

2065 2058 2361 2115 Clementis
2410 2060 2521 2114 fetu
2548 2062 2832 2116 habeatur.
2860 2060 3212 2133 lllamprimaa
3243 2065 3540 2120 subnexam
3572 2074 3629 2121 et

2064 2149 2358 2206 Clementis
2401 2153 2621 2208 nomine
2661 2144 2975 2223 insignitam
3019 2154 3236 2209 exhibet
3282 2166 3627 2226 pervetustus

2063 2243 2235 2298 codex
2263 2242 2662 2300 Alexandrinus
2688 2287 2703 2312 ,
2739 2245 2793 2299 in
2821 2260 2929 2315 quo
2958 2246 3107 2300 nulla
3137 2247 3409 2303 Clemente
3442 2260 3625 2319 poste—

2062 2333 2206 2387 riora
2250 2334 2450 2402 scripta
2478 2334 2847 2389 continentur.
2897 2333 3086 2389 Eidem
3117 2337 3481 2405 suffragantur
3513 2356 3623 2396 non

2061 2423 2223 2477 modo
2250 2421 2496 2483 Photius,
2524 2425 2613 2493 qui
2638 2424 2870 2479 similem
2907 2439 3072 2494 penes
3100 2440 3158 2482 se
3188 2427 3409 2492 habuit,
3442 2431 3535 2485 sed
3567 2438 3623 2485 et

2060 2515 2284 2570 ultimus
2333 2516 2701 2585 apostolorum
2731 2531 2939 2582 canon,
2979 2518 3070 2587 qui
3126 2520 3420 2574 secundam
3473 2521 3620 2577 illam

2059 2607 2341 2675 epistolam
2364 2622 2469 2660 non
2493 2623 2652 2663 secus
2681 2623 2744 2661 ac
2764 2610 2990 2678 primam
3013 2609 3255 2679 proxime
3288 2621 3409 2680 post
3432 2628 3622 2669 sacros

2060 2697 2229 2751 libros
2253 2706 2515 2755 recenset.
2551 2697 2848 2768 Utriusque
2877 2699 3038 2755 etiam
3075 2703 3453 2772 cognationem
3487 2719 3619 2775 pro-

2058 2787 2188 2841 bant
2215 2789 2513 2857 peculiares
2543 2789 2760 2859 quidam
2794 2791 2900 2846 loci
2946 2808 3014 2847 ex
3059 2794 3412 2865 apocryphis,
3444 2802 3506 2849 ut
3535 2796 3619 2849 vi-

2058 2878 2248 2943 detur,
2280 2880 2544 2949 expressi.
2591 2879 2742 2936 Alios
2791 2882 2949 2938 mitto
2995 2885 3288 2954 scriptores
3313 2926 3327 2949 ,
3367 2886 3458 2957 qui
3494 2901 3616 2942 eam

2056 2970 2350 3026 Clementis
2373 2971 2590 3028 nomine
2614 2974 2920 3030 laudarunt.
2945 2974 3176 3030 Tantum
3196 2978 3444 3040 observo,
3470 2981 3613 3050 apud

2056 3063 2383 3119 Dorotheum
2415 3066 2662 3121 abbatem
2685 3110 2699 3134 ,
2734 3070 2824 3138 qui
2851 3070 2990 3125 inter
3020 3072 3141 3127 illos
3170 3074 3362 3127 merito
3391 3083 3616 3144 propter

2055 3155 2422 3210 testimonium
2454 3171 2518 3211 ex
2540 3172 2599 3211 ea
2630 3159 2897 3227 prolatum
2932 3175 2993 3213 ae
3031 3160 3299 3215 Doctrinm
3329 3162 3399 3217 25
3433 3162 3607 3217 inser—

2057 3256 2167 3300 tum
2194 3244 2545 3313 appellandus
2575 3252 2728 3311 erat,
2763 3247 2816 3301 in
2850 3246 3095 3303 Biblioth.
3136 3248 3355 3304 Patrum
3382 3251 3613 3307 Climaci

2053 3334 2172 3389 loco
2203 3335 2495 3390 Clementis
2526 3351 2720 3391 nomen
2754 3355 2848 3408 per
2886 3341 3228 3395 oscitantiam
3261 3343 3609 3398 librariorum

2053 3426 2360 3497 irrepsisse.
2405 3428 2486 3482 Ad
2536 3446 2637 3485 nos
2681 3429 2824 3499 quod
2878 3432 3100 3496 attinet,
3145 3434 3425 3503 epistolam
3457 3443 3614 3490 tanto

2053 3527 2354 3589 temporum
2389 3529 2566 3577 tractu
2593 3539 2715 3578 cum
2747 3525 2916 3593 prima
2946 3524 3288 3593 conjunctam
3320 3542 3610 3596 separare,

2050 3618 2143 3665 aut
2166 3627 2362 3668 nomen
2386 3613 2527 3682 quod
2554 3630 2620 3669 ex
2650 3616 2796 3667 omni
2821 3614 3097 3668 hominum
3128 3619 3384 3671 memoria
3418 3634 3528 3688 prae
3551 3635 3611 3677 se

2049 3701 2174 3768 fert,
2201 3704 2249 3758 ei
2282 3704 2598 3773 abjudicare
2626 3706 2874 3776 religioni
2919 3707 3077 3762 nobis
3106 3718 3207 3763 est.
3241 3707 3389 3762 illam
3422 3710 3606 3780 piam,

2049 3794 2237 3851 utilem
2268 3804 2322 3852 et
2350 3795 2627 3853 Clemente
2668 3812 2775 3851 non
2802 3798 3078 3868 indignam
3102 3814 3225 3855 esse
3253 3816 3428 3870 neque
3456 3803 3560 3871 ipsi
3588 3843 3603 3866 ,

2046 3887 2137 3958 qui
2168 3902 2285 3943 eam
2316 3889 2706 3958 suppositionis
2737 3890 3100 3958 suspicantur,
3126 3900 3343 3962 negant.
3377 3892 3604 3951 Deside-

2045 3978 2274 4031 randum
2304 3985 2469 4041 essm,
2500 3987 2560 4032 ut
2588 3978 2850 4048 integrior
2878 3979 2942 4032 ad
2980 3994 3078 4035 nos
3107 3981 3458 4049 pervenisset.

2114 4068 2201 4123 IX.
2236 4068 2346 4125 Nec
2375 4070 2574 4124 morari
2608 4086 2708 4124 nos
2739 4069 2897 4125 debet
2939 4071 3124 4140 opinio
3149 4087 3364 4137 eorum,
3403 4073 3602 4143 quibus

2041 4159 2675 4218 Grabiusincunetanter
2702 4163 3013 4226 subscribit,
3046 4164 3159 4233 qui,
3193 4173 3412 4234 propter
3440 4182 3602 4219 exor-

2040 4253 2210 4315 dium,
2240 4253 2293 4306 in
2332 4268 2440 4323 quo
2472 4253 2727 4307 salutatio
2753 4268 2875 4307 eum
2904 4269 3062 4323 prece
3091 4255 3380 4323 conjuncta
3405 4266 3601 4312 contra

2041 4344 2406 4413 apostolorum
2439 4352 2601 4412 atque
2645 4342 2815 4412 ipsius
2851 4341 3145 4397 Clementis
3174 4360 3377 4399 morem
3405 4347 3557 4400 deest
3578 4386 3597 4406 .

2040 4435 2091 4490 id
2121 4434 2263 4505 quod
2289 4435 2583 4490 etiamnum
2617 4435 2900 4499 habemus,
2936 4434 3169 4490 homilim
3210 4436 3391 4505 potius
3430 4453 3594 4506 quam

378 4520 656 4575 concludit
687 4540 699 4574 :
733 4520 979 4591 Alioquin
1011 4524 1144 4592 ipsa,
1175 4525 1360 4593 quwin
1389 4525 1469 4579 his
1494 4528 1726 4595 epistolis
1756 4531 1932 4586 insunt
1966 4528 2009 4584 D
2040 4528 2278 4598 epistolae
2317 4534 2523 4597 partem
2560 4526 2829 4594 judicant.
2863 4525 2980 4579 Non
3002 4526 3145 4580 enim
3186 4534 3334 4581 tanta
3380 4536 3463 4582 est
3503 4530 3595 4582 illa

377 4627 562 4676 sensa,
587 4610 824 4663 nonnihil
853 4611 1056 4680 abjecta
1084 4623 1225 4679 sunt,
1252 4630 1341 4667 nec
1373 4618 1715 4672 continentem
1752 4622 1936 4674 seriem

376 4713 439 4749 ac
462 4700 882 4768 consequentiam
912 4710 1139 4756 servant.
1164 4700 1296 4755 Nam
1326 4704 1459 4759 nihil
1490 4707 1543 4759 in
1575 4707 1674 4761 hac
1698 4712 1933 4765 secunda

375 4791 739 4859 reprehendit,
773 4791 913 4861 quod
935 4807 1040 4845 non
1071 4794 1256 4861 primae
1280 4810 1402 4848 cum
1422 4811 1483 4851 ea
1508 4812 1791 4853 commune
1813 4817 1933 4857 esse

375 4883 647 4938 fateatur:
681 4900 855 4953 eoque
895 4894 1052 4954 pacto
1083 4885 1409 4958 singularem
1455 4897 1607 4942 notat
1649 4892 1932 4961 utriusque

372 4976 828 5039 consensionem,
879 4976 1022 5029 unde
1072 4976 1138 5029 ad
1189 4985 1477 5049 utramque
1527 4982 1928 5052 suscipiendam

368 5067 489 5137 jure
519 5067 855 5121 inducamur.

443 5154 553 5210 νη.
590 5155 774 5226 Neque
805 5154 1076 5212 efﬁcacius
1126 5157 1405 5213 veritatem
1449 5160 1688 5231 epistola?
1730 5173 1929 5219 nostra:

368 5246 651 5317 impugnat
668 5246 797 5300 illud
813 5247 1073 5317 pseudo-1
1081 5248 1243 5303 ustini
1264 5267 1507 5319 respons.
1524 5252 1589 5306 ad
1605 5264 1794 5323 qumst.
1820 5257 1884 5309 74
1909 5278 1921 5311 :

372 5335 432 5393 Si
481 5338 755 5406 pra’sentis
797 5354 971 5392 rerum
1020 5349 1191 5394 status
1240 5342 1361 5411 finis
1396 5353 1476 5397 est
1522 5344 1798 5412 impiorum
1836 5362 1928 5415 per

369 5428 537 5496 ignem
560 5426 844 5496 judicium,
879 5439 1033 5499 prout
1068 5440 1327 5484 testantur
1349 5432 1716 5503 prapltetarum
1735 5444 1783 5489 et
1803 5453 1927 5504 apo-

367 5517 625 5572 stolorum
661 5520 893 5588 scripta,
942 5530 1094 5591 atque
1142 5523 1354 5591 insuper
1384 5523 1603 5594 Sibylla’
1642 5527 1920 5593 vaticinia,

368 5609 805 5679 quemadmodum
833 5613 910 5665 ait
938 5612 1005 5668 Β,
1045 5612 1282 5669 Clemens
1307 5616 1361 5669 in
1399 5633 1496 5671 sua
1526 5617 1593 5670 ad
1623 5616 1920 5674 Corinthios

365 5702 607 5771 epistola.
638 5701 819 5759 Primo
848 5705 989 5759 enim
1018 5706 1068 5758 in
1092 5706 1194 5760 hoc
1221 5708 1358 5761 libro
1386 5709 1501 5778 ipsa
1533 5717 1779 5765 tacentur
1800 5707 1922 5768 Cle-

370 5792 566 5849 mentis
595 5794 776 5861 verba,
803 5811 921 5867 quae
949 5797 1101 5867 prius
1132 5807 1309 5855 essent
1336 5800 1704 5869 expendenda,
1739 5811 1795 5857 ut
1827 5819 1917 5859 sa-

2035 4619 2195 4680 ratio,
2223 4625 2282 4670 ut
2306 4625 2571 4681 veterum,
2595 4618 2685 4687 qui
2711 4617 2991 4687 epistolam
3015 4626 3350 4689 nuncupant,
3379 4635 3596 4675 summo

2033 4707 2323 4764 consensui
2350 4722 2459 4761 non
2487 4707 2661 4761 dicam
2688 4707 2962 4772 anteferri,
2988 4709 3080 4763 sed
3112 4711 3196 4765 vel
3221 4711 3455 4766 conferri
3481 4710 3595 4767 ullo

2031 4800 2192 4855 modo
2219 4802 2413 4854 valeat.
2443 4798 2626 4868 Neque
2652 4800 2809 4853 etiam
2834 4799 2889 4853 in
2929 4800 3279 4870 inquisitione
3306 4802 3590 4871 temporis,

2029 4909 2138 4964 quo
2176 4892 2376 4961 scripta
2405 4899 2522 4955 est,
2556 4903 2653 4946 nos
2687 4906 2824 4961 opus
2854 4900 2937 4947 est
2980 4894 3187 4949 diutius
3211 4894 3479 4949 distineri.
3518 4894 3591 4948 Ut

2028 4987 2175 5041 enim
2221 4984 2352 5039 illud
2397 4993 2546 5038 certo
2571 4983 2925 5054 dignoscatur
2951 5001 3057 5040 non
3090 4986 3377 5040 admodum
3414 4986 3587 5041 inter-

2024 5086 2129 5142 est,
2172 5091 2295 5130 cum
2347 5077 2554 5130 nullum
2590 5077 2642 5131 in
2690 5091 2753 5131 ea
2790 5075 2991 5129 factum
3023 5079 3339 5146 explicetur.
3383 5076 3585 5134 Obser-

2025 5176 2154 5222 vant
2178 5177 2354 5221 tamen
2384 5168 2602 5228 eruditi.
2633 5182 2750 5221 eam
2781 5168 3022 5222 redolere
3065 5177 3293 5237 tempus,
3337 5185 3446 5238 quo
3489 5186 3586 5225 ec-

2024 5259 2203 5314 clesia:
2232 5274 2362 5328 pace
2390 5258 2727 5313 fruebantur.
2762 5258 2998 5313 Primum
3027 5273 3169 5312 anno
3207 5259 3366 5322 1653,
3396 5258 3584 5317 Graece

2024 5350 2234 5401 tantum
2266 5348 2333 5402 ad
2362 5348 2565 5402 calcem
2603 5349 2844 5418 epistola:
2871 5346 2910 5409 l,
2950 5362 2979 5399 a
3013 5346 3248 5402 Patricio
3274 5348 3436 5403 Junio
3465 5350 3581 5404 edio

2023 5449 2089 5493 tte
2114 5440 2367 5508 adjuncta
2397 5439 2592 5493 Oxonii
2642 5439 2861 5510 prodiit.
2908 5438 3038 5492 Eam
3071 5449 3255 5509 postea
3292 5440 3579 5498 Latinitate

2022 5530 2294 5585 donarunt
2334 5529 2532 5586 Joann.
2582 5531 2734 5601 Bapt.
2783 5532 3085 5586 Cotelerius
3137 5539 3192 5587 et
3239 5532 3579 5588 Gottifrcdns

2026 5622 2370 5692 Vendelinus,
2400 5622 2699 5690 exindeque
2726 5620 2911 5674 Graece
2950 5629 3005 5674 et
3051 5620 3240 5676 Latine
3266 5623 3461 5689 saepius
3492 5638 3577 5676 re-

2021 5727 2149 5767 cusa
2173 5720 2274 5767 est.
2303 5712 2555 5767 Cotelerii
2594 5710 3025 5780 interpretationi
3049 5753 3062 5773 ,
3090 5726 3152 5767 ea
3180 5727 3285 5782 qua
3316 5713 3368 5768 in
3402 5714 3574 5784 prima

2023 5805 2106 5861 usi
2141 5820 2329 5861 sumus
2360 5804 2623 5869 libertate,
2657 5802 3009 5859 adhaeremus.
