3832 6228
460 347 524 400 8⁸7

1575 339 1661 390 AD
1692 337 1746 389 S.
1781 332 2190 388 CLEMENTEM
2229 336 2247 387 l
2286 329 2510 386 ΡΑΡΛΜ

3601 306 3659 360 εδ

461 462 594 511 sime
634 454 909 519 dimensis.
953 458 1299 528 supplevitet
1329 455 1491 507 minio
1525 454 1689 506 rubro
1738 450 1975 512 notavit;
2009 455 2049 504 Α
2078 449 2244 515 plaria
2285 462 2403 516 qua:
2449 457 2630 499 eorum
2670 448 2897 528 uterque
2942 447 3071 489 cum
3104 444 3216 528 ms.
3255 423 3659 528 codice.

460 564 523 597 eo
554 553 800 601 nimirum
830 549 1074 612 consilio,
1106 555 1162 599 ut
1194 561 1309 615 qua:
1343 550 1393 596 In
1439 543 1628 596 laceris
1658 538 1978 593 membranis

461 636 718 703 trmporis
748 637 941 703 injuria
973 644 1283 701 consumpta
1318 632 1775 693 desiderabantur,
1814 630 1880 681 ab
1912 628 1976 680 iis

462 740 579 789 qua:
617 723 795 775 addita
838 725 921 777 vel
970 723 1206 791 suppleta
1267 720 1459 772 fuerint
1508 719 1732 771 lectores
1771 716 1977 767 facilius

466 819 815 864 secernerent.
869 809 995 875 Qua:
1056 808 1263 878 quidem
1330 806 1693 874 supplementa
1748 804 1975 856 Juniana

468 903 784 968 posteriores
824 901 1074 958 editores,
1108 905 1162 951 ut
1195 896 1463 949 unrinulis
1494 896 1672 947 clausa
1704 893 1841 962 typis
1874 892 1975 944 im-

464 989 852 1056 primerentur.
905 990 1181 1056 diligenter
1248 994 1525 1041 curarunt.
1571 983 1755 1051 Magna
1815 982 1977 1035 enim-

461 1093 586 1131 vero
615 1089 665 1134 et
703 1078 961 1133 laudanda
982 1077 1122 1129 Junii
1166 1078 1380 1131 solertia
1404 1116 1417 1138 ,
1457 1076 1500 1129 si
1533 1075 1660 1127 fides
1691 1072 1789 1141 ipsi
1826 1072 1975 1123 adhiv

461 1165 649 1223 benda.
677 1166 868 1222 Verum
898 1181 1050 1219 secus
1085 1166 1320 1218 sentiunt
1350 1163 1413 1216 de
1441 1178 1504 1215 eo
1549 1162 1717 1230 deque
1750 1160 1865 1227 ejus
1900 1160 1975 1210 la-

461 1255 586 1309 bore
634 1258 686 1309 in
735 1254 1085 1309 describenda
1136 1268 1235 1305 ms.
1272 1250 1632 1303 Alexandrino
1680 1250 1776 1301 viri
1823 1249 1975 1316 longe

458 1341 769 1402 doctissimi,
821 1339 1099 1392 \‘Vottonus
1135 1339 1208 1406 (Ι)
1241 1339 1290 1390 in
1324 1337 1527 1403 primis.
1566 1338 1758 1389 Millius
1789 1336 1863 1405 (“2)
1922 1345 1974 1390 et

457 1429 681 1483 Grabius
712 1430 787 1499 (5)
823 1449 834 1481 :
866 1440 919 1481 ut
951 1430 1167 1495 proinde
1189 1430 1362 1481 minus
1392 1437 1535 1483 recte
1559 1428 1827 1480 censuerit
1856 1426 1974 1480 Fel-

456 1516 672 1584 liis(4),
720 1535 737 1564 ι
796 1524 971 1568 actum
1025 1516 1229 1569 scilicet
1274 1517 1425 1569 irrito
1479 1524 1673 1568 conatu
1730 1523 1973 1569 acturum

458 1605 622 1658 fuisse
661 1606 829 1665 illum,
862 1606 949 1672 qni
973 1613 1089 1674 post
1117 1604 1330 1657 Junium
1362 1605 1427 1658 ad
1457 1605 1726 1671 exemplar
1752 1605 1975 1656 Alexan-

453 1694 664 1748 drinum
695 1697 871 1748 omnia
906 1696 1078 1748 denuo
1107 1696 1369 1763 exegisset
1412 1714 1423 1747 :
1460 1696 1742 1764 siquidem,
1769 1694 1970 1756 subdit,

2075 511 2322 591 accurate
2350 533 2669 593 contulerat,
2694 527 2825 580 mihi
2849 518 3207 590 comparavi,
3236 526 3419 583 atque
3450 511 3659 564 illorum

2075 630 2387 682 collationes
2440 632 2491 677 et
2547 617 2956 676 emendationes
3021 610 3337 678 diligenter
3386 601 3460 655 ad
3519 614 3661 653 oram

2075 718 2196 771 libri
2250 716 2350 768 mei
2390 710 2658 766 adnotavi.
2693 707 2848 772 Quod
2881 718 3011 757 cum
3060 699 3338 769 egissem,
3374 706 3484 746 nis.
3528 690 3662 744 codi-

2076 820 2188 858 cem
2221 811 2418 872 quanta
2456 800 2565 853 ﬁeri
2606 797 2776 864 potuit
2807 790 3098 860 diligentia
3139 787 3475 872 plusquam
3503 781 3659 872 semel

2075 892 2139 945 de
2168 866 2307 944 novo
2341 888 2578 948 contuli;
2613 899 2796 952 quem.
2837 895 2963 933 cum
2994 876 3202 951 unicus
3241 871 3345 934 sit,
3389 882 3566 931 usque
3598 866 3659 922 ad

2076 982 2302 1034 litteram
2344 986 2559 1032 secutus
2595 989 2734 1034 sum,
2778 978 3159 1038 pmtc-rquam
3192 964 3251 1015 in
3286 958 3655 1014 abbreviatio-

2075 1072 2253 1131 nihns,
2300 1083 2431 1136 quas
2474 1067 2573 1118 hoc
2624 1063 2827 1117 inloco
2863 1050 3471 1141 potiusﬂnotandas
3514 1047 3658 1133 duri

2075 1158 2396 1227 Iinjusmodi
2426 1169 2549 1209 sunt
2582 1176 2592 1211 :
2627 1142 2709 1209 6—2:
2738 1170 2836 1224 pro
2869 1151 3027 1211 Θεὸς,
3051 1139 3306 1227 lix—pro
3338 1139 3574 1227 liti—92;,
3603 1140 3660 1190 ιΣ

2075 1222 2171 1317 pro
2195 1247 2416 1317 Ἰησοῦς,
2468 1234 2568 1300 ῖῖ
2605 1260 2699 1314 pro
2742 1222 3017 1317 ⁷Χριστᾴῇ
3064 1222 3233 1293 ᾖ
3266 1244 3327 1291 et
3378 1222 3659 1317 mlo

2073 1337 2290 1407 Πνεῦμα
2327 1346 2379 1388 et
2410 1325 2994 1403 IIveﬁpamgOTNUE
3032 1346 3137 1397 pro
3180 1325 3659 1407 οὐρανόὲέΠΟΣ

2073 1446 2169 1501 pro
2220 1431 2518 1501 ἄνθρωπος.
2574 1412 2681 1480 iis
2712 1434 2762 1479 et
2816 1409 2937 1477 ᾖ
2970 1438 3073 1491 pro
3104 1420 3365 1492 Ἰσραήλ,
3396 1409 3531 1471 ῙΛΜ
3564 1433 3656 1486 pro

2448 1503 2586 1514 _—.—

2074 1509 2587 1590 Ἰερουσαλήμ,ῖῆ
2619 1534 2715 1586 pro
2746 1511 3125 1585 πατέρα.,υ1)ἱ
3162 1525 3301 1565 vero
3338 1509 3518 1563 codex
3558 1524 3653 1561 ms.

2072 1607 2297 1661 discedit
2346 1623 2372 1659 a
2421 1607 2628 1675 vulgari
2682 1602 2961 1657 scribendi
3017 1600 3269 1661 ratione,
3334 1597 3423 1649 vel
3474 1610 3658 1664 parum

2075 1703 2215 1750 recte
2238 1712 2295 1750 se
2317 1696 2495 1757 habet,
2540 1710 2719 1748 veram
2757 1706 2821 1744 ac
2853 1690 3214 1745 usitatiorcm
3247 1687 3538 1743 scribendi
3571 1702 3653 1740 ra-

3378 1216 3528 1228 ———

2751 1315 2995 1326 __.__.__—.

3393 1401 3525 1410 .-

453 1796 513 1834 ea
538 1782 765 1834 habetur
792 1782 857 1835 de
887 1782 1203 1843 eruditione,
1237 1782 1499 1836 industria
1530 1791 1581 1835 et
1613 1783 1713 1836 [ide
1742 1782 1801 1835 D.
1833 1781 1977 1834 Junii
2009 1775 2049 1828 Β
2080 1788 2296 1845 tionem,
2330 1792 2386 1834 ut
2412 1793 2462 1835 et
2504 1784 2781 1843 lectiones,
2808 1778 3243 1832 emendationes
3289 1783 3348 1829 et
3380 1774 3659 1841 conjectu-

455 1871 595 1939 apud
638 1885 822 1923 omnes
872 1870 1029 1929 fama,
1082 1880 1135 1921 ut
1180 1871 1417 1923 eamdem
1461 1871 1765 1939 suspicione
1801 1872 1977 1938 aliqua

456 1960 795 2024 labe-lactare,
821 1976 926 2012 n.:n
958 1959 1171 2011 incivile
1213 1959 1387 2019 modo,
1416 1960 1510 2014 sed
1549 1960 1789 2028 iniquum
1824 1975 1978 2029 pror-

454 2062 549 2101 sus
571 2048 834 2103 videatur.
874 2068 893 2099 ι

522 2139 589 2191 At
609 2140 836 2209 pretium
863 2139 1019 2193 fuerit
1052 2155 1227 2208 opera:
1247 2139 1334 2193 hic
1377 2140 1430 2193 in
1459 2140 1687 2193 medium
1716 2138 1973 2207 proferre.

448 2243 570 2298 quae
602 2230 667 2281 de
704 2228 928 2282 Juniana
974 2229 1425 2283 Clementinarum
1472 2228 1827 2298 Epistolarum
1866 2228 1978 2282 θῶς

454 2319 595 2371 tione
634 2316 781 2370 fuere
817 2318 882 2370 ab
919 2318 1033 2385 ipso
1061 2317 1258 2372 Grabio
1289 2318 1561 2371 adnotata.
1598 2316 1686 2369 Sic
1717 2324 1890 2368 autem
1920 2330 1977 2369 se

451 2405 646 2459 habent
664 2407 740 2476 (5)
768 2424 780 2459 :
805 2425 823 2455 ι
850 2406 978 2470 Qua:
998 2422 1063 2460 ex
1080 2407 1363 2459 collatione
1382 2406 1504 2475 (ms.
1523 2406 1727 2459 codicis
1747 2404 1977 2459 Alexan-

449 2494 614 2562 drini)
643 2496 1063 2550 emendationem
1097 2496 1354 2563 praebent,
1402 2496 1465 2550 ad
1508 2496 1617 2549 hzec
1660 2496 1768 2549 fere
1804 2496 1975 2563 capita

450 2585 796 2639 reducuntur.
844 2587 883 2640 l.
926 2585 1194 2640 Nonnulla
1229 2588 1282 2639 in
1307 2585 1466 2640 editis
1502 2586 1821 2639 omittuntur
1858 2600 1976 2654 qua:

450 2677 504 2728 in
532 2685 812 2745 prototypo
828 2686 1061 2741 exstant,
1081 2686 1139 2730 ut
1166 2693 1229 2731 ex
1258 2678 1499 2731 versione
1526 2674 1713 2727 Latina
1739 2682 1971 2728 constat.

451 2765 514 2819 Il.
542 2764 692 2818 Haud
721 2780 889 2833 pauca
928 2767 1187 2820 vocabula
1214 2767 1408 2821 litteris
1450 2766 1686 2819 miniatis
1716 2763 1969 2828 eduntur,

448 2868 568 2921 quae
605 2856 659 2908 in
694 2854 879 2908 codice
912 2862 1156 2919 exstant;
1197 2855 1335 2924 quod
1368 2854 1565 2906 factum
1607 2869 1729 2908 esse
1756 2870 1787 2906 a
1816 2861 1975 2922 typo-

451 2942 612 2995 tbetis
670 2942 956 2996 verisimile
1007 2949 1107 2996 est.
1168 2943 1253 2995 ill.
1289 2942 1422 2995 Sunt
1451 2942 1590 2996 haud
1623 2956 1813 3011 pauca,
1856 2957 1975 3010 qua:

446 3046 559 3085 non
604 3038 747 3085 recte
794 3033 1079 3099 exscripsit
1127 3031 1319 3085 editor.
1375 3028 1464 3085 IV.
1516 3030 1777 3084 Nonnulla
1822 3029 1977 3084 aliter

448 3117 649 3186 scripta
682 3125 827 3181 sunt,
861 3136 1019 3190 quam
1057 3120 1233 3174 editor
1265 3120 1663 3187 reprzescntavit
1693 3134 1756 3173 ex
1789 3118 1976 3185 singu-

451 3207 548 3260 lari
581 3209 809 3276 quadam
834 3210 950 3277 ejus
977 3211 1260 3278 opinione;
1285 3226 1388 3280 qua
1418 3211 1605 3264 adduci
1642 3227 1745 3264 non
1780 3210 1975 3278 potuit,

452 3307 510 3351 ut
547 3300 887 3366 scriptionem
921 3307 1147 3353 veterem
1195 3300 1348 3355 aliter
1375 3301 1667 3363 exhiberet,
1704 3314 1863 3369 quam
1893 3314 1977 3353 se-

448 3396 682 3449 cundum
712 3398 978 3464 vulgarem
1015 3397 1282 3451 scribendi
1326 3414 1545 3453 morem.
1582 3397 1641 3452 V.
1689 3397 1835 3466 Srepe
1857 3412 1976 3452 cum

449 3487 566 3554 ipse
594 3486 729 3540 male
755 3488 1119 3554 exscripserit,
1151 3489 1537 3541 correctionem
1569 3503 1633 3541 ex
1664 3488 1975 3555 conjectura

450 3573 596 3627 addit
636 3574 701 3627 ad
746 3575 1071 3643 marginem;
1115 3591 1231 3643 qua:
1264 3576 1528 3629 correctio
1559 3576 1610 3628 in
1652 3575 1767 3643 ipso
1792 3575 1977 3629 Codice

453 3665 729 3731 reperitur.
769 3685 786 3713 ο
824 3664 1089 3718 llactenus
1122 3665 1371 3718 Grabius.
1417 3664 1622 3730 Quibus
1667 3681 1792 3734 ergo
1831 3665 1976 3718 vitiis

452 3753 694 3806 laborant
732 3755 989 3808 editiones
1033 3754 1196 3809 ferme
1230 3770 1436 3815 omnes,
1471 3762 1652 3823 utpote
1675 3770 1793 3823 qua:
1830 3754 1976 3808 fuere

452 3841 519 3893 ad
562 3840 843 3896 Junianam
892 3854 1091 3898 evacta:
1125 3863 1135 3897 :
1169 3844 1307 3913 quod
1354 3844 1563 3913 quidem
1595 3842 1793 3913 liquido
1831 3852 1976 3912 patet

449 3949 514 3985 ex
535 3931 895 3995 Wottoniana,
916 3935 1149 3987 omnium
1180 3934 1630 3989 cmendatissima.

522 4018 642 4073 Haec
665 4022 824 4088 igitur
847 4022 1305 4093 Cautabrigiensis
1322 4026 1455 4078 satis
1482 4025 1746 4078 luculenta
1771 4024 1974 4087 ἐκδοσις

450 4108 507 4158 In
550 4109 737 4177 vulgus
766 4112 959 4178 prodiit
987 4128 1127 4164 anno
1165 4114 1321 4175 l7l8,
1354 4129 1560 4168 summa
1606 4129 1734 4167 cura
1762 4114 1973 4168 llenrici

453 4195 690 4250 Wottoni
727 4200 1016 4254 elaborata.
1047 4201 1173 4253 Eam
1217 4206 1357 4257 enim
1387 4204 1526 4257 haud
1553 4206 1715 4258 semel
1755 4206 1974 4273 exigens

454 4283 518 4338 ν.
550 4285 610 4340 C.
644 4288 706 4339 ad
742 4286 893 4339 fidem
928 4304 1029 4342 ms.
1081 4290 1281 4344 codicis
1317 4292 1687 4353 Alexandrini,
1735 4293 1974 4347 adhibito

2001 3089 2041 3144 C

2076 1890 2163 1927 ras
2186 1873 2351 1933 Junii,
2379 1873 2563 1936 Boisii,
2589 1872 2864 1931 Cotelerii,
2898 1867 3060 1929 Felli,
3090 1864 3406 1921 Colomesli
3440 1880 3505 1917 ac
3537 1864 3654 1918 Cle—

2075 1965 2204 2025 rici,
2276 1965 2412 2017 inter
2474 1964 2745 2016 variantes
2807 1959 3084 2013 lectiones
3146 1957 3338 2026 posui.
3405 1954 3656 2008 Plurimis

2074 2057 2233 2108 etiam
2274 2056 2326 2107 in
2366 2054 2497 2106 locis
2527 2060 2728 2104 textum
2764 2049 3062 2105 emendavi
3103 2055 3164 2101 et
3201 2061 3324 2101 suae
3358 2043 3654 2113 integritati

2076 2144 2303 2206 restitui,
2336 2142 2425 2195 ubi
2464 2156 2648 2209 parum
2676 2147 2821 2193 recte
2855 2154 2883 2191 a
2904 2136 3080 2191 Junio
3108 2134 3566 2191 describebatur.
3589 2161 3655 2174 —

2075 2233 2203 2298 Quae
2234 2247 2317 2284 me
2344 2232 2411 2283 ad
2436 2231 2574 2284 hanc
2595 2229 2883 2284 editionem
2920 2226 3357 2297 suscipiendam
3384 2224 3651 2295 praecipue

2074 2322 2415 2390 impulerunt.
2450 2320 2559 2372 haec
2600 2319 2857 2371 fuerunt:
2902 2332 2973 2371 ne
3034 2317 3267 2371 deesset
3315 2312 3651 2369 emendatior

2072 2408 2242 2464 Grzeei
2280 2417 2459 2462 textus
2482 2409 2664 2469 editio,
2707 2418 2793 2463 etc
2856 2427 2875 2461 ι
2914 2406 3073 2461 Hanc
3105 2413 3300 2461 autem
3339 2403 3647 2458 Wottonia-

2074 2514 2197 2553 nam
2218 2497 2529 2557 editionem,
2565 2497 2804 2551 omnium
2848 2496 2977 2550 licet
3001 2494 3530 2556 accuratissimam,
3563 2492 3649 2561 qui

2073 2588 2323 2656 deinceps
2368 2586 2623 2655 epistolas
2662 2586 3038 2639 Clementinas
3096 2584 3253 2654 typis
3309 2583 3649 2638 excuderunt

2072 2679 2179 2731 viri
2234 2677 2455 2739 eruditi,
2507 2678 2550 2730 si
2609 2675 2939 2729 Richardum
2972 2674 3309 2729 Russelium
3370 2674 3645 2742 excipias.

2073 2766 2375 2834 praeteriere
2402 2765 2785 2819 inconsultam.
2818 2763 2975 2829 Quod
3013 2764 3251 2833 quidem
3298 2765 3526 2828 mirum,
3566 2764 3644 2818 sin

2074 2856 2251 2909 minus
2284 2852 2349 2908 de
2374 2854 2612 2922 reliquis,
2645 2854 2905 2909 atsaltem
2926 2853 2993 2909 de
3014 2853 3247 2909 Clerico
3278 2854 3375 2924 qui
3405 2853 3643 2909 eamdem

2074 2955 2181 3011 prae
2202 2943 2448 2997 manibus
2475 2943 2663 2996 habuit
2695 2962 2708 2997 :
2740 2958 2809 2997 ex
2833 2957 2899 2997 ea
2926 2944 3078 2998 enim
3113 2944 3449 2999 selectiores
3482 2940 3642 2996 Boisii

2074 3035 2444 3089 adnotationes
2471 3048 2502 3086 a
2523 3031 2783 3087 Wottono
2804 3042 2923 3087 tum
2950 3034 3201 3102 primum
3230 3035 3418 3090 editas
3440 3035 3643 3089 descri-

2078 3124 2203 3191 psit,
2236 3137 2369 3191 quas
2398 3123 2455 3175 in
2483 3120 2775 3177 secundam
2799 3118 3396 3175 Amstzelodamensem
3423 3118 3641 3172 Patrum

2078 3212 2489 3285 apostolicorum
2515 3210 2803 3266 editionem
2819 3210 3227 3265 Cotelerlanam
3250 3210 3557 3264 transtulit.
3576 3209 3643 3261 At

2075 3316 2139 3355 eo
2165 3303 2217 3355 in
2241 3301 2428 3371 primis
2454 3301 2667 3353 nomine
2691 3300 2836 3352 illam
2863 3299 3091 3368 insuper
3121 3300 3396 3354 habuisse
3426 3298 3641 3353 videtur

2075 3390 2334 3452 Clericus,
2367 3389 2509 3457 quod
2531 3389 2705 3442 editor
2728 3387 3209 3457 Cantabrigiensis
3258 3398 3373 3443 tum
3408 3386 3640 3442 Eduardi

2076 3480 2331 3535 Bernardi
2361 3479 2573 3533 notulas
2609 3478 2808 3547 quibus
2836 3476 3094 3546 Epistolae
3132 3479 3160 3532 1
3194 3479 3494 3533 αὐθεντιαν
3528 3478 3631 3531 ele-

2078 3586 2200 3624 vare
2238 3579 2463 3623 conatus
2491 3576 2570 3622 est
2605 3568 2928 3627 exsutllarit.
2967 3575 3086 3621 tum
3135 3568 3439 3636 ipsummet
3469 3568 3640 3623 Cleri-

2075 3675 2196 3713 cum
2226 3659 2510 3712 identidem
2542 3658 2679 3711 haud
2729 3656 3001 3710 immerito
3029 3659 3352 3727 castigarit.

2144 3749 2580 3818 Quandoquidem
2617 3764 2744 3802 vero
2782 3748 3015 3803 Russclii
3057 3754 3277 3806 mentio
3327 3751 3547 3817 incidit,
3579 3751 3637 3805 il-

2074 3841 2163 3895 lud
2188 3841 2411 3895 interest
2438 3839 2716 3901 adnotare,
2741 3839 3069 3892 industrium
3101 3841 3257 3897 hunc
3286 3844 3555 3897 editorem
3581 3842 3635 3895 in

2074 3931 2189 3985 suis
2220 3929 2438 3983 Patrum
2476 3930 2871 3995 apostolicorum
2907 3928 3152 3995 operibus
3183 3934 3455 4001 genuinis,
3491 3931 3635 3987 Lon-

2073 4020 2185 4072 dini
2219 4034 2356 4072 anno
2390 4018 2523 4071 1746
2574 4018 2854 4087 cvulgatis,
2879 4016 3302 4073 Wottonianam
3333 4022 3633 4077 editionem

2073 4124 2181 4177 pra:
2204 4109 2407 4163 caneris
2430 4109 2529 4161 sibi
2555 4107 2879 4175 scquendam
2906 4108 3030 4174 jure
3057 4111 3373 4165 censuisse.
3409 4112 3516 4177 Qui
3580 4119 3634 4164 et

2074 4199 2140 4252 ad
2190 4201 2388 4253 calcem
2432 4199 2681 4252 secundae
2730 4199 2897 4266 partis
2953 4199 3259 4255 voluminis
3296 4203 3321 4255 l
3371 4202 3631 4256 laudabili

2074 4288 2298 4340 consilio
2343 4285 2595 4354 pleraque
2652 4268 2884 4353 subjecit
2932 4286 3217 4352 adnotata,
3273 4306 3341 4345 ex
3400 4292 3631 4346 Joannis

451 4374 609 4424 etiam
648 4373 789 4427 Junii
820 4376 959 4430 edito
986 4392 1103 4429 cum
1128 4378 1311 4431 eodem
1351 4378 1533 4432 codice
1568 4393 1596 4429 a
1628 4378 1789 4433 Millio
1816 4388 1973 4448 atque
2004 4389 2046 4443 ι)
2076 4375 2224 4429 Miltii
2263 4378 2567 4444 apographo
2604 4384 2854 4427 accurate
2897 4374 2962 4427 ad
2993 4388 3095 4429 ins.
3142 4380 3358 4433 codicis
3394 4382 3631 4435 Alexan-

454 4484 483 4517 ιι
513 4464 712 4516 Grabio
760 4466 972 4529 collato,
1014 4466 1300 4520 Junianum
1343 4476 1543 4522 textum
1589 4484 1745 4536 quem
1797 4472 1974 4523 thteri

452 4561 682 4613 ciitores
725 4566 849 4611 sunt
889 4559 1078 4617 secuti,
1106 4559 1341 4627 octogies
1370 4558 1668 4612 emendavit
1694 4561 1977 4627 supplevit-

450 4664 586 4715 que;
625 4665 741 4716 qnm
782 4663 907 4701 vero
952 4649 1173 4709 aberant
1212 4662 1240 4698 a
1276 4664 1375 4701 ms.
1409 4648 1717 4716 exemplari,
1750 4658 1907 4717 atque
1945 4666 1973 4702 a

453 4736 611 4789 Junio
644 4737 832 4790 litteris
862 4736 1096 4789 miniatis
1128 4736 1563 4805 designabantur,
1594 4738 1974 4794 minutioribus

455 4826 595 4895 typis
622 4826 970 4894 imprimenda
1008 4825 1235 4879 curavit.
1272 4825 1372 4879 Sed
1415 4834 1630 4894 praestat
1661 4825 1972 4882 Wottonum

452 4914 628 4985 ipsum
688 4916 891 4977 audire,
948 4918 1037 4983 qui
1090 4917 1369 4970 consilium
1417 4916 1759 4985 studiumque
1814 4934 1969 4971 suum

454 5003 508 5059 in
537 5004 635 5057 bac
658 5004 887 5058 editione
908 5005 1212 5059 adornanda
1236 5004 1384 5060 hisce
1406 5006 1582 5061 verbis
1607 5008 1824 5075 exponit
1855 5007 1929 5077 (6)
1957 5028 1968 5061 :

460 5115 477 5147 ι
515 5095 646 5149 Cum
680 5096 907 5161 primum
948 5110 1152 5149 mecum
1201 5096 1552 5151 decrevissem
1582 5098 1864 5152 editionem
1913 5097 1969 5153 S.

454 5185 743 5239 Clementis
768 5182 821 5236 in
853 5198 934 5236 me
974 5187 1267 5255 suscipere,
1292 5184 1473 5240 Grabii
1504 5184 1757 5255 Milliique
1791 5203 1973 5241 exem-

496 5338 599 5460 ι(ι)
649 5336 948 5406 Prolegom.
990 5340 1055 5391 ad
1108 5340 1240 5394 Bibl.
1297 5343 1596 5412 polyglott.,
1647 5350 1779 5398 sect.
1824 5358 1899 5407 Ix,
1942 5344 1969 5415 ᾗ

454 5409 598 5547 διξᾷ)
618 5476 766 5547 apud
787 5473 1019 5537 liussel.,
1042 5476 1169 5531 edit.
1192 5476 1513 5547 PP.Apost.,
1537 5486 1665 5532 tom.
1690 5477 1733 5543 1,
1752 5487 1885 5546 part.
1909 5496 1966 5547 ιι,

456 5560 508 5613 Ρ·
530 5544 925 5681 (ἓῗϐῥι-οιεεοητ.
959 5612 1022 5665 ad
1056 5629 1189 5667 vers.
1213 5612 1492 5684 LXX,(‘3P-
1529 5629 1588 5678 ην
1620 5613 1645 5683 θ
1677 5614 1723 5668 ί·

2073 4465 2216 4518 drini
2250 4465 2402 4517 fidem
2440 4473 2629 4517 exacto
2670 4464 2982 4533 descripta:
3024 4480 3148 4533 quae
3183 4468 3415 4535 quidem
3457 4472 3629 4524 adno-

2073 4562 2181 4606 tata
2198 4552 2505 4606 Wottnnnm
2531 4554 2956 4621 prretermisisse.
2988 4557 3242 4622 quamvis
3270 4566 3327 4611 et
3352 4560 3472 4628 ipse
3503 4576 3630 4629 apo-

2073 4642 2328 4710 graphum
2387 4641 2677 4694 Millianum
2734 4642 2834 4696 sibi
2892 4657 3245 4711 comparasse
3298 4657 3625 4713 asseveret,

2072 4734 2236 4785 miror
2265 4746 2567 4794 enimvero;
2598 4745 2662 4783 eo
2701 4732 2783 4785 vel
2818 4733 3051 4786 maxime
3077 4735 3223 4803 quod
3260 4739 3533 4791 nonnulla
3570 4740 3625 4793 in

2074 4822 2138 4873 iis
2170 4821 2520 4888 reperiantur,
2557 4820 2750 4889 quibus
2780 4836 2842 4874 ex
2884 4822 3070 4874 eodem
3098 4838 3203 4875 ms.
3232 4825 3624 4883 vetustissimo

2072 4908 2312 4961 codicum
2368 4908 2627 4961 editorum
2690 4908 2849 4962 lectio
2902 4909 3101 4978 passim
3160 4911 3420 4965 exactior
3496 4916 3622 4970 red.

2072 4998 2232 5051 ditur.

2140 5085 2317 5155 Neque
2342 5100 2501 5153 porro
2521 5086 2648 5140 illud
2680 5087 3209 5157 przctermittendum.
3236 5086 3304 5142 ν.
3327 5088 3390 5144 C.
3414 5088 3616 5149 Joanni

2071 5175 2339 5230 Ludovico
2375 5173 2527 5245 Frey,
2554 5179 2643 5246 qui
2677 5194 2816 5232 anno
2866 5176 2999 5231 17η
3042 5175 3314 5243 Epistolas
3382 5181 3609 5236 Patrum

2138 5328 2213 5465 (ιζ
2241 5326 2452 5380 Prmfat.
2491 5329 2555 5380 ad
2594 5296 3010 5396 epist.lClem.,
3037 5328 3165 5384 edit.
3194 5330 3400 5398 Oxon.,
3445 5336 3606 5391 ωδε).

2138 5398 2192 5465 (5
2231 5396 2383 5464 Apud
2401 5394 2710 5450 Wottonum
2748 5397 2812 5449 ad
2838 5398 3035 5453 calcem
3063 5400 3219 5465 epist.
3247 5400 3445 5465 Clem,
3482 5422 3600 5465 pag.

2073 5394 2213 5521 mas)
2231 5396 2383 5464 Apud
2401 5394 2710 5450 Wottonum
2748 5397 2812 5449 ad
2838 5398 3035 5453 calcem
3063 5400 3219 5468 epist.
3247 5394 3445 5469 Gleni,
3480 5422 3600 5476 pag.

2138 5533 2213 5602 (6)
2239 5531 2477 5597 Prmfat.,
2511 5551 2562 5604 p.
2587 5550 2743 5589 ccvn.
