  <div class='ocr_page' id='page_1' title='image "/cluster/home/n/w/nwhite01/storage/ocr_20150623/1 (St. Clemens; pt. 1)/nyp.33433019854052/052.png"; bbox 0 0 1916 3131; ppageno 0'>
   <div class='ocr_carea' id='block_1_1' title="bbox 69 189 920 236">
    <p class='ocr_par' dir='ltr' id='par_1_1' title="bbox 69 190 916 236">
     <span class='ocr_line' id='line_1_1' title="bbox 69 190 916 236; baseline -0.004 -16"><span class='ocrx_word' id='word_1_1' title='bbox 193 235 197 236; x_wconf 19' lang='lat'><em>7</em></span> <span class='ocrx_word' id='word_1_2' title='bbox 788 190 916 219; x_wconf 62' lang='lat' dir='ltr'><strong>PROMEM</strong></span> 
     </span>
    </p>
   </div>
   <div class='ocr_carea' id='block_1_2' title="bbox 971 189 1724 236">
    <p class='ocr_par' dir='ltr' id='par_1_2' title="bbox 971 189 1724 219">
     <span class='ocr_line' id='line_1_2' title="bbox 971 189 1724 219; baseline 0 -2"><span class='ocrx_word' id='word_1_3' title='bbox 971 189 1159 219; x_wconf 61' lang='lat' dir='ltr'><strong>VARIORL‘H.</strong></span> <span class='ocrx_word' id='word_1_4' title='bbox 1690 190 1724 217; x_wconf 82' lang='lat'><strong>90</strong></span> 
     </span>
    </p>
   </div>
   <div class='ocr_carea' id='block_1_3' title="bbox 71 235 1725 298">
    <p class='ocr_par' dir='ltr' id='par_1_3' title="bbox 71 235 1725 298">
     <span class='ocr_line' id='line_1_3' title="bbox 71 235 1725 298; baseline -0.001 -23"><span class='ocrx_word' id='word_1_5' title='bbox 71 235 392 298; x_wconf 39' lang='grc' dir='ltr'><strong>ᾦισξξξςτξξιηιγρξε</strong></span> <span class='ocrx_word' id='word_1_6' title='bbox 410 242 920 285; x_wconf 76' lang='lat' dir='ltr'><strong>Basileensibusconsignavit,Wot-</strong></span> <span class='ocrx_word' id='word_1_7' title='bbox 935 249 957 276; x_wconf 79' lang='lat' dir='ltr'><strong>A</strong></span> <span class='ocrx_word' id='word_1_8' title='bbox 971 254 1061 274; x_wconf 89' lang='lat' dir='ltr'><strong>carum</strong></span> <span class='ocrx_word' id='word_1_9' title='bbox 1095 248 1204 275; x_wconf 88' lang='lat' dir='ltr'><strong>latehrls</strong></span> <span class='ocrx_word' id='word_1_10' title='bbox 1233 247 1408 276; x_wconf 70' lang='lat' dir='ltr'><strong>delitescant.</strong></span> <span class='ocrx_word' id='word_1_11' title='bbox 1437 246 1587 274; x_wconf 88' lang='lat' dir='ltr'><strong>Summaria</strong></span> <span class='ocrx_word' id='word_1_12' title='bbox 1612 246 1725 281; x_wconf 80' lang='lat' dir='ltr'><strong>denique</strong></span> 
     </span>
    </p>
   </div>
   <div class='ocr_carea' id='block_1_4' title="bbox 74 286 1726 334">
    <p class='ocr_par' dir='ltr' id='par_1_4' title="bbox 74 286 1726 334">
     <span class='ocr_line' id='line_1_4' title="bbox 74 286 1726 334; baseline -0.001 -14"><span class='ocrx_word' id='word_1_13' title='bbox 74 286 228 334; x_wconf 48' lang='grc' dir='ltr'><strong>ἱξξὶξβιιυω</strong></span> <span class='ocrx_word' id='word_1_14' title='bbox 247 286 423 334; x_wconf 18' lang='grc' dir='ltr'><strong>Ῡκοωνιξιγτ,</strong></span> <span class='ocrx_word' id='word_1_15' title='bbox 449 293 542 324; x_wconf 86' lang='lat' dir='ltr'><strong>quod</strong></span> <span class='ocrx_word' id='word_1_16' title='bbox 567 296 683 330; x_wconf 83' lang='lat' dir='ltr'><strong>quidem</strong></span> <span class='ocrx_word' id='word_1_17' title='bbox 700 296 854 330; x_wconf 73' lang='lat' dir='ltr'><strong>exoptabat,</strong></span> <span class='ocrx_word' id='word_1_18' title='bbox 878 294 920 321; x_wconf 83' lang='lat' dir='ltr'><strong>vi-</strong></span> <span class='ocrx_word' id='word_1_19' title='bbox 969 294 1054 328; x_wconf 86' lang='lat' dir='ltr'><strong>capita</strong></span> <span class='ocrx_word' id='word_1_20' title='bbox 1077 301 1093 321; x_wconf 89' lang='lat' dir='ltr'><strong>e</strong></span> <span class='ocrx_word' id='word_1_21' title='bbox 1113 294 1289 322; x_wconf 88' lang='lat' dir='ltr'><strong>Coutantiana</strong></span> <span class='ocrx_word' id='word_1_22' title='bbox 1304 297 1330 321; x_wconf 89' lang='lat' dir='ltr'><strong>et</strong></span> <span class='ocrx_word' id='word_1_23' title='bbox 1344 292 1462 330; x_wconf 79' lang='lat' dir='ltr'><strong>Freyana</strong></span> <span class='ocrx_word' id='word_1_24' title='bbox 1481 293 1643 321; x_wconf 86' lang='lat' dir='ltr'><strong>editionibus</strong></span> <span class='ocrx_word' id='word_1_25' title='bbox 1664 300 1726 321; x_wconf 87' lang='lat' dir='ltr'><strong>con-</strong></span> 
     </span>
    </p>
   </div>
   <div class='ocr_carea' id='block_1_5' title="bbox 83 328 1222 377">
    <p class='ocr_par' dir='ltr' id='par_1_5' title="bbox 83 328 1222 377">
     <span class='ocr_line' id='line_1_5' title="bbox 83 328 1222 377; baseline 0.005 -17"><span class='ocrx_word' id='word_1_26' title='bbox 161 334 226 362; x_wconf 72' lang='lat' dir='ltr'><strong>tum</strong></span> <span class='ocrx_word' id='word_1_27' title='bbox 238 328 358 377; x_wconf 41' lang='lat' dir='ltr'><strong>demum</strong></span> <span class='ocrx_word' id='word_1_28' title='bbox 376 332 513 364; x_wconf 81' lang='lat' dir='ltr'><strong>licuisse</strong></span> <span class='ocrx_word' id='word_1_29' title='bbox 526 358 535 370; x_wconf 82' lang='lat'><strong><em>.</em></strong></span> <span class='ocrx_word' id='word_1_30' title='bbox 555 328 626 367; x_wconf 79' lang='lat' dir='ltr'><strong>cum</strong></span> <span class='ocrx_word' id='word_1_31' title='bbox 639 342 693 375; x_wconf 84' lang='lat' dir='ltr'><strong>jam</strong></span> <span class='ocrx_word' id='word_1_32' title='bbox 706 328 818 374; x_wconf 78' lang='lat' dir='ltr'><strong>epistola</strong></span> <span class='ocrx_word' id='word_1_33' title='bbox 831 340 842 367; x_wconf 79' lang='lat' dir='ltr'><strong>l</strong></span> <span class='ocrx_word' id='word_1_34' title='bbox 862 338 922 367; x_wconf 84' lang='lat' dir='ltr'><strong>Cle-</strong></span> <span class='ocrx_word' id='word_1_35' title='bbox 969 342 1040 366; x_wconf 79' lang='lat' dir='ltr'><strong>texta</strong></span> <span class='ocrx_word' id='word_1_36' title='bbox 1051 339 1222 373; x_wconf 87' lang='lat' dir='ltr'><strong>subjecimus.</strong></span> 
     </span>
    </p>
   </div>
   <div class='ocr_carea' id='block_1_6' title="bbox 89 374 1727 420">
    <p class='ocr_par' dir='ltr' id='par_1_6' title="bbox 89 374 1727 420">
     <span class='ocr_line' id='line_1_6' title="bbox 89 374 1727 420; baseline 0 -12"><span class='ocrx_word' id='word_1_37' title='bbox 89 374 194 420; x_wconf 47' lang='lat' dir='ltr'><strong>;,&#39;,;‘si9</strong></span> <span class='ocrx_word' id='word_1_38' title='bbox 210 380 225 400; x_wconf 74' lang='grc' dir='ltr'>ε</span> <span class='ocrx_word' id='word_1_39' title='bbox 244 374 326 420; x_wconf 54' lang='lat' dir='ltr'><strong>Pfelo</strong></span> <span class='ocrx_word' id='word_1_40' title='bbox 341 379 500 408; x_wconf 76' lang='lat' dir='ltr'><strong>evasisset</strong></span> <span class='ocrx_word' id='word_1_41' title='bbox 521 392 530 409; x_wconf 90' lang='lat'>:</span> <span class='ocrx_word' id='word_1_42' title='bbox 552 388 587 411; x_wconf 87' lang='lat' dir='ltr'><strong>ut</strong></span> <span class='ocrx_word' id='word_1_43' title='bbox 607 374 717 420; x_wconf 83' lang='lat' dir='ltr'><strong>proinde</strong></span> <span class='ocrx_word' id='word_1_44' title='bbox 736 384 915 419; x_wconf 75' lang='lat' dir='ltr'><strong>posteriorem</strong></span> <span class='ocrx_word' id='word_1_45' title='bbox 1003 383 1035 410; x_wconf 89' lang='lat' dir='ltr'><strong>ll.</strong></span> <span class='ocrx_word' id='word_1_46' title='bbox 1051 383 1108 410; x_wconf 88' lang='lat' dir='ltr'><strong>Jam</strong></span> <span class='ocrx_word' id='word_1_47' title='bbox 1123 391 1195 415; x_wconf 88' lang='lat' dir='ltr'><strong>vero,</strong></span> <span class='ocrx_word' id='word_1_48' title='bbox 1211 387 1240 410; x_wconf 88' lang='lat' dir='ltr'><strong>ut</strong></span> <span class='ocrx_word' id='word_1_49' title='bbox 1255 383 1288 410; x_wconf 89' lang='lat' dir='ltr'><strong>de</strong></span> <span class='ocrx_word' id='word_1_50' title='bbox 1305 383 1398 409; x_wconf 90' lang='lat' dir='ltr'><strong>harum</strong></span> <span class='ocrx_word' id='word_1_51' title='bbox 1417 381 1586 417; x_wconf 79' lang='lat' dir='ltr'><strong>epistularum</strong></span> <span class='ocrx_word' id='word_1_52' title='bbox 1598 386 1727 416; x_wconf 72' lang='lat' dir='ltr'><strong>praestan-</strong></span> 
     </span>
    </p>
   </div>
   <div class='ocr_carea' id='block_1_7' title="bbox 99 417 1726 461">
    <p class='ocr_par' dir='ltr' id='par_1_7' title="bbox 99 417 1726 461">
     <span class='ocr_line' id='line_1_7' title="bbox 99 417 1726 461; baseline 0 -8"><span class='ocrx_word' id='word_1_53' title='bbox 99 417 290 459; x_wconf 31' lang='lat' dir='ltr'><strong>Quomodo</strong></span> <span class='ocrx_word' id='word_1_54' title='bbox 304 420 397 453; x_wconf 70' lang='lat' dir='ltr'><strong>Pallio</strong></span> <span class='ocrx_word' id='word_1_55' title='bbox 414 417 657 455; x_wconf 72' lang='lat' dir='ltr'><strong>emendatiorem</strong></span> <span class='ocrx_word' id='word_1_56' title='bbox 675 417 835 455; x_wconf 81' lang='lat' dir='ltr'><strong>exhibuerit.</strong></span> <span class='ocrx_word' id='word_1_57' title='bbox 850 427 922 459; x_wconf 83' lang='lat' dir='ltr'><strong>Qua-</strong></span> <span class='ocrx_word' id='word_1_58' title='bbox 969 428 1005 455; x_wconf 90' lang='lat' dir='ltr'><strong>tia</strong></span> <span class='ocrx_word' id='word_1_59' title='bbox 1021 432 1047 454; x_wconf 79' lang='lat' dir='ltr'><strong>et</strong></span> <span class='ocrx_word' id='word_1_60' title='bbox 1061 428 1213 455; x_wconf 88' lang='lat' dir='ltr'><strong>sinceritate</strong></span> <span class='ocrx_word' id='word_1_61' title='bbox 1226 428 1398 459; x_wconf 80' lang='lat' dir='ltr'><strong>disseramus,</strong></span> <span class='ocrx_word' id='word_1_62' title='bbox 1414 427 1584 454; x_wconf 86' lang='lat' dir='ltr'><strong>celeberrima</strong></span> <span class='ocrx_word' id='word_1_63' title='bbox 1598 430 1647 455; x_wconf 87' lang='lat' dir='ltr'><strong>est.</strong></span> <span class='ocrx_word' id='word_1_64' title='bbox 1655 427 1726 461; x_wconf 90' lang='lat' dir='ltr'><strong>quod</strong></span> 
     </span>
    </p>
   </div>
   <div class='ocr_carea' id='block_1_8' title="bbox 107 467 1727 508">
    <p class='ocr_par' dir='ltr' id='par_1_8' title="bbox 107 467 1727 508">
     <span class='ocr_line' id='line_1_8' title="bbox 107 467 1727 508; baseline 0.001 -12"><span class='ocrx_word' id='word_1_65' title='bbox 107 471 268 502; x_wconf 61' lang='lat' dir='ltr'><strong>imumque</strong></span> <span class='ocrx_word' id='word_1_66' title='bbox 285 469 385 493; x_wconf 64' lang='lat' dir='ltr'><strong>“lmen</strong></span> <span class='ocrx_word' id='word_1_67' title='bbox 403 467 502 503; x_wconf 77' lang='lat' dir='ltr'><strong>huius</strong></span> <span class='ocrx_word' id='word_1_68' title='bbox 514 472 655 500; x_wconf 80' lang='lat' dir='ltr'><strong>editionis</strong></span> <span class='ocrx_word' id='word_1_69' title='bbox 670 472 806 507; x_wconf 82' lang='lat' dir='ltr'><strong>Freyame.</strong></span> <span class='ocrx_word' id='word_1_70' title='bbox 822 470 922 505; x_wconf 81' lang='lat' dir='ltr'><strong>alioqui</strong></span> <span class='ocrx_word' id='word_1_71' title='bbox 970 481 1061 502; x_wconf 88' lang='lat' dir='ltr'><strong>omnes</strong></span> <span class='ocrx_word' id='word_1_72' title='bbox 1075 474 1169 500; x_wconf 81' lang='lat' dir='ltr'><strong>eruditi</strong></span> <span class='ocrx_word' id='word_1_73' title='bbox 1185 477 1292 505; x_wconf 83' lang='lat' dir='ltr'><strong>norunt,</strong></span> <span class='ocrx_word' id='word_1_74' title='bbox 1308 480 1366 507; x_wconf 75' lang='lat' dir='ltr'><strong>quae</strong></span> <span class='ocrx_word' id='word_1_75' title='bbox 1387 473 1459 508; x_wconf 92' lang='lat' dir='ltr'><strong>prior</strong></span> <span class='ocrx_word' id='word_1_76' title='bbox 1474 472 1618 500; x_wconf 81' lang='lat' dir='ltr'><strong>Corinthiis</strong></span> <span class='ocrx_word' id='word_1_77' title='bbox 1630 472 1727 499; x_wconf 88' lang='lat' dir='ltr'><strong>inscri-</strong></span> 
     </span>
    </p>
   </div>
   <div class='ocr_carea' id='block_1_9' title="bbox 120 510 920 552">
    <p class='ocr_par' dir='ltr' id='par_1_9' title="bbox 120 510 920 551">
     <span class='ocr_line' id='line_1_9' title="bbox 120 510 920 551; baseline -0.004 -6"><span class='ocrx_word' id='word_1_78' title='bbox 120 510 293 545; x_wconf 55' lang='lat' dir='ltr'><strong>sstisnllldat</strong></span> <span class='ocrx_word' id='word_1_79' title='bbox 309 511 462 542; x_wconf 75' lang='lat' dir='ltr'><strong>defeetum</strong></span> <span class='ocrx_word' id='word_1_80' title='bbox 475 518 617 551; x_wconf 87' lang='lat' dir='ltr'><strong>supplere</strong></span> <span class='ocrx_word' id='word_1_81' title='bbox 629 518 737 545; x_wconf 81' lang='lat' dir='ltr'><strong>adnisus</strong></span> <span class='ocrx_word' id='word_1_82' title='bbox 751 521 792 544; x_wconf 88' lang='lat' dir='ltr'><strong>est</strong></span> <span class='ocrx_word' id='word_1_83' title='bbox 804 517 847 543; x_wconf 76' lang='lat' dir='ltr'><strong>vir</strong></span> <span class='ocrx_word' id='word_1_84' title='bbox 860 524 920 543; x_wconf 88' lang='lat' dir='ltr'><strong>eru-</strong></span> 
     </span>
    </p>
   </div>
   <div class='ocr_carea' id='block_1_10' title="bbox 971 510 1725 552">
    <p class='ocr_par' dir='ltr' id='par_1_10' title="bbox 971 516 1725 552">
     <span class='ocr_line' id='line_1_10' title="bbox 971 516 1725 552; baseline -0.004 -6"><span class='ocrx_word' id='word_1_85' title='bbox 971 519 1041 547; x_wconf 89' lang='lat' dir='ltr'><strong>bitur</strong></span> <span class='ocrx_word' id='word_1_86' title='bbox 1053 529 1059 546; x_wconf 88' lang='lat'><strong>:</strong></span> <span class='ocrx_word' id='word_1_87' title='bbox 1080 519 1236 552; x_wconf 75' lang='grc' dir='ltr'><strong>’ἱκανωτάτη</strong></span> <span class='ocrx_word' id='word_1_88' title='bbox 1249 518 1337 552; x_wconf 79' lang='grc' dir='ltr'>γραφὴ</span> <span class='ocrx_word' id='word_1_89' title='bbox 1351 518 1418 544; x_wconf 91' lang='lat' dir='ltr'><strong>dicta</strong></span> <span class='ocrx_word' id='word_1_90' title='bbox 1431 516 1575 548; x_wconf 72' lang='lat' dir='ltr'><strong>S.lren:eo,</strong></span> <span class='ocrx_word' id='word_1_91' title='bbox 1589 516 1725 552; x_wconf 78' lang='grc' dir='ltr'><strong>Ἐπιστολὴ</strong></span> 
     </span>
    </p>
   </div>
   <div class='ocr_carea' id='block_1_11' title="bbox 128 556 921 596">
    <p class='ocr_par' dir='ltr' id='par_1_11' title="bbox 128 556 921 596">
     <span class='ocr_line' id='line_1_11' title="bbox 128 556 921 596; baseline 0.001 -10"><span class='ocrx_word' id='word_1_92' title='bbox 128 562 200 586; x_wconf 84' lang='lat' dir='ltr'><strong>ditus</strong></span> <span class='ocrx_word' id='word_1_93' title='bbox 216 556 348 583; x_wconf 62' lang='lat' dir='ltr'><strong>Antonius</strong></span> <span class='ocrx_word' id='word_1_94' title='bbox 361 557 483 587; x_wconf 82' lang='lat' dir='ltr'><strong>Birrius</strong></span> <span class='ocrx_word' id='word_1_95' title='bbox 501 561 534 587; x_wconf 89' lang='lat' dir='ltr'><strong>in</strong></span> <span class='ocrx_word' id='word_1_96' title='bbox 550 562 656 596; x_wconf 77' lang='lat' dir='ltr'><strong>publica</strong></span> <span class='ocrx_word' id='word_1_97' title='bbox 668 561 818 596; x_wconf 81' lang='lat' dir='ltr'><strong>Specimine,</strong></span> <span class='ocrx_word' id='word_1_98' title='bbox 832 561 921 587; x_wconf 86' lang='lat' dir='ltr'><strong>itidem</strong></span> 
     </span>
    </p>
   </div>
   <div class='ocr_carea' id='block_1_12' title="bbox 134 603 921 641">
    <p class='ocr_par' dir='ltr' id='par_1_12' title="bbox 134 603 921 641">
     <span class='ocr_line' id='line_1_12' title="bbox 134 603 921 641; baseline 0.001 -11"><span class='ocrx_word' id='word_1_99' title='bbox 134 603 234 631; x_wconf 69' lang='lat' dir='ltr'><strong>Busilca&#39;:</strong></span> <span class='ocrx_word' id='word_1_100' title='bbox 254 609 328 628; x_wconf 85' lang='lat' dir='ltr'><strong>anno</strong></span> <span class='ocrx_word' id='word_1_101' title='bbox 346 603 424 631; x_wconf 68' lang='grc' dir='ltr'><strong>ιπμ</strong></span> <span class='ocrx_word' id='word_1_102' title='bbox 449 606 545 637; x_wconf 87' lang='lat' dir='ltr'><strong>edito,</strong></span> <span class='ocrx_word' id='word_1_103' title='bbox 568 611 650 641; x_wconf 85' lang='lat' dir='ltr'><strong>atque</strong></span> <span class='ocrx_word' id='word_1_104' title='bbox 667 607 829 641; x_wconf 86' lang='lat' dir='ltr'><strong>conjecturis</strong></span> <span class='ocrx_word' id='word_1_105' title='bbox 852 605 921 632; x_wconf 84' lang='lat' dir='ltr'><strong>haud</strong></span> 
     </span>
    </p>
   </div>
   <div class='ocr_carea' id='block_1_13' title="bbox 137 648 922 682">
    <p class='ocr_par' dir='ltr' id='par_1_13' title="bbox 137 648 922 682">
     <span class='ocr_line' id='line_1_13' title="bbox 137 648 922 682; baseline 0.003 -8"><span class='ocrx_word' id='word_1_106' title='bbox 137 648 292 682; x_wconf 68' lang='lat' dir='ltr'><strong>pmnilendis</strong></span> <span class='ocrx_word' id='word_1_107' title='bbox 306 648 341 674; x_wconf 87' lang='lat' dir='ltr'><strong>ad</strong></span> <span class='ocrx_word' id='word_1_108' title='bbox 356 653 472 675; x_wconf 74' lang='lat' dir='ltr'><strong>textum</strong></span> <span class='ocrx_word' id='word_1_109' title='bbox 490 651 692 678; x_wconf 88' lang='lat' dir='ltr'><strong>Clementinum</strong></span> <span class='ocrx_word' id='word_1_110' title='bbox 709 652 833 678; x_wconf 81' lang='lat' dir='ltr'><strong>editionis</strong></span> <span class='ocrx_word' id='word_1_111' title='bbox 849 650 922 677; x_wconf 88' lang='lat' dir='ltr'><strong>Wot-</strong></span> 
     </span>
    </p>
   </div>
   <div class='ocr_carea' id='block_1_14' title="bbox 137 692 921 730">
    <p class='ocr_par' dir='ltr' id='par_1_14' title="bbox 137 692 921 730">
     <span class='ocr_line' id='line_1_14' title="bbox 137 692 921 730; baseline 0 -10"><span class='ocrx_word' id='word_1_112' title='bbox 137 695 246 720; x_wconf 79' lang='lat' dir='ltr'><strong>tonianze</strong></span> <span class='ocrx_word' id='word_1_113' title='bbox 255 692 376 720; x_wconf 81' lang='lat' dir='ltr'><strong>ulterius</strong></span> <span class='ocrx_word' id='word_1_114' title='bbox 386 694 483 721; x_wconf 83' lang='lat' dir='ltr'><strong>adhuc</strong></span> <span class='ocrx_word' id='word_1_115' title='bbox 497 696 693 730; x_wconf 79' lang='lat' dir='ltr'><strong>detergendum</strong></span> <span class='ocrx_word' id='word_1_116' title='bbox 708 696 815 722; x_wconf 81' lang='lat' dir='ltr'><strong>referto.</strong></span> <span class='ocrx_word' id='word_1_117' title='bbox 837 695 921 729; x_wconf 83' lang='lat' dir='ltr'><strong>Hujus</strong></span> 
     </span>
    </p>
   </div>
   <div class='ocr_carea' id='block_1_15' title="bbox 137 737 921 774">
    <p class='ocr_par' dir='ltr' id='par_1_15' title="bbox 137 737 921 774">
     <span class='ocr_line' id='line_1_15' title="bbox 137 737 921 774; baseline 0.003 -11"><span class='ocrx_word' id='word_1_118' title='bbox 137 744 219 765; x_wconf 56' lang='lat' dir='ltr'><strong>autem</strong></span> <span class='ocrx_word' id='word_1_119' title='bbox 246 737 422 770; x_wconf 82' lang='lat' dir='ltr'><strong>Speciminis</strong></span> <span class='ocrx_word' id='word_1_120' title='bbox 452 739 573 766; x_wconf 81' lang='lat' dir='ltr'><strong>Birriani</strong></span> <span class='ocrx_word' id='word_1_121' title='bbox 588 740 725 774; x_wconf 76' lang='lat' dir='ltr'><strong>exemplar</strong></span> <span class='ocrx_word' id='word_1_122' title='bbox 738 748 798 766; x_wconf 91' lang='lat' dir='ltr'><strong>cum</strong></span> <span class='ocrx_word' id='word_1_123' title='bbox 822 740 921 766; x_wconf 80' lang='lat' dir='ltr'><strong>frustra</strong></span> 
     </span>
    </p>
   </div>
   <div class='ocr_carea' id='block_1_16' title="bbox 134 784 920 820">
    <p class='ocr_par' dir='ltr' id='par_1_16' title="bbox 134 784 920 820">
     <span class='ocr_line' id='line_1_16' title="bbox 134 784 920 820; baseline 0.001 -10"><span class='ocrx_word' id='word_1_124' title='bbox 134 786 189 810; x_wconf 84' lang='lat' dir='ltr'><strong>diu</strong></span> <span class='ocrx_word' id='word_1_125' title='bbox 204 784 451 816; x_wconf 77' lang='lat' dir='ltr'><strong>conquisivisscm,</strong></span> <span class='ocrx_word' id='word_1_126' title='bbox 468 793 578 812; x_wconf 88' lang='lat' dir='ltr'><strong>summo</strong></span> <span class='ocrx_word' id='word_1_127' title='bbox 590 786 652 812; x_wconf 90' lang='lat' dir='ltr'><strong>licet</strong></span> <span class='ocrx_word' id='word_1_128' title='bbox 667 785 755 813; x_wconf 78' lang='lat' dir='ltr'><strong>studio</strong></span> <span class='ocrx_word' id='word_1_129' title='bbox 766 785 920 820; x_wconf 82' lang='lat' dir='ltr'><strong>expetitum.</strong></span> 
     </span>
    </p>
   </div>
   <div class='ocr_carea' id='block_1_17' title="bbox 134 829 921 864">
    <p class='ocr_par' dir='ltr' id='par_1_17' title="bbox 134 829 921 864">
     <span class='ocr_line' id='line_1_17' title="bbox 134 829 921 864; baseline 0.003 -9"><span class='ocrx_word' id='word_1_130' title='bbox 134 831 195 856; x_wconf 78' lang='lat' dir='ltr'><strong>voti</strong></span> <span class='ocrx_word' id='word_1_131' title='bbox 208 829 313 855; x_wconf 82' lang='lat' dir='ltr'><strong>laudem</strong></span> <span class='ocrx_word' id='word_1_132' title='bbox 331 835 496 864; x_wconf 77' lang='lat' dir='ltr'><strong>compotem</strong></span> <span class='ocrx_word' id='word_1_133' title='bbox 514 839 556 857; x_wconf 89' lang='lat' dir='ltr'><strong>me</strong></span> <span class='ocrx_word' id='word_1_134' title='bbox 572 830 635 857; x_wconf 75' lang='lat' dir='ltr'><strong>fecit</strong></span> <span class='ocrx_word' id='word_1_135' title='bbox 650 831 690 857; x_wconf 81' lang='lat' dir='ltr'><strong>vir</strong></span> <span class='ocrx_word' id='word_1_136' title='bbox 703 831 846 858; x_wconf 78' lang='lat' dir='ltr'><strong>liberaliter</strong></span> <span class='ocrx_word' id='word_1_137' title='bbox 860 838 921 857; x_wconf 84' lang='lat' dir='ltr'><strong>cru--</strong></span> 
     </span>
    </p>
   </div>
   <div class='ocr_carea' id='block_1_18' title="bbox 133 872 921 910">
    <p class='ocr_par' dir='ltr' id='par_1_18' title="bbox 133 872 921 910">
     <span class='ocr_line' id='line_1_18' title="bbox 133 872 921 910; baseline 0.003 -10"><span class='ocrx_word' id='word_1_138' title='bbox 133 874 209 900; x_wconf 87' lang='lat' dir='ltr'><strong>ditus</strong></span> <span class='ocrx_word' id='word_1_139' title='bbox 217 872 325 907; x_wconf 81' lang='lat' dir='ltr'><strong>Gaspar</strong></span> <span class='ocrx_word' id='word_1_140' title='bbox 344 874 574 909; x_wconf 75' lang='lat' dir='ltr'><strong>llagenbuehius,</strong></span> <span class='ocrx_word' id='word_1_141' title='bbox 588 883 602 902; x_wconf 91' lang='lat' dir='ltr'><strong>a</strong></span> <span class='ocrx_word' id='word_1_142' title='bbox 619 884 673 910; x_wconf 93' lang='lat' dir='ltr'><strong>quo</strong></span> <span class='ocrx_word' id='word_1_143' title='bbox 690 883 743 903; x_wconf 89' lang='lat' dir='ltr'><strong>una</strong></span> <span class='ocrx_word' id='word_1_144' title='bbox 754 883 814 903; x_wconf 87' lang='lat' dir='ltr'><strong>cum</strong></span> <span class='ocrx_word' id='word_1_145' title='bbox 824 876 921 902; x_wconf 83' lang='lat' dir='ltr'><strong>litteris</strong></span> 
     </span>
    </p>
   </div>
   <div class='ocr_carea' id='block_1_19' title="bbox 136 918 921 953">
    <p class='ocr_par' dir='ltr' id='par_1_19' title="bbox 136 918 921 953">
     <span class='ocr_line' id='line_1_19' title="bbox 136 918 921 953; baseline 0.004 -10"><span class='ocrx_word' id='word_1_146' title='bbox 136 919 315 945; x_wconf 74' lang='lat' dir='ltr'><strong>humanitatis</strong></span> <span class='ocrx_word' id='word_1_147' title='bbox 337 923 367 945; x_wconf 85' lang='lat' dir='ltr'><strong>et</strong></span> <span class='ocrx_word' id='word_1_148' title='bbox 389 920 472 945; x_wconf 85' lang='lat' dir='ltr'><strong>ollicii</strong></span> <span class='ocrx_word' id='word_1_149' title='bbox 492 920 654 953; x_wconf 75' lang='lat' dir='ltr'><strong>plenissimis</strong></span> <span class='ocrx_word' id='word_1_150' title='bbox 673 920 771 948; x_wconf 89' lang='lat' dir='ltr'><strong>Turico</strong></span> <span class='ocrx_word' id='word_1_151' title='bbox 794 918 921 947; x_wconf 81' lang='lat' dir='ltr'><strong>Helvetio-</strong></span> 
     </span>
    </p>
   </div>
   <div class='ocr_carea' id='block_1_20' title="bbox 134 963 921 999">
    <p class='ocr_par' dir='ltr' id='par_1_20' title="bbox 134 963 921 999">
     <span class='ocr_line' id='line_1_20' title="bbox 134 963 921 999; baseline 0.004 -11"><span class='ocrx_word' id='word_1_152' title='bbox 134 971 200 988; x_wconf 84' lang='lat' dir='ltr'><strong>rum</strong></span> <span class='ocrx_word' id='word_1_153' title='bbox 213 963 286 989; x_wconf 92' lang='lat' dir='ltr'><strong>dono</strong></span> <span class='ocrx_word' id='word_1_154' title='bbox 310 964 386 989; x_wconf 88' lang='lat' dir='ltr'><strong>illud</strong></span> <span class='ocrx_word' id='word_1_155' title='bbox 406 965 500 998; x_wconf 79' lang='lat' dir='ltr'><strong>accepi</strong></span> <span class='ocrx_word' id='word_1_156' title='bbox 521 974 527 991; x_wconf 90' lang='lat'>:</span> <span class='ocrx_word' id='word_1_157' title='bbox 551 972 604 998; x_wconf 90' lang='lat' dir='ltr'><strong>quo</strong></span> <span class='ocrx_word' id='word_1_158' title='bbox 618 965 724 999; x_wconf 86' lang='lat' dir='ltr'><strong>quidem</strong></span> <span class='ocrx_word' id='word_1_159' title='bbox 741 965 846 991; x_wconf 89' lang='lat' dir='ltr'><strong>nomine</strong></span> <span class='ocrx_word' id='word_1_160' title='bbox 865 965 921 991; x_wconf 81' lang='lat' dir='ltr'><strong>viro</strong></span> 
     </span>
    </p>
   </div>
   <div class='ocr_carea' id='block_1_21' title="bbox 133 1008 597 1042">
    <p class='ocr_par' dir='ltr' id='par_1_21' title="bbox 133 1008 597 1042">
     <span class='ocr_line' id='line_1_21' title="bbox 133 1008 597 1042; baseline 0.002 -8"><span class='ocrx_word' id='word_1_161' title='bbox 133 1009 237 1042; x_wconf 88' lang='lat' dir='ltr'><strong>optimo</strong></span> <span class='ocrx_word' id='word_1_162' title='bbox 250 1008 360 1042; x_wconf 79' lang='lat' dir='ltr'><strong>gratias</strong></span> <span class='ocrx_word' id='word_1_163' title='bbox 386 1016 439 1042; x_wconf 77' lang='lat' dir='ltr'><strong>ago</strong></span> <span class='ocrx_word' id='word_1_164' title='bbox 460 1012 486 1034; x_wconf 86' lang='lat' dir='ltr'><strong>et</strong></span> <span class='ocrx_word' id='word_1_165' title='bbox 502 1009 597 1035; x_wconf 82' lang='lat' dir='ltr'><strong>habeo.</strong></span> 
     </span>
    </p>
   </div>
   <div class='ocr_carea' id='block_1_22' title="bbox 184 1053 921 1087">
    <p class='ocr_par' dir='ltr' id='par_1_22' title="bbox 184 1053 921 1087">
     <span class='ocr_line' id='line_1_22' title="bbox 184 1053 921 1087; baseline -0.001 -8"><span class='ocrx_word' id='word_1_166' title='bbox 184 1053 223 1079; x_wconf 76' lang='lat' dir='ltr'><strong>llis</strong></span> <span class='ocrx_word' id='word_1_167' title='bbox 238 1054 334 1087; x_wconf 84' lang='lat' dir='ltr'><strong>itaque</strong></span> <span class='ocrx_word' id='word_1_168' title='bbox 352 1054 474 1087; x_wconf 84' lang='lat' dir='ltr'><strong>aliisque</strong></span> <span class='ocrx_word' id='word_1_169' title='bbox 494 1053 622 1080; x_wconf 80' lang='lat' dir='ltr'><strong>subsidiis</strong></span> <span class='ocrx_word' id='word_1_170' title='bbox 643 1053 798 1084; x_wconf 77' lang='lat' dir='ltr'><strong>instructus.</strong></span> <span class='ocrx_word' id='word_1_171' title='bbox 818 1053 850 1079; x_wconf 85' lang='lat' dir='ltr'><strong>ad</strong></span> <span class='ocrx_word' id='word_1_172' title='bbox 864 1060 921 1079; x_wconf 86' lang='lat' dir='ltr'><strong>eam</strong></span> 
     </span>
    </p>
   </div>
   <div class='ocr_carea' id='block_1_23' title="bbox 132 1097 920 1133">
    <p class='ocr_par' dir='ltr' id='par_1_23' title="bbox 132 1097 920 1133">
     <span class='ocr_line' id='line_1_23' title="bbox 132 1097 920 1133; baseline 0 -10"><span class='ocrx_word' id='word_1_173' title='bbox 132 1106 218 1132; x_wconf 81' lang='lat' dir='ltr'><strong>quam</strong></span> <span class='ocrx_word' id='word_1_174' title='bbox 238 1099 284 1125; x_wconf 80' lang='lat' dir='ltr'><strong>hie</strong></span> <span class='ocrx_word' id='word_1_175' title='bbox 314 1099 433 1133; x_wconf 79' lang='lat' dir='ltr'><strong>profero</strong></span> <span class='ocrx_word' id='word_1_176' title='bbox 459 1099 605 1125; x_wconf 86' lang='lat' dir='ltr'><strong>editionem</strong></span> <span class='ocrx_word' id='word_1_177' title='bbox 622 1098 763 1132; x_wconf 88' lang='lat' dir='ltr'><strong>parandam</strong></span> <span class='ocrx_word' id='word_1_178' title='bbox 785 1097 920 1124; x_wconf 84' lang='lat' dir='ltr'><strong>elaboran-</strong></span> 
     </span>
    </p>
   </div>
   <div class='ocr_carea' id='block_1_24' title="bbox 131 1143 921 1177">
    <p class='ocr_par' dir='ltr' id='par_1_24' title="bbox 131 1143 921 1177">
     <span class='ocr_line' id='line_1_24' title="bbox 131 1143 921 1177; baseline -0.003 -8"><span class='ocrx_word' id='word_1_179' title='bbox 131 1145 255 1177; x_wconf 75' lang='lat' dir='ltr'><strong>dumque</strong></span> <span class='ocrx_word' id='word_1_180' title='bbox 270 1152 315 1170; x_wconf 85' lang='lat' dir='ltr'><strong>me</strong></span> <span class='ocrx_word' id='word_1_181' title='bbox 331 1144 440 1170; x_wconf 87' lang='lat' dir='ltr'><strong>(ontnli</strong></span> <span class='ocrx_word' id='word_1_182' title='bbox 456 1151 462 1168; x_wconf 87' lang='lat'><strong>:</strong></span> <span class='ocrx_word' id='word_1_183' title='bbox 477 1151 531 1176; x_wconf 89' lang='lat' dir='ltr'><strong>quo</strong></span> <span class='ocrx_word' id='word_1_184' title='bbox 541 1143 649 1176; x_wconf 88' lang='lat' dir='ltr'><strong>quidem</strong></span> <span class='ocrx_word' id='word_1_185' title='bbox 664 1143 691 1169; x_wconf 88' lang='lat' dir='ltr'><strong>in</strong></span> <span class='ocrx_word' id='word_1_186' title='bbox 702 1150 780 1176; x_wconf 88' lang='lat' dir='ltr'><strong>opere</strong></span> <span class='ocrx_word' id='word_1_187' title='bbox 794 1146 921 1176; x_wconf 87' lang='lat' dir='ltr'><strong>quantum</strong></span> 
     </span>
    </p>
   </div>
   <div class='ocr_carea' id='block_1_25' title="bbox 128 1186 922 1219">
    <p class='ocr_par' dir='ltr' id='par_1_25' title="bbox 128 1186 922 1219">
     <span class='ocr_line' id='line_1_25' title="bbox 128 1186 922 1219; baseline -0.001 -6"><span class='ocrx_word' id='word_1_188' title='bbox 128 1189 279 1214; x_wconf 71' lang='lat' dir='ltr'><strong>industriae</strong></span> <span class='ocrx_word' id='word_1_189' title='bbox 295 1196 329 1214; x_wconf 85' lang='lat' dir='ltr'><strong>ac</strong></span> <span class='ocrx_word' id='word_1_190' title='bbox 351 1189 440 1215; x_wconf 86' lang='lat' dir='ltr'><strong>studii</strong></span> <span class='ocrx_word' id='word_1_191' title='bbox 455 1187 638 1218; x_wconf 79' lang='lat' dir='ltr'><strong>adhibuerim,</strong></span> <span class='ocrx_word' id='word_1_192' title='bbox 658 1187 769 1213; x_wconf 91' lang='lat' dir='ltr'><strong>aliorum</strong></span> <span class='ocrx_word' id='word_1_193' title='bbox 783 1190 841 1213; x_wconf 88' lang='lat' dir='ltr'><strong>esto</strong></span> <span class='ocrx_word' id='word_1_194' title='bbox 851 1186 922 1219; x_wconf 80' lang='lat' dir='ltr'><strong>judi-</strong></span> 
     </span>
    </p>
   </div>
   <div class='ocr_carea' id='block_1_26' title="bbox 129 1230 924 1264">
    <p class='ocr_par' dir='ltr' id='par_1_26' title="bbox 129 1230 924 1264">
     <span class='ocr_line' id='line_1_26' title="bbox 129 1230 924 1264; baseline -0.003 -6"><span class='ocrx_word' id='word_1_195' title='bbox 129 1233 220 1260; x_wconf 82' lang='lat' dir='ltr'><strong>cium.</strong></span> <span class='ocrx_word' id='word_1_196' title='bbox 246 1232 317 1258; x_wconf 86' lang='lat' dir='ltr'><strong>Illud</strong></span> <span class='ocrx_word' id='word_1_197' title='bbox 341 1240 413 1259; x_wconf 86' lang='lat' dir='ltr'><strong>sane</strong></span> <span class='ocrx_word' id='word_1_198' title='bbox 437 1232 571 1258; x_wconf 85' lang='lat' dir='ltr'><strong>allirmare</strong></span> <span class='ocrx_word' id='word_1_199' title='bbox 589 1232 685 1262; x_wconf 84' lang='lat' dir='ltr'><strong>ausim,</strong></span> <span class='ocrx_word' id='word_1_200' title='bbox 701 1230 845 1257; x_wconf 83' lang='lat' dir='ltr'><strong>Clementis</strong></span> <span class='ocrx_word' id='word_1_201' title='bbox 861 1230 924 1264; x_wconf 81' lang='lat' dir='ltr'><strong>Epi~</strong></span> 
     </span>
    </p>
   </div>
   <div class='ocr_carea' id='block_1_27' title="bbox 129 1275 924 1309">
    <p class='ocr_par' dir='ltr' id='par_1_27' title="bbox 129 1275 924 1309">
     <span class='ocr_line' id='line_1_27' title="bbox 129 1275 924 1309; baseline -0.004 -6"><span class='ocrx_word' id='word_1_202' title='bbox 129 1278 225 1304; x_wconf 76' lang='lat' dir='ltr'><strong>stolas</strong></span> <span class='ocrx_word' id='word_1_203' title='bbox 246 1278 279 1303; x_wconf 66' lang='lat' dir='ltr'><strong>ani</strong></span> <span class='ocrx_word' id='word_1_204' title='bbox 304 1277 469 1303; x_wconf 88' lang='lat' dir='ltr'><strong>Corinthios</strong></span> <span class='ocrx_word' id='word_1_205' title='bbox 491 1284 564 1302; x_wconf 89' lang='lat' dir='ltr'><strong>nunc</strong></span> <span class='ocrx_word' id='word_1_206' title='bbox 588 1275 694 1303; x_wconf 66' lang='lat' dir='ltr'><strong>deorum</strong></span> <span class='ocrx_word' id='word_1_207' title='bbox 717 1275 823 1309; x_wconf 88' lang='lat' dir='ltr'><strong>prodire</strong></span> <span class='ocrx_word' id='word_1_208' title='bbox 841 1275 924 1301; x_wconf 89' lang='lat' dir='ltr'><strong>multo</strong></span> 
     </span>
    </p>
   </div>
   <div class='ocr_carea' id='block_1_28' title="bbox 128 1319 925 1356">
    <p class='ocr_par' dir='ltr' id='par_1_28' title="bbox 128 1319 925 1356">
     <span class='ocr_line' id='line_1_28' title="bbox 128 1319 925 1356; baseline -0.003 -9"><span class='ocrx_word' id='word_1_209' title='bbox 128 1323 343 1356; x_wconf 76' lang='lat' dir='ltr'><strong>castigatiores,</strong></span> <span class='ocrx_word' id='word_1_210' title='bbox 361 1330 446 1356; x_wconf 91' lang='lat' dir='ltr'><strong>quam</strong></span> <span class='ocrx_word' id='word_1_211' title='bbox 463 1322 595 1348; x_wconf 75' lang='lat' dir='ltr'><strong>hactenus</strong></span> <span class='ocrx_word' id='word_1_212' title='bbox 612 1320 685 1347; x_wconf 79' lang='lat' dir='ltr'><strong>fuere</strong></span> <span class='ocrx_word' id='word_1_213' title='bbox 698 1320 725 1346; x_wconf 90' lang='lat' dir='ltr'><strong>in</strong></span> <span class='ocrx_word' id='word_1_214' title='bbox 737 1320 832 1354; x_wconf 82' lang='lat' dir='ltr'><strong>vulgus</strong></span> <span class='ocrx_word' id='word_1_215' title='bbox 844 1319 925 1347; x_wconf 89' lang='lat' dir='ltr'><strong>emis-</strong></span> 
     </span>
    </p>
   </div>
   <div class='ocr_carea' id='block_1_29' title="bbox 127 1364 923 1397">
    <p class='ocr_par' dir='ltr' id='par_1_29' title="bbox 127 1364 923 1397">
     <span class='ocr_line' id='line_1_29' title="bbox 127 1364 923 1397; baseline 0 -6"><span class='ocrx_word' id='word_1_216' title='bbox 127 1373 178 1391; x_wconf 56' lang='grc' dir='ltr'><strong>ευ</strong></span> <span class='ocrx_word' id='word_1_217' title='bbox 194 1375 199 1392; x_wconf 86' lang='grc'>;</span> <span class='ocrx_word' id='word_1_218' title='bbox 215 1370 255 1392; x_wconf 88' lang='lat' dir='ltr'><strong>tot</strong></span> <span class='ocrx_word' id='word_1_219' title='bbox 277 1367 355 1392; x_wconf 89' lang='lat' dir='ltr'><strong>enim</strong></span> <span class='ocrx_word' id='word_1_220' title='bbox 380 1366 440 1392; x_wconf 85' lang='lat' dir='ltr'><strong>loca</strong></span> <span class='ocrx_word' id='word_1_221' title='bbox 466 1370 531 1392; x_wconf 90' lang='lat' dir='ltr'><strong>sunt</strong></span> <span class='ocrx_word' id='word_1_222' title='bbox 548 1365 679 1397; x_wconf 84' lang='lat' dir='ltr'><strong>restituta,</strong></span> <span class='ocrx_word' id='word_1_223' title='bbox 701 1369 741 1392; x_wconf 84' lang='lat' dir='ltr'><strong>tot</strong></span> <span class='ocrx_word' id='word_1_224' title='bbox 758 1364 923 1391; x_wconf 88' lang='lat' dir='ltr'><strong>mendasub-</strong></span> 
     </span>
    </p>
   </div>
   <div class='ocr_carea' id='block_1_30' title="bbox 130 1407 924 1445">
    <p class='ocr_par' dir='ltr' id='par_1_30' title="bbox 130 1407 924 1445">
     <span class='ocr_line' id='line_1_30' title="bbox 130 1407 924 1445; baseline -0.003 -10"><span class='ocrx_word' id='word_1_225' title='bbox 130 1410 213 1439; x_wconf 71' lang='lat' dir='ltr'><strong>luta.-</strong></span> <span class='ocrx_word' id='word_1_226' title='bbox 244 1414 274 1436; x_wconf 93' lang='lat' dir='ltr'><strong>ut</strong></span> <span class='ocrx_word' id='word_1_227' title='bbox 292 1418 445 1445; x_wconf 87' lang='lat' dir='ltr'><strong>perpauca,</strong></span> <span class='ocrx_word' id='word_1_228' title='bbox 463 1410 486 1435; x_wconf 92' lang='lat' dir='ltr'><strong>si</strong></span> <span class='ocrx_word' id='word_1_229' title='bbox 503 1418 555 1443; x_wconf 87' lang='lat' dir='ltr'><strong>qua</strong></span> <span class='ocrx_word' id='word_1_230' title='bbox 572 1413 644 1441; x_wconf 91' lang='lat' dir='ltr'><strong>sunt,</strong></span> <span class='ocrx_word' id='word_1_231' title='bbox 660 1409 746 1435; x_wconf 84' lang='lat' dir='ltr'><strong>adhuc</strong></span> <span class='ocrx_word' id='word_1_232' title='bbox 760 1407 924 1436; x_wconf 80' lang='lat' dir='ltr'><strong>emendanda</strong></span> 
     </span>
    </p>
   </div>
   <div class='ocr_carea' id='block_1_31' title="bbox 131 1452 923 1488">
    <p class='ocr_par' dir='ltr' id='par_1_31' title="bbox 131 1452 923 1488">
     <span class='ocr_line' id='line_1_31' title="bbox 131 1452 923 1488; baseline -0.004 -7"><span class='ocrx_word' id='word_1_233' title='bbox 131 1462 285 1488; x_wconf 82' lang='lat' dir='ltr'><strong>superesse</strong></span> <span class='ocrx_word' id='word_1_234' title='bbox 317 1455 474 1481; x_wconf 82' lang='lat' dir='ltr'><strong>videantur.</strong></span> <span class='ocrx_word' id='word_1_235' title='bbox 503 1454 571 1480; x_wconf 80' lang='lat' dir='ltr'><strong>Cum</strong></span> <span class='ocrx_word' id='word_1_236' title='bbox 601 1461 663 1480; x_wconf 87' lang='lat' dir='ltr'><strong>vero</strong></span> <span class='ocrx_word' id='word_1_237' title='bbox 692 1456 719 1479; x_wconf 85' lang='lat' dir='ltr'><strong>in</strong></span> <span class='ocrx_word' id='word_1_238' title='bbox 742 1457 814 1479; x_wconf 76' lang='lat' dir='ltr'><strong>textu</strong></span> <span class='ocrx_word' id='word_1_239' title='bbox 832 1452 923 1479; x_wconf 75' lang='lat' dir='ltr'><strong>Graeco</strong></span> 
     </span>
    </p>
   </div>
   <div class='ocr_carea' id='block_1_32' title="bbox 133 1497 921 1532">
    <p class='ocr_par' dir='ltr' id='par_1_32' title="bbox 133 1497 921 1532">
     <span class='ocr_line' id='line_1_32' title="bbox 133 1497 921 1532; baseline 0 -9"><span class='ocrx_word' id='word_1_240' title='bbox 133 1500 325 1526; x_wconf 77' lang='lat' dir='ltr'><strong>emaeulando</strong></span> <span class='ocrx_word' id='word_1_241' title='bbox 349 1507 457 1526; x_wconf 86' lang='lat' dir='ltr'><strong>summa</strong></span> <span class='ocrx_word' id='word_1_242' title='bbox 474 1507 535 1525; x_wconf 90' lang='lat' dir='ltr'><strong>cum</strong></span> <span class='ocrx_word' id='word_1_243' title='bbox 558 1498 636 1525; x_wconf 82' lang='lat' dir='ltr'><strong>laude</strong></span> <span class='ocrx_word' id='word_1_244' title='bbox 657 1506 711 1532; x_wconf 71' lang='lat' dir='ltr'><strong>pra:</strong></span> <span class='ocrx_word' id='word_1_245' title='bbox 724 1497 846 1524; x_wconf 84' lang='lat' dir='ltr'><strong>omnibus</strong></span> <span class='ocrx_word' id='word_1_246' title='bbox 860 1504 921 1523; x_wconf 86' lang='lat' dir='ltr'><strong>ver-</strong></span> 
     </span>
    </p>
   </div>
   <div class='ocr_carea' id='block_1_33' title="bbox 134 1543 921 1574">
    <p class='ocr_par' dir='ltr' id='par_1_33' title="bbox 134 1543 921 1574">
     <span class='ocr_line' id='line_1_33' title="bbox 134 1543 921 1574; baseline -0.003 -4"><span class='ocrx_word' id='word_1_247' title='bbox 134 1550 217 1570; x_wconf 74' lang='lat' dir='ltr'><strong>satus</strong></span> <span class='ocrx_word' id='word_1_248' title='bbox 233 1545 320 1571; x_wconf 79' lang='lat' dir='ltr'><strong>fuisse</strong></span> <span class='ocrx_word' id='word_1_249' title='bbox 343 1545 472 1571; x_wconf 87' lang='lat' dir='ltr'><strong>videatur</strong></span> <span class='ocrx_word' id='word_1_250' title='bbox 487 1544 619 1570; x_wconf 84' lang='lat' dir='ltr'><strong>llcnricus</strong></span> <span class='ocrx_word' id='word_1_251' title='bbox 632 1543 781 1574; x_wconf 88' lang='lat' dir='ltr'><strong>Wottonus,</strong></span> <span class='ocrx_word' id='word_1_252' title='bbox 799 1543 921 1569; x_wconf 84' lang='lat' dir='ltr'><strong>solertem</strong></span> 
     </span>
    </p>
   </div>
   <div class='ocr_carea' id='block_1_34' title="bbox 137 1589 922 1622">
    <p class='ocr_par' dir='ltr' id='par_1_34' title="bbox 137 1589 922 1622">
     <span class='ocr_line' id='line_1_34' title="bbox 137 1589 922 1622; baseline -0.004 -8"><span class='ocrx_word' id='word_1_253' title='bbox 137 1589 214 1615; x_wconf 87' lang='lat' dir='ltr'><strong>hunc</strong></span> <span class='ocrx_word' id='word_1_254' title='bbox 234 1590 370 1616; x_wconf 83' lang='lat' dir='ltr'><strong>editorem</strong></span> <span class='ocrx_word' id='word_1_255' title='bbox 392 1590 478 1615; x_wconf 82' lang='lat' dir='ltr'><strong>ferme</strong></span> <span class='ocrx_word' id='word_1_256' title='bbox 507 1589 605 1622; x_wconf 89' lang='lat' dir='ltr'><strong>ubique</strong></span> <span class='ocrx_word' id='word_1_257' title='bbox 627 1596 685 1614; x_wconf 88' lang='lat' dir='ltr'><strong>sum</strong></span> <span class='ocrx_word' id='word_1_258' title='bbox 709 1590 857 1613; x_wconf 81' lang='lat' dir='ltr'><strong>assectatus</strong></span> <span class='ocrx_word' id='word_1_259' title='bbox 873 1593 922 1612; x_wconf 85' lang='lat' dir='ltr'><strong>:ea</strong></span> 
     </span>
    </p>
   </div>
   <div class='ocr_carea' id='block_1_35' title="bbox 134 1630 921 1666">
    <p class='ocr_par' dir='ltr' id='par_1_35' title="bbox 134 1630 921 1666">
     <span class='ocr_line' id='line_1_35' title="bbox 134 1630 921 1666; baseline -0.004 -7"><span class='ocrx_word' id='word_1_260' title='bbox 134 1637 230 1660; x_wconf 64' lang='lat' dir='ltr'><strong>tamen</strong></span> <span class='ocrx_word' id='word_1_261' title='bbox 251 1634 376 1660; x_wconf 79' lang='lat' dir='ltr'><strong>adhibita</strong></span> <span class='ocrx_word' id='word_1_262' title='bbox 397 1633 513 1663; x_wconf 77' lang='lat' dir='ltr'><strong>ratione,</strong></span> <span class='ocrx_word' id='word_1_263' title='bbox 530 1637 557 1659; x_wconf 89' lang='lat' dir='ltr'><strong>ut</strong></span> <span class='ocrx_word' id='word_1_264' title='bbox 580 1632 706 1659; x_wconf 89' lang='lat' dir='ltr'><strong>nonnulla</strong></span> <span class='ocrx_word' id='word_1_265' title='bbox 722 1630 880 1666; x_wconf 84' lang='lat' dir='ltr'><strong>quandoque</strong></span> <span class='ocrx_word' id='word_1_266' title='bbox 895 1630 921 1656; x_wconf 91' lang='lat' dir='ltr'><strong>in</strong></span> 
     </span>
    </p>
   </div>
   <div class='ocr_carea' id='block_1_36' title="bbox 136 1674 920 1710">
    <p class='ocr_par' dir='ltr' id='par_1_36' title="bbox 136 1674 920 1710">
     <span class='ocr_line' id='line_1_36' title="bbox 136 1674 920 1710; baseline -0.004 -7"><span class='ocrx_word' id='word_1_267' title='bbox 136 1679 214 1705; x_wconf 61' lang='lat' dir='ltr'><strong>notis</strong></span> <span class='ocrx_word' id='word_1_268' title='bbox 231 1678 399 1710; x_wconf 43' lang='lat' dir='ltr'><strong>subjeccrim</strong></span> <span class='ocrx_word' id='word_1_269' title='bbox 426 1685 458 1703; x_wconf 75' lang='lat' dir='ltr'><strong>ex</strong></span> <span class='ocrx_word' id='word_1_270' title='bbox 486 1677 559 1703; x_wconf 80' lang='lat' dir='ltr'><strong>Millii</strong></span> <span class='ocrx_word' id='word_1_271' title='bbox 588 1677 734 1710; x_wconf 61' lang='lat' dir='ltr'><strong>praesertim</strong></span> <span class='ocrx_word' id='word_1_272' title='bbox 759 1674 920 1709; x_wconf 84' lang='lat' dir='ltr'><strong>apographo,</strong></span> 
     </span>
    </p>
   </div>
   <div class='ocr_carea' id='block_1_37' title="bbox 135 1720 918 1757">
    <p class='ocr_par' dir='ltr' id='par_1_37' title="bbox 135 1720 918 1757">
     <span class='ocr_line' id='line_1_37' title="bbox 135 1720 918 1757; baseline -0.004 -9"><span class='ocrx_word' id='word_1_273' title='bbox 135 1732 202 1756; x_wconf 64' lang='lat' dir='ltr'><strong>qua:</strong></span> <span class='ocrx_word' id='word_1_274' title='bbox 212 1725 253 1750; x_wconf 80' lang='lat' dir='ltr'><strong>vel</strong></span> <span class='ocrx_word' id='word_1_275' title='bbox 266 1723 358 1757; x_wconf 80' lang='lat' dir='ltr'><strong>ipsimi</strong></span> <span class='ocrx_word' id='word_1_276' title='bbox 371 1723 504 1749; x_wconf 69' lang='lat' dir='ltr'><strong>editorum</strong></span> <span class='ocrx_word' id='word_1_277' title='bbox 521 1721 770 1755; x_wconf 76' lang='lat' dir='ltr'><strong>Cantabrigiensom</strong></span> <span class='ocrx_word' id='word_1_278' title='bbox 783 1720 918 1753; x_wconf 73' lang='lat' dir='ltr'><strong>fugerunt,</strong></span> 
     </span>
    </p>
   </div>
   <div class='ocr_carea' id='block_1_38' title="bbox 135 1766 920 1801">
    <p class='ocr_par' dir='ltr' id='par_1_38' title="bbox 135 1766 920 1801">
     <span class='ocr_line' id='line_1_38' title="bbox 135 1766 920 1801; baseline -0.003 -8"><span class='ocrx_word' id='word_1_279' title='bbox 135 1773 171 1793; x_wconf 84' lang='lat' dir='ltr'><strong>ut</strong></span> <span class='ocrx_word' id='word_1_280' title='bbox 191 1769 269 1795; x_wconf 84' lang='lat' dir='ltr'><strong>modo</strong></span> <span class='ocrx_word' id='word_1_281' title='bbox 288 1767 441 1801; x_wconf 72' lang='lat' dir='ltr'><strong>j-rremonui</strong></span> <span class='ocrx_word' id='word_1_282' title='bbox 456 1776 463 1798; x_wconf 85' lang='lat'><strong>-,</strong></span> <span class='ocrx_word' id='word_1_283' title='bbox 480 1767 544 1800; x_wconf 89' lang='lat' dir='ltr'><strong>quin</strong></span> <span class='ocrx_word' id='word_1_284' title='bbox 560 1767 624 1793; x_wconf 87' lang='lat' dir='ltr'><strong>etin</strong></span> <span class='ocrx_word' id='word_1_285' title='bbox 640 1766 754 1792; x_wconf 81' lang='lat' dir='ltr'><strong>taedium</strong></span> <span class='ocrx_word' id='word_1_286' title='bbox 766 1766 920 1800; x_wconf 70' lang='lat' dir='ltr'><strong>protulerit!)</strong></span> 
     </span>
    </p>
   </div>
   <div class='ocr_carea' id='block_1_39' title="bbox 135 1810 922 1847">
    <p class='ocr_par' dir='ltr' id='par_1_39' title="bbox 135 1810 922 1847">
     <span class='ocr_line' id='line_1_39' title="bbox 135 1810 922 1847; baseline -0.003 -9"><span class='ocrx_word' id='word_1_287' title='bbox 135 1814 244 1847; x_wconf 77' lang='lat' dir='ltr'><strong>aliquot</strong></span> <span class='ocrx_word' id='word_1_288' title='bbox 267 1815 392 1840; x_wconf 79' lang='lat' dir='ltr'><strong>viroriun</strong></span> <span class='ocrx_word' id='word_1_289' title='bbox 404 1812 576 1838; x_wconf 81' lang='lat' dir='ltr'><strong>eruditorum</strong></span> <span class='ocrx_word' id='word_1_290' title='bbox 588 1811 771 1845; x_wconf 81' lang='lat' dir='ltr'><strong>conjecturas,</strong></span> <span class='ocrx_word' id='word_1_291' title='bbox 787 1810 922 1837; x_wconf 87' lang='lat' dir='ltr'><strong>Birrianas</strong></span> 
     </span>
    </p>
   </div>
   <div class='ocr_carea' id='block_1_40' title="bbox 133 1854 922 1891">
    <p class='ocr_par' dir='ltr' id='par_1_40' title="bbox 133 1854 922 1891">
     <span class='ocr_line' id='line_1_40' title="bbox 133 1854 922 1891; baseline -0.004 -8"><span class='ocrx_word' id='word_1_292' title='bbox 133 1858 170 1884; x_wconf 83' lang='lat' dir='ltr'><strong>in</strong></span> <span class='ocrx_word' id='word_1_293' title='bbox 182 1859 288 1891; x_wconf 83' lang='lat' dir='ltr'><strong>plinlis,</strong></span> <span class='ocrx_word' id='word_1_294' title='bbox 304 1865 367 1891; x_wconf 72' lang='lat' dir='ltr'><strong>qua:</strong></span> <span class='ocrx_word' id='word_1_295' title='bbox 385 1857 418 1882; x_wconf 89' lang='lat' dir='ltr'><strong>ad</strong></span> <span class='ocrx_word' id='word_1_296' title='bbox 440 1864 530 1881; x_wconf 82' lang='lat' dir='ltr'><strong>veram</strong></span> <span class='ocrx_word' id='word_1_297' title='bbox 548 1856 689 1882; x_wconf 89' lang='lat' dir='ltr'><strong>lectionem</strong></span> <span class='ocrx_word' id='word_1_298' title='bbox 707 1855 862 1884; x_wconf 87' lang='lat' dir='ltr'><strong>eruendam,</strong></span> <span class='ocrx_word' id='word_1_299' title='bbox 876 1854 922 1880; x_wconf 87' lang='lat' dir='ltr'><strong>ubi</strong></span> 
     </span>
    </p>
   </div>
   <div class='ocr_carea' id='block_1_41' title="bbox 135 1898 922 1935">
    <p class='ocr_par' dir='ltr' id='par_1_41' title="bbox 135 1898 922 1935">
     <span class='ocr_line' id='line_1_41' title="bbox 135 1898 922 1935; baseline -0.006 -6"><span class='ocrx_word' id='word_1_300' title='bbox 135 1907 232 1930; x_wconf 76' lang='lat' dir='ltr'><strong>textus</strong></span> <span class='ocrx_word' id='word_1_301' title='bbox 252 1904 366 1932; x_wconf 76' lang='lat' dir='ltr'><strong>defecit,</strong></span> <span class='ocrx_word' id='word_1_302' title='bbox 391 1902 503 1935; x_wconf 88' lang='lat' dir='ltr'><strong>propius</strong></span> <span class='ocrx_word' id='word_1_303' title='bbox 519 1900 665 1927; x_wconf 75' lang='lat' dir='ltr'><strong>necessisse</strong></span> <span class='ocrx_word' id='word_1_304' title='bbox 675 1900 738 1927; x_wconf 70' lang='lat' dir='ltr'><strong>visae</strong></span> <span class='ocrx_word' id='word_1_305' title='bbox 752 1904 822 1926; x_wconf 84' lang='lat' dir='ltr'><strong>sunt.</strong></span> <span class='ocrx_word' id='word_1_306' title='bbox 838 1898 922 1925; x_wconf 87' lang='lat' dir='ltr'><strong>luter-</strong></span> 
     </span>
    </p>
   </div>
   <div class='ocr_carea' id='block_1_42' title="bbox 138 1944 920 1983">
    <p class='ocr_par' dir='ltr' id='par_1_42' title="bbox 138 1944 920 1983">
     <span class='ocr_line' id='line_1_42' title="bbox 138 1944 920 1983; baseline -0.009 -8"><span class='ocrx_word' id='word_1_307' title='bbox 138 1950 324 1983; x_wconf 67' lang='lat' dir='ltr'><strong>pn-taliunem</strong></span> <span class='ocrx_word' id='word_1_308' title='bbox 348 1946 483 1973; x_wconf 82' lang='lat' dir='ltr'><strong>Cotelerii</strong></span> <span class='ocrx_word' id='word_1_309' title='bbox 506 1953 520 1971; x_wconf 89' lang='lat' dir='ltr'><strong>a</strong></span> <span class='ocrx_word' id='word_1_310' title='bbox 542 1944 685 1972; x_wconf 87' lang='lat' dir='ltr'><strong>Coutantio</strong></span> <span class='ocrx_word' id='word_1_311' title='bbox 703 1944 861 1970; x_wconf 86' lang='lat' dir='ltr'><strong>recensitam</strong></span> <span class='ocrx_word' id='word_1_312' title='bbox 877 1950 920 1969; x_wconf 79' lang='lat' dir='ltr'><strong>ra-</strong></span> 
     </span>
    </p>
   </div>
   <div class='ocr_carea' id='block_1_43' title="bbox 138 1988 922 2025">
    <p class='ocr_par' dir='ltr' id='par_1_43' title="bbox 138 1988 922 2025">
     <span class='ocr_line' id='line_1_43' title="bbox 138 1988 922 2025; baseline -0.009 -5"><span class='ocrx_word' id='word_1_313' title='bbox 138 1994 222 2025; x_wconf 76' lang='lat' dir='ltr'><strong>txuui,</strong></span> <span class='ocrx_word' id='word_1_314' title='bbox 246 1994 299 2020; x_wconf 89' lang='lat' dir='ltr'><strong>nisi</strong></span> <span class='ocrx_word' id='word_1_315' title='bbox 318 1992 401 2018; x_wconf 84' lang='lat' dir='ltr'><strong>aliter</strong></span> <span class='ocrx_word' id='word_1_316' title='bbox 414 1990 532 2017; x_wconf 81' lang='lat' dir='ltr'><strong>suaserit</strong></span> <span class='ocrx_word' id='word_1_317' title='bbox 552 1990 672 2016; x_wconf 78' lang='lat' dir='ltr'><strong>exactior</strong></span> <span class='ocrx_word' id='word_1_318' title='bbox 691 1988 792 2016; x_wconf 88' lang='lat' dir='ltr'><strong>codicis</strong></span> <span class='ocrx_word' id='word_1_319' title='bbox 808 1989 922 2015; x_wconf 81' lang='lat' dir='ltr'><strong>Alexan-</strong></span> 
     </span>
    </p>
   </div>
   <div class='ocr_carea' id='block_1_44' title="bbox 140 2033 923 2067">
    <p class='ocr_par' dir='ltr' id='par_1_44' title="bbox 140 2033 923 2067">
     <span class='ocr_line' id='line_1_44' title="bbox 140 2033 923 2067; baseline -0.005 -3"><span class='ocrx_word' id='word_1_320' title='bbox 140 2037 214 2064; x_wconf 91' lang='lat' dir='ltr'><strong>drini</strong></span> <span class='ocrx_word' id='word_1_321' title='bbox 230 2038 352 2067; x_wconf 87' lang='lat' dir='ltr'><strong>collatio,</strong></span> <span class='ocrx_word' id='word_1_322' title='bbox 371 2043 386 2061; x_wconf 74' lang='grc' dir='ltr'>ι</span> <span class='ocrx_word' id='word_1_323' title='bbox 401 2034 534 2061; x_wconf 82' lang='lat' dir='ltr'><strong>Wottono</strong></span> <span class='ocrx_word' id='word_1_324' title='bbox 542 2039 567 2061; x_wconf 89' lang='lat' dir='ltr'><strong>et</strong></span> <span class='ocrx_word' id='word_1_325' title='bbox 581 2033 664 2061; x_wconf 71' lang='lat' dir='ltr'><strong>Millio</strong></span> <span class='ocrx_word' id='word_1_326' title='bbox 677 2035 819 2067; x_wconf 86' lang='lat' dir='ltr'><strong>instituta;</strong></span> <span class='ocrx_word' id='word_1_327' title='bbox 835 2033 923 2060; x_wconf 87' lang='lat' dir='ltr'><strong>sicubi</strong></span> 
     </span>
    </p>
   </div>
   <div class='ocr_carea' id='block_1_45' title="bbox 138 2077 916 2112">
    <p class='ocr_par' dir='ltr' id='par_1_45' title="bbox 138 2077 916 2112">
     <span class='ocr_line' id='line_1_45' title="bbox 138 2077 916 2112; baseline -0.006 -3"><span class='ocrx_word' id='word_1_328' title='bbox 138 2083 214 2108; x_wconf 78' lang='lat' dir='ltr'><strong>enim</strong></span> <span class='ocrx_word' id='word_1_329' title='bbox 236 2090 268 2109; x_wconf 72' lang='lat' dir='ltr'><strong>ex</strong></span> <span class='ocrx_word' id='word_1_330' title='bbox 293 2082 346 2107; x_wconf 83' lang='lat' dir='ltr'><strong>ﬁde</strong></span> <span class='ocrx_word' id='word_1_331' title='bbox 369 2088 423 2106; x_wconf 88' lang='lat' dir='ltr'><strong>ms.</strong></span> <span class='ocrx_word' id='word_1_332' title='bbox 445 2080 527 2106; x_wconf 76' lang='lat' dir='ltr'><strong>lectio</strong></span> <span class='ocrx_word' id='word_1_333' title='bbox 542 2078 648 2112; x_wconf 84' lang='lat' dir='ltr'><strong>vulgata</strong></span> <span class='ocrx_word' id='word_1_334' title='bbox 673 2078 841 2105; x_wconf 82' lang='lat' dir='ltr'><strong>reformanda</strong></span> <span class='ocrx_word' id='word_1_335' title='bbox 857 2077 916 2110; x_wconf 81' lang='lat' dir='ltr'><strong>fuit,</strong></span> 
     </span>
    </p>
   </div>
   <div class='ocr_carea' id='block_1_46' title="bbox 143 2121 921 2161">
    <p class='ocr_par' dir='ltr' id='par_1_46' title="bbox 143 2121 921 2161">
     <span class='ocr_line' id='line_1_46' title="bbox 143 2121 921 2161; baseline -0.006 -8"><span class='ocrx_word' id='word_1_336' title='bbox 143 2127 330 2161; x_wconf 81' lang='lat' dir='ltr'><strong>interpretatio</strong></span> <span class='ocrx_word' id='word_1_337' title='bbox 344 2132 458 2159; x_wconf 87' lang='lat' dir='ltr'><strong>quoque</strong></span> <span class='ocrx_word' id='word_1_338' title='bbox 479 2128 508 2149; x_wconf 91' lang='lat' dir='ltr'><strong>ut</strong></span> <span class='ocrx_word' id='word_1_339' title='bbox 529 2123 561 2148; x_wconf 85' lang='lat' dir='ltr'><strong>ad</strong></span> <span class='ocrx_word' id='word_1_340' title='bbox 580 2127 680 2149; x_wconf 89' lang='lat' dir='ltr'><strong>textum</strong></span> <span class='ocrx_word' id='word_1_341' title='bbox 693 2121 815 2149; x_wconf 72' lang='lat' dir='ltr'><strong>Graecum</strong></span> <span class='ocrx_word' id='word_1_342' title='bbox 833 2123 921 2156; x_wconf 78' lang='lat' dir='ltr'><strong>exige-</strong></span> 
     </span>
    </p>
   </div>
   <div class='ocr_carea' id='block_1_47' title="bbox 144 2166 919 2205">
    <p class='ocr_par' dir='ltr' id='par_1_47' title="bbox 144 2166 919 2205">
     <span class='ocr_line' id='line_1_47' title="bbox 144 2166 919 2205; baseline -0.004 -10"><span class='ocrx_word' id='word_1_343' title='bbox 144 2174 217 2196; x_wconf 88' lang='lat' dir='ltr'><strong>retur</strong></span> <span class='ocrx_word' id='word_1_344' title='bbox 227 2171 356 2205; x_wconf 84' lang='lat' dir='ltr'><strong>oportuit.</strong></span> <span class='ocrx_word' id='word_1_345' title='bbox 374 2169 490 2198; x_wconf 63' lang='lat' dir='ltr'><strong>Adhwe,</strong></span> <span class='ocrx_word' id='word_1_346' title='bbox 503 2166 628 2192; x_wconf 76' lang='lat' dir='ltr'><strong>Veterum</strong></span> <span class='ocrx_word' id='word_1_347' title='bbox 641 2166 793 2193; x_wconf 85' lang='lat' dir='ltr'><strong>testimonia</strong></span> <span class='ocrx_word' id='word_1_348' title='bbox 806 2166 919 2200; x_wconf 74' lang='lat' dir='ltr'><strong>prauuisi</strong></span> 
     </span>
    </p>
   </div>
   <div class='ocr_carea' id='block_1_48' title="bbox 145 2210 919 2244">
    <p class='ocr_par' dir='ltr' id='par_1_48' title="bbox 145 2210 919 2244">
     <span class='ocr_line' id='line_1_48' title="bbox 145 2210 919 2244; baseline -0.005 -5"><span class='ocrx_word' id='word_1_349' title='bbox 145 2221 177 2239; x_wconf 76' lang='lat' dir='ltr'><strong>ex</strong></span> <span class='ocrx_word' id='word_1_350' title='bbox 195 2214 360 2242; x_wconf 83' lang='lat' dir='ltr'><strong>Coteleriana</strong></span> <span class='ocrx_word' id='word_1_351' title='bbox 390 2212 517 2239; x_wconf 84' lang='lat' dir='ltr'><strong>editione</strong></span> <span class='ocrx_word' id='word_1_352' title='bbox 538 2210 696 2244; x_wconf 86' lang='lat' dir='ltr'><strong>desumpta;</strong></span> <span class='ocrx_word' id='word_1_353' title='bbox 722 2210 817 2243; x_wconf 89' lang='lat' dir='ltr'><strong>quibus</strong></span> <span class='ocrx_word' id='word_1_354' title='bbox 831 2213 919 2235; x_wconf 90' lang='lat' dir='ltr'><strong>tamen</strong></span> 
     </span>
    </p>
   </div>
   <div class='ocr_carea' id='block_1_49' title="bbox 146 2254 919 2288">
    <p class='ocr_par' dir='ltr' id='par_1_49' title="bbox 146 2254 919 2288">
     <span class='ocr_line' id='line_1_49' title="bbox 146 2254 919 2288; baseline -0.003 -6"><span class='ocrx_word' id='word_1_355' title='bbox 146 2259 194 2284; x_wconf 86' lang='lat' dir='ltr'><strong>alia</strong></span> <span class='ocrx_word' id='word_1_356' title='bbox 210 2260 332 2286; x_wconf 88' lang='lat' dir='ltr'><strong>nonnulla</strong></span> <span class='ocrx_word' id='word_1_357' title='bbox 352 2257 476 2286; x_wconf 78' lang='lat' dir='ltr'><strong>intexui,</strong></span> <span class='ocrx_word' id='word_1_358' title='bbox 495 2254 600 2281; x_wconf 52' lang='lat' dir='ltr'><strong>(ueteris</strong></span> <span class='ocrx_word' id='word_1_359' title='bbox 616 2259 662 2280; x_wconf 90' lang='lat' dir='ltr'><strong>aut</strong></span> <span class='ocrx_word' id='word_1_360' title='bbox 678 2255 854 2288; x_wconf 67' lang='lat' dir='ltr'><strong>praetermissa</strong></span> <span class='ocrx_word' id='word_1_361' title='bbox 875 2259 919 2280; x_wconf 87' lang='lat' dir='ltr'><strong>aut</strong></span> 
     </span>
    </p>
   </div>
   <div class='ocr_carea' id='block_1_50' title="bbox 144 2299 919 2340">
    <p class='ocr_par' dir='ltr' id='par_1_50' title="bbox 144 2299 919 2340">
     <span class='ocr_line' id='line_1_50' title="bbox 144 2299 919 2340; baseline -0.006 -8"><span class='ocrx_word' id='word_1_362' title='bbox 144 2303 231 2333; x_wconf 66' lang='lat' dir='ltr'><strong>“Nisa.</strong></span> <span class='ocrx_word' id='word_1_363' title='bbox 254 2304 419 2340; x_wconf 81' lang='lat' dir='ltr'><strong>Fragmenta</strong></span> <span class='ocrx_word' id='word_1_364' title='bbox 448 2302 515 2328; x_wconf 87' lang='lat' dir='ltr'><strong>item</strong></span> <span class='ocrx_word' id='word_1_365' title='bbox 539 2299 706 2326; x_wconf 84' lang='lat' dir='ltr'><strong>Clementina</strong></span> <span class='ocrx_word' id='word_1_366' title='bbox 720 2299 815 2332; x_wconf 86' lang='lat' dir='ltr'><strong>adjeci,</strong></span> <span class='ocrx_word' id='word_1_367' title='bbox 832 2307 864 2326; x_wconf 76' lang='lat' dir='ltr'><strong>ex</strong></span> <span class='ocrx_word' id='word_1_368' title='bbox 887 2300 919 2327; x_wconf 89' lang='lat' dir='ltr'><strong>iis</strong></span> 
     </span>
    </p>
   </div>
   <div class='ocr_carea' id='block_1_51' title="bbox 140 2344 920 2385">
    <p class='ocr_par' dir='ltr' id='par_1_51' title="bbox 140 2344 920 2385">
     <span class='ocr_line' id='line_1_51' title="bbox 140 2344 920 2385; baseline -0.001 -13"><span class='ocrx_word' id='word_1_369' title='bbox 140 2351 299 2379; x_wconf 74' lang='lat' dir='ltr'><strong>potissimum</strong></span> <span class='ocrx_word' id='word_1_370' title='bbox 323 2350 414 2385; x_wconf 83' lang='lat' dir='ltr'><strong>petita</strong></span> <span class='ocrx_word' id='word_1_371' title='bbox 444 2352 511 2380; x_wconf 69' lang='lat' dir='ltr'><strong>qua:</strong></span> <span class='ocrx_word' id='word_1_372' title='bbox 533 2344 693 2370; x_wconf 84' lang='lat' dir='ltr'><strong>Coutantius</strong></span> <span class='ocrx_word' id='word_1_373' title='bbox 714 2344 849 2377; x_wconf 78' lang='lat' dir='ltr'><strong>congessit</strong></span> <span class='ocrx_word' id='word_1_374' title='bbox 867 2354 873 2371; x_wconf 92' lang='lat'>:</span> <span class='ocrx_word' id='word_1_375' title='bbox 893 2348 920 2371; x_wconf 92' lang='lat' dir='ltr'><strong>at</strong></span> 
     </span>
    </p>
   </div>
   <div class='ocr_carea' id='block_1_52' title="bbox 131 2388 916 2426">
    <p class='ocr_par' dir='ltr' id='par_1_52' title="bbox 131 2388 916 2426">
     <span class='ocr_line' id='line_1_52' title="bbox 131 2388 916 2426; baseline -0.006 -5"><span class='ocrx_word' id='word_1_376' title='bbox 131 2389 210 2426; x_wconf 60' lang='lat' dir='ltr'><strong>locum</strong></span> <span class='ocrx_word' id='word_1_377' title='bbox 228 2397 389 2425; x_wconf 76' lang='lat' dir='ltr'><strong>Irennicum</strong></span> <span class='ocrx_word' id='word_1_378' title='bbox 423 2392 463 2419; x_wconf 84' lang='lat' dir='ltr'><strong>ab</strong></span> <span class='ocrx_word' id='word_1_379' title='bbox 496 2390 557 2423; x_wconf 85' lang='lat' dir='ltr'><strong>ipso</strong></span> <span class='ocrx_word' id='word_1_380' title='bbox 572 2389 714 2415; x_wconf 86' lang='lat' dir='ltr'><strong>recitatum</strong></span> <span class='ocrx_word' id='word_1_381' title='bbox 736 2388 824 2421; x_wconf 80' lang='lat' dir='ltr'><strong>omisi,</strong></span> <span class='ocrx_word' id='word_1_382' title='bbox 839 2397 916 2423; x_wconf 88' lang='lat' dir='ltr'><strong>quem</strong></span> 
     </span>
    </p>
   </div>
   <div class='ocr_carea' id='block_1_53' title="bbox 936 1545 956 1573">
    <p class='ocr_par' dir='ltr' id='par_1_53' title="bbox 936 1545 956 1573">
     <span class='ocr_line' id='line_1_53' title="bbox 936 1545 956 1573; baseline 0 0"><span class='ocrx_word' id='word_1_383' title='bbox 936 1545 956 1573; x_wconf 70' lang='grc' dir='ltr'><em>ὃ</em></span> 
     </span>
    </p>
   </div>
   <div class='ocr_carea' id='block_1_54' title="bbox 971 560 1726 597">
    <p class='ocr_par' dir='ltr' id='par_1_54' title="bbox 971 560 1726 597">
     <span class='ocr_line' id='line_1_54' title="bbox 971 560 1726 597; baseline 0 -9"><span class='ocrx_word' id='word_1_384' title='bbox 971 562 1072 597; x_wconf 84' lang='grc' dir='ltr'><strong>μεγάλη</strong></span> <span class='ocrx_word' id='word_1_385' title='bbox 1099 570 1127 588; x_wconf 81' lang='grc' dir='ltr'>τε</span> <span class='ocrx_word' id='word_1_386' title='bbox 1154 562 1200 588; x_wconf 77' lang='grc' dir='ltr'>καὶ</span> <span class='ocrx_word' id='word_1_387' title='bbox 1222 561 1355 595; x_wconf 72' lang='grc' dir='ltr'><strong>Θαυμασῐα</strong></span> <span class='ocrx_word' id='word_1_388' title='bbox 1384 560 1497 587; x_wconf 84' lang='lat' dir='ltr'><strong>Eusebio</strong></span> <span class='ocrx_word' id='word_1_389' title='bbox 1521 571 1528 588; x_wconf 87' lang='lat'><strong>:</strong></span> <span class='ocrx_word' id='word_1_390' title='bbox 1557 565 1635 595; x_wconf 90' lang='lat' dir='ltr'><strong>atque</strong></span> <span class='ocrx_word' id='word_1_391' title='bbox 1660 562 1726 588; x_wconf 86' lang='lat' dir='ltr'><strong>adeo</strong></span> 
     </span>
    </p>
   </div>
   <div class='ocr_carea' id='block_1_55' title="bbox 971 602 1725 640">
    <p class='ocr_par' dir='ltr' id='par_1_55' title="bbox 971 602 1725 640">
     <span class='ocr_line' id='line_1_55' title="bbox 971 602 1725 640; baseline 0 -8"><span class='ocrx_word' id='word_1_392' title='bbox 971 610 1071 632; x_wconf 89' lang='lat' dir='ltr'><strong>tantum</strong></span> <span class='ocrx_word' id='word_1_393' title='bbox 1085 613 1137 632; x_wconf 90' lang='lat' dir='ltr'><strong>non</strong></span> <span class='ocrx_word' id='word_1_394' title='bbox 1148 602 1287 637; x_wconf 86' lang='lat' dir='ltr'><strong>canonica,</strong></span> <span class='ocrx_word' id='word_1_395' title='bbox 1308 613 1366 632; x_wconf 83' lang='lat' dir='ltr'><strong>eam</strong></span> <span class='ocrx_word' id='word_1_396' title='bbox 1389 605 1457 640; x_wconf 86' lang='lat' dir='ltr'><strong>apud</strong></span> <span class='ocrx_word' id='word_1_397' title='bbox 1474 614 1565 632; x_wconf 87' lang='lat' dir='ltr'><strong>omnes</strong></span> <span class='ocrx_word' id='word_1_398' title='bbox 1580 606 1725 632; x_wconf 89' lang='lat' dir='ltr'><strong>auctorita-</strong></span> 
     </span>
    </p>
   </div>
   <div class='ocr_carea' id='block_1_56' title="bbox 969 650 1726 685">
    <p class='ocr_par' dir='ltr' id='par_1_56' title="bbox 969 650 1726 685">
     <span class='ocr_line' id='line_1_56' title="bbox 969 650 1726 685; baseline 0 -8"><span class='ocrx_word' id='word_1_399' title='bbox 969 655 1021 678; x_wconf 90' lang='lat' dir='ltr'><strong>tem</strong></span> <span class='ocrx_word' id='word_1_400' title='bbox 1038 651 1161 683; x_wconf 82' lang='lat' dir='ltr'><strong>obtinuit,</strong></span> <span class='ocrx_word' id='word_1_401' title='bbox 1190 654 1218 677; x_wconf 92' lang='lat' dir='ltr'><strong>ut</strong></span> <span class='ocrx_word' id='word_1_402' title='bbox 1238 650 1346 684; x_wconf 88' lang='lat' dir='ltr'><strong>perinde</strong></span> <span class='ocrx_word' id='word_1_403' title='bbox 1370 657 1400 677; x_wconf 85' lang='lat' dir='ltr'><strong>ac</strong></span> <span class='ocrx_word' id='word_1_404' title='bbox 1417 651 1522 684; x_wconf 68' lang='lat' dir='ltr'><strong>reliquae</strong></span> <span class='ocrx_word' id='word_1_405' title='bbox 1547 651 1726 685; x_wconf 84' lang='lat' dir='ltr'><strong>apostolorum</strong></span> 
     </span>
    </p>
   </div>
   <div class='ocr_carea' id='block_1_57' title="bbox 970 695 1724 731">
    <p class='ocr_par' dir='ltr' id='par_1_57' title="bbox 970 695 1724 731">
     <span class='ocr_line' id='line_1_57' title="bbox 970 695 1724 731; baseline -0.001 -8"><span class='ocrx_word' id='word_1_406' title='bbox 970 696 1103 731; x_wconf 64' lang='lat' dir='ltr'><strong>Epistolas,</strong></span> <span class='ocrx_word' id='word_1_407' title='bbox 1112 696 1216 729; x_wconf 87' lang='lat' dir='ltr'><strong>publice</strong></span> <span class='ocrx_word' id='word_1_408' title='bbox 1236 695 1366 729; x_wconf 86' lang='lat' dir='ltr'><strong>aliquibus</strong></span> <span class='ocrx_word' id='word_1_409' title='bbox 1381 695 1406 721; x_wconf 90' lang='lat' dir='ltr'><strong>in</strong></span> <span class='ocrx_word' id='word_1_410' title='bbox 1421 695 1540 722; x_wconf 86' lang='lat' dir='ltr'><strong>ecclesiis</strong></span> <span class='ocrx_word' id='word_1_411' title='bbox 1555 696 1621 721; x_wconf 84' lang='lat' dir='ltr'><strong>lecta</strong></span> <span class='ocrx_word' id='word_1_412' title='bbox 1637 696 1724 722; x_wconf 83' lang='lat' dir='ltr'><strong>fuerit:</strong></span> 
     </span>
    </p>
   </div>
   <div class='ocr_carea' id='block_1_58' title="bbox 970 740 1725 776">
    <p class='ocr_par' dir='ltr' id='par_1_58' title="bbox 970 740 1725 776">
     <span class='ocr_line' id='line_1_58' title="bbox 970 740 1725 776; baseline -0.003 -8"><span class='ocrx_word' id='word_1_413' title='bbox 970 741 1039 776; x_wconf 89' lang='lat' dir='ltr'><strong>quod</strong></span> <span class='ocrx_word' id='word_1_414' title='bbox 1074 741 1180 775; x_wconf 86' lang='lat' dir='ltr'><strong>quidem</strong></span> <span class='ocrx_word' id='word_1_415' title='bbox 1218 744 1313 775; x_wconf 68' lang='lat' dir='ltr'><strong>prmter</strong></span> <span class='ocrx_word' id='word_1_416' title='bbox 1346 740 1507 771; x_wconf 88' lang='lat' dir='ltr'><strong>Eusebium,</strong></span> <span class='ocrx_word' id='word_1_417' title='bbox 1539 740 1725 775; x_wconf 80' lang='lat' dir='ltr'><strong>Hieronymum</strong></span> 
     </span>
    </p>
   </div>
   <div class='ocr_carea' id='block_1_59' title="bbox 970 785 1728 821">
    <p class='ocr_par' dir='ltr' id='par_1_59' title="bbox 970 785 1728 821">
     <span class='ocr_line' id='line_1_59' title="bbox 970 785 1728 821; baseline -0.003 -8"><span class='ocrx_word' id='word_1_418' title='bbox 970 787 1089 821; x_wconf 87' lang='lat' dir='ltr'><strong>aliosque</strong></span> <span class='ocrx_word' id='word_1_419' title='bbox 1103 791 1206 813; x_wconf 85' lang='lat' dir='ltr'><strong>veteres</strong></span> <span class='ocrx_word' id='word_1_420' title='bbox 1217 787 1371 820; x_wconf 86' lang='lat' dir='ltr'><strong>scriptorcs.</strong></span> <span class='ocrx_word' id='word_1_421' title='bbox 1387 789 1499 812; x_wconf 88' lang='lat' dir='ltr'><strong>testatur</strong></span> <span class='ocrx_word' id='word_1_422' title='bbox 1517 786 1650 819; x_wconf 86' lang='lat' dir='ltr'><strong>antiquior</strong></span> <span class='ocrx_word' id='word_1_423' title='bbox 1665 785 1728 812; x_wconf 84' lang='lat' dir='ltr'><strong>Dio-</strong></span> 
     </span>
    </p>
   </div>
   <div class='ocr_carea' id='block_1_60' title="bbox 969 830 1727 867">
    <p class='ocr_par' dir='ltr' id='par_1_60' title="bbox 969 830 1727 867">
     <span class='ocr_line' id='line_1_60' title="bbox 969 830 1727 867; baseline -0.003 -9"><span class='ocrx_word' id='word_1_424' title='bbox 969 833 1062 867; x_wconf 83' lang='lat' dir='ltr'><strong>nysius</strong></span> <span class='ocrx_word' id='word_1_425' title='bbox 1090 831 1289 859; x_wconf 88' lang='lat' dir='ltr'><strong>Corinthiorum</strong></span> <span class='ocrx_word' id='word_1_426' title='bbox 1321 830 1462 865; x_wconf 86' lang='lat' dir='ltr'><strong>episcopus</strong></span> <span class='ocrx_word' id='word_1_427' title='bbox 1501 830 1547 864; x_wconf 85' lang='lat'><strong>(8).</strong></span> <span class='ocrx_word' id='word_1_428' title='bbox 1571 830 1631 857; x_wconf 72' lang='lat' dir='ltr'><strong>llzec</strong></span> <span class='ocrx_word' id='word_1_429' title='bbox 1664 838 1727 857; x_wconf 88' lang='lat' dir='ltr'><strong>sane</strong></span> 
     </span>
    </p>
   </div>
   <div class='ocr_carea' id='block_1_61' title="bbox 971 875 1726 910">
    <p class='ocr_par' dir='ltr' id='par_1_61' title="bbox 971 875 1726 910">
     <span class='ocr_line' id='line_1_61' title="bbox 971 875 1726 910; baseline 0 -9"><span class='ocrx_word' id='word_1_430' title='bbox 971 876 1086 910; x_wconf 89' lang='lat' dir='ltr'><strong>priscum</strong></span> <span class='ocrx_word' id='word_1_431' title='bbox 1114 875 1246 910; x_wconf 85' lang='lat' dir='ltr'><strong>Evangelii</strong></span> <span class='ocrx_word' id='word_1_432' title='bbox 1276 875 1391 908; x_wconf 75' lang='lat' dir='ltr'><strong>vigorem</strong></span> <span class='ocrx_word' id='word_1_433' title='bbox 1420 875 1521 908; x_wconf 86' lang='lat' dir='ltr'><strong>spirat:</strong></span> <span class='ocrx_word' id='word_1_434' title='bbox 1545 876 1628 909; x_wconf 88' lang='lat' dir='ltr'><strong>stylns</strong></span> <span class='ocrx_word' id='word_1_435' title='bbox 1648 883 1726 909; x_wconf 91' lang='lat' dir='ltr'><strong>quam</strong></span> 
     </span>
    </p>
   </div>
   <div class='ocr_carea' id='block_1_62' title="bbox 973 919 1728 954">
    <p class='ocr_par' dir='ltr' id='par_1_62' title="bbox 973 919 1728 954">
     <span class='ocr_line' id='line_1_62' title="bbox 973 919 1728 954; baseline 0 -8"><span class='ocrx_word' id='word_1_436' title='bbox 973 921 1090 954; x_wconf 80' lang='lat' dir='ltr'><strong>proxime</strong></span> <span class='ocrx_word' id='word_1_437' title='bbox 1104 920 1136 946; x_wconf 83' lang='lat' dir='ltr'><strong>ad</strong></span> <span class='ocrx_word' id='word_1_438' title='bbox 1147 920 1246 947; x_wconf 80' lang='lat' dir='ltr'><strong>Novum</strong></span> <span class='ocrx_word' id='word_1_439' title='bbox 1263 919 1461 946; x_wconf 83' lang='lat' dir='ltr'><strong>Testamentum</strong></span> <span class='ocrx_word' id='word_1_440' title='bbox 1476 920 1595 946; x_wconf 83' lang='lat' dir='ltr'><strong>accedit:</strong></span> <span class='ocrx_word' id='word_1_441' title='bbox 1610 927 1652 946; x_wconf 87' lang='lat' dir='ltr'><strong>res</strong></span> <span class='ocrx_word' id='word_1_442' title='bbox 1670 927 1728 946; x_wconf 80' lang='lat' dir='ltr'><strong>rer-</strong></span> 
     </span>
    </p>
   </div>
   <div class='ocr_carea' id='block_1_63' title="bbox 971 964 1728 999">
    <p class='ocr_par' dir='ltr' id='par_1_63' title="bbox 971 964 1728 999">
     <span class='ocr_line' id='line_1_63' title="bbox 971 964 1728 999; baseline -0.001 -8"><span class='ocrx_word' id='word_1_443' title='bbox 971 964 1056 998; x_wconf 63' lang='lat' dir='ltr'><strong>ltaque</strong></span> <span class='ocrx_word' id='word_1_444' title='bbox 1072 964 1127 997; x_wconf 88' lang='lat' dir='ltr'><strong>ipsa</strong></span> <span class='ocrx_word' id='word_1_445' title='bbox 1143 964 1280 998; x_wconf 87' lang='lat' dir='ltr'><strong>desumpta</strong></span> <span class='ocrx_word' id='word_1_446' title='bbox 1296 965 1322 990; x_wconf 91' lang='lat' dir='ltr'><strong>in</strong></span> <span class='ocrx_word' id='word_1_447' title='bbox 1336 965 1427 998; x_wconf 90' lang='lat' dir='ltr'><strong>primis</strong></span> <span class='ocrx_word' id='word_1_448' title='bbox 1446 974 1477 993; x_wconf 82' lang='lat' dir='ltr'><strong>ex</strong></span> <span class='ocrx_word' id='word_1_449' title='bbox 1499 965 1624 999; x_wconf 78' lang='lat' dir='ltr'><strong>Epistolis</strong></span> <span class='ocrx_word' id='word_1_450' title='bbox 1639 964 1728 990; x_wconf 82' lang='lat' dir='ltr'><strong>Pauli-</strong></span> 
     </span>
    </p>
   </div>
   <div class='ocr_carea' id='block_1_64' title="bbox 970 1009 1727 1044">
    <p class='ocr_par' dir='ltr' id='par_1_64' title="bbox 970 1009 1727 1044">
     <span class='ocr_line' id='line_1_64' title="bbox 970 1009 1727 1044; baseline 0 -9"><span class='ocrx_word' id='word_1_451' title='bbox 970 1009 1032 1036; x_wconf 84' lang='lat' dir='ltr'><strong>nis:</strong></span> <span class='ocrx_word' id='word_1_452' title='bbox 1054 1009 1167 1042; x_wconf 87' lang='lat' dir='ltr'><strong>denique</strong></span> <span class='ocrx_word' id='word_1_453' title='bbox 1187 1009 1253 1035; x_wconf 89' lang='lat' dir='ltr'><strong>nihil</strong></span> <span class='ocrx_word' id='word_1_454' title='bbox 1277 1009 1331 1036; x_wconf 82' lang='lat' dir='ltr'><strong>fere</strong></span> <span class='ocrx_word' id='word_1_455' title='bbox 1357 1010 1382 1035; x_wconf 94' lang='lat' dir='ltr'><strong>in</strong></span> <span class='ocrx_word' id='word_1_456' title='bbox 1399 1017 1429 1036; x_wconf 90' lang='lat' dir='ltr'><strong>ca</strong></span> <span class='ocrx_word' id='word_1_457' title='bbox 1458 1010 1567 1044; x_wconf 83' lang='lat' dir='ltr'><strong>reperiri</strong></span> <span class='ocrx_word' id='word_1_458' title='bbox 1586 1009 1727 1043; x_wconf 81' lang='lat' dir='ltr'><strong>contingit.</strong></span> 
     </span>
    </p>
   </div>
   <div class='ocr_carea' id='block_1_65' title="bbox 970 1054 1728 1089">
    <p class='ocr_par' dir='ltr' id='par_1_65' title="bbox 970 1054 1728 1089">
     <span class='ocr_line' id='line_1_65' title="bbox 970 1054 1728 1089; baseline 0.001 -10"><span class='ocrx_word' id='word_1_459' title='bbox 970 1054 1039 1088; x_wconf 88' lang='lat' dir='ltr'><strong>quod</strong></span> <span class='ocrx_word' id='word_1_460' title='bbox 1055 1054 1177 1089; x_wconf 77' lang='lat' dir='ltr'><strong>primzuva</strong></span> <span class='ocrx_word' id='word_1_461' title='bbox 1204 1054 1339 1081; x_wconf 72' lang='lat' dir='ltr'><strong>nascentis</strong></span> <span class='ocrx_word' id='word_1_462' title='bbox 1354 1054 1478 1082; x_wconf 70' lang='lat' dir='ltr'><strong>Ecclesiae</strong></span> <span class='ocrx_word' id='word_1_463' title='bbox 1501 1055 1660 1081; x_wconf 89' lang='lat' dir='ltr'><strong>incunabula</strong></span> <span class='ocrx_word' id='word_1_464' title='bbox 1673 1061 1728 1080; x_wconf 90' lang='lat' dir='ltr'><strong>non</strong></span> 
     </span>
    </p>
   </div>
   <div class='ocr_carea' id='block_1_66' title="bbox 969 1097 1727 1133">
    <p class='ocr_par' dir='ltr' id='par_1_66' title="bbox 969 1097 1727 1133">
     <span class='ocr_line' id='line_1_66' title="bbox 969 1097 1727 1133; baseline 0.004 -10"><span class='ocrx_word' id='word_1_465' title='bbox 969 1097 1085 1129; x_wconf 79' lang='lat' dir='ltr'><strong>referat,</strong></span> <span class='ocrx_word' id='word_1_466' title='bbox 1106 1098 1223 1131; x_wconf 80' lang='lat' dir='ltr'><strong>nihilque</strong></span> <span class='ocrx_word' id='word_1_467' title='bbox 1253 1098 1324 1132; x_wconf 90' lang='lat' dir='ltr'><strong>quod</strong></span> <span class='ocrx_word' id='word_1_468' title='bbox 1347 1099 1431 1126; x_wconf 91' lang='lat' dir='ltr'><strong>virum</strong></span> <span class='ocrx_word' id='word_1_469' title='bbox 1454 1099 1531 1133; x_wconf 86' lang='lat' dir='ltr'><strong>plane</strong></span> <span class='ocrx_word' id='word_1_470' title='bbox 1554 1099 1727 1133; x_wconf 73' lang='lat' dir='ltr'><strong>apostolicum</strong></span> 
     </span>
    </p>
   </div>
   <div class='ocr_carea' id='block_1_67' title="bbox 969 1141 1529 1176">
    <p class='ocr_par' dir='ltr' id='par_1_67' title="bbox 969 1141 1529 1176">
     <span class='ocr_line' id='line_1_67' title="bbox 969 1141 1529 1176; baseline 0.009 -10"><span class='ocrx_word' id='word_1_471' title='bbox 969 1149 1021 1167; x_wconf 92' lang='lat' dir='ltr'><strong>non</strong></span> <span class='ocrx_word' id='word_1_472' title='bbox 1035 1142 1147 1168; x_wconf 76' lang='lat' dir='ltr'><strong>maxime</strong></span> <span class='ocrx_word' id='word_1_473' title='bbox 1157 1141 1258 1169; x_wconf 80' lang='lat' dir='ltr'><strong>deceat.</strong></span> <span class='ocrx_word' id='word_1_474' title='bbox 1368 1157 1377 1170; x_wconf 77' lang='grc' dir='ltr'>ι</span> <span class='ocrx_word' id='word_1_475' title='bbox 1527 1172 1529 1176; x_wconf 74' lang='grc'>,</span> 
     </span>
    </p>
   </div>
   <div class='ocr_carea' id='block_1_68' title="bbox 1003 1186 1730 1220">
    <p class='ocr_par' dir='ltr' id='par_1_68' title="bbox 1003 1186 1730 1220">
     <span class='ocr_line' id='line_1_68' title="bbox 1003 1186 1730 1220; baseline 0.004 -8"><span class='ocrx_word' id='word_1_476' title='bbox 1003 1186 1036 1212; x_wconf 81' lang='lat' dir='ltr'><strong>At</strong></span> <span class='ocrx_word' id='word_1_477' title='bbox 1051 1187 1172 1220; x_wconf 88' lang='lat' dir='ltr'><strong>quamvis</strong></span> <span class='ocrx_word' id='word_1_478' title='bbox 1187 1187 1337 1220; x_wconf 90' lang='lat' dir='ltr'><strong>hujusmodi</strong></span> <span class='ocrx_word' id='word_1_479' title='bbox 1361 1187 1541 1215; x_wconf 83' lang='lat' dir='ltr'><strong>venerandum</strong></span> <span class='ocrx_word' id='word_1_480' title='bbox 1565 1196 1648 1215; x_wconf 68' lang='lat' dir='ltr'><strong>sacrm</strong></span> <span class='ocrx_word' id='word_1_481' title='bbox 1660 1188 1730 1215; x_wconf 84' lang='lat' dir='ltr'><strong>anti-</strong></span> 
     </span>
    </p>
   </div>
   <div class='ocr_carea' id='block_1_69' title="bbox 970 1226 1727 1267">
    <p class='ocr_par' dir='ltr' id='par_1_69' title="bbox 970 1226 1727 1267">
     <span class='ocr_line' id='line_1_69' title="bbox 970 1226 1727 1267; baseline 0.004 -10"><span class='ocrx_word' id='word_1_482' title='bbox 970 1232 1080 1265; x_wconf 90' lang='lat' dir='ltr'><strong>quitatis</strong></span> <span class='ocrx_word' id='word_1_483' title='bbox 1094 1236 1293 1259; x_wconf 87' lang='lat' dir='ltr'><strong>monumentum</strong></span> <span class='ocrx_word' id='word_1_484' title='bbox 1311 1240 1326 1258; x_wconf 85' lang='lat' dir='ltr'><strong>a</strong></span> <span class='ocrx_word' id='word_1_485' title='bbox 1340 1233 1474 1267; x_wconf 82' lang='lat' dir='ltr'><strong>plerisque</strong></span> <span class='ocrx_word' id='word_1_486' title='bbox 1487 1226 1597 1260; x_wconf 73' lang='lat' dir='ltr'><strong>vetustis</strong></span> <span class='ocrx_word' id='word_1_487' title='bbox 1610 1234 1727 1267; x_wconf 80' lang='lat' dir='ltr'><strong>leruple-</strong></span> 
     </span>
    </p>
   </div>
   <div class='ocr_carea' id='block_1_70' title="bbox 970 1277 1728 1311">
    <p class='ocr_par' dir='ltr' id='par_1_70' title="bbox 970 1277 1728 1311">
     <span class='ocr_line' id='line_1_70' title="bbox 970 1277 1728 1311; baseline 0.001 -8"><span class='ocrx_word' id='word_1_488' title='bbox 970 1277 1081 1303; x_wconf 89' lang='lat' dir='ltr'><strong>tissimis</strong></span> <span class='ocrx_word' id='word_1_489' title='bbox 1096 1277 1207 1304; x_wconf 88' lang='lat' dir='ltr'><strong>testibus</strong></span> <span class='ocrx_word' id='word_1_490' title='bbox 1229 1285 1296 1311; x_wconf 88' lang='lat' dir='ltr'><strong>quos</strong></span> <span class='ocrx_word' id='word_1_491' title='bbox 1317 1277 1401 1304; x_wconf 90' lang='lat' dir='ltr'><strong>eidem</strong></span> <span class='ocrx_word' id='word_1_492' title='bbox 1420 1277 1609 1311; x_wconf 79' lang='lat' dir='ltr'><strong>praemisimus,</strong></span> <span class='ocrx_word' id='word_1_493' title='bbox 1631 1285 1728 1311; x_wconf 80' lang='lat' dir='ltr'><strong>nsque-</strong></span> 
     </span>
    </p>
   </div>
   <div class='ocr_carea' id='block_1_71' title="bbox 972 1320 1728 1355">
    <p class='ocr_par' dir='ltr' id='par_1_71' title="bbox 972 1320 1728 1355">
     <span class='ocr_line' id='line_1_71' title="bbox 972 1320 1728 1355; baseline 0.004 -11"><span class='ocrx_word' id='word_1_494' title='bbox 972 1326 1077 1353; x_wconf 86' lang='lat' dir='ltr'><strong>quaqne</strong></span> <span class='ocrx_word' id='word_1_495' title='bbox 1094 1323 1246 1352; x_wconf 86' lang='lat' dir='ltr'><strong>astruatur;</strong></span> <span class='ocrx_word' id='word_1_496' title='bbox 1271 1323 1360 1354; x_wconf 84' lang='lat' dir='ltr'><strong>atque.</strong></span> <span class='ocrx_word' id='word_1_497' title='bbox 1385 1320 1463 1350; x_wconf 89' lang='lat' dir='ltr'><strong>simul</strong></span> <span class='ocrx_word' id='word_1_498' title='bbox 1493 1328 1524 1347; x_wconf 88' lang='lat' dir='ltr'><strong>ac</strong></span> <span class='ocrx_word' id='word_1_499' title='bbox 1546 1328 1578 1347; x_wconf 74' lang='lat' dir='ltr'><strong>ex</strong></span> <span class='ocrx_word' id='word_1_500' title='bbox 1603 1321 1728 1355; x_wconf 57' lang='lat' dir='ltr'><strong>antiquis</strong></span> 
     </span>
    </p>
   </div>
   <div class='ocr_carea' id='block_1_72' title="bbox 972 1363 1729 1392">
    <p class='ocr_par' dir='ltr' id='par_1_72' title="bbox 972 1363 1729 1392">
     <span class='ocr_line' id='line_1_72' title="bbox 972 1363 1729 1392; baseline 0.003 -3"><span class='ocrx_word' id='word_1_501' title='bbox 972 1363 1039 1390; x_wconf 88' lang='lat' dir='ltr'><strong>simo</strong></span> <span class='ocrx_word' id='word_1_502' title='bbox 1059 1371 1109 1391; x_wconf 86' lang='lat' dir='ltr'><strong>ms.</strong></span> <span class='ocrx_word' id='word_1_503' title='bbox 1128 1364 1220 1391; x_wconf 78' lang='lat' dir='ltr'><strong>codice</strong></span> <span class='ocrx_word' id='word_1_504' title='bbox 1242 1364 1420 1392; x_wconf 75' lang='lat' dir='ltr'><strong>Alexandrino</strong></span> <span class='ocrx_word' id='word_1_505' title='bbox 1442 1364 1506 1392; x_wconf 90' lang='lat' dir='ltr'><strong>illud</strong></span> <span class='ocrx_word' id='word_1_506' title='bbox 1531 1367 1557 1391; x_wconf 95' lang='lat' dir='ltr'><strong>in</strong></span> <span class='ocrx_word' id='word_1_507' title='bbox 1579 1366 1663 1392; x_wconf 89' lang='lat' dir='ltr'><strong>lucem</strong></span> <span class='ocrx_word' id='word_1_508' title='bbox 1681 1366 1729 1392; x_wconf 83' lang='lat' dir='ltr'><strong>fuit</strong></span> 
     </span>
    </p>
   </div>
   <div class='ocr_carea' id='block_1_73' title="bbox 971 1408 1729 1440">
    <p class='ocr_par' dir='ltr' id='par_1_73' title="bbox 971 1408 1729 1440">
     <span class='ocr_line' id='line_1_73' title="bbox 971 1408 1729 1440; baseline 0.001 -5"><span class='ocrx_word' id='word_1_509' title='bbox 971 1408 1081 1440; x_wconf 89' lang='lat' dir='ltr'><strong>editum,</strong></span> <span class='ocrx_word' id='word_1_510' title='bbox 1106 1416 1209 1434; x_wconf 88' lang='lat' dir='ltr'><strong>sunnno</strong></span> <span class='ocrx_word' id='word_1_511' title='bbox 1224 1409 1387 1436; x_wconf 89' lang='lat' dir='ltr'><strong>eruditorum</strong></span> <span class='ocrx_word' id='word_1_512' title='bbox 1412 1409 1493 1436; x_wconf 83' lang='lat' dir='ltr'><strong>ferme</strong></span> <span class='ocrx_word' id='word_1_513' title='bbox 1520 1409 1638 1436; x_wconf 85' lang='lat' dir='ltr'><strong>omnium</strong></span> <span class='ocrx_word' id='word_1_514' title='bbox 1665 1418 1729 1437; x_wconf 87' lang='lat' dir='ltr'><strong>con-</strong></span> 
     </span>
    </p>
   </div>
   <div class='ocr_carea' id='block_1_74' title="bbox 971 1454 1730 1489">
    <p class='ocr_par' dir='ltr' id='par_1_74' title="bbox 971 1454 1730 1489">
     <span class='ocr_line' id='line_1_74' title="bbox 971 1454 1730 1489; baseline 0.003 -10"><span class='ocrx_word' id='word_1_515' title='bbox 971 1461 1061 1484; x_wconf 85' lang='lat' dir='ltr'><strong>sensu,</strong></span> <span class='ocrx_word' id='word_1_516' title='bbox 1075 1454 1206 1480; x_wconf 85' lang='lat' dir='ltr'><strong>sincerum</strong></span> <span class='ocrx_word' id='word_1_517' title='bbox 1220 1455 1327 1481; x_wconf 82' lang='lat' dir='ltr'><strong>Omnino</strong></span> <span class='ocrx_word' id='word_1_518' title='bbox 1340 1459 1574 1489; x_wconf 82' lang='lat' dir='ltr'><strong>quantumcunque</strong></span> <span class='ocrx_word' id='word_1_519' title='bbox 1588 1459 1638 1485; x_wconf 84' lang='lat' dir='ltr'><strong>est,</strong></span> <span class='ocrx_word' id='word_1_520' title='bbox 1654 1456 1730 1488; x_wconf 65' lang='lat' dir='ltr'><strong>agni-</strong></span> 
     </span>
    </p>
   </div>
   <div class='ocr_carea' id='block_1_75' title="bbox 970 1496 1730 1532">
    <p class='ocr_par' dir='ltr' id='par_1_75' title="bbox 970 1496 1730 1532">
     <span class='ocr_line' id='line_1_75' title="bbox 970 1496 1730 1532; baseline 0.004 -10"><span class='ocrx_word' id='word_1_521' title='bbox 970 1500 1026 1522; x_wconf 89' lang='lat' dir='ltr'><strong>tum</strong></span> <span class='ocrx_word' id='word_1_522' title='bbox 1040 1496 1128 1528; x_wconf 86' lang='lat' dir='ltr'><strong>l‘uerit,</strong></span> <span class='ocrx_word' id='word_1_523' title='bbox 1157 1501 1291 1531; x_wconf 88' lang='lat' dir='ltr'><strong>receptum</strong></span> <span class='ocrx_word' id='word_1_524' title='bbox 1318 1498 1590 1532; x_wconf 85' lang='lat' dir='ltr'><strong>comprobatumque:</strong></span> <span class='ocrx_word' id='word_1_525' title='bbox 1617 1506 1669 1525; x_wconf 90' lang='lat' dir='ltr'><strong>non</strong></span> <span class='ocrx_word' id='word_1_526' title='bbox 1683 1499 1730 1526; x_wconf 90' lang='lat' dir='ltr'><strong>de-</strong></span> 
     </span>
    </p>
   </div>
   <div class='ocr_carea' id='block_1_76' title="bbox 973 1541 1729 1577">
    <p class='ocr_par' dir='ltr' id='par_1_76' title="bbox 973 1541 1729 1577">
     <span class='ocr_line' id='line_1_76' title="bbox 973 1541 1729 1577; baseline 0.003 -10"><span class='ocrx_word' id='word_1_527' title='bbox 973 1541 1046 1568; x_wconf 80' lang='lat' dir='ltr'><strong>iuere</strong></span> <span class='ocrx_word' id='word_1_528' title='bbox 1060 1545 1147 1568; x_wconf 88' lang='lat' dir='ltr'><strong>tamen</strong></span> <span class='ocrx_word' id='word_1_529' title='bbox 1161 1541 1211 1569; x_wconf 91' lang='lat' dir='ltr'><strong>hoc</strong></span> <span class='ocrx_word' id='word_1_530' title='bbox 1226 1546 1251 1568; x_wconf 90' lang='lat' dir='ltr'><strong>et</strong></span> <span class='ocrx_word' id='word_1_531' title='bbox 1266 1543 1403 1577; x_wconf 90' lang='lat' dir='ltr'><strong>superiore</strong></span> <span class='ocrx_word' id='word_1_532' title='bbox 1413 1544 1509 1570; x_wconf 65' lang='lat' dir='ltr'><strong>seculo</strong></span> <span class='ocrx_word' id='word_1_533' title='bbox 1519 1562 1526 1574; x_wconf 91' lang='lat'><strong>,</strong></span> <span class='ocrx_word' id='word_1_534' title='bbox 1548 1543 1592 1577; x_wconf 91' lang='lat' dir='ltr'><strong>qui</strong></span> <span class='ocrx_word' id='word_1_535' title='bbox 1608 1544 1729 1570; x_wconf 83' lang='lat' dir='ltr'><strong>vitiatum</strong></span> 
     </span>
    </p>
   </div>
   <div class='ocr_carea' id='block_1_77' title="bbox 972 1586 1729 1621">
    <p class='ocr_par' dir='ltr' id='par_1_77' title="bbox 972 1586 1729 1621">
     <span class='ocr_line' id='line_1_77' title="bbox 972 1586 1729 1621; baseline 0.003 -9"><span class='ocrx_word' id='word_1_536' title='bbox 972 1586 1039 1613; x_wconf 89' lang='lat' dir='ltr'><strong>idem</strong></span> <span class='ocrx_word' id='word_1_537' title='bbox 1068 1587 1185 1620; x_wconf 83' lang='lat' dir='ltr'><strong>mireque</strong></span> <span class='ocrx_word' id='word_1_538' title='bbox 1210 1587 1398 1621; x_wconf 87' lang='lat' dir='ltr'><strong>interpolatum</strong></span> <span class='ocrx_word' id='word_1_539' title='bbox 1421 1588 1558 1615; x_wconf 81' lang='lat' dir='ltr'><strong>obﬁrmate</strong></span> <span class='ocrx_word' id='word_1_540' title='bbox 1585 1588 1729 1615; x_wconf 87' lang='lat' dir='ltr'><strong>contende-</strong></span> 
     </span>
    </p>
   </div>
   <div class='ocr_carea' id='block_1_78' title="bbox 971 1631 1729 1666">
    <p class='ocr_par' dir='ltr' id='par_1_78' title="bbox 971 1631 1729 1666">
     <span class='ocr_line' id='line_1_78' title="bbox 971 1631 1729 1666; baseline 0.001 -8"><span class='ocrx_word' id='word_1_541' title='bbox 971 1631 1035 1659; x_wconf 87' lang='lat' dir='ltr'><strong>rint.</strong></span> <span class='ocrx_word' id='word_1_542' title='bbox 1053 1631 1104 1659; x_wconf 85' lang='lat' dir='ltr'><strong>Eos</strong></span> <span class='ocrx_word' id='word_1_543' title='bbox 1132 1632 1201 1660; x_wconf 81' lang='lat' dir='ltr'><strong>inter</strong></span> <span class='ocrx_word' id='word_1_544' title='bbox 1221 1633 1318 1666; x_wconf 86' lang='lat' dir='ltr'><strong>primas</strong></span> <span class='ocrx_word' id='word_1_545' title='bbox 1331 1636 1400 1659; x_wconf 87' lang='lat' dir='ltr'><strong>tenet</strong></span> <span class='ocrx_word' id='word_1_546' title='bbox 1417 1633 1555 1660; x_wconf 79' lang='lat' dir='ltr'><strong>Eduardus</strong></span> <span class='ocrx_word' id='word_1_547' title='bbox 1567 1633 1729 1663; x_wconf 80' lang='lat' dir='ltr'><strong>Bernardus,</strong></span> 
     </span>
    </p>
   </div>
   <div class='ocr_carea' id='block_1_79' title="bbox 971 1676 1730 1711">
    <p class='ocr_par' dir='ltr' id='par_1_79' title="bbox 971 1676 1730 1711">
     <span class='ocr_line' id='line_1_79' title="bbox 971 1676 1730 1711; baseline 0.001 -7"><span class='ocrx_word' id='word_1_548' title='bbox 971 1678 1048 1711; x_wconf 85' lang='lat' dir='ltr'><strong>cujus</strong></span> <span class='ocrx_word' id='word_1_549' title='bbox 1068 1678 1165 1704; x_wconf 63' lang='lat' dir='ltr'><strong>notulaa</strong></span> <span class='ocrx_word' id='word_1_550' title='bbox 1191 1678 1217 1704; x_wconf 94' lang='lat' dir='ltr'><strong>in</strong></span> <span class='ocrx_word' id='word_1_551' title='bbox 1240 1681 1351 1711; x_wconf 87' lang='lat' dir='ltr'><strong>utraque</strong></span> <span class='ocrx_word' id='word_1_552' title='bbox 1365 1676 1609 1705; x_wconf 68' lang='lat' dir='ltr'><strong>Amslmlodamensi</strong></span> <span class='ocrx_word' id='word_1_553' title='bbox 1630 1678 1730 1706; x_wconf 89' lang='lat' dir='ltr'><strong>Cotele-</strong></span> 
     </span>
    </p>
   </div>
   <div class='ocr_carea' id='block_1_80' title="bbox 972 1721 1726 1756">
    <p class='ocr_par' dir='ltr' id='par_1_80' title="bbox 972 1721 1726 1756">
     <span class='ocr_line' id='line_1_80' title="bbox 972 1721 1726 1756; baseline 0.001 -8"><span class='ocrx_word' id='word_1_554' title='bbox 972 1722 1047 1748; x_wconf 86' lang='lat' dir='ltr'><strong>riana</strong></span> <span class='ocrx_word' id='word_1_555' title='bbox 1061 1721 1168 1748; x_wconf 84' lang='lat' dir='ltr'><strong>Patrum</strong></span> <span class='ocrx_word' id='word_1_556' title='bbox 1193 1722 1398 1756; x_wconf 85' lang='lat' dir='ltr'><strong>apostolicorum</strong></span> <span class='ocrx_word' id='word_1_557' title='bbox 1413 1722 1529 1749; x_wconf 87' lang='lat' dir='ltr'><strong>editione</strong></span> <span class='ocrx_word' id='word_1_558' title='bbox 1554 1727 1726 1756; x_wconf 81' lang='lat' dir='ltr'><strong>comparent:</strong></span> 
     </span>
    </p>
   </div>
   <div class='ocr_carea' id='block_1_81' title="bbox 971 1766 1729 1801">
    <p class='ocr_par' dir='ltr' id='par_1_81' title="bbox 971 1766 1729 1801">
     <span class='ocr_line' id='line_1_81' title="bbox 971 1766 1729 1801; baseline 0 -8"><span class='ocrx_word' id='word_1_559' title='bbox 971 1767 1068 1801; x_wconf 89' lang='lat' dir='ltr'><strong>quibus</strong></span> <span class='ocrx_word' id='word_1_560' title='bbox 1086 1767 1209 1792; x_wconf 92' lang='lat' dir='ltr'><strong>nimirum</strong></span> <span class='ocrx_word' id='word_1_561' title='bbox 1226 1767 1252 1792; x_wconf 92' lang='lat' dir='ltr'><strong>in</strong></span> <span class='ocrx_word' id='word_1_562' title='bbox 1269 1766 1294 1793; x_wconf 89' lang='lat' dir='ltr'><strong>id</strong></span> <span class='ocrx_word' id='word_1_563' title='bbox 1311 1767 1400 1801; x_wconf 87' lang='lat' dir='ltr'><strong>operis</strong></span> <span class='ocrx_word' id='word_1_564' title='bbox 1421 1767 1587 1801; x_wconf 84' lang='lat' dir='ltr'><strong>potissimum</strong></span> <span class='ocrx_word' id='word_1_565' title='bbox 1600 1767 1671 1793; x_wconf 87' lang='lat' dir='ltr'><strong>omni</strong></span> <span class='ocrx_word' id='word_1_566' title='bbox 1682 1767 1729 1793; x_wconf 88' lang='lat' dir='ltr'><strong>ad-</strong></span> 
     </span>
    </p>
   </div>
   <div class='ocr_carea' id='block_1_82' title="bbox 971 1810 1728 1845">
    <p class='ocr_par' dir='ltr' id='par_1_82' title="bbox 971 1810 1728 1845">
     <span class='ocr_line' id='line_1_82' title="bbox 971 1810 1728 1845; baseline -0.003 -8"><span class='ocrx_word' id='word_1_567' title='bbox 971 1811 1054 1837; x_wconf 92' lang='lat' dir='ltr'><strong>hibito</strong></span> <span class='ocrx_word' id='word_1_568' title='bbox 1075 1814 1172 1837; x_wconf 88' lang='lat' dir='ltr'><strong>conatu</strong></span> <span class='ocrx_word' id='word_1_569' title='bbox 1201 1810 1331 1837; x_wconf 88' lang='lat' dir='ltr'><strong>incumbit</strong></span> <span class='ocrx_word' id='word_1_570' title='bbox 1362 1811 1403 1837; x_wconf 87' lang='lat' dir='ltr'><strong>vir</strong></span> <span class='ocrx_word' id='word_1_571' title='bbox 1429 1810 1637 1845; x_wconf 85' lang='grc' dir='ltr'><strong>κριτικώτατος,</strong></span> <span class='ocrx_word' id='word_1_572' title='bbox 1675 1818 1728 1844; x_wconf 90' lang='lat' dir='ltr'><strong>quo</strong></span> 
     </span>
    </p>
   </div>
   <div class='ocr_carea' id='block_1_83' title="bbox 972 1854 1727 1889">
    <p class='ocr_par' dir='ltr' id='par_1_83' title="bbox 972 1854 1727 1889">
     <span class='ocr_line' id='line_1_83' title="bbox 972 1854 1727 1889; baseline -0.001 -8"><span class='ocrx_word' id='word_1_573' title='bbox 972 1856 1038 1881; x_wconf 88' lang='lat' dir='ltr'><strong>hanc</strong></span> <span class='ocrx_word' id='word_1_574' title='bbox 1053 1855 1189 1889; x_wconf 84' lang='lat' dir='ltr'><strong>epistolam</strong></span> <span class='ocrx_word' id='word_1_575' title='bbox 1206 1863 1220 1881; x_wconf 90' lang='lat' dir='ltr'><strong>a</strong></span> <span class='ocrx_word' id='word_1_576' title='bbox 1247 1856 1326 1889; x_wconf 86' lang='lat' dir='ltr'><strong>plano</strong></span> <span class='ocrx_word' id='word_1_577' title='bbox 1346 1855 1466 1889; x_wconf 87' lang='lat' dir='ltr'><strong>improbo</strong></span> <span class='ocrx_word' id='word_1_578' title='bbox 1484 1855 1580 1881; x_wconf 87' lang='lat' dir='ltr'><strong>misere</strong></span> <span class='ocrx_word' id='word_1_579' title='bbox 1603 1854 1727 1881; x_wconf 75' lang='lat' dir='ltr'><strong>fmdatam</strong></span> 
     </span>
    </p>
   </div>
   <div class='ocr_carea' id='block_1_84' title="bbox 970 1898 1728 1932">
    <p class='ocr_par' dir='ltr' id='par_1_84' title="bbox 970 1898 1728 1932">
     <span class='ocr_line' id='line_1_84' title="bbox 970 1898 1728 1932; baseline -0.001 -7"><span class='ocrx_word' id='word_1_580' title='bbox 970 1899 1089 1930; x_wconf 80' lang='lat' dir='ltr'><strong>suadeat,</strong></span> <span class='ocrx_word' id='word_1_581' title='bbox 1102 1899 1145 1932; x_wconf 88' lang='lat' dir='ltr'><strong>qui</strong></span> <span class='ocrx_word' id='word_1_582' title='bbox 1155 1899 1284 1925; x_wconf 87' lang='lat' dir='ltr'><strong>Clementi</strong></span> <span class='ocrx_word' id='word_1_583' title='bbox 1301 1898 1419 1925; x_wconf 79' lang='lat' dir='ltr'><strong>Romano</strong></span> <span class='ocrx_word' id='word_1_584' title='bbox 1441 1898 1592 1925; x_wconf 87' lang='lat' dir='ltr'><strong>innumeras</strong></span> <span class='ocrx_word' id='word_1_585' title='bbox 1607 1898 1728 1925; x_wconf 84' lang='lat' dir='ltr'><strong>Clemen-</strong></span> 
     </span>
    </p>
   </div>
   <div class='ocr_carea' id='block_1_85' title="bbox 970 1943 1726 1971">
    <p class='ocr_par' dir='ltr' id='par_1_85' title="bbox 970 1943 1726 1971">
     <span class='ocr_line' id='line_1_85' title="bbox 970 1943 1726 1971; baseline 0 -1"><span class='ocrx_word' id='word_1_586' title='bbox 970 1945 1005 1971; x_wconf 93' lang='lat' dir='ltr'><strong>tis</strong></span> <span class='ocrx_word' id='word_1_587' title='bbox 1017 1944 1188 1971; x_wconf 80' lang='lat' dir='ltr'><strong>Alexandrini</strong></span> <span class='ocrx_word' id='word_1_588' title='bbox 1200 1945 1309 1971; x_wconf 87' lang='lat' dir='ltr'><strong>lacinias</strong></span> <span class='ocrx_word' id='word_1_589' title='bbox 1321 1944 1449 1971; x_wconf 87' lang='lat' dir='ltr'><strong>adsucrit.</strong></span> <span class='ocrx_word' id='word_1_590' title='bbox 1466 1943 1611 1971; x_wconf 89' lang='lat' dir='ltr'><strong>Severioris</strong></span> <span class='ocrx_word' id='word_1_591' title='bbox 1639 1949 1726 1971; x_wconf 84' lang='lat' dir='ltr'><strong>autem</strong></span> 
     </span>
    </p>
   </div>
   <div class='ocr_carea' id='block_1_86' title="bbox 970 1988 1728 2023">
    <p class='ocr_par' dir='ltr' id='par_1_86' title="bbox 970 1988 1728 2023">
     <span class='ocr_line' id='line_1_86' title="bbox 970 1988 1728 2023; baseline 0.001 -8"><span class='ocrx_word' id='word_1_592' title='bbox 970 1990 1050 2022; x_wconf 88' lang='lat' dir='ltr'><strong>hujus</strong></span> <span class='ocrx_word' id='word_1_593' title='bbox 1060 1990 1146 2016; x_wconf 91' lang='lat' dir='ltr'><strong>critici</strong></span> <span class='ocrx_word' id='word_1_594' title='bbox 1161 1990 1257 2023; x_wconf 84' lang='lat' dir='ltr'><strong>placita</strong></span> <span class='ocrx_word' id='word_1_595' title='bbox 1273 1989 1369 2015; x_wconf 88' lang='lat' dir='ltr'><strong>Joanni</strong></span> <span class='ocrx_word' id='word_1_596' title='bbox 1382 1988 1485 2015; x_wconf 89' lang='lat' dir='ltr'><strong>Clerico</strong></span> <span class='ocrx_word' id='word_1_597' title='bbox 1501 1989 1653 2023; x_wconf 91' lang='lat' dir='ltr'><strong>plerumque</strong></span> <span class='ocrx_word' id='word_1_598' title='bbox 1666 1997 1728 2023; x_wconf 85' lang='lat' dir='ltr'><strong>pro-</strong></span> 
     </span>
    </p>
   </div>
   <div class='ocr_carea' id='block_1_87' title="bbox 970 2033 1728 2068">
    <p class='ocr_par' dir='ltr' id='par_1_87' title="bbox 970 2033 1728 2068">
     <span class='ocr_line' id='line_1_87' title="bbox 970 2033 1728 2068; baseline 0.001 -8"><span class='ocrx_word' id='word_1_599' title='bbox 970 2033 1076 2066; x_wconf 87' lang='lat' dir='ltr'><strong>bantur,</strong></span> <span class='ocrx_word' id='word_1_600' title='bbox 1091 2035 1135 2068; x_wconf 93' lang='lat' dir='ltr'><strong>qui</strong></span> <span class='ocrx_word' id='word_1_601' title='bbox 1147 2041 1177 2060; x_wconf 85' lang='lat' dir='ltr'><strong>ea</strong></span> <span class='ocrx_word' id='word_1_602' title='bbox 1191 2034 1292 2068; x_wconf 85' lang='lat' dir='ltr'><strong>primus</strong></span> <span class='ocrx_word' id='word_1_603' title='bbox 1309 2034 1334 2059; x_wconf 95' lang='lat' dir='ltr'><strong>in</strong></span> <span class='ocrx_word' id='word_1_604' title='bbox 1350 2033 1443 2067; x_wconf 76' lang='lat' dir='ltr'><strong>vulgus</strong></span> <span class='ocrx_word' id='word_1_605' title='bbox 1463 2033 1560 2060; x_wconf 90' lang='lat' dir='ltr'><strong>emisit.</strong></span> <span class='ocrx_word' id='word_1_606' title='bbox 1582 2033 1728 2068; x_wconf 84' lang='lat' dir='ltr'><strong>Utrumque</strong></span> 
     </span>
    </p>
   </div>
   <div class='ocr_carea' id='block_1_88' title="bbox 970 2078 1727 2113">
    <p class='ocr_par' dir='ltr' id='par_1_88' title="bbox 970 2078 1727 2113">
     <span class='ocr_line' id='line_1_88' title="bbox 970 2078 1727 2113; baseline 0 -9"><span class='ocrx_word' id='word_1_607' title='bbox 970 2086 1060 2113; x_wconf 91' lang='lat' dir='ltr'><strong>porro,</strong></span> <span class='ocrx_word' id='word_1_608' title='bbox 1077 2079 1123 2105; x_wconf 88' lang='lat' dir='ltr'><strong>sed</strong></span> <span class='ocrx_word' id='word_1_609' title='bbox 1141 2078 1303 2105; x_wconf 87' lang='lat' dir='ltr'><strong>Bernardum</strong></span> <span class='ocrx_word' id='word_1_610' title='bbox 1319 2079 1477 2112; x_wconf 67' lang='lat' dir='ltr'><strong>praesertim,</strong></span> <span class='ocrx_word' id='word_1_611' title='bbox 1495 2078 1579 2105; x_wconf 85' lang='lat' dir='ltr'><strong>solide</strong></span> <span class='ocrx_word' id='word_1_612' title='bbox 1604 2078 1727 2105; x_wconf 88' lang='lat' dir='ltr'><strong>rel&#39;ntavit</strong></span> 
     </span>
    </p>
   </div>
   <div class='ocr_carea' id='block_1_89' title="bbox 971 2123 1722 2151">
    <p class='ocr_par' dir='ltr' id='par_1_89' title="bbox 971 2123 1722 2151">
     <span class='ocr_line' id='line_1_89' title="bbox 971 2123 1722 2151; baseline -0.001 -1"><span class='ocrx_word' id='word_1_613' title='bbox 971 2125 1092 2151; x_wconf 87' lang='lat' dir='ltr'><strong>laudatus</strong></span> <span class='ocrx_word' id='word_1_614' title='bbox 1107 2124 1236 2151; x_wconf 90' lang='lat' dir='ltr'><strong>llenricus</strong></span> <span class='ocrx_word' id='word_1_615' title='bbox 1252 2123 1393 2150; x_wconf 87' lang='lat' dir='ltr'><strong>Wottonus</strong></span> <span class='ocrx_word' id='word_1_616' title='bbox 1405 2124 1430 2150; x_wconf 90' lang='lat' dir='ltr'><strong>in</strong></span> <span class='ocrx_word' id='word_1_617' title='bbox 1447 2124 1517 2150; x_wconf 88' lang='lat' dir='ltr'><strong>notis</strong></span> <span class='ocrx_word' id='word_1_618' title='bbox 1531 2123 1563 2149; x_wconf 87' lang='lat' dir='ltr'><strong>ad</strong></span> <span class='ocrx_word' id='word_1_619' title='bbox 1583 2123 1722 2150; x_wconf 88' lang='lat' dir='ltr'><strong>Clementi-</strong></span> 
     </span>
    </p>
   </div>
   <div class='ocr_carea' id='block_1_90' title="bbox 970 2167 1726 2203">
    <p class='ocr_par' dir='ltr' id='par_1_90' title="bbox 970 2167 1726 2203">
     <span class='ocr_line' id='line_1_90' title="bbox 970 2167 1726 2203; baseline -0.004 -7"><span class='ocrx_word' id='word_1_620' title='bbox 970 2176 1019 2196; x_wconf 86' lang='lat' dir='ltr'><strong>nas</strong></span> <span class='ocrx_word' id='word_1_621' title='bbox 1046 2169 1181 2203; x_wconf 85' lang='lat' dir='ltr'><strong>epistolas,</strong></span> <span class='ocrx_word' id='word_1_622' title='bbox 1204 2176 1315 2203; x_wconf 89' lang='lat' dir='ltr'><strong>quarum</strong></span> <span class='ocrx_word' id='word_1_623' title='bbox 1337 2169 1479 2195; x_wconf 88' lang='lat' dir='ltr'><strong>editionem</strong></span> <span class='ocrx_word' id='word_1_624' title='bbox 1504 2175 1536 2194; x_wconf 89' lang='lat' dir='ltr'><strong>eo</strong></span> <span class='ocrx_word' id='word_1_625' title='bbox 1560 2167 1726 2201; x_wconf 87' lang='lat' dir='ltr'><strong>potissimum</strong></span> 
     </span>
    </p>
   </div>
   <div class='ocr_carea' id='block_1_91' title="bbox 971 2207 1726 2250">
    <p class='ocr_par' dir='ltr' id='par_1_91' title="bbox 971 2207 1726 2250">
     <span class='ocr_line' id='line_1_91' title="bbox 971 2207 1726 2250; baseline -0.004 -9"><span class='ocrx_word' id='word_1_626' title='bbox 971 2215 1078 2242; x_wconf 90' lang='lat' dir='ltr'><strong>nomine</strong></span> <span class='ocrx_word' id='word_1_627' title='bbox 1092 2223 1106 2241; x_wconf 91' lang='lat' dir='ltr'><strong>a</strong></span> <span class='ocrx_word' id='word_1_628' title='bbox 1122 2223 1149 2241; x_wconf 87' lang='lat' dir='ltr'><strong>se</strong></span> <span class='ocrx_word' id='word_1_629' title='bbox 1159 2215 1312 2250; x_wconf 67' lang='lat' dir='ltr'><strong>adornatam</strong></span> <span class='ocrx_word' id='word_1_630' title='bbox 1329 2207 1467 2249; x_wconf 71' lang='lat' dir='ltr'><strong>profitetur</strong></span> <span class='ocrx_word' id='word_1_631' title='bbox 1477 2213 1524 2249; x_wconf 87' lang='lat'><strong>(9).</strong></span> <span class='ocrx_word' id='word_1_632' title='bbox 1540 2212 1636 2240; x_wconf 83' lang='lat' dir='ltr'><strong>Verum</strong></span> <span class='ocrx_word' id='word_1_633' title='bbox 1656 2212 1726 2238; x_wconf 89' lang='lat' dir='ltr'><strong>haud</strong></span> 
     </span>
    </p>
   </div>
   <div class='ocr_carea' id='block_1_92' title="bbox 969 2256 1727 2296">
    <p class='ocr_par' dir='ltr' id='par_1_92' title="bbox 969 2256 1727 2296">
     <span class='ocr_line' id='line_1_92' title="bbox 969 2256 1727 2296; baseline -0.005 -10"><span class='ocrx_word' id='word_1_634' title='bbox 969 2260 1057 2296; x_wconf 80' lang='lat' dir='ltr'><strong>pigeat</strong></span> <span class='ocrx_word' id='word_1_635' title='bbox 1071 2260 1212 2293; x_wconf 89' lang='lat' dir='ltr'><strong>ipsummet</strong></span> <span class='ocrx_word' id='word_1_636' title='bbox 1237 2260 1464 2286; x_wconf 88' lang='lat' dir='ltr'><strong>accuratissimum</strong></span> <span class='ocrx_word' id='word_1_637' title='bbox 1489 2259 1615 2285; x_wconf 87' lang='lat' dir='ltr'><strong>editorem</strong></span> <span class='ocrx_word' id='word_1_638' title='bbox 1631 2257 1679 2282; x_wconf 88' lang='lat' dir='ltr'><strong>hac</strong></span> <span class='ocrx_word' id='word_1_639' title='bbox 1693 2256 1727 2283; x_wconf 81' lang='lat' dir='ltr'><strong>de</strong></span> 
     </span>
    </p>
   </div>
   <div class='ocr_carea' id='block_1_93' title="bbox 969 2300 1724 2338">
    <p class='ocr_par' dir='ltr' id='par_1_93' title="bbox 969 2300 1724 2338">
     <span class='ocr_line' id='line_1_93' title="bbox 969 2300 1724 2338; baseline -0.007 -7"><span class='ocrx_word' id='word_1_640' title='bbox 969 2312 998 2331; x_wconf 87' lang='lat' dir='ltr'><strong>re</strong></span> <span class='ocrx_word' id='word_1_641' title='bbox 1013 2305 1186 2331; x_wconf 85' lang='lat' dir='ltr'><strong>disserentem</strong></span> <span class='ocrx_word' id='word_1_642' title='bbox 1212 2303 1303 2330; x_wconf 87' lang='lat' dir='ltr'><strong>audire</strong></span> <span class='ocrx_word' id='word_1_643' title='bbox 1328 2303 1399 2338; x_wconf 71' lang='lat'><strong>(10):</strong></span> <span class='ocrx_word' id='word_1_644' title='bbox 1430 2311 1439 2327; x_wconf 73' lang='grc' dir='ltr'>ι</span> <span class='ocrx_word' id='word_1_645' title='bbox 1458 2302 1527 2328; x_wconf 82' lang='lat' dir='ltr'><strong>irriti</strong></span> <span class='ocrx_word' id='word_1_646' title='bbox 1542 2306 1613 2331; x_wconf 83' lang='lat' dir='ltr'><strong>sunt.</strong></span> <span class='ocrx_word' id='word_1_647' title='bbox 1629 2300 1724 2334; x_wconf 82' lang='lat' dir='ltr'><strong>inquit,</strong></span> 
     </span>
    </p>
   </div>
   <div class='ocr_carea' id='block_1_94' title="bbox 970 2344 1726 2382">
    <p class='ocr_par' dir='ltr' id='par_1_94' title="bbox 970 2344 1726 2382">
     <span class='ocr_line' id='line_1_94' title="bbox 970 2344 1726 2382; baseline -0.005 -8"><span class='ocrx_word' id='word_1_648' title='bbox 970 2348 1049 2382; x_wconf 87' lang='lat' dir='ltr'><strong>hujus</strong></span> <span class='ocrx_word' id='word_1_649' title='bbox 1064 2348 1212 2382; x_wconf 81' lang='lat' dir='ltr'><strong>(Bernardi)</strong></span> <span class='ocrx_word' id='word_1_650' title='bbox 1233 2351 1363 2380; x_wconf 88' lang='lat' dir='ltr'><strong>conatus;</strong></span> <span class='ocrx_word' id='word_1_651' title='bbox 1380 2347 1424 2381; x_wconf 92' lang='lat' dir='ltr'><strong>qui</strong></span> <span class='ocrx_word' id='word_1_652' title='bbox 1440 2347 1510 2373; x_wconf 88' lang='lat' dir='ltr'><strong>enim</strong></span> <span class='ocrx_word' id='word_1_653' title='bbox 1526 2346 1576 2371; x_wconf 92' lang='lat' dir='ltr'><strong>hoc</strong></span> <span class='ocrx_word' id='word_1_654' title='bbox 1601 2344 1678 2371; x_wconf 86' lang='lat' dir='ltr'><strong>modo</strong></span> <span class='ocrx_word' id='word_1_655' title='bbox 1692 2352 1726 2371; x_wconf 77' lang='lat' dir='ltr'><strong>ex</strong></span> 
     </span>
    </p>
   </div>
   <div class='ocr_carea' id='block_1_95' title="bbox 968 2389 1726 2426">
    <p class='ocr_par' dir='ltr' id='par_1_95' title="bbox 968 2389 1726 2426">
     <span class='ocr_line' id='line_1_95' title="bbox 968 2389 1726 2426; baseline -0.005 -7"><span class='ocrx_word' id='word_1_656' title='bbox 968 2393 1103 2419; x_wconf 84' lang='lat' dir='ltr'><strong>Clemente</strong></span> <span class='ocrx_word' id='word_1_657' title='bbox 1118 2391 1296 2418; x_wconf 83' lang='lat' dir='ltr'><strong>Alexandrino</strong></span> <span class='ocrx_word' id='word_1_658' title='bbox 1314 2391 1410 2426; x_wconf 80' lang='lat' dir='ltr'><strong>arguit,</strong></span> <span class='ocrx_word' id='word_1_659' title='bbox 1429 2395 1474 2417; x_wconf 91' lang='lat' dir='ltr'><strong>aut</strong></span> <span class='ocrx_word' id='word_1_660' title='bbox 1493 2398 1553 2417; x_wconf 87' lang='lat' dir='ltr'><strong>eum</strong></span> <span class='ocrx_word' id='word_1_661' title='bbox 1577 2397 1629 2415; x_wconf 90' lang='lat' dir='ltr'><strong>non</strong></span> <span class='ocrx_word' id='word_1_662' title='bbox 1644 2389 1726 2423; x_wconf 83' lang='lat' dir='ltr'><strong>probe</strong></span> 
     </span>
    </p>
   </div>
   <div class='ocr_carea' id='block_1_96' title="bbox 111 2432 920 2474">
    <p class='ocr_par' dir='ltr' id='par_1_96' title="bbox 111 2432 920 2474">
     <span class='ocr_line' id='line_1_96' title="bbox 111 2432 920 2474; baseline 0.006 -17"><span class='ocrx_word' id='word_1_663' title='bbox 111 2434 204 2474; x_wconf 58' lang='lat' dir='ltr'><strong>[Ioh-us</strong></span> <span class='ocrx_word' id='word_1_664' title='bbox 230 2446 305 2472; x_wconf 65' lang='lat' dir='ltr'><strong>mm.</strong></span> <span class='ocrx_word' id='word_1_665' title='bbox 330 2432 511 2468; x_wconf 57' lang='lat' dir='ltr'><strong>[esiimonia</strong></span> <span class='ocrx_word' id='word_1_666' title='bbox 536 2432 704 2459; x_wconf 75' lang='lat' dir='ltr'><strong>referendum</strong></span> <span class='ocrx_word' id='word_1_667' title='bbox 721 2433 830 2466; x_wconf 86' lang='lat' dir='ltr'><strong>censui;</strong></span> <span class='ocrx_word' id='word_1_668' title='bbox 847 2435 873 2460; x_wconf 93' lang='lat' dir='ltr'><strong>in</strong></span> <span class='ocrx_word' id='word_1_669' title='bbox 888 2442 920 2462; x_wconf 92' lang='lat' dir='ltr'><strong>eo</strong></span> 
     </span>
    </p>
   </div>
   <div class='ocr_carea' id='block_1_97' title="bbox 80 2473 919 2529">
    <p class='ocr_par' dir='ltr' id='par_1_97' title="bbox 80 2473 919 2529">
     <span class='ocr_line' id='line_1_97' title="bbox 80 2473 919 2529; baseline -0.029 0"><span class='ocrx_word' id='word_1_670' title='bbox 80 2473 223 2529; x_wconf 39' lang='lat'><strong>5331111116</strong></span> <span class='ocrx_word' id='word_1_671' title='bbox 238 2498 295 2518; x_wconf 90' lang='lat' dir='ltr'><strong>non</strong></span> <span class='ocrx_word' id='word_1_672' title='bbox 324 2482 445 2520; x_wconf 85' lang='lat' dir='ltr'><strong>aliquid</strong></span> <span class='ocrx_word' id='word_1_673' title='bbox 466 2479 546 2508; x_wconf 84' lang='lat' dir='ltr'><strong>novi,</strong></span> <span class='ocrx_word' id='word_1_674' title='bbox 572 2476 619 2504; x_wconf 91' lang='lat' dir='ltr'><strong>sed</strong></span> <span class='ocrx_word' id='word_1_675' title='bbox 640 2480 743 2502; x_wconf 88' lang='lat' dir='ltr'><strong>tantum</strong></span> <span class='ocrx_word' id='word_1_676' title='bbox 764 2476 890 2510; x_wconf 63' lang='lat' dir='ltr'><strong>Epistolis</strong></span> <span class='ocrx_word' id='word_1_677' title='bbox 909 2479 919 2505; x_wconf 86' lang='lat' dir='ltr'><strong>l</strong></span> 
     </span>
    </p>
   </div>
   <div class='ocr_carea' id='block_1_98' title="bbox 65 2513 921 2585">
    <p class='ocr_par' dir='ltr' id='par_1_98' title="bbox 65 2513 921 2585">
     <span class='ocr_line' id='line_1_98' title="bbox 65 2513 921 2577; baseline 0.027 -50"><span class='ocrx_word' id='word_1_678' title='bbox 65 2513 385 2577; x_wconf 38' lang='lat' dir='ltr'><strong>4:&amp;;;;;};ll;cnm,,sl</strong></span> <span class='ocrx_word' id='word_1_679' title='bbox 398 2525 577 2556; x_wconf 65' lang='lat' dir='ltr'><strong>exhibuisse</strong></span> <span class='ocrx_word' id='word_1_680' title='bbox 589 2521 754 2555; x_wconf 87' lang='lat' dir='ltr'><strong>perhibetur,</strong></span> <span class='ocrx_word' id='word_1_681' title='bbox 772 2526 800 2547; x_wconf 93' lang='lat' dir='ltr'><strong>ut</strong></span> <span class='ocrx_word' id='word_1_682' title='bbox 814 2523 921 2550; x_wconf 88' lang='lat' dir='ltr'><strong>cuilibet</strong></span> 
     </span>
     <span class='ocr_line' id='line_1_99' title="bbox 99 2563 919 2585; baseline 0 0"><span class='ocrx_word' id='word_1_683' title='bbox 99 2563 121 2585; x_wconf 50' lang='grc' dir='ltr'>λ</span> <span class='ocrx_word' id='word_1_684' title='bbox 355 2578 361 2585; x_wconf 87' lang='grc' dir='ltr'>ι</span> <span class='ocrx_word' id='word_1_685' title='bbox 410 2574 431 2585; x_wconf 80' lang='lat' dir='ltr'><strong>.z</strong></span> <span class='ocrx_word' id='word_1_686' title='bbox 452 2570 630 2585; x_wconf 51' lang='lat' dir='ltr'><strong>nan-&quot;mulum</strong></span> <span class='ocrx_word' id='word_1_687' title='bbox 644 2565 687 2585; x_wconf 72' lang='grc' dir='ltr'><strong>ηρι</strong></span> <span class='ocrx_word' id='word_1_688' title='bbox 706 2574 712 2580; x_wconf 74' lang='grc' dir='ltr'><strong><em>ο</em></strong></span> <span class='ocrx_word' id='word_1_689' title='bbox 729 2566 799 2585; x_wconf 80' lang='lat' dir='ltr'><strong>nund</strong></span> <span class='ocrx_word' id='word_1_690' title='bbox 812 2567 919 2585; x_wconf 65' lang='lat' dir='ltr'><strong>&quot;uillam</strong></span> 
     </span>
    </p>
   </div>
   <div class='ocr_carea' id='block_1_99' title="bbox 96 2565 919 2625">
    <p class='ocr_par' dir='ltr' id='par_1_99' title="bbox 96 2565 919 2625">
     <span class='ocr_line' id='line_1_100' title="bbox 96 2565 919 2625; baseline -0.058 -6"><span class='ocrx_word' id='word_1_691' title='bbox 96 2565 238 2625; x_wconf 40' lang='lat' dir='ltr'><strong>\ligierriter</strong></span> <span class='ocrx_word' id='word_1_692' title='bbox 252 2574 433 2610; x_wconf 77' lang='lat' dir='ltr'><strong>attendcxiti</strong></span> <span class='ocrx_word' id='word_1_693' title='bbox 449 2570 630 2602; x_wconf 86' lang='lat' dir='ltr'><strong>compertum</strong></span> <span class='ocrx_word' id='word_1_694' title='bbox 643 2565 688 2615; x_wconf 49' lang='lat' dir='ltr'><strong>lie:</strong></span> <span class='ocrx_word' id='word_1_695' title='bbox 706 2574 712 2591; x_wconf 67' lang='grc' dir='ltr'><strong>ε</strong></span> <span class='ocrx_word' id='word_1_696' title='bbox 729 2566 799 2625; x_wconf 54' lang='grc' dir='ltr'><strong>(ιιέῗά</strong></span> <span class='ocrx_word' id='word_1_697' title='bbox 812 2567 919 2625; x_wconf 58' lang='lat' dir='ltr'><strong>quidfm</strong></span> 
     </span>
    </p>
   </div>
   <div class='ocr_carea' id='block_1_100' title="bbox 320 2608 921 2653">
    <p class='ocr_par' dir='ltr' id='par_1_100' title="bbox 320 2608 921 2653">
     <span class='ocr_line' id='line_1_101' title="bbox 320 2608 921 2653; baseline -0.007 -11"><span class='ocrx_word' id='word_1_698' title='bbox 320 2633 348 2653; x_wconf 58' lang='grc' dir='ltr'><strong>π</strong></span> <span class='ocrx_word' id='word_1_699' title='bbox 360 2617 532 2650; x_wconf 71' lang='lat' dir='ltr'><strong>annalium</strong></span> <span class='ocrx_word' id='word_1_700' title='bbox 549 2609 652 2646; x_wconf 88' lang='lat' dir='ltr'><strong>parenti</strong></span> <span class='ocrx_word' id='word_1_701' title='bbox 662 2608 822 2642; x_wconf 82' lang='lat' dir='ltr'><strong>jampridem</strong></span> <span class='ocrx_word' id='word_1_702' title='bbox 837 2611 921 2638; x_wconf 91' lang='lat' dir='ltr'><strong>subo-</strong></span> 
     </span>
    </p>
   </div>
   <div class='ocr_carea' id='block_1_101' title="bbox 31 2619 920 2718">
    <p class='ocr_par' dir='ltr' id='par_1_101' title="bbox 31 2619 920 2718">
     <span class='ocr_line' id='line_1_102' title="bbox 31 2619 920 2665; baseline 0.01 -23"><span class='ocrx_word' id='word_1_703' title='bbox 31 2619 42 2642; x_wconf 81' lang='grc' dir='ltr'><em>Ι</em></span> <span class='ocrx_word' id='word_1_704' title='bbox 72 2619 123 2665; x_wconf 61' lang='lat'><strong><em>\</em></strong></span> <span class='ocrx_word' id='word_1_705' title='bbox 145 2619 159 2625; x_wconf 68' lang='lat'>&#39;</span> <span class='ocrx_word' id='word_1_706' title='bbox 171 2642 187 2661; x_wconf 90' lang='grc' dir='ltr'><strong>ο</strong></span> <span class='ocrx_word' id='word_1_707' title='bbox 198 2627 348 2660; x_wconf 72' lang='lat' dir='ltr'><strong>Ecclesia:</strong></span> <span class='ocrx_word' id='word_1_708' title='bbox 360 2619 532 2650; x_wconf 80' lang='lat' dir='ltr'><strong>annalium</strong></span> <span class='ocrx_word' id='word_1_709' title='bbox 549 2619 822 2646; x_wconf 66' lang='grc' dir='ltr'><strong>ρποηιιμηιινηυειυ</strong></span> <span class='ocrx_word' id='word_1_710' title='bbox 837 2619 920 2638; x_wconf 64' lang='lat'><strong>500°-</strong></span> 
     </span>
     <span class='ocr_line' id='line_1_103' title="bbox 37 2626 920 2718; baseline 0.014 -47"><span class='ocrx_word' id='word_1_711' title='bbox 37 2626 188 2718; x_wconf 56' lang='lat' dir='ltr'><strong>\l:g(&quot;7)</strong></span> <span class='ocrx_word' id='word_1_712' title='bbox 210 2685 283 2706; x_wconf 65' lang='lat' dir='ltr'><strong>cum</strong></span> <span class='ocrx_word' id='word_1_713' title='bbox 302 2670 417 2700; x_wconf 64' lang='lat' dir='ltr'><strong>adhuc</strong></span> <span class='ocrx_word' id='word_1_714' title='bbox 437 2656 602 2690; x_wconf 68' lang='lat' dir='ltr'><strong>clementis</strong></span> <span class='ocrx_word' id='word_1_715' title='bbox 617 2658 706 2680; x_wconf 80' lang='lat' dir='ltr'><strong>textus</strong></span> <span class='ocrx_word' id='word_1_716' title='bbox 728 2653 756 2679; x_wconf 92' lang='lat' dir='ltr'><strong>in</strong></span> <span class='ocrx_word' id='word_1_717' title='bbox 776 2653 920 2683; x_wconf 88' lang='lat' dir='ltr'><strong>bibliothe-</strong></span> 
     </span>
     <span class='ocr_line' id='line_1_104' title="bbox 192 2701 198 2713; baseline 0 0"><span class='ocrx_word' id='word_1_718' title='bbox 192 2701 198 2713; x_wconf 77' lang='grc' dir='ltr'><strong>Ι</strong></span> 
     </span>
    </p>
   </div>
   <div class='ocr_carea' id='block_1_102' title="bbox 969 2434 1725 2470">
    <p class='ocr_par' dir='ltr' id='par_1_102' title="bbox 969 2434 1725 2470">
     <span class='ocr_line' id='line_1_105' title="bbox 969 2434 1725 2470; baseline -0.004 -6"><span class='ocrx_word' id='word_1_719' title='bbox 969 2437 1052 2467; x_wconf 87' lang='lat' dir='ltr'><strong>novit,</strong></span> <span class='ocrx_word' id='word_1_720' title='bbox 1074 2440 1120 2462; x_wconf 83' lang='lat' dir='ltr'><strong>aut</strong></span> <span class='ocrx_word' id='word_1_721' title='bbox 1140 2437 1207 2462; x_wconf 77' lang='lat' dir='ltr'><strong>mala</strong></span> <span class='ocrx_word' id='word_1_722' title='bbox 1232 2437 1282 2462; x_wconf 79' lang='lat' dir='ltr'><strong>[ide</strong></span> <span class='ocrx_word' id='word_1_723' title='bbox 1302 2437 1357 2470; x_wconf 73' lang='lat' dir='ltr'><strong>agit</strong></span> <span class='ocrx_word' id='word_1_724' title='bbox 1376 2445 1383 2462; x_wconf 89' lang='lat'>:</span> <span class='ocrx_word' id='word_1_725' title='bbox 1410 2435 1502 2462; x_wconf 64' lang='lat' dir='ltr'><strong>cadam</strong></span> <span class='ocrx_word' id='word_1_726' title='bbox 1524 2434 1594 2461; x_wconf 87' lang='lat' dir='ltr'><strong>enim</strong></span> <span class='ocrx_word' id='word_1_727' title='bbox 1622 2434 1725 2461; x_wconf 88' lang='lat' dir='ltr'><strong>ratione</strong></span> 
     </span>
    </p>
   </div>
   <div class='ocr_carea' id='block_1_103' title="bbox 970 2480 1726 2514">
    <p class='ocr_par' dir='ltr' id='par_1_103' title="bbox 970 2480 1726 2514">
     <span class='ocr_line' id='line_1_106' title="bbox 970 2480 1726 2514; baseline -0.001 -6"><span class='ocrx_word' id='word_1_728' title='bbox 970 2487 1057 2509; x_wconf 85' lang='lat' dir='ltr'><strong>actum</strong></span> <span class='ocrx_word' id='word_1_729' title='bbox 1071 2482 1122 2508; x_wconf 88' lang='lat' dir='ltr'><strong>erit</strong></span> <span class='ocrx_word' id='word_1_730' title='bbox 1136 2483 1168 2508; x_wconf 90' lang='lat' dir='ltr'><strong>de</strong></span> <span class='ocrx_word' id='word_1_731' title='bbox 1183 2482 1319 2509; x_wconf 82' lang='lat' dir='ltr'><strong>autllentia</strong></span> <span class='ocrx_word' id='word_1_732' title='bbox 1334 2486 1360 2508; x_wconf 91' lang='lat' dir='ltr'><strong>et</strong></span> <span class='ocrx_word' id='word_1_733' title='bbox 1371 2480 1420 2507; x_wconf 77' lang='lat' dir='ltr'><strong>[ide</strong></span> <span class='ocrx_word' id='word_1_734' title='bbox 1432 2487 1523 2506; x_wconf 80' lang='lat' dir='ltr'><strong>eorum</strong></span> <span class='ocrx_word' id='word_1_735' title='bbox 1538 2480 1667 2510; x_wconf 88' lang='lat' dir='ltr'><strong>omnium,</strong></span> <span class='ocrx_word' id='word_1_736' title='bbox 1679 2480 1726 2514; x_wconf 78' lang='lat' dir='ltr'><strong>qui</strong></span> 
     </span>
    </p>
   </div>
   <div class='ocr_carea' id='block_1_104' title="bbox 969 2525 1726 2559">
    <p class='ocr_par' dir='ltr' id='par_1_104' title="bbox 969 2525 1726 2559">
     <span class='ocr_line' id='line_1_107' title="bbox 969 2525 1726 2559; baseline -0.004 -5"><span class='ocrx_word' id='word_1_737' title='bbox 969 2536 984 2554; x_wconf 90' lang='lat' dir='ltr'><strong>a</strong></span> <span class='ocrx_word' id='word_1_738' title='bbox 1005 2528 1139 2554; x_wconf 85' lang='lat' dir='ltr'><strong>Clemente</strong></span> <span class='ocrx_word' id='word_1_739' title='bbox 1165 2526 1345 2553; x_wconf 78' lang='lat' dir='ltr'><strong>Alexandrino</strong></span> <span class='ocrx_word' id='word_1_740' title='bbox 1369 2533 1478 2559; x_wconf 89' lang='lat' dir='ltr'><strong>usquam</strong></span> <span class='ocrx_word' id='word_1_741' title='bbox 1507 2525 1634 2556; x_wconf 88' lang='lat' dir='ltr'><strong>citantur,</strong></span> <span class='ocrx_word' id='word_1_742' title='bbox 1657 2525 1726 2552; x_wconf 88' lang='lat' dir='ltr'><strong>seri-</strong></span> 
     </span>
    </p>
   </div>
   <div class='ocr_carea' id='block_1_105' title="bbox 969 2570 1724 2606">
    <p class='ocr_par' dir='ltr' id='par_1_105' title="bbox 969 2570 1724 2606">
     <span class='ocr_line' id='line_1_108' title="bbox 969 2570 1724 2606; baseline -0.001 -8"><span class='ocrx_word' id='word_1_743' title='bbox 969 2571 1173 2606; x_wconf 87' lang='lat' dir='ltr'><strong>ptorum.Nemo</strong></span> <span class='ocrx_word' id='word_1_744' title='bbox 1183 2572 1252 2598; x_wconf 89' lang='lat' dir='ltr'><strong>enim</strong></span> <span class='ocrx_word' id='word_1_745' title='bbox 1261 2571 1367 2597; x_wconf 76' lang='lat' dir='ltr'><strong>Patrunt</strong></span> <span class='ocrx_word' id='word_1_746' title='bbox 1379 2570 1472 2604; x_wconf 86' lang='lat' dir='ltr'><strong>majori</strong></span> <span class='ocrx_word' id='word_1_747' title='bbox 1487 2570 1592 2597; x_wconf 87' lang='lat' dir='ltr'><strong>licentia</strong></span> <span class='ocrx_word' id='word_1_748' title='bbox 1605 2574 1645 2597; x_wconf 87' lang='lat' dir='ltr'><strong>est</strong></span> <span class='ocrx_word' id='word_1_749' title='bbox 1659 2577 1724 2597; x_wconf 83' lang='lat' dir='ltr'><strong>usus</strong></span> 
     </span>
    </p>
   </div>
   <div class='ocr_carea' id='block_1_106' title="bbox 970 2614 1723 2646">
    <p class='ocr_par' dir='ltr' id='par_1_106' title="bbox 970 2614 1723 2646">
     <span class='ocr_line' id='line_1_109' title="bbox 970 2614 1723 2646; baseline -0.003 -5"><span class='ocrx_word' id='word_1_750' title='bbox 970 2616 996 2642; x_wconf 90' lang='lat' dir='ltr'><strong>in</strong></span> <span class='ocrx_word' id='word_1_751' title='bbox 1012 2615 1125 2642; x_wconf 85' lang='lat' dir='ltr'><strong>citandis</strong></span> <span class='ocrx_word' id='word_1_752' title='bbox 1138 2615 1298 2641; x_wconf 84' lang='lat' dir='ltr'><strong>auctoribus.</strong></span> <span class='ocrx_word' id='word_1_753' title='bbox 1308 2614 1364 2640; x_wconf 87' lang='lat' dir='ltr'><strong>sivc</strong></span> <span class='ocrx_word' id='word_1_754' title='bbox 1376 2614 1458 2640; x_wconf 91' lang='lat' dir='ltr'><strong>sacris</strong></span> <span class='ocrx_word' id='word_1_755' title='bbox 1469 2614 1523 2641; x_wconf 89' lang='lat' dir='ltr'><strong>sive</strong></span> <span class='ocrx_word' id='word_1_756' title='bbox 1534 2614 1723 2646; x_wconf 82' lang='lat' dir='ltr'><strong>ethnicis;cum</strong></span> 
     </span>
    </p>
   </div>
   <div class='ocr_carea' id='block_1_107' title="bbox 969 2659 1723 2692">
    <p class='ocr_par' dir='ltr' id='par_1_107' title="bbox 969 2659 1723 2692">
     <span class='ocr_line' id='line_1_110' title="bbox 969 2659 1723 2692; baseline 0 -7"><span class='ocrx_word' id='word_1_757' title='bbox 969 2659 992 2686; x_wconf 85' lang='lat' dir='ltr'><strong>ei</strong></span> <span class='ocrx_word' id='word_1_758' title='bbox 1008 2660 1034 2686; x_wconf 94' lang='lat' dir='ltr'><strong>in</strong></span> <span class='ocrx_word' id='word_1_759' title='bbox 1050 2667 1122 2686; x_wconf 84' lang='lat' dir='ltr'><strong>more</strong></span> <span class='ocrx_word' id='word_1_760' title='bbox 1135 2659 1178 2687; x_wconf 87' lang='lat' dir='ltr'><strong>sit.</strong></span> <span class='ocrx_word' id='word_1_761' title='bbox 1195 2666 1247 2685; x_wconf 82' lang='lat' dir='ltr'><strong>non</strong></span> <span class='ocrx_word' id='word_1_762' title='bbox 1259 2659 1358 2692; x_wconf 78' lang='lat' dir='ltr'><strong>integra</strong></span> <span class='ocrx_word' id='word_1_763' title='bbox 1373 2661 1510 2685; x_wconf 88' lang='lat' dir='ltr'><strong>auctorum</strong></span> <span class='ocrx_word' id='word_1_764' title='bbox 1524 2659 1604 2686; x_wconf 83' lang='lat' dir='ltr'><strong>verba</strong></span> <span class='ocrx_word' id='word_1_765' title='bbox 1620 2663 1723 2692; x_wconf 74' lang='lat' dir='ltr'><strong>semper</strong></span> 
     </span>
    </p>
   </div>
   <div class='ocr_carea' id='block_1_108' title="bbox 329 2729 1576 2774">
    <p class='ocr_par' dir='ltr' id='par_1_108' title="bbox 329 2729 1576 2774">
     <span class='ocr_line' id='line_1_111' title="bbox 329 2729 1576 2774; baseline -0.004 -7"><span class='ocrx_word' id='word_1_766' title='bbox 329 2747 350 2774; x_wconf 67' lang='grc' dir='ltr'><strong>ί]</strong></span> <span class='ocrx_word' id='word_1_767' title='bbox 365 2749 448 2772; x_wconf 71' lang='lat' dir='ltr'><strong>ann.</strong></span> <span class='ocrx_word' id='word_1_768' title='bbox 466 2735 518 2774; x_wconf 65' lang='lat'><strong>95,</strong></span> <span class='ocrx_word' id='word_1_769' title='bbox 531 2738 604 2774; x_wconf 54' lang='lat' dir='ltr'><strong>num:</strong></span> <span class='ocrx_word' id='word_1_770' title='bbox 620 2729 722 2774; x_wconf 27' lang='grc' dir='ltr'><strong>ἦτ’-’ΜΙ-</strong></span> <span class='ocrx_word' id='word_1_771' title='bbox 761 2762 815 2774; x_wconf 21' lang='lat'><strong>&quot;:7.</strong></span> <span class='ocrx_word' id='word_1_772' title='bbox 903 2769 909 2774; x_wconf 42' lang='grc' dir='ltr'><strong>Ι</strong></span> <span class='ocrx_word' id='word_1_773' title='bbox 1067 2734 1343 2774; x_wconf 33' lang='grc' dir='ltr'><strong>Ρξωῐθιτιιᾱαζειῃεηι.</strong></span> <span class='ocrx_word' id='word_1_774' title='bbox 1360 2733 1455 2774; x_wconf 55' lang='lat' dir='ltr'><strong>Epist.</strong></span> <span class='ocrx_word' id='word_1_775' title='bbox 1477 2735 1576 2774; x_wconf 72' lang='lat' dir='ltr'><strong>p._207.</strong></span> 
     </span>
    </p>
   </div>
   <div class='ocr_carea' id='block_1_109' title="bbox 339 2762 920 2830">
    <p class='ocr_par' dir='ltr' id='par_1_109' title="bbox 339 2762 918 2809">
     <span class='ocr_line' id='line_1_112' title="bbox 339 2762 918 2809; baseline 0.036 -35"><span class='ocrx_word' id='word_1_776' title='bbox 533 2765 604 2800; x_wconf 63' lang='lat' dir='ltr'><strong>apud</strong></span> <span class='ocrx_word' id='word_1_777' title='bbox 631 2762 734 2788; x_wconf 70' lang='lat' dir='ltr'><strong>Euseb.</strong></span> <span class='ocrx_word' id='word_1_778' title='bbox 757 2762 824 2791; x_wconf 72' lang='lat' dir='ltr'><strong>Hist.</strong></span> <span class='ocrx_word' id='word_1_779' title='bbox 853 2769 918 2796; x_wconf 72' lang='lat' dir='ltr'><strong>uel.</strong></span> 
     </span>
    </p>
   </div>
   <div class='ocr_carea' id='block_1_110' title="bbox 971 2762 1717 2830">
    <p class='ocr_par' dir='ltr' id='par_1_110' title="bbox 971 2762 1717 2830">
     <span class='ocr_line' id='line_1_113' title="bbox 971 2762 1717 2830; baseline 0 -35"><span class='ocrx_word' id='word_1_780' title='bbox 971 2762 1059 2830; x_wconf 61' lang='lat' dir='ltr'><strong>milii)</strong></span> <span class='ocrx_word' id='word_1_781' title='bbox 1087 2769 1114 2795; x_wconf 92' lang='lat' dir='ltr'><strong>In</strong></span> <span class='ocrx_word' id='word_1_782' title='bbox 1138 2773 1191 2795; x_wconf 91' lang='lat' dir='ltr'><strong>not.</strong></span> <span class='ocrx_word' id='word_1_783' title='bbox 1219 2768 1251 2794; x_wconf 90' lang='lat' dir='ltr'><strong>ad</strong></span> <span class='ocrx_word' id='word_1_784' title='bbox 1276 2768 1358 2794; x_wconf 79' lang='lat' dir='ltr'><strong>Clem.</strong></span> <span class='ocrx_word' id='word_1_785' title='bbox 1382 2762 1526 2804; x_wconf 59' lang='lat' dir='ltr'><strong>lipist.&#39;l,</strong></span> <span class='ocrx_word' id='word_1_786' title='bbox 1550 2777 1608 2804; x_wconf 86' lang='lat' dir='ltr'><strong>cap.</strong></span> <span class='ocrx_word' id='word_1_787' title='bbox 1634 2768 1669 2798; x_wconf 80' lang='lat'><strong>9.</strong></span> <span class='ocrx_word' id='word_1_788' title='bbox 1694 2776 1717 2804; x_wconf 91' lang='lat' dir='ltr'><strong>p.</strong></span> 
     </span>
    </p>
   </div>
   <div class='ocr_carea' id='block_1_111' title="bbox 60 2733 325 2826">
    <p class='ocr_par' dir='ltr' id='par_1_111' title="bbox 60 2733 325 2826">
     <span class='ocr_line' id='line_1_114' title="bbox 60 2733 325 2826; baseline 0.011 -3"><span class='ocrx_word' id='word_1_789' title='bbox 60 2733 154 2826; x_wconf 53' lang='lat' dir='ltr'><strong>ait:</strong></span> <span class='ocrx_word' id='word_1_790' title='bbox 169 2757 325 2826; x_wconf 63' lang='lat' dir='ltr'><strong>asa-sa“</strong></span> 
     </span>
    </p>
   </div>
   <div class='ocr_carea' id='block_1_112' title="bbox 110 2824 277 2861">
    <p class='ocr_par' dir='ltr' id='par_1_112' title="bbox 110 2824 277 2861">
     <span class='ocr_line' id='line_1_115' title="bbox 110 2824 277 2861; baseline -0.018 -10"><span class='ocrx_word' id='word_1_791' title='bbox 110 2829 125 2846; x_wconf 51' lang='grc' dir='ltr'><strong>κ</strong></span> <span class='ocrx_word' id='word_1_792' title='bbox 146 2824 174 2861; x_wconf 55' lang='grc' dir='ltr'><strong>έν,</strong></span> <span class='ocrx_word' id='word_1_793' title='bbox 186 2836 212 2854; x_wconf 79' lang='lat' dir='ltr'><strong>c.</strong></span> <span class='ocrx_word' id='word_1_794' title='bbox 226 2824 277 2851; x_wconf 72' lang='grc'><strong>25.</strong></span> 
     </span>
    </p>
   </div>
  </div>
