3832 6224
477 360 539 417 at
1568 354 1656 407 AD
1695 353 1751 408 s.
1789 351 2197 408 CLEMENTEM
2234 352 2251 404 ι
2292 350 2509 404 eam.“
2841 346 2861 365 ’
3614 327 3680 381 98

479 468 725 530 recitare.
780 452 879 529 sed.
927 483 1024 538 pro
1064 469 1284 523 arbitrio
1338 481 1436 521 suo
1482 482 1624 519 nunc
1657 466 1988 526 contrahere,
2019 469 2064 525 Α
2090 463 2229 517 drini
2260 479 2322 519 ex
2357 478 2463 532 quo
2486 461 2814 530 descriptum
2841 466 2926 513 est
2983 452 3312 538 pretiosum
3377 441 3518 538 illud
3572 458 3680 494 κει-

481 572 624 611 nunc
652 556 718 610 de
767 572 865 611 suo
913 559 1178 621 inserere,
1239 557 1340 610 alia
1383 561 1647 617 omittere,
1697 556 1800 608 alia
1827 555 1990 608 variis

484 645 657 700 modis
708 655 935 702 mutare.
990 676 1059 687 —-
1100 647 1159 700 Si
1200 648 1264 699 ad
1336 647 1449 699 hare
1497 645 1681 699 sedulo
1726 645 1989 707 attendas,

486 748 765 801 agnosces,
788 735 875 803 pie
891 735 1098 800 Lector,
1121 749 1350 796 mecum,
1389 749 1454 788 ex
1481 733 1840 797 Alexandrino
1886 749 1990 786 non

485 822 852 889 tuterpolatam
911 822 1095 886 fuisse,
1140 822 1297 875 toties
1344 822 1410 875 ab
1467 821 1700 875 Ecclesia
1748 822 1992 890 primaeva

484 910 798 963 celebratam
834 911 1096 972 laudibus,
1120 910 1224 962 imo
1248 921 1300 963 et
1341 923 1464 962 cum
1509 910 1676 964 sacris
1704 907 1994 977 Scripturis

484 998 691 1065 publice
717 998 903 1052 lectam
935 996 1157 1050 Romani
1187 995 1473 1052 Clementis
1506 996 1843 1066 Epistolam.)
1872 998 1994 1051 Haec

488 1087 770 1141 Wottdnus
794 1104 808 1153 ;
833 1087 915 1140 cui
948 1095 1121 1139 tamen
1155 1087 1431 1154 praeiverat
1469 1085 1701 1139 Joannes
1739 1086 1990 1139 Potterus

481 1178 564 1229 vir
592 1177 721 1230 clar.
752 1176 807 1228 in
854 1174 1399 1228 animadversionibus
1421 1174 1487 1226 ad
1529 1173 1849 1228 Clementem
1873 1174 1994 1227 Ale-

483 1263 796 1316 xandrinum
827 1261 957 1331 (ll),
990 1262 1078 1315 ubi
1111 1262 1410 1314 summatim
1447 1261 1680 1329 quidem,
1728 1261 1820 1315 sed
1857 1261 1993 1314 acri-

482 1364 579 1416 ter,
609 1352 860 1406 Bernardi
884 1351 1297 1419 conjectationes
1321 1352 1480 1406 elisit.

549 1442 716 1510 Hujus
743 1455 869 1497 vero
890 1441 1064 1494 critici
1090 1440 1245 1509 Angli
1266 1442 1486 1510 vestigia
1517 1456 1701 1511 presso
1731 1441 1861 1509 pede
1882 1455 1996 1509 per-

486 1532 727 1600 sequitur
751 1530 985 1585 Joannes
1011 1528 1329 1586 Laurentius
1357 1532 1673 1586 Mosbemius
1690 1532 1821 1604 (12),
1838 1548 1993 1601 quem

480 1622 527 1674 si
560 1620 767 1683 audias,
810 1620 1099 1675 Clementis
1144 1621 1367 1688 epistola
1417 1622 1440 1673 1
1495 1631 1681 1689 quarta
1734 1623 1816 1675 sui
1846 1632 1995 1690 parte

479 1708 780 1761 mulctanda
804 1707 898 1760 tibi
924 1709 1026 1761 erit
1062 1708 1185 1761 hinc
1214 1715 1266 1762 et
1298 1708 1464 1771 illinc,
1498 1724 1527 1761 a
1559 1708 1730 1777 capite
1760 1709 1791 1763 9
1821 1710 1885 1762 ad
1904 1711 1990 1763 55.

481 1797 585 1852 Sed
624 1813 729 1851 non
778 1798 955 1865 priora
1005 1797 1217 1866 quidem
1249 1797 1428 1851 decem
1459 1799 1653 1866 capita,
1702 1814 1766 1853 eo
1792 1799 1990 1866 judice,

480 1887 546 1939 ab
568 1885 974 1955 interpolatione
1014 1893 1137 1940 sunt
1184 1902 1402 1954 prorsus
1429 1887 1701 1942 immunia.
1728 1888 1793 1941 At
1818 1889 1994 1942 inania

480 1993 600 2032 esse
629 1993 691 2030 ac
720 1977 891 2031 l'utilia
910 1976 1182 2031 Mosbemii
1212 1989 1520 2045 argumenta
1547 1978 1601 2030 in
1624 1979 1792 2032 oculis
1821 1979 1997 2046 posuit

479 2064 711 2120 Joannes
740 2065 1040 2120 Ludovicus
1064 2064 1195 2136 Frey
1223 2067 1266 2135 (l
1279 2068 1330 2134 5)
1355 2086 1368 2120 :
1410 2067 1669 2135 siquidem
1705 2069 1896 2121 invicte
1916 2068 1997 2121 vir

479 2157 721 2210 eruditus
749 2157 1079 2210 evincitcum
1105 2172 1168 2210 ex
1200 2157 1517 2226 antiquitate
1544 2156 1746 2212 codicis
1768 2158 1997 2212 Alexan-

720 2267 883 2335 Epist.
918 2269 942 2321 1
986 2266 1259 2337 Clemerqis
1301 2268 1366 2321 ad
1412 2268 1721 2324 Corinthios.

546 2378 675 2447 Cap.
708 2378 748 2433 1.
781 2379 1020 2442 Γυναιξίν
1046 2397 1103 2432 τε
1128 2411 1195 2420 -
1223 2380 1634 2449 παρηγγέλλετε,
1676 2380 1997 2450 στεργούσας

481 2466 815 2535 καθηκόντως
862 2470 983 2531 τοὺς
1028 2470 1220 2539 ἄνδρας
1250 2470 1450 2522 ἑαυτῶν
1502 2501 1568 2510 ——
1612 2470 1747 2522 πάνυ
1802 2488 1999 2542 σωφρο-

479 2572 685 2616 νουσας.

545 2648 673 2715 Cap.
706 2644 770 2703 ν.
801 2647 1001 2717 Πέτρος
1020 2679 1084 2688 -
1103 2647 1240 2700 οὕτω
1272 2649 1617 2719 μαρτυρήσας
1644 2648 1904 2719 ἐπορεύθη
1924 2650 2000 2713 είς

480 2735 566 2787 τὸν
598 2736 929 2805 ὀφειλόμενον
947 2738 1104 2789 τόπον
1122 2737 1220 2804 τῆς
1246 2737 1416 2806 δόξης.

549 2822 679 2888 Cap.
711 2821 819 2875 VII.
854 2822 941 2873 Διὸ
962 2823 1334 2892 ἀπολείπωμεν
1352 2824 1446 2885 τάς
1473 2824 1628 2887 κενὰς
1654 2826 1744 2877 καὶ
1773 2826 2000 2895 ματαίας

483 2913 776 2980 φροντίδας,
806 2914 896 2965 καὶ
937 2913 1169 2983 ἔλθωμεν
1197 2916 1287 2966 ἐπὶ
1326 2917 1413 2967 τὸν
1449 2915 1638 2985 εὐκλεῆ
1673 2917 1765 2968 καὶ
1813 2918 1999 2987 σεμνὸν

482 2995 578 3062 τῆς
608 2996 761 3062 ἁγίας
792 2996 1027 3065 κλήσεως
1053 3001 1083 3066 ἡ
1094 2998 1205 3067 μῶν
1236 3001 1446 3052 κανόνα.

552 3056 681 3151 Cap.
830 3056 919 3135 Δίὺ
946 3056 1329 3157 ὐπαέούσωμεν
1373 3092 1437 3159 τῇ
1483 3089 1872 3159 μεγαλοπρεπεῖ
1908 3056 2065 3143 καὶ(1

483 3170 670 3240 ἐνδόξῳ
724 3170 962 3242 βουλήσει
1015 3174 1176 3226 αὐτοῦ
1234 3175 1412 3247 [Θεοῦ]
1441 3208 1508 3217 -—
1544 3178 1883 3242 ἀπολιπόντες
1909 3179 2002 3250 τὴν

488 3259 884 3326 ματαιοπονίαν,
913 3258 1009 3327 τήν
1035 3276 1091 3311 τε
1120 3261 1312 3329 έριν,κ.
1344 3280 1393 3315 τ.
1426 3264 1476 3315 λ.

554 3347 684 3414 Cap.
740 3345 876 3401 XIII.
923 3350 1262 3419 Μεμνημένοι
1304 3352 1410 3404 τῶν
1447 3354 1616 3421 λόγων
1663 3353 1756 3407 τοῦ
1804 3355 2002 3426 Κυρίου

485 3435 677 3502 Ἰησοῦ,
709 3435 797 3498 οὓς
821 3437 1069 3507 ἐλάλησεν
1096 3435 1512 3508 διδάσκωνο-ᾦ
1520 3443 1707 3518 μέτρῳ
1725 3445 2000 3513 μετρεῖτε,

485 3519 553 3571 ἐν
580 3519 735 3584 αὐτῷ
755 3522 1177 3588 μετρηθήσεται
1202 3525 1357 3593 ὑμῖν.

554 3610 682 3677 Cap.
713 3609 852 3665 XXI.
887 3612 1105 3682 Ἵδωμεν
1134 3613 1244 3676 πῶς
1259 3614 1420 3681 ἐγγύς
1444 3616 1587 3667 ἐστιν
1608 3614 1656 3685 [ό
1676 3616 1894 3687 Κύριος]
1914 3617 2005 3671 καὶ

487 3696 565 3749 ὅτι
591 3698 736 3751 οὐδὲν
763 3698 976 3768 λέληθεν
1007 3700 1164 3752 αὑτὸν
1190 3701 1293 3753 τῶν
1322 3702 1531 3755 ἐννοιῶν
1559 3703 1730 3773 ἡμῶν,
1760 3704 1874 3757 οὐδὲ
1900 3704 2004 3756 τῶν

486 3786 836 3857 διαλογισμῶν
862 3786 935 3840 ὧν
976 3788 1286 3858 ποιούμεθα⁹
1314 3821 1383 3831 -
1421 3791 1703 3862 ἐρευνητὴς
1729 3791 1835 3862 γάρ
1861 3794 2005 3848 ἐστιν

489 3876 699 3928 ἐννοιῶν
727 3878 818 3929 καὶ
847 3877 1201 3948 ἐνθυμήσεων.

558 3964 692 4019 Ibid.
726 3966 861 4027 Τοὺς
900 3967 1049 4029 νεοὺς
1091 3965 1454 4036 παιδεύσωμεν
1495 3967 1590 4038 τὴν
1633 3970 1870 4023 παιδείαν
1911 3971 2004 4024 τοῦ

492 4057 650 4127 φόϐου
680 4057 770 4108 τοῦ
800 4058 930 4109 Θεοῦ
949 4075 963 4089 ο
1005 4058 1100 4120 τάς
1144 4063 1396 4126 γυναῖκας
1422 4062 1453 4129 ἡ
1463 4060 1574 4129 μῶν
1599 4061 1690 4114 ἐπὶ
1722 4062 1781 4114 τὸ
1810 4064 2006 4132 ἀγαθὸν

491 4145 926 4215 διορθωσώμεθα·
987 4147 1045 4198 τὸ
1087 4147 1445 4217 ἀξιαγάπητον
1482 4151 1578 4221 τῆς
1619 4152 1830 4218 ἁγνείας
1880 4150 2006 4224 ἦθος

494 4233 933 4297 ἐνδειξάσθωσανσ
986 4265 1052 4274 —-
1103 4235 1196 4304 τὴν
1255 4237 1466 4305 ἀγάπην
1521 4240 1693 4292 αὐτῶν
1748 4241 1818 4311 μὴ
1870 4244 2007 4296 κατά

2095 552 2297 622 μήλιον,
2351 531 2463 604 tum
2500 564 2565 603 ex
2608 558 2845 603 veterum
2876 546 3105 601 Patrum
3137 531 3524 595 testimoniis,
3576 547 3679 622 quos

2090 620 2329 694 eamdem
2360 639 2578 694 omnino
2629 638 2910 707 epistolam
2970 633 3211 691 habere,
3277 637 3456 694 quam
3499 620 3683 677 habuit

2091 736 2300 783 vetusta
2330 727 2601 792 Ecclesia;
2635 741 2794 794 quam
2843 724 3149 777 audierunt
3192 716 3254 768 in
3308 712 3500 767 sacris
3528 712 3681 764 emti-

2089 817 2192 872 bus
2221 818 2454 886 primaevi
2480 815 2792 876 Christiani,
2834 813 2964 866 dum
3015 808 3211 862 adhuc
3259 803 3393 870 ejus
3428 801 3679 854 lectionis

2089 924 2221 963 usus
2251 908 2481 977 vigeret;
2507 922 2664 976 quam
2687 904 2919 972 denique
2950 903 3212 970 legerunt
3239 890 3555 962 Dionysius
3577 891 3681 945 Co-

2090 997 2341 1060 rinthius,
2370 997 2615 1050 Clemens
2648 991 3052 1046 Alexandrinus
3075 1027 3091 1051 ,
3127 984 3394 1055 Cyrillus
3422 979 3681 1034 Hieroso-

2091 1085 2398 1155 lymitanus,
2429 1085 2803 1153 Hieronymus,
2837 1088 2891 1136 et
2920 1076 3133 1134 caateri.

2161 1173 2354 1227 Verum
2388 1174 2433 1226 si
2479 1173 2639 1226 altius
2687 1171 2865 1225 adhuc
2921 1164 3349 1221 assurrexisset
3402 1158 3493 1213 vir
3518 1159 3672 1222 clar.,

2091 1260 2319 1313 vetustis
2376 1258 2482 1312 illis
2548 1257 2801 1311 Ecclesiae
2857 1253 3243 1323 scriptoribus
3310 1246 3675 1303 vetustiorem

2090 1352 2247 1406 etiam
2277 1350 2473 1404 addere
2525 1342 2733 1418 poterat
2784 1348 3186 1418 Polycarpum,
3252 1340 3674 1396 sanctissimum

2093 1438 2463 1510 Smyrnense’m
2492 1440 2797 1508 episcopum
2829 1447 2883 1492 et
2904 1444 3214 1506 martyrem
3244 1476 3260 1500 ,
3290 1432 3393 1503 qui
3433 1429 3673 1486 eamdem

2098 1527 2481 1583 Clementinam
2528 1528 2817 1597 Epistolam
2877 1542 3048 1580 manu
3104 1539 3404 1586 versasse,
3461 1522 3596 1590 quin
3624 1528 3675 1575 et

2091 1617 2347 1671 nonnulla
2372 1632 2433 1671 ex
2458 1632 2519 1670 ea
2541 1632 2674 1685 pene
2700 1616 2869 1670 verbo
2898 1625 3063 1670 tenus
3096 1619 3374 1680 excerpta
3408 1611 3468 1663 in
3523 1624 3672 1664 suam

2093 1709 2158 1760 ad
2187 1706 2553 1774 Philippenses
2588 1705 2877 1773 Epistolam
2922 1703 3300 1758 transtulisse
3330 1700 3669 1769 perhibetur.

2091 1796 2270 1866 Neque
2298 1796 2526 1849 fortasse
2553 1798 2781 1850 otiosum
2822 1794 3009 1856 fuerit,
3054 1808 3185 1861 qure
3247 1791 3393 1844 viris
3444 1789 3672 1843 eruditis

2090 1886 2351 1952 nobisque
2403 1885 2681 1937 observata
2730 1881 2796 1936 de
2839 1882 3252 1953 Polycarpiana
3306 1880 3548 1934 lectione
3583 1893 3671 1931 oc-

2094 1980 2337 2034 currunt,
2380 1973 2432 2024 in
2470 1987 2635 2025 unum
2658 1984 2911 2039 congesta
2946 1980 3121 2040 atque
3172 1969 3423 2023 invicem
3455 1982 3671 2037 compa-

2093 2070 2210 2115 rata
2241 2062 2293 2115 in
2324 2061 2560 2115 medium
2599 2061 2860 2130 proferre.
2919 2060 3003 2114 En
3057 2062 3257 2130 itaque
3290 2060 3548 2114 locorum
3576 2058 3668 2111 ali-

2094 2157 2223 2219 quot
2249 2150 2659 2219 parallelismum
2686 2151 3019 2205 institutum.

2429 2263 2598 2332 Epist.
2632 2262 2911 2332 Polycarpi
2937 2263 3008 2317 ad
3054 2262 3303 2331 Philipp.

2161 2373 2288 2442 Cap.
2324 2372 2407 2426 IV.
2440 2372 2736 2442 Διδάξωμεν
2790 2404 2857 2415 -ο
2915 2373 3017 2436 τὰς
3074 2377 3358 2440 γυναῖκας
3416 2370 3666 2443 ὑμῶν-

2095 2463 2415 2532 στεργούσας
2440 2465 2562 2523 τοὺς
2594 2462 2793 2515 ἑαυτῶν
2819 2462 3016 2533 ἄνδρας
3037 2464 3099 2515 ἐν
3130 2462 3292 2535 πάσῃ
3322 2461 3555 2532 ἀληθείᾳ
3578 2462 3665 2513 καὶ

2094 2586 2160 2595 —
2191 2556 2247 2607 ὲν
2278 2555 2422 2626 πάσῃ
2450 2555 2752 2624 ἐγκρατείᾳ.

2164 2645 2291 2714 Cap.
2316 2643 2403 2698 IX.
2427 2646 2626 2713 Πέτρος
2654 2645 2745 2695 καὶ
2775 2642 2986 2704 Παῦλος
3006 2635 3246 2696 -οῦτοι
3278 2642 3489 2705 πάντες
3505 2674 3573 2683 -—
3592 2643 3663 2703 είς

2094 2737 2181 2789 τὸν
2206 2734 2535 2804 ὀφειλόμενον
2567 2733 2743 2793 αὐτοῖς
2768 2732 2927 2783 τόπον
2958 2733 3069 2783 εἰσὶ
3099 2732 3263 2802 παρά
3291 2730 3373 2801 τῷ
3403 2732 3611 2801 Κυρίῳ.

2165 2828 2293 2894 Cap.
2337 2824 2447 2877 Vll.
2480 2823 2567 2875 Διὸ
2610 2821 2956 2883 ἀπολιπόντες
3001 2821 3104 2891 τὴν
3154 2823 3508 2892 ματαιότητα
3562 2822 3663 2873 τῶν

2097 2916 2296 2968 πολλῶν
2322 2943 2391 2954 -—-
2415 2914 2502 2963 ἐπὶ
2532 2911 2618 2963 τὸν
2660 2910 2718 2973 ἐξ
2756 2910 2927 2981 ἀρχῆς
2972 2913 3109 2980 ἡμῖν
3157 2912 3548 2983 παραδοθέντα
3592 2909 3663 2962 λό-

2096 3024 2187 3076 γον
2215 3002 2631 3073 ἐπιστρέψωμεν.

2163 3095 2295 3161 Cap.
2328 3091 2391 3145 ll.
2421 3090 2509 3143 Διὸ
2537 3089 2935 3159 ἀναζωσάμενοι
2953 3090 3053 3153 τάς
3073 3091 3317 3160 ὀσφύας,
3347 3092 3661 3145 δουλεύσατε

2096 3180 2173 3249 τῷ
2198 3178 2312 3247 Θεῷ
2340 3178 2395 3229 ἐν
2425 3176 2570 3245 φόϐῳ
2596 3177 2688 3228 καὶ
2718 3176 2957 3246 ἀληθείᾳ,
2975 3177 3351 3242 ἀπολιπόντες
3380 3178 3481 3249 τὴν
3509 3178 3662 3250 κενὴν

2101 3265 2491 3339 ματαιολογίαν,
2522 3265 2614 3317 καὶ
2642 3262 2736 3334 τὴν
2768 3263 2874 3315 τῶν
2902 3264 3115 3318 πολλῶν
3146 3266 3389 3337 πλάνην.

2162 3353 2290 3423 Cap.
2322 3353 2383 3407 11.
2418 3354 2885 3423 Μνημονεύσαντες
2913 3351 2969 3404 δὲ
2996 3348 3073 3407 ὧν
3104 3349 3267 3408 εἶπεν
3297 3357 3328 3408 ὀ
3359 3356 3569 3428 Κύριος
3597 3357 3662 3411 δι-

2097 3444 2469 3499 δάσκων·--ὲν
2493 3440 2537 3506 ᾧ
2560 3443 2748 3512 μέτρῳ
2767 3440 3048 3511 μετρεῖτε,
3080 3444 3660 3515 ἀντιμετρηθήσεται

2097 3533 2252 3602 ὑμῖν.

2166 3620 2295 3687 Cap.
2333 3616 2419 3672 Ν.
2450 3616 2673 3669 Γινώσκ.
2729 3645 2796 3658 -—
2849 3617 2929 3669 ὃτι
2982 3616 3034 3689 [ὁ
3081 3619 3247 3691 Θεὸς]
3292 3621 3480 3675 πάντα
3510 3621 3661 3691 ήμῶν

2101 3710 2402 3769 σκοπεῖται,
2443 3708 2533 3758 καὶ
2577 3703 2789 3774 λέληθεν
2841 3704 3002 3757 αὑτὸν
3059 3705 3241 3769 οὐδὲν,
3304 3706 3433 3760 οὔτε
3491 3707 3662 3775 λογισ-

2102 3798 2247 3869 μῶν,
2276 3795 2395 3850 οῠτε
2420 3794 2663 3857 ἐννοιῶν,
2707 3792 2826 3846 οὔτε
2868 3810 2919 3846 τι
2955 3793 3065 3846 τῶν
3096 3797 3368 3867 κρυπτῶν
3400 3798 3502 3867 τῆς
3530 3814 3661 3868 καρ-

2099 3886 2231 3949 δίας.

2168 3973 2299 4028 Ibid.
2347 3970 2645 4042 Διδάξωμεν
2695 4000 2764 4013 --
2811 3970 2909 4031 τάς
2974 3974 3248 4037 γυναῖκας
3303 3973 3463 4043 ὑμῶν
3523 3972 3660 4047 [πο-

2103 4062 2380 4134 ρεύεσθαι]
2408 4063 2464 4115 ἐν
2503 4064 2569 4132 τῇ
2596 4060 2809 4133 δοθείσῃ
2849 4059 3039 4121 αὑταῖς
3082 4061 3272 4116 πίστει
3324 4066 3423 4117 καὶ
3472 4066 3660 4137 ἀγάπῃ

2102 4155 2194 4207 καὶ
2222 4153 2487 4223 ἁγνείᾳ-
2505 4151 2596 4204 καὶ
2621 4149 2914 4217 ἀγαπώσας
2944 4150 3155 4215 πάντας
3175 4152 3237 4217 ἐξ
3274 4155 3392 4208 ἴσου
3422 4156 3482 4208 ἐν
3512 4156 3659 4227 πάσῃ

2103 4241 2404 4313 ἐγκρατείᾳ*
2435 4240 2525 4292 καλ⁸
2549 4239 2616 4292 τὰ
2641 4239 2801 4292 τέκνα
2830 4238 3101 4294 παιδεύειν
3128 4241 3230 4317 τὴν
3278 4244 3538 4296 παιδείαν
3565 4243 3656 4296 τοῦ

494 4322 849 4392 προσκλίσεις,
879 4321 1009 4374 ἀλλά
1046 4323 1206 4373 πᾶσιν
1232 4326 1341 4384 τοῖς
1370 4324 1708 4394 φοϐουμένοις
1750 4328 1839 4381 τὸν
1879 4330 2005 4384 Θεὸν
2034 4364 2078 4419 D
2105 4332 2263 4401 φόϐου
2292 4329 2384 4382 τοῦ
2410 4327 2561 4382 Θεοῦ.

493 4413 668 4475 ὁσίως,
697 4413 812 4481 ῐοην
841 4412 1229 4482 παρεχέτωσαν.

563 4522 637 4575 Ex
664 4522 922 4575 hactenus
950 4520 1123 4575 allatis
1144 4522 1454 4590 collatisque
1485 4523 1615 4578 locis
1651 4525 1925 4581 manifeste
1954 4530 2012 4581 li-

494 4618 640 4678 quet,
672 4617 727 4661 ut
759 4608 968 4677 quidem
1006 4609 1256 4670 arbitror,
1288 4610 1355 4663 ab
1386 4610 1565 4663 ultima
1591 4626 1758 4679 usque
1775 4614 2008 4682 antiqui-

496 4706 602 4752 tate
622 4696 1161 4768 Polycarpo,Joannis
1181 4700 1518 4767 evangelista:
1538 4692 1818 4769 discipulo,
1846 4702 2010 4756 fuisse

498 4786 780 4855 perlectam
832 4785 1121 4838 Clementis
1178 4783 1401 4838 Romani
1456 4787 1741 4854 Epistolam
1788 4804 1888 4856 qua
1944 4789 2010 4843 de

498 4875 741 4944 agimus,
799 4893 1019 4948 eamque
1077 4893 1184 4947 prae
1247 4877 1413 4930 oculis
1470 4876 1717 4930 habuisse
1769 4886 2007 4930 sanctum

499 4965 871 5034 Smyrnensem
928 4969 1241 5030 antistitem,
1289 4966 1413 5018 dum
1461 4981 1608 5017 suam
1661 4967 1917 5020 scriberet
1945 4968 2009 5021 ad

500 5053 902 5122 Pbilippenses:
934 5057 1074 5110 unde
1096 5064 1210 5109 orta
1256 5056 1545 5110 similitudo
1587 5055 1695 5120 illa,
1746 5071 1862 5125 quae
1904 5072 2008 5110 non

499 5143 670 5195 solum
699 5143 938 5196 eumdem
968 5146 1161 5214 stylum
1204 5145 1419 5212 ubique,
1470 5144 1563 5197 sed
1592 5144 1773 5197 eadem
1801 5160 2013 5213 quoque

506 5245 638 5300 pene
666 5230 826 5283 verba
850 5229 1048 5285 referre
1078 5232 1215 5285 haud
1257 5232 1417 5286 semel
1456 5231 1683 5287 videtur.
1734 5231 1864 5285 Cum
1907 5234 2009 5284 ita-

500 5335 604 5389 que
651 5318 706 5373 in
743 5317 1123 5388 Polycarpiana
1174 5322 1412 5390 perbrevi
1452 5320 1687 5391 Epistola
1731 5326 2011 5389 tot'appa-

574 5448 897 5518 (ll)Potter.
928 5446 1195 5518 ad_Clem.
1242 5450 1389 5505 Alex.
1433 5452 1624 5506 Strom.
1666 5450 1757 5504 lib.
1783 5464 1854 5509 tv,
1889 5462 2005 5517 cap.

505 5515 588 5573 18.
624 5515 668 5585 ιζ
701 5518 824 5576 610,
853 5524 964 5585 not.
997 5516 1048 5567 4.

576 5583 683 5653 (l2)
712 5585 881 5638 lnstit.
912 5584 1029 5636 hist.
1054 5583 1240 5636 Christ.
1270 5587 1452 5663 majpr.
1486 5604 1601 5640 δατ.
1632 5602 1722 5654 t,p.
1752 5584 1851 5637 21⁸2
1883 5585 1998 5636 ﬁlii.

2102 4532 2253 4580 reant
2281 4521 2622 4578 Clementinaa
2644 4520 2903 4588 vestigia;
2933 4520 3075 4573 hanc
3105 4536 3277 4576 unam
3309 4525 3384 4579 ob
3406 4541 3653 4591 causam,

2102 4612 2387 4675 Bernardi,
2436 4609 2628 4664 Clerici
2678 4623 2739 4662 ac
2794 4608 3072 4663 Moshemii
3120 4614 3562 4682 conjectationes
3591 4619 3655 4670 de

2105 4702 2264 4771 hujus
2288 4698 2497 4753 laciniis
2529 4713 2596 4751 ex
2624 4696 2894 4752 Clemente
2928 4698 3299 4756 Alexandrino
3324 4703 3651 4775 desumptis,

2105 4790 2321 4845 omnino
2348 4794 2665 4842 evanescant
2694 4796 2920 4855 oportet.
3150 4818 3161 4836 ι
3308 4796 3317 4802 ’

2171 4878 2351 4946 Neque
2381 4876 2467 4928 alii
2498 4876 2735 4943 profecto
2761 4877 2975 4941 desunt,
3015 4879 3108 4946 qui
3146 4880 3397 4947 ejusdem
3433 4884 3651 4954 Episto-

2107 4968 2169 5021 las
2186 4965 2543 5021 sinceritatem
2574 4964 2626 5016 in
2648 4964 2866 5018 dubium
2898 4973 3181 5031 revocent;
3208 4970 3359 5037 quod
3386 4973 3648 5027 nimirum

2106 5054 2355 5108 nonnulla
2391 5052 2629 5105 fabulosa
2660 5067 2766 5121 pra:
2794 5069 2851 5107 se
2879 5054 3048 5119 ferat;
3075 5057 3220 5123 quod
3277 5059 3463 5130 aliqua
3498 5064 3553 5116 in
3587 5080 3647 5118 ea

2106 5143 2473 5197 desiderantur
2500 5156 2530 5193 a
2577 5145 2801 5199 vetustis
2829 5144 3077 5198 Patribus
3105 5145 3360 5215 allegata,
3402 5160 3509 5205 etc.
3542 5152 3645 5207 Sed

2106 5232 2205 5286 bos
2235 5233 2559 5285 morosiores
2589 5233 2809 5288 criticos
2835 5234 3030 5288 missos
3061 5233 3327 5292 facimus:
3363 5248 3478 5295 tum
3500 5245 3645 5312 quod

2107 5336 2289 5375 eorum
2313 5322 2637 5388 objectiones
2662 5323 2802 5377 ﬂuxo
2827 5324 2959 5378 adeo
2988 5325 3095 5377 talo
3145 5325 3415 5395 nitantur,
3462 5343 3522 5386 ut
3552 5350 3643 5403 pe—

2106 5449 2284 5571 mcuis)
2334 5449 2542 5504 ριεωιειι.
2597 5448 2662 5504 ad
2707 5448 2876 5518 Epist.
2934 5452 3028 5508 ss.
3066 5454 3165 5508 PP.
3198 5427 3429 5523 apostol.
3494 5462 3637 5517 ειη.
