3832 6260
152 408 211 465 π
1571 394 1910 455 ιιιιοαειιιΑ
1947 390 2321 457 νΑιιιοιιυιι
3420 406 3486 463 9t

159 524 261 575 dem
288 465 1102 611 δύῒῃὲἒηξυῗῖρξίἶίεηθ
1122 506 1312 603 ,ιιέιια
1337 507 1598 575 expediat,
1645 520 1755 564 tum
1804 513 1859 569 in
1888 523 1932 573 Α
1958 527 2116 581 porro
2145 529 2213 568 ne
2258 513 2401 566 illam
2447 513 2659 582 quidem
2690 511 3099 569 Corinthiorum
3143 518 3362 574 nomine
3409 520 3486 576 si»

163 565 1035 675 νηωῐξξὲῗῗᾼῖξιῗίξίῐιιὲ
1076 587 1243 647 viris
1289 596 1512 651 eruditis
1542 613 1629 653 res
1658 600 1868 655 abunde
1958 565 2175 668 gnatam
2203 615 2264 654 ex
2295 565 2531 666 ejusdem
2563 600 2782 653 indiculi
2813 602 3024 655 silentio
3054 602 3174 671 jure
3201 565 3421 675 argnati

184 657 311 745 raris
336 657 529 764 ωθῖ
542 660 943 764 ιῖεξιιίθειεηει.
967 667 1259 735 Firmum
1290 683 1450 752 igitur
1473 694 1753 755 ratumque
1775 690 1863 753 sit,
1967 657 1996 668 ν
2030 686 2211 755 Neque
2236 657 2358 741 item
2390 688 2659 742 silentium
2694 704 2793 742 nos
2814 700 3023 744 moveat
3054 657 3290 759 'Eusebii‘:
3316 705 3369 749 et
3391 712 3481 764 qm

349 755 528 850 agam
553 755 808 850 omnino
840 770 989 850 esse
1045 769 1317 832 priorem
1346 774 1634 832 Clementis
1659 780 1864 846 episto-
1962 786 2081 826 eum
2114 774 2280 826 secuti
2305 780 2446 836 sunt,
2476 773 2781 845 Hieronymi
2812 786 2970 845 atque
2994 777 3204 846 Ruﬁni;
3232 755 3325 850 qui
3355 755 3480 835 dum

212 840 495 936 iu“,qu
514 840 737 942 “Emam
788 840 870 896 ad
901 863 1051 942 gnos
1108 840 1867 936 integrapervenisseti-quid-
1964 859 2211 928 Epistolas
2261 862 2505 937 secundae
2551 840 2945 927 meminerunt,
2991 840 3476 922 EcclesiaJCorin-

230 952 371 1017 quid
389 941 536 1026 6““?
561 939 623 982 Π)
646 944 715 983 ea
750 939 1144 1010 θοηῑὶῐιθειιτ,
1179 958 1426 1021 tempora
1455 956 1611 1024 plane
1652 967 1866 1026 aposro.
1962 948 2151 1002 thiacae
2180 948 2342 1003 fuisse
2370 950 2510 1002 illam
2538 951 2847 1019 inscriptam
2881 968 2987 1006 non
3018 957 3315 1022 perhibent.
3346 957 3479 1012 Cum

247 1037 367 1085 κλει
390 1017 587 1115 reicrt;
642 1036 838 1093 neque
872 1030 1071 1087 ullum
1107 1054 1180 1092 ex
1213 1017 1360 1096 om—ni
1403 1017 1545 1099 retro
1574 1017 1867 1115 antiquita—
1961 1040 2101 1093 enim
2151 1040 2346 1092 laudati
2377 1042 2687 1106 scriptores,
2707 1017 2779 1094 —ut
2807 1051 2952 1097 recte
3001 1017 3337 1107 Coutantius,
3368 1060 3481 1103 me-

268 1127 330 1172 te
368 1111 617 1201 quispiam
637 1119 850 1171 testem
883 1125 1263 1194 produxerit,
1293 1134 1382 1200 qui
1412 1134 1652 1189 homines
1677 1111 1865 1190 corda.
1961 1135 2163 1179 morata
2213 1126 2391 1194 priore
2436 1126 2722 1181 Clementis
2762 1128 2828 1181 ad
2872 1128 3167 1184 Corinthios
3218 1134 3479 1201 Epistola,

276 1213 379 1258 tos
410 1203 463 1256 de
484 1199 625 1255 illius
692 1205 1043 1268 sinceritate
1075 1218 1281 1273 merito
1313 1199 1589 1290 ancipites
1642 1224 1864 1278 reddere
1961 1215 2136 1268 statim
2168 1215 2435 1268 sumam:
2479 1212 2669 1267 FW”
2721 1224 2768 1269 ετ
2811 1218 2995 1280 αιιεταν
3026 1236 3199 1288 neque
3234 1199 3298 1274 ed
3342 1222 3478 1277 alios

288 1293 480 1345 valeat.
1960 1303 2096 1357 hanc
2125 1304 2341 1356 alteram
2374 1304 2623 1371 scriptam
2648 1318 2764 1357 esse
2793 1304 3101 1375 designent,
3130 1323 3243 1362 eam
3265 1325 3478 1377 quoque

368 1380 455 1434 ιιι.
479 1378 815 1440 Posterioris
862 1389 1005 1445 item
1040 1395 1110 1446 ad
1135 1396 1445 1454 Corinthios
1470 1399 1718 1469 Epistolze
1743 1403 1863 1457 Cle-
1958 1390 2022 1443 ad
2055 1391 2267 1444 eosdem
2297 1392 2549 1459 scriptum
2597 1390 2890 1461 intelligere
2935 1396 3124 1449 merito
3165 1397 3478 1450 existiman-

283 1470 552 1531 mentinaa,
584 1480 722 1524 sunt
783 1477 887 1544 qui
956 1496 1071 1534 non
1108 1486 1283 1537 solum
1329 1489 1627 1553 veritatem,
1677 1507 1857 1545 verum
1957 1489 2079 1535 tur:
2104 1481 2360 1549 alioquin,
2391 1482 2435 1533 si
2474 1481 2536 1533 ad
2561 1482 2692 1537 alios
2732 1483 2947 1536 missam
2976 1493 3213 1549 nossent,
3232 1501 3401 1555 neque
3422 1487 3476 1539 id

278 1560 454 1611 etiam
473 1559 874 1627 antiquitatem
900 1567 1249 1638 impugnant.
1280 1574 1374 1628 llis
1400 1592 1569 1644 nuper
1594 1579 1750 1632 etiam
1779 1595 1791 1633 ι

1961 1570 2255 1625 innuissent
2273 1612 2287 1636 ,
2312 1572 2423 1624 haec
2443 1572 2675 1640 ipsorum
2700 1572 2975 1625 reticentia
2999 1574 3120 1642 jure
3166 1589 3227 1629 ac
3280 1576 3474 1629 merito

279 1646 457 1698 cessit
482 1646 628 1700 haud
662 1650 980 1710 incelebris
1005 1659 1233 1714 criticus
1269 1662 1600 1720 Hermannus
1629 1665 1792 1721 Vener

1959 1660 2288 1728 negligentia:
2314 1661 2576 1727 culpanda
2618 1661 2910 1716 videretur.
2942 1661 3082 1726 Quid
3121 1663 3263 1731 quod
3304 1664 3472 1716 Doro-

274 1733 351 1786 in
395 1734 631 1802 Epistolis
665 1737 964 1811 Harlingxe
985 1746 1273 1814 evulgatis,
1305 1764 1368 1803 eo
1396 1752 1730 1818 potissimum
1762 1770 1860 1807 no.
1956 1749 2110 1802 theus
2140 1748 2571 1812 archimandrita,
2595 1747 2825 1803 Joannes
2848 1749 3204 1805 Damascenus
3229 1760 3281 1804 et
3307 1751 3471 1804 Nicon

277 1822 458 1883 mine,
485 1838 597 1891 quo
622 1828 1007 1895 epistolarum
1038 1833 1328 1890 Clementis
1357 1856 1386 1890 a
1411 1840 1539 1895 clar.
1569 1841 1860 1898 Wetstenio
1889 1818 1930 1871 Β
1958 1838 2252 1892 monachus
2278 1838 2550 1890 secundum
2599 1838 2887 1893 Clementis
2924 1838 3237 1907 Epistolam,
3273 1853 3324 1894 et
3354 1841 3474 1908 qui-

276 1916 444 1968 baud
466 1916 541 1969 ita
574 1920 806 1986 pridem
844 1925 1118 1979 editorum
1175 1929 1527 1997 integritatem
1563 1941 1789 1988 evertere

1959 1924 2072 1978 dem
2126 1924 2193 1977 ad
2246 1923 2539 1978 Corinthios
2598 1926 2873 1993 scriptam,
2924 1933 3196 1995 legerunt,
3249 1929 3472 1997 ejusque

275 2004 489 2073 (ll-ade
517 2021 578 2059 re
626 2023 764 2061 mox
800 2010 1056 2066 inferius.
1114 2013 1190 2070 Ne
1223 2018 1399 2084 itaque
1460 2018 1630 2073 omcio
1676 2030 1859 2076 nostro
1957 2029 2119 2066 unum
2152 2015 2440 2067 alterumve
2470 2015 2816 2083 fragmentum
2846 2017 2985 2085 apud
3036 2017 3155 2071 illos
3204 2027 3471 2072 servatum

274 2093 481 2147 deesse
517 2096 844 2161 videamur,
875 2100 1228 2167 Cotelerium,
1262 2105 1491 2169 Bullum,
1521 2107 1857 2163 Coutantium
1954 2104 2242 2157 etiamnum
2265 2105 2598 2172 reperimus?
2619 2104 2757 2167 Quid
2787 2105 2929 2173 quod
2963 2107 3045 2160 vel
3086 2107 3201 2174 ipse
3250 2106 3471 2161 Photins

274 2182 539 2251 aliosque
564 2187 724 2239 viros
756 2187 961 2243 doctos
1004 2194 1277 2256 assectati,
1312 2195 1733 2250 adversariorum
1762 2199 1858 2251 ob-
1955 2192 2116 2243 semel
2143 2192 2437 2259 iterumque
2458 2194 2627 2260 palam
2647 2199 2894 2257 testatur,
2913 2194 3010 2245 sibi
3033 2196 3217 2246 lectum
3244 2194 3471 2247 libellum

264 2274 686 2342 jeciationibus
717 2276 912 2334 facere
945 2282 1082 2337 satis
1122 2298 1297 2352 opera;
1322 2288 1549 2353 pretium
1585 2288 1859 2340 existima-
1953 2279 2007 2331 in
2034 2296 2129 2347 quo
2153 2279 2425 2334 Clementis
2455 2280 2702 2349 Epistolis
2724 2281 2840 2334 dua:
2884 2283 2950 2334 ad
2978 2282 3270 2336 Corinthios
3300 2284 3471 2337 conti-

272 2378 438 2419 mus.
1842 2382 1845 2383 '
1953 2370 2232 2431 llCilallllll‘,
2274 2371 2493 2439 ejusque
2521 2372 2585 2427 de
2631 2381 2855 2440 utraque
2887 2373 3143 2441 judicium
3182 2374 3311 2427 mire
3336 2389 3468 2426 con-

375 2452 792 2511 Observandum
826 2459 1012 2527 itaque
1059 2461 1290 2529 primum
1340 2461 1628 2531 Epistolam
1658 2472 1858 2517 utram-
1953 2468 2105 2513 sonat
2133 2475 2252 2510 cum
2285 2460 2349 2514 iis
2402 2477 2519 2528 quze
2571 2463 2743 2514 adhuc
2798 2464 3120 2530 supersunt?
3160 2463 3469 2518 Consulesis

273 2559 410 2611 que
430 2560 493 2597 ex
524 2562 639 2599 uno
693 2550 1001 2615 superstite
1028 2550 1393 2603 vetustissimo
1416 2552 1598 2607 codice
1626 2552 1856 2605 Alexan-
1953 2547 2091 2599 infra
2122 2557 2353 2601 veterum
2381 2551 2677 2603 testimonia
2704 2550 2953 2618 Epistolis
2976 2550 3319 2605 Clementinis
3342 2568 3469 2620 pra:-

270 2634 455 2689 drino
483 2637 535 2689 in
573 2638 760 2691 lucem
795 2637 1091 2707 prodiisse.
1128 2637 1362 2703 Scilicet,
1406 2641 1571 2693 codex
1595 2642 1692 2694 iste
1726 2656 1858 2709 qua-
1951 2635 2133 2715 inissa,
2162 2636 2553 2705 fragmentaque
2580 2638 2762 2691 iisdem
2797 2638 3054 2703 subjecta.
3097 2637 3151 2690 Si
3182 2640 3305 2706 quid
3340 2657 3469 2710 ergo

270 2731 423 2775 tuor
467 2727 855 2780 voluminibus
896 2737 1178 2789 constans,
1215 2727 1481 2795 praeﬁxum
1519 2728 1674 2781 habet
1720 2729 1856 2781 indi-
1952 2722 2147 2789 negotii
2192 2721 2456 2775 facessant
2502 2725 2857 2791 antiquiorum
2898 2723 3129 2787 Eusebii,
3160 2724 3466 2796 Hieronymi

267 2816 480 2867 culum
510 2817 789 2869 librorum
825 2817 1115 2884 utriusque
1153 2816 1411 2878 Fmdcris,
1443 2818 1509 2870 ab
1529 2817 1763 2884 ejusdem

1953 2825 2014 2864 ac
2040 2812 2211 2864 Ruﬁni
2242 2813 2359 2865 loca
2388 2813 2525 2866 haud
2570 2813 2697 2867 satis
2744 2821 2924 2882 aperta
2956 2854 2970 2878 ,
3004 2815 3144 2880 quod
3179 2822 3351 2867 tamen
3378 2816 3465 2867 vix

272 2904 467 2957 lirarii
513 2921 683 2958 manu
727 2906 1143 2959 characteribus
1198 2905 1496 2959 uncialibus
1547 2913 1851 2961 exaratum:
1952 2901 2253 2954 admiserim
2283 2941 2298 2965 ,
2352 2903 2476 2955 hinc
2530 2903 2714 2972 procul
2765 2903 2926 2955 dubio
2966 2903 3242 2957 diﬁicultas
3294 2904 3467 2959 omnis

281 3009 460 3061 quem
487 2996 767 3064 integrum
791 2994 1015 3048 exhibet
1045 2993 1363 3062 Beveregius
1393 2993 1522 3063 (14),
1551 3003 1601 3048 et
1643 2996 1852 3063 quidem
1950 2990 2165 3041 tollatur
2194 2998 2432 3057 oportet;
2472 3006 2592 3044 cum
2620 2991 2818 3045 diserta
2862 2993 3210 3060 posteriorum
3243 2995 3468 3061 scripto-

285 3100 507 3137 summa
538 3086 648 3139 ﬁde
671 3086 1037 3153 descriptum,
1069 3085 1203 3138 adeo
1225 3092 1365 3137 utne
1393 3085 1615 3139 lacunas
1641 3087 1850 3154 quidem
1879 3109 1921 3169 ε
1952 3091 2067 3129 rum
2100 3079 2279 3142 verba,
2334 3079 2568 3146 priorum
2616 3089 2668 3134 et
2725 3082 3040 3135 sententiam
3087 3083 3368 3150 explanent
3414 3089 3466 3136 et

283 3174 657 3241 suppleverit,
690 3173 791 3226 sed
823 3175 916 3227 ubi
967 3174 1158 3226 litterae
1180 3173 1380 3240 quaevis
1421 3181 1570 3225 erant
1597 3182 1796 3227 vetusta

1089 3188 1158 3225 rae
1180 3173 1380 3240 quaavis
1421 3181 1570 3225 erant,
1597 3182 1851 3229 vetustate
1895 3167 1917 3169 "
1951 3167 2246 3220 testimonia
2276 3169 2602 3223 conﬁrment.

284 3261 527 3327 abrasae,
562 3263 641 3315 ibi
673 3262 979 3315 interstitia
1010 3268 1261 3314 accurate
1282 3259 1522 3314 dimensa
1547 3261 1846 3330 reliquerit:
2020 3255 2097 3308 Ex
2128 3256 2211 3310 his
2240 3257 2417 3324 itaque
2451 3268 2777 3326 cmnpertum
2829 3261 3106 3324 habemus,
3136 3268 3195 3315 ut
3221 3261 3462 3329 equidem

282 3349 444 3414 quod
496 3348 694 3401 itidem
766 3347 1027 3415 praistitit
1078 3339 1145 3400 ex
1192 3346 1478 3417 Beveregio
1533 3345 1851 3405 Huml‘redus
1950 3343 2232 3407 existimo,
2286 3344 2425 3398 haud
2474 3361 2660 3413 parum
2722 3348 2969 3415 ponderis
3018 3349 3082 3401 ad
3127 3349 3463 3402 asserendam

284 3434 505 3490 Hodius
536 3436 691 3504 (£5);
742 3442 799 3488 et
851 3434 1133 3502 deinceps,
1184 3441 1240 3486 at
1280 3449 1387 3487 non
1417 3434 1531 3502 pari
1577 3437 1848 3507 religione,
1947 3430 2199 3486 Clementi
2228 3432 2614 3487 Romanohanc
2637 3438 2919 3490 secundam
2944 3437 3464 3505 Epistolam,habere

278 3520 539 3579 Joannes
576 3524 852 3577 Ernestus
875 3520 1111 3575 Grabius
1144 3520 1277 3591 (l6).
1310 3520 1365 3574 In
1393 3522 1494 3575 hoc
1522 3521 1685 3590 igitur
1714 3525 1853 3580 indi-
1948 3522 2311 3576 auctoritatem
2356 3524 2556 3578 codicis
2607 3524 2969 3587 Alexandrini,
3006 3526 3245 3592 proximo
3294 3533 3351 3578 ut
3382 3528 3435 3579 vi

280 3613 425 3666 culo
453 3614 558 3668 sub
589 3614 779 3675 ﬁnem,
810 3611 1010 3665 litteris
1036 3611 1410 3680 grandioribus
1439 3610 1638 3679 absque
1664 3627 1844 3670 accen-
1946 3608 2104 3663 detur
2151 3612 2345 3664 swculo
2388 3619 2509 3679 post
2554 3614 2836 3666 concilium
2890 3611 3161 3666 Nicanum
3212 3627 3277 3666 ex
3323 3613 3451 3665 antio

285 3703 445 3759 libus
476 3714 531 3759 et
560 3703 857 3775 spiritibus
888 3701 1085 3770 quibus
1108 3710 1274 3765 caret,
1304 3700 1381 3754 sic
1407 3700 1598 3786 legitur
1625 3720 1638 3756 :
1947 3697 2132 3765 quiore
2178 3699 2413 3766 profecto
2464 3702 2751 3770 exemplari
2806 3701 3079 3770 descripti.
3111 3700 3185 3753 Ex
3226 3716 3289 3755 eo
3317 3702 3460 3755 enim

508 3791 954 3847 ΚΛΗΜΕΝΤΟΣ
1006 3791 1067 3843 Ε.
1103 3827 1118 3841 .
1155 3828 1168 3841 .
1204 3826 1219 3842 .
1251 3826 1266 3841 .
1299 3826 1313 3840 .
1344 3827 1360 3842 .
1390 3790 1553 3876 ΛΗ-ιὲ
1948 3789 2020 3858 liq

1948 3789 2113 3858 liquet
2130 3795 2407 3857 utramque
2432 3787 2812 3843 Clementinam
2845 3789 3132 3859 Epistulam
3154 3804 3259 3841 non
3286 3790 3456 3842 solum

674 3922 688 3934 .
722 3881 953 3934 ΕΝΤΟΣ
1011 3881 1073 3932 E.
1108 3918 1122 3930 .
1157 3918 1172 3931 .
1205 3916 1219 3931 .
1252 3915 1268 3933 .
1300 3918 1312 3930 .
1347 3918 1360 3931 .
1390 3874 1552 3934 AH’E
1948 3876 2088 3930 inter
2151 3877 2436 3929 canonicas
2504 3874 2807 3945 Scripturas
2860 3877 3077 3944 perinde
3139 3878 3457 3931 recensitam

368 3972 513 4038 Quas
542 3981 729 4026 autem
764 3985 879 4040 pra:
908 3984 969 4023 se
1023 3969 1129 4021 fert
1174 3967 1262 4021 hic
1290 3968 1555 4024 indiculus
1582 3970 1714 4024 duas
1734 3972 1851 4027 Cie-
1947 3964 2134 4025 fuisse,
2160 3979 2222 4018 ac
2265 3964 2309 4018 si
2341 3972 2563 4032 utraque
2595 3979 2716 4018 vere
2761 3966 3012 4017 canonica
3053 3972 3222 4028 esset,
3273 3981 3458 4019 verum

293 4063 495 4116 mentis
524 4061 836 4130 Epistolas,
864 4072 963 4111 eas
995 4055 1216 4109 exhibet
1266 4055 1331 4108 ad
1366 4057 1564 4111 calcem
1614 4058 1849 4125 ejusdem
1946 4053 2104 4108 etiam
2133 4052 2315 4106 ambas
2341 4061 2616 4121 propterea
2631 4054 2683 4105 in
2701 4068 2971 4106 sacrorum
2994 4053 3270 4107 Librorum
3292 4070 3457 4109 censu

292 4168 404 4207 ms.
433 4152 637 4206 codicis
661 4151 925 4204 volumen
958 4152 1245 4214 quartum:
1273 4145 1503 4213 priorem
1542 4147 1752 4215 quidem
1773 4148 1851 4201 sic
1947 4145 2119 4197 locum
2149 4140 2422 4203 habuisse,
2453 4155 2663 4210 unaque
2690 4157 2808 4196 cum
2844 4142 2963 4195 aliis
2988 4142 3259 4197 canonicis
3305 4144 3457 4198 libris

298 4241 609 4311 inscriptam
639 4280 654 4301 ,
725 4234 1167 4291 ΚΛΗΜΕΝΤΟΣ
1219 4235 1393 4286 ΠΡΟΣ
1455 4237 1811 4289 ΚΟΡΙΝΘΙΟΥ

1948 4233 2113 4286 fuisse
2141 4237 2443 4299 compactas
2463 4269 2477 4293 ,
2529 4231 2669 4299 quod
2698 4240 2918 4299 utraque
2946 4240 3073 4286 tunc
3122 4234 3374 4302 temporis
3402 4235 3456 4289 in

297 4330 634 4383 ΕΠΙΣΤΟΛΗ
678 4330 764 4392 Α;
827 4324 1193 4395 posteriorem
1222 4337 1349 4376 vero
1392 4326 1490 4386 sic,
1537 4326 1852 4377 KAHMEN-
1948 4323 2173 4378 ccetibus
2196 4319 2578 4375 ecclesiasticis
2604 4320 2687 4374 vel
2739 4321 2841 4387 legi
2898 4322 3108 4384 soleret,
3140 4323 3220 4376 vel
3268 4324 3455 4377 saltem

300 4419 424 4469 ΤΟΣ
475 4417 821 4471 ΕΠΙΣΤΟΛΗ
876 4414 922 4465 Β
972 4426 991 4466 :
1046 4418 1106 4464 ut
1142 4411 1322 4465 videre
1372 4421 1455 4465 est
1512 4413 1648 4482 apud
1695 4412 1849 4467 Wot-
1880 4407 1922 4462 D
1949 4426 2111 4465 sacrae
2143 4410 2367 4478 publica:
2394 4409 2606 4463 lectioni
2637 4408 3009 4465 destinaretur.
3056 4410 3205 4475 Quod
3241 4410 3453 4479 quidem

302 4517 498 4573 tonum,
554 4506 995 4563 solertissimum
1055 4499 1255 4552 laudati
1301 4501 1502 4555 codicis
1553 4504 1848 4573 exscripta-
1946 4498 2113 4567 magis
2136 4498 2307 4551 adhuc
2333 4498 2684 4552 conﬁrmatur
2712 4514 2773 4552 ex
2813 4500 3105 4553 canonibus
3127 4499 3451 4567 apostolicis,

299 4610 416 4657 rem.
450 4600 524 4654 Ex
553 4601 655 4654 hoc
685 4598 866 4669 igitur
892 4588 1270 4651 Alexandrino
1299 4591 1587 4658 exemplari
1618 4606 1853 4660 comper-
1942 4588 2082 4641 circa
2101 4588 2276 4641 saeculi
2302 4603 2359 4640 ιιι
2391 4587 2620 4641 medium
2650 4587 2920 4641 collectis:
2972 4587 3025 4640 in
3071 4588 3259 4639 horum
3305 4586 3447 4640 enim

292 4690 386 4747 tum
408 4701 507 4757 est,
564 4693 770 4763 primo,
831 4686 990 4739 duas
1030 4680 1301 4748 Epistolas
1358 4678 1684 4734 Clementem
1725 4684 1852 4736 scri-
1942 4691 2202 4730 canonum
2251 4678 2456 4742 ultimo,
2512 4692 2785 4731 sacrarum
2832 4676 3220 4743 Scripturarum
3268 4692 3453 4730 recen-

266 4778 687 4843 ρςίεςεεδείηάε
742 4785 1069 4839 utramque
1099 4768 1267 4822 fuisse
1320 4767 1612 4822 Corinthiis
1658 4770 1849 4823 inscri-
1944 4766 2144 4819 sionem
2191 4765 2514 4835 proferente,
2550 4772 2671 4833 post
2706 4773 3039 4818 enumeratas
3092 4764 3448 4832 apostolorum

232 4832 586 4939 μδῖηῗξλρρι
620 4874 783 4931 enim
819 4859 1142 4937 posterior,
1165 4872 1231 4909 ex
1254 4856 1592 4909 librariorum
1624 4857 1745 4910 fort:

1945 4832 2207 4939 Epistolas
2233 4855 2409 4908 statim
2441 4832 2797 4921 subjiciuntur
2841 4852 3141 4939 Κλήμεγτος
3184 4853 3453 4906 ἐπιστολαὶ

749 4923 997 5023 ω’πρὸς
1028 4942 1347 5045 Ιξρρινοίειυς
1362 4941 1504 4992 haud
1522 4956 1721 5039 compa]

1943 4923 2034 4994 630'
2063 4960 2077 4996 :
2130 4957 2248 5010 qua:
2298 4941 2536 5009 profecto
2557 4940 2752 4994 caedem
2779 4939 2943 4991 fuisse
2965 4937 3210 4991 videntur
3231 4954 3351 4992 cum
3387 4941 3453 4994 iis

174 5013 667 5127 2;)"
681 5013 769 5105 ά
808 5013 1169 5097 ςὸτὶηιιιίοδ
1216 5030 1437 5080 missam
1469 5027 1849 5092 existimemus,
1946 5045 2079 5096 quas
2104 5029 2441 5083 Alexandrini
2484 5030 2685 5083 codicis
2716 5027 2981 5081 indiculus
3009 5027 3253 5093 exhibet;
3283 5044 3346 5082 eo
3372 5023 3454 5081 vel

174 5104 193 5127 Κ
982 5125 995 5127 ,
1140 5118 1155 5127 .
1375 5114 1410 5127 ,ο
1772 5119 1784 5127 .
2072 5119 2082 5127 .
2334 5116 2348 5127 1
2472 5117 2487 5127 ε
2661 5118 2671 5127 .
2892 5116 2923 5127 ιι
3207 5120 3219 5127 ι
3315 5118 3326 5127 .
3374 5126 3379 5127 ,

141 5082 951 5222 ὧαίιΐὶῖὶἑθέῗιεαοῖίριίο
980 5125 1094 5177 hac
1124 5118 1189 5171 de
1227 5131 1282 5169 re
1309 5114 1445 5168 satis
1476 5127 1741 5183 superque
1772 5119 1853 5171 in-
1947 5119 2173 5171 maxime
2209 5116 2352 5187 quod
2392 5117 2575 5170 eodem
2623 5118 2778 5184 plane
2813 5116 3000 5169 ordine
3054 5132 3160 5185 quo
3207 5118 3451 5172 laudatus

265 5183 325 5274 ’ξιξ
347 5174 851 5274 ΡΓ,¹ὝΪ5,,,¹,Ἂῗ;ξιιιιζ
916 5212 1230 5273 Enimvero
1258 5218 1436 5270 neque
1467 5203 1610 5269 prior
1660 5206 1854 5273 legitur
1948 5206 2233 5267 indiculus,
2267 5221 2435 5258 canon
2462 5206 2561 5257 iste
2590 5204 2913 5271 apostolicus
2943 5205 3061 5259 illas
3092 5205 3293 5274 digerat
3325 5224 3338 5259 :
3397 5214 3450 5258 ut

312 5260 321 5270 '
347 5227 363 5235 ’
629 5237 791 5291 ddal.
811 5227 840 5280 ?
916 5227 1230 5273 Enimvero
1258 5227 1436 5270 ut:un
1468 5227 1610 5269 prior
1660 5227 1854 5273 tegitur
1949 5227 2233 5267 tirunculus,
2267 5227 2435 5258 canon
2464 5227 2561 5257 Iste
2590 5227 2913 5271 apostolicus
2944 5227 3061 5259 uias
3092 5227 3277 5274 algenti

248 5263 383 5316 Ubios
408 5265 518 5308 nos
556 5261 625 5298 re
933 5309 949 5316 -
1021 5300 1060 5316 η
1083 5295 1334 5316 "derum-..
1367 5293 1592 5316 η,...η,...;.
1614 5300 1661 5316 ι..
1723 5296 1851 5316 n__!_
1951 5292 2167 5316 .._..:.-.i..
2194 5292 2332 5316 -...ιι-
2365 5293 2528 5316 -..ιηει
2554 5290 2809 5316 ,ιηικειιηελ
2867 5296 3144 5316 -.......ε....-
3181 5294 3277 5316 --...:

312 5260 321 5270 .
812 5241 823 5245 '
948 5241 1230 5269 διιιιιιίιιιυ
1258 5241 1435 5270 ιινιίιιν
1468 5241 1599 5269 γ-ιυι
1660 5241 1705 5258 ιι.
1750 5241 1844 5261 Ιιυι
1950 5241 2233 5267 Ιιιυιυιιιυῠ,
2267 5241 2435 5258 υιιιιυυ
2464 5241 2561 5257 lauto
2590 5241 2616 5254 υ
2659 5241 2913 5257 υοιυιινυυ
2944 5241 3061 5259 Ιιιιιο
3092 5241 3143 5258 υι
3183 5241 3293 5258 uiuo
3325 5247 3338 5259 ο
3397 5241 3450 5258 υ,

74 5241 533 5408 Ὡυιξςῖῗϐηῶῗ)
556 5241 840 5389 ﬁgi-1;:
865 5241 949 5367 ειὲ
1016 5295 1336 5354 Corinthios
1366 5293 1686 5361 perscripta.
1712 5241 1855 5361 1Quis
1951 5292 2169 5360 proinde
2194 5292 2335 5344 nulla
2364 5293 2531 5345 subsit
2552 5241 2832 5355 dubitatio,
2864 5241 3451 5361 quominusbutriusque

217 5376 247 5395 ιι
282 5369 297 5395 ι
376 5369 388 5405 ι

626 5580 782 5621 can.
857 5526 1806 5621 Eccl-,1?"”’.::."i’.:":-C"P-.9-,
1958 5525 2128 5621 ,96)

1958 5592 1981 5621 ι
2009 5525 2128 5621 μϐ)
2192 5522 2480 5592 Prolegom.
2520 5518 2584 5573 ad
2616 5532 2752 5575 vers.
2814 5524 2969 5593 LXX,
2994 5532 3124 5581 tom.
3154 5525 3198 5591 l,
3235 5540 3351 5595 cap.
3387 5525 3438 5588 Ι.

128 5575 352 5765 \ilél
399 5575 1436 5710 ιῗὲέῑιίῶῗηῑεπτῗιῖγίξῑςῆιι.π,
1467 5575 1771 5663 enirn"
1798 5620 1848 5671 ρ,
1958 5575 2061 5661 re;

262 5739 292 5765 ,η

262 5739 308 5793 9.
