3832 6234
445 361 514 415 95
1564 347 1651 397 Ai)
1689 344 1743 398 s.
1784 317 2189 397 CLEMENTE'M
2227 339 2245 391 ι
2285 334 2506 391 mea.“

3642 290 3717 344 96

446 472 775 529 recensionis
793 471 944 524 locus
976 469 1045 523 sit
1075 461 1411 533 accipiendu‘s
1434 458 1503 512 de
1522 458 1727 512 duabus
1758 456 1963 525 Epistov
1991 462 2037 519 Α
2128 452 2507 521 Nequedcsunt
2526 436 3003 509 exempla,quibus
3022 412 3719 533 liujttsmoii

443 567 514 622 lis
559 562 936 623 Corinthiacis,
990 571 1218 628 quorum
1268 560 1453 607 auctor
1500 550 1661 604 fuerit
1702 548 1951 603 Clemens

446 656 749 709 Romanus:

515 744 648 797 Hinc
672 742 846 810 itaque
874 739 1215 793 meritissimo
1240 732 1545 801 exploditur
1575 743 1605 783 a
1633 729 1762 784 viris
1800 727 1971 782 doctis

450 831 723 887 Vendelini
748 838 799 883 et
831 826 1075 881 Dodwelli
1109 823 1218 892 (l7)
1267 821 1470 889 opinio,
1499 834 1616 887 qua:
1642 816 1837 870 Grabio
1863 816 1970 883 (l8)

448 935 661 989 quoque
690 920 912 985 aliisque
938 915 1194 983 probatur
1222 930 1236 967 :
1271 910 1500 963 humilia:
1529 909 1733 962 scilicet
1771 913 1973 974 partem

451 1026 586 1071 esse,
619 1024 735 1076 qua:
777 1004 1083 1059 inscribitur
1130 1001 1359 1056 secunda
1416 998 1685 1067 Epistula;
1728 998 1973 1063 illiusque

452 1099 798 1169 fragmentum
839 1095 969 1147 satis
996 1094 1208 1160 longum
1238 1088 1378 1158 quod
1400 1089 1689 1141 etiamnum
1711 1090 1972 1153 superest,

450 1190 517 1242 ad
573 1198 801 1240 veterem
862 1183 1075 1252 διδαχὴν
1145 1179 1524 1234 Clementinam
1584 1191 1703 1230 esse
1760 1174 1976 1227 omnino

452 1273 838 1329 amandandum
872 1273 1037 1340 :quin
1075 1278 1127 1324 et
1153 1284 1215 1323 eo
1242 1268 1500 1337 processit
1530 1266 1644 1333 ipse
1678 1263 1976 1318 Dodwellus

452 1361 935 1430 intemperantioris
964 1358 1174 1412 critices
1202 1365 1432 1411 sectator
1461 1353 1979 1412 studiosissimus,nt

452 1452 568 1502 loca
600 1450 853 1502 nonnulla
884 1448 1119 1516 ejusdem
1154 1446 1399 1513 Epistula:
1435 1444 1627 1511 stylum
1657 1443 1977 1510 eclogarium

453 1540 847 1608 hypotypuseon
906 1537 1191 1590 Clementis
1233 1532 1572 1587 Alexandrini
1619 1530 1816 1584 referre
1854 1544 1980 1598 pro-

456 1627 628 1684 fessus
670 1629 849 1691 fuerit,
876 1628 1111 1694 adeoque
1146 1626 1408 1678 immistos
1436 1623 1662 1675 invicem
1692 1622 1826 1675 duos
1863 1622 1979 1676 illos

457 1724 620 1777 fuisse
663 1719 962 1773 Clementes
1009 1713 1311 1780 coniecerit.
1365 1711 1468 1765 Sed
1510 1725 1761 1764 censores
1802 1709 1983 1763 istius-

456 1812 596 1865 modi
631 1810 921 1865 mittamus.
953 1805 1041 1873 qui
1084 1819 1113 1856 a
1157 1804 1377 1857 veritate
1406 1802 1558 1868 longe
1589 1801 1837 1853 aberrare
1881 1812 1978 1851 no-

456 1908 695 1955 scuntur.
728 1896 894 1959 Quam
917 1908 1059 1947 enim
1085 1904 1317 1944 canones
1346 1888 1641 1957 apostolici,
1673 1901 1829 1954 quam
1866 1899 1981 1953 per-

457 1994 699 2044 vetustus
730 1984 894 2037 codex
927 1980 1337 2040 Alexandrinus,
1384 1992 1540 2045 quam
1567 1975 1793 2042 denique
1822 1973 1984 2026 Euse-

458 2078 595 2133 hius,
614 2073 984 2140 Hieronymus,
1006 2068 1320 2127 Dorotheus,
1344 2066 1720 2121 Damascenus,
1742 2061 1983 2126 Photius,

458 2174 509 2219 et
525 2163 701 2217 caeteri
722 2175 929 2213 sunnno
945 2172 1207 2211 consensu
1228 2154 1512 2226 Epistulam
1528 2156 1853 2218 nuncupant.
1869 2164 1985 2203 eam

458 2267 584 2306 vero
630 2248 842 2303 nonnisi
892 2245 1242 2314 conjectando
1286 2244 1339 2296 in
1376 2241 1721 2295 Homiliarum
1766 2252 1985 2292 censum

460 2340 658 2394 referre
682 2344 840 2404 atque
871 2335 1006 2387 inter
1037 2331 1373 2400 supposititia
1401 2328 1717 2384 Clementina
1759 2328 1988 2380 colloca-

459 2442 517 2479 re
548 2444 561 2479 :
588 2425 642 2477 id
690 2434 798 2477 tum
846 2421 1056 2475 demum
1085 2430 1167 2473 est
1196 2418 1467 2471 hominum
1499 2418 1608 2470 otio
1633 2415 1986 2477 ahutentium,

461 2514 551 2583 qui
583 2528 687 2565 non
718 2513 973 2563 rationem
999 2510 1052 2561 in
1074 2507 1393 2575 disputando
1422 2512 1731 2573 sequantur,
1762 2504 1854 2557 sed
1879 2504 1991 2557 sive

460 2598 819 2657 contentionis
851 2597 961 2650 sive
993 2596 1240 2648 novitatis
1270 2594 1446 2647 studio
1472 2607 1528 2646 se
1553 2591 1722 2658 abripi
1764 2590 1941 2644 sinant
1972 2606 1986 2643 :

460 2696 521 2745 ut
565 2694 841 2758 propterea
886 2699 1069 2738 eorum
1119 2682 1300 2751 opinio
1326 2689 1562 2735 veterum
1588 2679 1856 2733 sententia:
1885 2678 1994 2729 non

465 2780 639 2833 solum
682 2789 788 2828 non
829 2770 1173 2840 praeferenda,
1212 2770 1305 2825 sed
1335 2784 1400 2822 ne
1428 2767 1747 2822 conferenda
1781 2767 1993 2836 quidem

471 2882 591 2923 cum
616 2865 703 2916 illa
733 2862 993 2915 videatur.

537 2950 624 3005 IV.
664 2950 846 3016 Neque
888 2948 1100 3000 demum
1148 2944 1455 3013 singillatim
1479 2948 1709 3010 acceptae
1737 2941 1993 2996 adversa-

2067 514 2455 612 comprobetur.
2484 537 2553 593 Ut
2577 543 2753 589 autem
2781 541 2952 584 unum
2978 522 3068 577 vel
3097 517 3387 573 alterum
3423 514 3721 612 proruit:-

2067 594 2212 701 mus:
2236 594 2518 701 Epistulam
2541 628 2607 683 ad
2635 624 2877 678 Hebmos
2899 632 3015 672 non
3043 623 3189 668 esse
3216 597 3500 701 apf-Smli
3529 594 3717 701 Ῑξξὶυιὶ.

2070 725 2162 780 sed
2194 691 2292 778 'vel'
2318 719 2571 775 Barnabae
2607 716 2686 769 vel
2716 713 2874 766 Lucae
2910 706 2999 762 vel
3036 696 3241 757 nostri
3284 691 3719 780 Clementis,_e

2070 816 2191 886 styli
2220 815 2526 866 charactere
2545 812 2779 859 veterum
2802 794 3054 853 nonnulli
3080 785 3571 880 existimarunt,
3593 773 3722 879 ori-

2071 867 2675 974 qenes(22),Eusehius,
2704 892 3099 957 Hieronymus,
3130 878 3379 973 aliique
3414 867 3724 937 antiquio-

2072 964 2179 1047 res.
2209 964 2452 1044 Attamen
2482 1000 2641 1055 quam
2671 982 2813 1035 fluxa
2840 980 2913 1034 sit
2944 978 3068 1031 haec
3095 964 3624 1055 sententia,_cuni
3650 971 3722 1055 ex

2074 1080 2305 1148 Epistula
2335 1076 2396 1129 ΙΙ
2421 1046 2584 1135 Petri,
2626 1078 2739 1125 tum
2768 1071 2821 1123 in
2846 1066 3045 1138 primis
3075 1077 3152 1117 es
3188 1055 3403 1126 ipsius
3440 1046 3722 1148 Epistula:

2073 1143 2139 1227 ad
2185 1166 2428 1220 Hebrwos
2474 1167 2727 1217 cuntextu
2774 1158 2912 1211 satis
2963 1154 3174 1220 liquet,
3206 1152 3281 1199 ut
3316 1154 3453 1210 pra:
3490 1143 3722 1227 caeteris

2074 1225 2294 1311 nervose
2337 1270 2449 1309 rem
2489 1250 2682 1306 astruit
2710 1247 2946 1301 Joannes
2981 1242 3208 1296 Millius
3240 1232 3405 1305 (25).
3436 1227 3603 1283 Idem
3630 1225 3723 1295 ju-

2075 1346 2271 1400 dicium
2317 1344 2483 1396 latum
2530 1340 2657 1393 olim
2701 1336 2869 1390 fuisse
2910 1332 2982 1387 de
3012 1328 3177 1384 Petri
3212 1318 3513 1392 Epistula
3542 1316 3612 1370 11
3642 1328 3724 1369 te-

2076 1443 2280 1490 stantur
2326 1433 2480 1486 iidem
2532 1431 2822 1496 scriptores
2875 1435 3128 1493 quorum
3187 1413 3388 1470 modo
3445 1406 3723 1465 memini-

2078 1540 2194 1577 mus
2219 1521 2348 1592 (Ἡ).
2378 1518 2573 1573 Verum
2606 1524 2659 1571 et
2694 1516 2782 1569 hic
2823 1513 3038 1566 frustra
3082 1506 3407 1562 censitum
3445 1514 3522 1554 ex
3546 1496 3723 1552 dissi-

2078 1611 2373 1665 militudine
2396 1608 2539 1677 styli,
2569 1621 2661 1661 eas
2693 1603 2965 1672 Epistolas
2999 1599 3158 1651 duos
3194 1593 3555 1677 scriptores
3588 1600 3722 1656 pro-

2079 1700 2223 1761 dere,
2253 1713 2385 1767 quas
2407 1676 2565 1748 unius
2595 1691 2737 1745 Petri
2763 1704 2884 1743 esse
2911 1685 3253 1740 luculenter
3289 1676 3551 1733 aliunde
3583 1690 3721 1728 con-

2080 1795 2204 1842 stat.
2233 1762 2306 1839 De
2351 1789 2568 1836 auctore
2607 1779 2788 1833 itidem
2818 1774 3268 1844 Apoealypseos,
3300 1767 3449 1821 aliis
3480 1762 3718 1835 quidem

2078 1875 2402 1935 nominibus,
2436 1878 2490 1924 at
2534 1868 2825 1939 praesertim
2853 1881 2885 1920 e
2915 1864 3050 1934 styli
3091 1862 3348 1917 ratione
3386 1856 3722 1924 antiquitus

2080 1966 2399 2025 dubitatum,
2431 1970 2607 2013 utrum
2639 1957 2795 2011 fuerit
2820 1955 3071 2011 Joannes
3108 1948 3469 2020 apostolus.
3508 1944 3721 2014 Diony-

2081 2057 2218 2111 sium
2258 2051 2673 2106 Alexandrinum
2724 2046 2865 2116 apud
2897 2041 3223 2097 Eusebium
3259 2037 3395 2106 (25)
3430 2036 3485 2090 si
3517 2035 3722 2089 audia-

2082 2158 2222 2205 mus.
2239 2140 2570 2208 Ehangelium
2594 2134 2819 2190 Joannis
2846 2140 2902 2187 et
2926 2131 3197 2201 ejusdem
3227 2124 3521 2195 Epistula
3546 2122 3581 2176 Ι
3614 2122 3721 2177 sibi

2083 2241 2267 2286 mutuo
2304 2231 2599 2293 cohazrent;
2653 2237 2817 2294 atque
2862 2225 2919 2277 in
2949 2221 3265 2283 omnibus,
3302 2218 3356 2273 si
3398 2224 3566 2270 recte
3593 2230 3722 2284 per-

2086 2322 2349 2393 penderis,
2378 2335 2543 2373 unum
2585 2318 2833 2385 idemque
2878 2314 3183 2381 utriusque
3220 2307 3597 2378 scriptionis
3623 2320 3717 2375 ge-

2086 2428 2187 2466 nus
2232 2411 2500 2465 evidenter
2551 2413 2799 2476 apparet;
2836 2403 3223 2472 Apocalypsis
3254 2416 3412 2454 vero
3449 2398 3528 2452 ab
3563 2404 3722 2451 utro-

2086 2516 2189 2569 que
2219 2499 2307 2552 illo
2334 2498 2533 2565 scripto
2555 2496 2726 2547 aliena
2752 2500 2836 2547 est
2865 2501 2918 2547 et
2942 2500 3256 2546 extranea.
3294 2490 3373 2542 At
3403 2502 3589 2558 quam
3626 2502 3722 2555 pa-

2088 2602 2205 2641 rum
2234 2587 2331 2638 hac
2359 2586 2412 2638 in
2441 2600 2496 2638 re
2533 2582 2875 2636 tribuendum
2897 2581 2969 2635 sit
3003 2580 3285 2650 Dionysii
3322 2577 3719 2633 Alexandrini

2090 2676 2425 2737 auctoritati,
2474 2681 2669 2727 norunt
2708 2672 2931 2735 eruditi,
2973 2678 3036 2724 ut
3078 2670 3336 2724 abunde
3393 2671 3550 2724 satis
3594 2676 3722 2723 ante

2090 2764 2274 2818 oculos
2305 2763 2481 2831 posuit
2507 2762 2589 2814 vir
2614 2761 2806 2815 doctus
2836 2760 2999 2813 modo
3024 2760 3321 2813 laudatus
3352 2758 3511 2828 (26).

2159 2850 2237 2903 Ex
2284 2851 2540 2903 hactenus
2588 2849 2764 2904 allatis
2815 2849 3082 2917 exemplis
3142 2847 3487 2902 manifeste
3516 2847 3718 2916 liquet,

2092 2956 2206 3003 mea
2251 2940 2461 3009 quidem
2507 2939 2788 3004 sententia,
2819 2954 2982 3008 quam
3007 2939 3176 2992 tenui
3206 2939 3476 2995 tibicine
3512 2938 3718 2992 fultum

466 3042 667 3093 riorum
709 3012 1089 3106 objectaliones
1132 3033 1263 3085 tanti
1312 3039 1437 3086 sunt
1466 3031 1734 3100 ponderis,
1769 3037 1826 3083 ut
1859 3030 1993 3083 hanc
2022 3059 2063 3115 ο
2095 3029 2163 3082 sit
2203 3035 2570 3095 argumentum
2600 3042 2631 3082 e
2665 3012 2790 3096 styli
2838 3026 3328 3083 dissimilitudine
3390 3036 3719 3099 sumptum,

469 3128 756 3196 Epistulam
789 3124 1169 3194 suppositionis
1199 3129 1500 3190 suspectam
1532 3121 1747 3176 reddere
1770 3122 1995 3175 valeant.

466 3216 699 3270 Joannes
753 3212 1009 3272 Morinos,
1039 3212 1120 3263 vir
1175 3218 1363 3263 caetera
1416 3209 1623 3270 doctus,
1681 3208 1916 3262 eamdem
1968 3222 1999 3259 a

470 3306 669 3360 sanctis
697 3302 942 3356 Patribus
970 3301 1320 3353 adulterinam
1356 3299 1521 3352 fuisse
1553 3298 1787 3353 habitam
1817 3310 1997 3351 secum

471 3403 742 3462 reputans,
763 3392 853 3446 sed
883 3392 1145 3444 immerito
1175 3398 1232 3442 ut
1264 3405 1381 3442 mox
1411 3389 1640 3456 patebit,
1673 3403 1777 3456 quo
1806 3388 1856 3440 id
1886 3400 2001 3439 ma-

474 3487 554 3554 gis
599 3484 772 3536 adhuc
820 3487 1045 3543 astruat,
1078 3480 1144 3532 ab
1185 3479 1352 3546 ipsius
1396 3478 1643 3545 Epistula:
1673 3477 1810 3546 stylo
1847 3491 2000 3545 argu-

473 3585 705 3626 mentum
740 3570 987 3634 desumit,
1021 3577 1072 3622 et
1117 3570 1327 3638 quidem
1370 3569 1547 3623 acrius
1588 3568 1815 3622 fortasse
1839 3583 1998 3637 quam

473 3664 708 3717 decebat.
745 3680 763 3711 ι
795 3660 938 3713 Illius
967 3659 1156 3727 stylus,
1192 3658 1362 3725 inquit
1392 3658 1521 3727 (i9),
1552 3664 1609 3710 ut
1658 3658 1849 3725 prioris
1890 3673 2001 3710 non

473 3760 554 3807 est
579 3752 830 3819 simplex,
861 3747 952 3803 sed
986 3747 1299 3816 argutulus;
1331 3762 1435 3800 non
1465 3753 1652 3815 sponte
1679 3746 1869 3808 ﬂuens,
1904 3747 2002 3800 sed

475 3856 571 3912 pro
622 3839 856 3894 auctoris
900 3846 1056 3906 captu
1102 3838 1339 3891 studiose
1365 3836 1701 3901 elaboratus;
1733 3852 1839 3890 non
1866 3837 1999 3889 ἀπε-

477 3931 698 4002 ριοδικὸς
740 3938 791 3983 et
821 3942 1197 3995 nonnunquam
1226 3926 1637 3987 ἀνανταπόδοτος
1674 3926 1766 3979 sed
1815 3926 1999 3979 verbo-

476 4036 595 4074 rum
644 4019 922 4080 ambitum,
973 4017 1262 4070 antitheses
1310 4030 1601 4083 earumque
1647 4015 1997 4069 redditionem

479 4109 755 4163 ambitiose
788 4108 1013 4161 allectat.
1052 4126 1069 4158 ι
1112 4105 1231 4158 llaec
1261 4105 1515 4166 Morinos,
1544 4105 1699 4172 cujus
1735 4104 1995 4159 sententia

485 4194 745 4249 Bichardo
776 4210 984 4262 quoque
1013 4193 1248 4246 Simonio
1281 4196 1492 4261 probari
1520 4196 1728 4248 videtur
1756 4194 1886 4264 (20).
1911 4193 1997 4247 ln-

485 4286 646 4338 ficiari
693 4284 932 4351 equidem
980 4285 1141 4336 nolim
1186 4283 1325 4336 haud
1375 4285 1486 4337 leve
1532 4285 1813 4353 aliquando
1835 4300 1992 4354 argu-

2096 3133 2203 3188 quo
2232 3117 2465 3186 Epistula
2494 3115 2557 3172 ΙΙ
2593 3115 2932 3186 abjudicetur
2959 3116 3283 3175 Clementi.
3315 3117 3458 3175 Jam
3513 3127 3722 3175 caetera

2097 3220 2499 3276 prosequamur.

2164 3294 2228 3351 γ.
2268 3296 2529 3350 Morinum
2558 3294 2716 3350 modo
2755 3294 3090 3365 audivimus,
3133 3300 3316 3354 nullo
3358 3307 3522 3355 teste
3560 3297 3723 3354 adhi-

2095 3386 2227 3449 bitu,
2270 3386 2566 3441 asscruisse
2596 3386 2733 3439 hanc
2761 3386 3048 3455 epistolam
3079 3402 3112 3441 a
3144 3390 3390 3445 sanctis
3444 3388 3723 3443 Patribus

2096 3481 2348 3543 tanquam
2373 3474 2725 3528 adulterinam
2764 3474 2933 3529 fuisse
2961 3474 3222 3530 habitam
3251 3495 3269 3532 :
3310 3493 3456 3547 qua:
3487 3477 3721 3548 quidem

2095 3564 2355 3617 sententia
2387 3563 2655 3617 nonnullis
2684 3578 2897 3631 quoque
2960 3564 3089 3618 aliis
3119 3567 3453 3633 probatur.
3484 3568 3721 3629 Jurene,

2095 3667 2162 3704 an
2192 3667 2367 3715 secus,
2403 3652 2698 3707 videamus.
2741 3651 2813 3705 De
2854 3652 2957 3705 hac
3004 3652 3130 3720 ipsa
3175 3656 3447 3723 epistola
3489 3656 3723 3713 Eusebii

2096 3742 2453 3795 testimonium
2475 3741 2776 3809 hujusmodi
2815 3742 3079 3807 habemus
3106 3743 3227 3812 (Ξῖ)
3271 3764 3286 3798 :
3322 3748 3550 3799 ’ἰστέον
3571 3747 3617 3798 δ’
3648 3748 3725 3808 ὼς

2093 3832 2186 3884 καὶ
2231 3830 2448 3900 δευτέρα
2478 3847 2560 3891 τις
2597 3824 2732 3881 εἶναι
2774 3826 2986 3897 λέγεται
3024 3830 3128 3881 τοῦ
3177 3832 3550 3902 Κλήμεντος
3601 3836 3721 3886 ὲπιο

2094 3921 2272 3991 στολή·
2319 3921 2378 3972 οὐ
2419 3919 2513 3988 μὲν
2555 3917 2629 3970 ἔθ’
2674 3918 2870 3988 ὁμοίως
2914 3922 2981 3989 τῇ
3026 3921 3298 3993 προτέρᾳ
3345 3926 3456 3976 καὶ
3507 3927 3723 3994 ταύτην

2092 4007 2355 4079 γνώριμον
2393 4005 2740 4075 ἐπιστάμεθα,
2773 4006 2850 4057 ὅτι
2883 4006 3015 4075 μηδὲ
3052 4009 3187 4071 τοὺς
3217 4011 3528 4081 ἀρχαίους
3578 4015 3722 4084 αὐτῇ

2091 4097 2448 4168 κεχρημένους
2485 4096 2655 4165 ἴσμεν.
2692 4112 2709 4145 ι
2760 4092 3049 4148 Sciendum
3077 4106 3168 4152 est
3196 4109 3438 4167 autem,
3475 4105 3639 4172 quod
3670 4121 3726 4171 οι

2094 4189 2321 4244 secunda
2343 4186 2579 4255 quaedam
2594 4185 2882 4239 Clementis
2902 4187 3139 4254 epistula
3160 4205 3299 4246 esse
3324 4194 3577 4249 dicatur
3598 4216 3612 4250 :
3639 4212 3727 4250 ve-

2093 4292 2208 4330 rum
2238 4277 2373 4328 hanc
2400 4289 2506 4328 non
2531 4274 2750 4342 perinde
2777 4289 2839 4326 ac
2867 4275 3107 4342 priorem
3136 4288 3349 4335 notam
3381 4299 3526 4339 esse
3566 4301 3727 4339 com-

484 4379 715 4426 mentum
743 4386 806 4424 ex
834 4370 1263 4424 dissimilitudine
1292 4371 1411 4438 styli
1443 4383 1749 4439 suppetere,
1780 4389 1886 4441 quo
1912 4374 2006 4425 ali-
2033 4362 2076 4420 υ
2100 4366 2363 4434 perimus;
2396 4364 2643 4430 quoniam
2691 4377 2787 4415 nec
2813 4370 3022 4417 veteres
3062 4380 3129 4418 ea
3169 4382 3319 4423 usos
3370 4386 3516 4425 esse
3562 4374 3729 4425 novi-

479 4461 567 4513 cui
615 4459 861 4526 scriptori
905 4473 1039 4526 opus
1084 4459 1434 4523 abjudicetur,
1466 4459 1658 4525 aliique
1690 4459 2000 4525 addicatur;

482 4549 767 4601 dummodo
816 4554 990 4599 tamen
1046 4548 1245 4611 reliqua
1301 4547 1400 4599 rite
1449 4547 1766 4601 cohaereant.
1808 4548 2002 4601 Verum

482 4636 624 4689 hunc
645 4648 897 4688 canunem
917 4634 1161 4687 criticum
1185 4648 1288 4685 non
1313 4648 1431 4687 esse
1453 4633 1670 4685 nimium
1690 4637 2002 4702 urgendum,

486 4736 640 4775 nemo
682 4736 787 4774 non
834 4719 974 4773 videt
1006 4738 1018 4773 :
1047 4718 1328 4786 siquidem,
1371 4726 1428 4770 ut
1476 4718 1672 4784 optime
1713 4718 2006 4775 Cotelerius

486 4823 642 4875 quem
682 4808 920 4875 sequitur
948 4815 1000 4859 et
1028 4804 1254 4859 Grabius
1296 4804 1426 4872 (21),
1472 4805 1591 4873 styli
1633 4802 2007 4860 dissimilitudo

489 4898 557 4949 ab
584 4897 763 4950 eodem
795 4898 1054 4965 scriptore
1088 4911 1184 4964 pro
1214 4895 1467 4949 varietate
1494 4901 1787 4963 temporum
1816 4908 1869 4951 et
1887 4897 2008 4951 ca!-

490 4999 669 5039 Sarum
697 4986 822 5037 oriri
853 4986 1041 5053 potuit.

706 5130 908 5204 Qudvv"
942 5132 1156 5204 Disser}.
1193 5132 1414 5204 in‘lrren.
1453 5133 1479 5204 ᾗ
1515 5150 1657 5193 nix,
1688 5148 1742 5201 p,
1774 5133 1858 5188 55.

562 5195 669 5269 (18)
709 5195 907 5269 δρῑσίι..
944 5209 1067 5269 tuin.
1104 5202 1143 5253 l.
1175 5218 1225 5269 p.
1251 5201 1372 5255 268.

564 5268 672 5335 (l9)
713 5267 937 5321 Exercit.
968 5267 1272 5333 biblic.,lib.
1313 5285 1548 5333 t,excrc.
1600 5287 1672 5328 ix,
1724 5283 1839 5337 cap.
1894 5270 1946 5331 ὁ,
1982 5267 2008 5337 ς

496 5348 570 5390 ιι.

567 5402 673 5477 (eo)
714 5400 1061 5477 Qihlnchois“
1095 5412 1133 5477 ς.
1164 5403 1203 5465 ι,
1234 5407 1387 5477 chap.
1411 5408 1499 5468 es,
1528 5423 1580 5477 p.
1608 5405 1730 5458 asa.

589 5470 676 5525 2|)
719 5470 917 5536 Spiril..
947 5480 1073 5525 tum.
1098 5471 1137 5531 ι.
1168 5489 1219 5536 ι).
1252 5470 1370 5529 268.

589 5489 676 5525 ΖΙ)
720 5489 917 5536 apum.
947 5489 1073 5525 l0").
1100 5489 1137 5531 Β,
1207 5514 1219 5527 .
1252 5489 1370 5529 Ἅῧδ,

503 5489 947 5674 τλὲἓὲἐὸρνίεεηη
984 5542 1118 5607 apud
1166 5489 1380 5606 Euseb"
1427 5542 1555 5594 Hist.
1586 5537 1732 5603 erat,
1781 5540 1872 5594 lib.
1921 5556 2007 5602 vr,

600 5649 614 5664 .
642 5625 725 5660 ΖΟ.

2101 4467 2237 4505 mus.
2270 4469 2288 4501 ι
2316 4450 2479 4514 Quem
2512 4451 2683 4502 locum
2718 4448 2945 4503 Rufinus
2992 4449 3520 4525 indiligenterlpro
3568 4474 3727 4511 more

2102 4556 2198 4595 suo
2218 4542 2289 4593 ita
2320 4540 2693 4606 interpretatur
2718 4556 2731 4591 :
2760 4538 2963 4590 Dicitur
2992 4548 3171 4593 tamen
3193 4559 3321 4597 esse
3344 4556 3402 4599 et
3440 4549 3565 4600 alia
3602 4549 3729 4603 διε..

2101 4632 2282 4681 mentis
2320 4627 2553 4695 epistola,
2587 4626 2733 4693 cujus
2776 4643 2868 4678 nos
2918 4629 3164 4680 notitiam
3208 4647 3327 4685 non
3365 4640 3724 4705 accepimus.

2102 4718 2279 4787 Neque
2310 4717 2475 4783 magis
2497 4723 2742 4768 accurate
2763 4714 3126 4785 Hieronymus
3160 4737 3173 4773 :
3207 4717 3439 4776 Fertur
3471 4737 3726 4779 secunda

2102 4824 2209 4861 esse
2229 4823 2290 4860 ex
2309 4805 2417 4873 ejus
2441 4806 2639 4857 nomine
2660 4804 2898 4871 epistola,
2920 4821 3036 4873 qua:
3058 4823 3092 4858 a
3121 4811 3408 4865 veteribus
3446 4817 3727 4883 reproba-

2106 4910 2207 4949 tur.
2237 4896 2456 4948 Photius
2492 4900 2665 4947 autem
2695 4892 2760 4945 ad
2790 4893 3105 4963 Hieronymi
3142 4902 3512 4956 sententiam
3551 4922 3726 4959 accc—

2105 4988 2256 5051 dens,
2283 4988 2395 5040 haec
2424 4984 2581 5039 habet
2606 4984 2716 5053 (28)
2743 5002 2755 5037 :
2796 4985 2859 5039 Ἦ
2884 4984 2941 5037 δὲ
2964 4984 3235 5057 λεγομένη
3260 4988 3526 5064 δευτέρα
3574 4994 3724 5065 πρὸς

2195 5140 2283 5210 23)
2326 5137 2624 5210 Ijrulcgom;
2642 5136 2704 5188 ad
2738 5136 2800 5189 N.
2835 5135 3105 5210 'l‘..n._85.
3142 5156 3305 5210 seqq.
3552 5172 3563 5189 κ

2197 5208 2284 5286 ‘24)
2324 5204 2867 5286 ()Il'igen_.',.Comme1u.
2899 5207 2953 5286 in
2978 5206 3166 5286 {noun
3204 5204 3348 5265 tot".
3395 5230 3456 5286 v_.
3498 5233 3558 5286 p.
3602 5221 3714 5275 88?

2109 5272 2455 5350 Etts_eh.,.l_.-c.
2478 5273 2744 5350 ;l-lieron_._,
2774 5272 2842 5324 De
2870 5277 2969 5328 vir.
2997 5277 3224 5350 illum"
3257 5296 3397 5350 cap.
3424 5284 3483 5340 1,

2199 5343 2287 5412 25)
2327 5339 2467 5412 Eiet.
2497 5341 2642 5412 εῖδει..
2678 5339 2767 5394 lib.
2799 5354 2894 5412 vi}3
2922 5357 3047 5412 cap.
3079 5346 3172 5401 30.

2201 5411 2288 5480 26)
2327 5407 2480 5480 ῃξιιη
2514 5410 2548 5461 l.
2579 5424 2626 5480 c.
2660 5423 2806 5480 num.
2842 5410 2965 5470 176,
2996 5407 3150 5480 Seqq.

2324 5475 2463 5549 Eiet.
2492 5477 2636 5549 ccci.
2672 5476 2761 5527 lib.
2790 5490 2875 5538 tn,
2905 5492 3027 5549 cap.
3057 5475 3149 5538 58.

2199 5544 2285 5617 28)
2325 5544 2456 5598 Bibl.
2490 5545 2607 5600 eod.
2637 5558 2781 5597 αυτ.
