3832 6262
172 333 229 384 S'l

227 752 534 852 πραξὲρὲξ
579 752 733 852 ἱατά
1005 752 1385 835 ἀποδέοιλσὲ·

249 838 432 935 πέτρα
453 838 746 946 Εὖὶέδιέςν
776 845 863 918 μὴ
883 851 956 946 ἔγ
975 853 1303 941 ἐπιστήμῃ
1319 838 1516 942 ταύτηξ
1529 838 1924 946 cobgd'pxaiou;

264 930 444 1005 έῖξδω,
482 947 502 980 ι
543 930 752 988 Fertur
799 950 861 994 et
907 945 1032 1002 alia
1081 954 1222 1022 ejus
1269 961 1625 1033 (Clementis)
1664 969 1918 1034 epistola,

242 4857 536 4949 ρὶιεθὶήηω
557 4857 813 4958 (3‘),'ad
847 4875 1117 4928 Sotet'em
1145 4882 1333 4958 papam
1357 4868 1680 4958 rescribens,
1703 4873 1860 4926 unius

220 4958 254 5008 ἑ

814 5023 897 5122 σή
907 5023 1210 5120 μεροντοῦν
1240 5040 1518 5110 Κυριακὴν
1545 5042 1701 5108 ἁγίαν
1728 5047 1860 5116 ἡμέ-

236 438 302 473 ἓν
336 382 617 467 αὐτοὺς,
652 389 736 452 ὡς
767 395 951 464 νόθος
977 405 1256 473 ἀιποδοκι

178 450 313 581 ζ’ξὶ
325 450 442 567 ἔδ
454 488 485 524 a
526 477 598 529 ad
618 450 896 581 eosdem

188 568 313 666 :gf
340 579 516 650 ῑιαι’.
550 585 569 618 ι
605 568 681 623 At
716 579 954 637 rectius
982 590 1069 644 ad
1119 613 1226 655 me

253 625 336 680 pc
379 656 483 680 _,.\
515 675 529 680 -
559 659 671 680 νμκ
717 663 804 680 "‘
901 673 948 680 ““

1631 323 1960 380 PROUEMIA
1997 328 2367 388 VARIORUM.

1266 425 1509 493 μάζεται.
1541 447 1558 480 ι
1594 430 1722 494 Qua:
1747 443 1922 487 autem
1950 442 1994 498 Α
2024 457 2122 509 ραν
2154 442 2237 512 διη

934 496 1368 586 (Corinthios)
1407 520 1618 584 dicitur,
1662 533 1716 576 ut
1764 526 1925 579 notha

1230 613 1386 660 ntem
1417 608 1630 664 Eusebii
1659 613 1924 683 Niceplio-

1364 713 1472 748 εται
1519 699 1608 751 ὲπι

3492 357 3560 404 9b

2240 444 2508 513 γάγομεν,
2540 446 2596 499 ὲν
2706 449 3078 521 ἀνεγνώκαμεν
3117 456 3263 524 ὑμῶν
3304 456 3398 528 τὴν
3441 459 3555 512 ἐπι-

2025 529 2230 600 στολὴν,
2263 533 2326 600 ἢν
2355 531 2541 603 ἕξομεν
2555 536 2637 587 ἀεί
2667 554 2791 588 ποτε
2823 539 3269 607 ἀναγινώσκοντες
3295 547 3552 601 νουθετεῖ-

2023 616 2163 680 σθαι,
2189 619 2261 681 ὡς
2281 622 2371 673 καὶ
2403 622 2497 692 τὴν
2526 625 2788 695 προτέραν
2817 630 2946 697 ἡμῖν
2971 629 3055 681 διὰ
3090 633 3396 702 Κλήμεντος
3421 653 3552 705 γρα·

1615 701 1790 772 στολὴ,
1829 720 1858 754 τ

2021 707 2221 770 φεῖσαν.
2271 725 2288 755 ε
2337 705 2502 762 Hodie
2548 721 2790 766 sanctum
2820 714 2956 769 diem
3002 701 3329 776 Dominicum
3377 733 3552 779 trans-

1437 787 1558 856 περὶ
1601 783 1667 858 ἦς
1694 791 1721 842 ὁ
1769 792 1858 842 αὐτ

2019 793 2240 860 egimus.
2274 795 2324 848 in
2356 812 2460 863 quo
2503 810 2732 854 vestram
2765 803 2987 872 legimus
3031 811 3306 876 epistolam
3327 851 3343 874 ,
3387 829 3546 882 quam

2018 881 2227 948 quidem
2261 895 2510 953 perpetuo
2533 889 2780 960 deinceps
2802 893 3054 961 legentes.
3079 901 3297 965 perinde
3318 917 3379 955 ac
3402 881 3547 971 prio-

2018 982 2126 1021 rem
2157 971 2296 1024 illam
2334 989 2362 1025 a
2393 974 2660 1031 Clemente
2708 983 2983 1049 scriptam,
3019 989 3157 1040 unde
3185 991 3400 1056 optimis
3431 1008 3546 1045 mo-

2016 1059 2143 1112 nitis
2200 1060 2524 1115 instruamur
2575 1066 2955 1124 habebimus.»
3011 1073 3141 1127 llinc
3199 1078 3356 1131 infert
3409 1080 3545 1135 Gra-

2014 1145 2132 1200 bius
2161 1148 2292 1216 (55),
2325 1166 2481 1203 unam
2513 1165 2541 1203 a
2562 1152 2828 1209 Clemente
2853 1159 3102 1227 scriptam
3135 1165 3196 1216 ad
3228 1166 3538 1224 Corinthios

2012 1236 2285 1302 epistolam
2309 1254 2323 1302 ;
2367 1254 2523 1306 quam
2553 1241 2648 1310 τὴν
2675 1245 2937 1314 προτέραν
2965 1247 3048 1300 διὰ
3079 1251 3381 1321 Κλήμεντος
3406 1274 3540 1326 γρα-

2013 1325 2197 1390 φεῖσαν
2245 1323 2528 1396 Dionysius
2573 1333 2832 1398 appellat,
2880 1338 3018 1403 quod
3070 1341 3272 1395 scilicet
3321 1347 3383 1398 ad
3442 1323 3542 1402 lic-

2010 1412 2228 1465 clesiam
2270 1415 2661 1471 Corinthiacam
2713 1424 2861 1489 prius
2891 1440 2952 1478 ea
2989 1428 3148 1482 missa
3181 1430 3535 1503 fuerit,quam

2011 1497 2166 1554 Soter
2187 1517 2335 1556 suam
2363 1505 2612 1575 deinceps
2634 1510 2806 1564 eidem
2848 1511 3192 1583 inscripserit.
3226 1520 3352 1574 Esto
3383 1544 3396 1576 :
3425 1540 3536 1579 me-

2009 1589 2224 1642 minerit
2275 1591 2360 1644 hic
2423 1594 2704 1665 Dionysius
2761 1601 2954 1667 prioris
2997 1612 3200 1659 tantum
3245 1610 3534 1667 Clementis

2009 1676 2243 1744 epistolae
2264 1698 2276 1732 :
2298 1695 2468 1748 neque
2486 1687 2625 1738 enim
2646 1689 2817 1756 placet
2836 1690 3103 1761 Beveregii
3124 1701 3382 1752 sententia
3399 1703 3529 1772 (56),

2011 1765 2342 1829 conjicientis
2369 1772 2674 1842 episcopum
2704 1776 3125 1846 Corinthiorum,
3151 1788 3348 1842 omissa
3383 1789 3532 1846 Sote-

287 1041 484 1103 m‘mre
505 1023 663 1093 longe
703 1027 1003 1120 ἱῐιῖειξῖοτς
1030 1038 1111 1094 de
1135 1061 1253 1112 qua
1278 1023 1416 1103 dicit
1451 1050 1583 1104 idem
1608 1023 1884 1109 'Eulscbius
1901 1094 1918 1120 ,

299 1128 518 1174 veteres
552 1115 672 1180 ejus
734 1119 1022 1177 notitiam
1070 1144 1192 1184 non
1247 1133 1462 1190 habere.
1509 1155 1527 1188 ι
1573 1137 1647 1191 Ex
1699 1139 1782 1194 bis
1816 1115 1919 1194 ita;

310 1224 444 1277 que
468 1204 684 1258 testibus
733 1208 839 1261 uni
888 1208 1161 1272 Eusebio
1206 1225 1455 1276 standum
1481 1264 1494 1288 ,
1528 1241 1684 1279 nemo
1709 1243 1814 1281 non
1840 1231 1917 1281 vi-

315 1293 610 1352 dctzfides
638 1297 790 1350 enim
833 1317 1023 1370 penes
1059 1320 1368 1374 auctorem,
1396 1329 1500 1367 non
1533 1324 1710 1370 autem
1753 1335 1915 1386 penes

314 1388 642 1454 interpretes
670 1395 770 1440 aut
799 1396 1225 1465 exscriptores.
1262 1401 1486 1455 Photins
1527 1419 1654 1458 vero
1700 1407 1916 1462 minime

311 1473 643 1536 audiendus,
691 1477 793 1544 qui
847 1482 1037 1536 multo
1086 1489 1361 1541 recentior
1389 1498 1470 1543 est
1534 1506 1691 1559 quam
1723 1502 1778 1545 ut
1814 1494 1912 1562 ipsi

309 1577 602 1617 assensum
634 1565 1005 1632 praebeamus
1037 1587 1052 1622 :
1080 1589 1258 1642 neque
1287 1575 1428 1629 enim
1455 1578 1616 1631 ullius
1645 1583 1794 1633 testis
1818 1595 1914 1634 an-

307 1653 571 1720 tiquioris
594 1659 1008 1715 auctoritatem
1031 1662 1416 1730 adducit.Quid
1440 1669 1602 1736 igitur
1623 1668 1912 1725 Eusebius?

307 1740 505 1810 Neque
535 1759 568 1794 a
599 1747 880 1801 ueteribus
913 1750 1245 1817 reprobatam
1275 1754 1405 1807 dicit
1437 1733 1784 1824 posteriorem
1802 1761 1912 1826 epi-
1944 1733 1984 1787 Β

305 1832 532 1894 stolam,
566 1847 760 1901 neque
797 1839 993 1906 prodit
1028 1851 1218 1894 veteres
1247 1842 1358 1910 ejus
1395 1845 1634 1896 notitiam
1680 1863 1779 1899 non
1817 1848 1911 1899 Iia-
2010 1851 2084 1903 ris
2132 1855 2383 1921 epistola,
2416 1859 2482 1912 de
2516 1871 2738 1931 utraque
2773 1868 3098 1924 Clementina
3128 1878 3285 1928 verba
3318 1877 3527 1934 fecisse.

306 1919 514 1983 buiue,
565 1939 753 1992 neque
807 1926 963 1981 illam
1018 1930 1208 1984 scribit
1256 1932 1388 1984 inter
1439 1932 1733 1987 adulterina
1783 1937 1910 2005 reje-
2006 1919 2180 1995 Minus
2227 1944 2348 1997 item
2395 1949 2548 2004 nobis
2597 1953 2850 2017 probatur
2873 1961 3017 2026 'quod
3050 1961 3137 2014 alii
3171 1965 3525 2033 arbitrantur,

311 2019 382 2033 Δ·
403 2025 495 2033 -....
526 2009 622 2033 ---l
649 2020 875 2033 .-_._-,A_
986 2032 992 2033 ,
1037 2018 1048 2029 ο
1228 2018 1239 2030 ο
1457 2029 1466 2033 -
1593 2022 1612 2033 η
1651 2024 1660 2033 .
2007 2026 2062 2033 _-
2208 2031 2218 2033 _

2597 2009 2608 2017 .
2961 2009 3017 2012 η
3052 2009 3137 2014 ----
3172 2009 3525 2033 --...-.........,

307 2019 495 2071 ctam;
525 2009 622 2064 sed
649 2020 882 2068 tantum
919 2034 938 2068 ‹
965 2018 1138 2084 priore
1170 2018 1337 2072 minus
1381 2029 1556 2072 notam
1589 2022 1776 2087 fuisse,
1816 2039 1908 2078 ne-
2006 2026 2312 2098 Dionysium
2345 2049 2534 2103 nempe
2577 2038 2720 2092 illam
2751 2040 3043 2099 Clementis
3071 2051 3368 2116 epistolam,
3407 2071 3527 2123 quin

308 2113 442 2123 ..ρ-Α
466 2116 487 2123 -
523 2101 791 2123 ..-a-__'L--_
834 2119 846 2123 -
882 2121 994 2123 aa,___
1043 2116 1054 2123 .
1237 2106 1272 2123 n
1328 2107 1340 2123 I
1580 2109 1591 2122 ο
1652 2111 1664 2123 1
2077 2117 2088 2123 -
2114 2119 2142 2123 -.
2235 2120 2246 2123 -
2351 2122 2359 2123 κ

304 2113 442 2166 que
461 2116 489 2150 ιι
523 2101 795 2156 veteribus
831 2116 1164 2172 usurpatam.
1197 2126 1216 2158 ι
1235 2106 1398 2168 Cedo,
1426 2124 1550 2162 num
1577 2109 1699 2164 inde
1718 2127 1907 2167 conse-
2003 2117 2210 2183 publice
2234 2120 2522 2188 legebatur,
2549 2125 2668 2180 ideo
2695 2128 2919 2184 fortasse
2963 2141 3230 2205 προτέραν
3285 2101 3524 2202 vocasse,

301 2201 508 2256 quitur
543 2191 854 2259 epistolam
889 2204 1135 2248 nostram
1168 2196 1334 2251 fuisse
1362 2201 1726 2268 reprobatam,
1755 2202 1905 2271 igno—
2002 2213 2060 2256 ut
2085 2220 2199 2258 eam
2231 2209 2298 2261 ab
2321 2211 2487 2264 altera
2520 2212 2722 2269 Soteris
2745 2218 2808 2270 ad
2833 2218 3140 2276 Corinthios
3171 2228 3369 2293 pariter
3394 2231 3528 2283 scri-

299 2285 466 2339 taln,
541 2281 1008 2351 postulatamque
1078 2283 1330 2346 νοθείαςῖ
1405 2286 1565 2340 Aliud
1632 2290 1902 2344 enimvero
2001 2301 2087 2359 pta
2123 2293 2490 2363 distingueret.
2524 2300 2590 2352 At
2621 2303 2704 2356 his
2733 2306 2931 2367 missis,
2965 2324 3090 2362 num
3124 2281 3398 2381 propterea
3427 2319 3527 2373 rite

301 2372 421 2417 est
436 2367 612 2422 minus
637 2370 962 2438 cognitum,
1001 2372 1148 2426 aliud
1183 2373 1423 2442 ignotum
1455 2375 1708 2442 omnino;
1743 2384 1901 2446 atque
1998 2395 2117 2434 cum
2157 2381 2354 2438 Grabio
2399 2389 2639 2458 colligas,
2670 2401 2787 2461 post
2827 2412 2995 2450 aevum
3029 2401 3239 2455 demum
3289 2405 3524 2462 Dionvsii

305 2455 467 2508 aliud
496 2466 580 2511 est
605 2475 722 2513 non
758 2462 864 2524 uti,
907 2462 1057 2516 aliud
1101 2465 1391 2532 reprobare
1415 2473 1573 2533 atque
1602 2465 1739 2519 inter
1766 2482 1897 2534 sup-
1995 2480 2232 2527 vertente
2272 2478 2468 2530 saeculo
2495 2455 2633 2532 lli-ila
2655 2455 2964 2547 scribentis,
2995 2487 3380 2546 Clementinam
3428 2511 3504 2550 se-

304 2544 560 2611 posititia
611 2548 850 2604 referre.
908 2569 929 2602 ι
959 2549 1420 2615 Quemadmodum
1468 2553 1630 2622 igitur
1654 2593 1668 2618 ,
1719 2555 1898 2610 verbis
1995 2561 2220 2613 cundam
2255 2562 2418 2617 fuisse
2449 2567 2767 2621 confictam?
2795 2569 2904 2624 Hoc
2935 2589 3097 2626 unum
3127 2579 3332 2631 scilicet
3360 2582 3518 2638 exiis

305 2640 446 2686 utor
471 2636 541 2688 cl.
575 2635 874 2702 Cotelerii,
908 2654 1018 2693 non
1047 2655 1336 2709 possumus
1362 2657 1522 2704 nunc,
1558 2650 1676 2710 post
1710 2643 1897 2712 deper-
1992 2650 2178 2703 confici
2210 2666 2366 2719 posse
2394 2655 2622 2718 videtur,
2655 2657 2820 2712 fuisse
2846 2661 2898 2712 in
2931 2677 3077 2716 inore
3104 2667 3332 2734 positum
3364 2668 3519 2740 insti-

303 2728 462 2784 ditos
502 2738 587 2783 tot
624 2730 939 2800 primorum
973 2727 1198 2781 Patrum
1244 2730 1430 2792 libros,
1457 2731 1762 2783 memoriam
1791 2731 1895 2784 Eu-
1993 2745 2210 2806 tutoque
2253 2740 2648 2796 Corinthiorum
2700 2745 2970 2809 Ecclesize,
3017 2727 3516 2823 priorem-quidem

301 2820 454 2874 sebii
483 2833 780 2880 accusare,
813 2833 936 2886 qua:
963 2825 1145 2870 tamen
1173 2833 1280 2870 non
1312 2833 1518 2885 semper
1543 2818 1644 2871 lida
1667 2819 1888 2884 exstitit;
1989 2825 2276 2884 Clementis
2319 2831 2593 2898 epistolam
2644 2833 2780 2903 legi,
2830 2841 3177 2904 posteriorem
3229 2858 3353 2896 vero
3406 2861 3514 2900 non

305 2910 406 2964 ita
431 2925 696 2980 negamus
728 2907 861 2962 inde
883 2907 1142 2976 consequi
1176 2923 1272 2976 pro
1301 2907 1756 2976 pseudepigrapha
1796 2925 1890 2964 ne-
1988 2915 2134 2970 item.
2164 2917 2430 2987 Numquid
2462 2922 2671 2976 demum
2703 2935 2829 2979 tunc
2861 2930 3113 2996 temporis
3143 2943 3293 2985 erant
3334 2935 3514 3003 legen-

314 3001 564 3053 cessario
613 2998 929 3052 habendam
965 2999 1248 3067 epistolam
1283 3017 1297 3051 :
1327 3015 1448 3053 cum
1500 2999 1610 3054 fieri
1658 3002 1886 3070 quiverit
1914 3026 1955 3082 ο
1987 3003 2067 3057 da:
2091 3005 2139 3057 in
2176 3008 2401 3074 publicis
2437 3008 2791 3066 Ecclesiarum
2821 3019 3169 3074 conventibus
3198 3036 3382 3078 omnes
3407 3040 3513 3080 non

316 3095 395 3140 ut
425 3103 552 3156 opus
599 3087 908 3156 genuinum
955 3087 1009 3139 in
1040 3089 1461 3142 controversiam
1492 3091 1716 3152 venerit,
1759 3097 1810 3144 et
1857 3106 1887 3144 a
1987 3095 2347 3160 apostolorum
2394 3097 2569 3162 modo,
2601 3100 2691 3153 sed
2733 3104 2890 3155 ctiam
2923 3109 3337 3173 apostolirorum
3367 3114 3513 3168 viro-

309 3177 506 3244 primis
527 3176 797 3230 Ecclesiae
815 3176 1179 3244 scriptoribus
1199 3191 1304 3230 non
1331 3177 1484 3231 fuerit
1506 3178 1880 3233 celebratum.»
1985 3195 2099 3234 rum
2125 3185 2394 3252 epistolae;
2426 3197 2478 3241 ut
2511 3190 2731 3256 proinde
2755 3197 3019 3259 posterior
3035 3197 3362 3253 Clementina
3386 3219 3514 3257 cen-

394 3264 524 3330 Quid
557 3279 715 3326 vero,
743 3265 789 3318 si
823 3263 1096 3319 Eusebius
1123 3265 1236 3317 Arii
1272 3266 1484 3334 placitis
1529 3269 1766 3335 impense
1787 3269 1884 3321 ad-
1984 3270 2148 3323 senda
2175 3273 2245 3325 sit
2267 3275 2720 3345 pseudepigrapha
2744 3295 2806 3332 eo
2826 3284 3059 3346 nomine,
3090 3287 3230 3353 quod
3273 3289 3336 3344 de
3367 3291 3510 3348 illius

307 3355 518 3416 dictus,
559 3355 631 3408 de
675 3352 926 3408 secunda
971 3353 1267 3407 Clementis
1307 3355 1529 3424 epistola
1570 3357 1647 3410 sic
1677 3357 1884 3426 abjecte
1982 3358 2208 3415 lectione
2249 3362 2302 3413 in
2345 3374 2608 3419 conventu
2659 3368 2999 3426 Corinthiaco
3052 3352 3250 3428 nullam
3300 3377 3507 3447 injiciat

306 3445 580 3499 sensisset
621 3444 1085 3512 scripsissetque;
1128 3452 1409 3511 propterea
1453 3446 1700 3498 nimirum
1739 3447 1881 3515 quod
1979 3449 2298 3503 mentionem
2326 3449 2794 3521 Dionysius?Cum
2819 3461 2996 3528 itaque
3017 3463 3244 3529 priorem
3269 3444 3503 3534 quidem,

305 3531 373 3584 in
401 3549 463 3587 ea
493 3544 726 3588 sanctus
771 3531 942 3586 Pater
972 3531 1400 3584 illustrissimum
1430 3533 1496 3586 de
1518 3531 1714 3587 Clu-isti
1745 3535 1882 3588 divi-
1977 3537 2197 3592 minime
2245 3554 2370 3592 vero
2427 3545 2799 3610 posteriorem,
2855 3549 2907 3602 in
2945 3560 3086 3604 coetu
3138 3555 3504 3610 ecclesiastico

304 3624 483 3678 nitate
529 3624 920 3678 testimonium
970 3623 1204 3677 ediderit
1232 3622 1380 3692 (50)?
1407 3621 1540 3678 Illud
1584 3639 1712 3679 sane
1750 3625 1878 3681 viris
1977 3629 2172 3696 perlegi
2221 3633 2565 3686 consuevisse
2594 3634 2661 3687 ab
2689 3635 2940 3705 cpisc0po
2965 3640 3360 3695 Corinthiorum
3390 3646 3506 3696 edi-

302 3712 487 3767 doctis
504 3729 629 3767 cum
656 3713 943 3767 veteribus
964 3719 1077 3764 tum
1102 3709 1492 3766 recentioribus
1513 3713 1874 3779 observatum,
1975 3727 2222 3780 scamus;
2266 3716 2392 3769 hinc
2439 3734 2568 3772 sane
2597 3723 2968 3790 perspicimus,
3003 3741 3101 3778 cur
3136 3728 3363 3795 priorem
3393 3732 3502 3783 exi-

299 3799 705 3857 εεεπίεηεεω
750 3803 1071 3871 episcopum
1102 3808 1236 3854 aestu
1268 3801 1496 3869 partium
1529 3801 1670 3855 haud
1713 3803 1876 3856 semel
1975 3803 2132 3854 miam
2163 3821 2376 3872 prorsus
2417 3817 2568 3876 atque
2611 3811 2897 3864 mirabilem
2923 3817 3196 3881 appellarit
3217 3819 3498 3886 episcopus

301 3891 614 3959 abreptum,
649 3890 706 3944 in
744 3906 847 3945 sua
877 3889 1117 3944 Historia
1147 3889 1259 3943 sive
1286 3904 1390 3942 non
1408 3891 1538 3944 satis
1567 3898 1743 3959 aperte
1769 3900 1876 3945 tra-
1971 3889 2342 3960 Caesariensis;
2395 3898 2460 3950 de
2509 3903 2800 3966 posteriore
2850 3917 2976 3956 vero
3021 3904 3318 3970 scripserit,
3353 3907 3494 3960 illam

304 3980 532 4042 didisse,
561 3981 682 4036 sive
705 3982 975 4050 pleraque
997 3980 1390 4042 dissimulasse,
1420 3981 1531 4034 sive
1548 3981 1762 4035 silentio
1784 3997 1875 4049 pe-
1970 3981 2137 4033 minus
2158 3992 2331 4035 notam
2357 3985 2515 4051 fuisse
2536 4003 2691 4055 neque
2716 4005 2748 4040 a
2778 3989 3021 4042 veteribus
3046 4003 3368 4059 usurpatam.
3403 3994 3495 4050 Sic

306 4070 451 4125 nitus
475 4072 836 4140 praeteriisse,
867 4085 989 4138 qua:
1016 4069 1132 4122 suis
1157 4069 1499 4138 Opinionibus
1528 4070 1762 4123 novisset
1788 4071 1872 4123 in-
1970 4067 2132 4123 ferme
2173 4081 2573 4138 argumentatur
2600 4076 2933 4141 Coutantius,
2967 4095 2994 4131 a
3024 4096 3130 4149 quo
3157 4083 3342 4150 pedem
3378 4101 3487 4141 non

308 4164 606 4218 commoda.
644 4162 766 4228 Qua
799 4160 870 4214 de
892 4175 954 4212 re
980 4159 1236 4213 Photium
1270 4159 1404 4230 (51),
1441 4157 1728 4212 Baronium
1760 4158 1868 4228 ('52)
1966 4157 2188 4212 discedit
2223 4177 2458 4228 nuperus
2480 4164 2797 4218 dissertator
2819 4165 3112 4224 Romanus.

307 4259 361 4303 et
401 4251 872 4306 Montl’auconium
902 4249 1018 4318 (55)
1069 4247 1352 4302 consulere
1395 4255 1630 4316 praestat.
1672 4247 1866 4303 Verum
2037 4245 2122 4301 Vl.
2162 4246 2449 4316 Pergamus
2477 4266 2654 4318 porro.
2696 4251 2883 4307 Subdit
2909 4264 3163 4322 praeterea
3192 4259 3276 4311 vir
3311 4261 3491 4315 erudi-

308 4342 557 4410 quidquid
609 4341 835 4395 demum
897 4337 1136 4391 sense,“
1184 4336 1252 4389 de
1300 4337 1535 4389 secunda
1582 4336 1866 4393 Clementis
1898 4329 1940 4382 D
1965 4341 2071 4394 tus,
2102 4337 2478 4401 suppositionis
2507 4339 2864 4406 suspicionem
2893 4343 2996 4396 sibi
3025 4344 3249 4412 injicere
3275 4358 3490 4402 senten-

309 4432 520 4497 epmola
559 4426 932 4486 Casariensis
985 4424 1296 4493 episcopus,
1350 4426 1485 4479 satis
1533 4434 1861 4492 compertum
1961 4423 2088 4475 tiam
2116 4439 2146 4478 e
2175 4426 2310 4479 libro
2339 4428 2567 4495 quodam
2599 4433 2906 4500 apocrypha
2938 4443 3233 4503 acceptam,
3284 4454 3401 4507 quae
3431 4440 3485 4493 in

309 4530 382 4575 est
409 4522 534 4576 nihil
549 4508 645 4578 ‘ex
684 4522 814 4590 ejus
862 4515 1055 4571 verbis
1088 4515 1401 4582 exsculpere
1435 4529 1592 4582 posse
1614 4514 1865 4568 adversa-
1961 4512 2118 4580 hujus
2141 4514 2375 4582 epistola:
2397 4518 2568 4584 capite
2596 4519 2655 4570 11
2686 4528 2880 4581 exstat,
2902 4535 3024 4574 cum
3051 4522 3160 4589 jam
3183 4533 3234 4576 et
3264 4525 3316 4577 in
3343 4527 3490 4592 prio:-

305 4612 416 4680 τῆος,
439 4631 546 4686 quo
570 4615 721 4668 mam
755 4607 1176 4679 suppositionis
1199 4606 1389 4659 merito
1413 4613 1712 4672 suspectam
1743 4605 1865 4659 red-
1959 4603 2233 4713 rislcapite
2251 4604 2320 4713 25
2348 4607 2534 4705 paucis
2806 4617 3080 4713 occurrat.
3113 4610 3358 4713 Eamdcm
3387 4613 3486 4713 ob-

1955 4690 2238 4759 jectionem
2280 4695 2530 4764 deinceps
2562 4697 2775 4765 repetiit
2806 4695 3140 4752 llermannus
3170 4697 3397 4752 Venema
3429 4703 3481 4755 in

1957 4781 2216 4848 epistolis,
2247 4797 2379 4849 quas
2401 4782 2850 4838 Clementinarum
2876 4786 3222 4852 epistolarum
3259 4788 3478 4842 editioni

1958 4868 2333 4924 Wetstenianac
2362 4888 2531 4940 nuper
2553 4875 2802 4942 opposuit
2831 4874 2960 4943 (57).
2992 4873 3127 4929 Hinc
3161 4877 3302 4929 enim
3331 4878 3479 4945 judi-

1957 4960 2096 5010 cium
2129 4961 2265 5012 sumi
2296 4977 2452 5028 posse
2482 4963 2614 5017 satis
2641 4972 2877 5032 apertum
2907 4965 3196 5029 existimat,
3226 4983 3334 5035 quo
3367 4971 3480 5036 epi-

1955 5049 2105 5102 stola:
2137 5049 2383 5103 secundae
2412 5051 2546 5116 alius
2573 5065 2604 5104 a
2633 5051 2902 5107 Clemente
2938 5054 3167 5122 scriptor
3191 5064 3474 5114 statuatur.

297 4698 657 4779 derepossint.
802 4789 814 4791 _
943 4783 978 4791 Α
1462 4779 1474 4791 ,

329 4797 551 4854 Atenim
569 4789 897 4862 Dionysius
934 4779 1350 4836 Corinthiorum
1390 4779 1678 4846 episcopus
1721 4784 1858 4850 apud

260 4987 469 5060 pistolae
511 4955 902 5037 Clementis,
961 4969 1024 5014 et
1072 4957 1288 5060 quidem
1337 4955 1567 5060 prioris:
1620 4961 1856 5060 meminit

2023 5286 2131 5355 (54)
2177 5284 2488 5355 ῌὶειεεεσιη
2519 5285 2615 5355 lib.
2645 5302 2717 5349 tv,
2747 5302 2864 5355 cap.
2895 5288 2984 5343 25.

2043 5354 2128 5423 55)
2169 5352 2368 5420 Spicil.,
2399 5354 2594 5423 toan-1,
2629 5369 2746 5423 pag.
2769 5352 2892 5411 266.

2045 5421 2130 5494 3o)
2164 5423 2297 5494 Cod.
2329 5421 2570 5494 can._lib.
2601 5437 2660 5494 ti,
2693 5421 2809 5494 cap.
2843 5426 2894 5486 9,
2925 5425 2951 5494 δ
2985 5441 3034 5488 x,
3061 5443 3178 5494 pag.
3214 5427 3334 5482 115.

2021 5354 2130 5560 ἓξὲξ

2043 5491 2128 5560 δἰ)

2043 5491 2128 5561 57)
2164 5491 2401 5554 Vencm.,
2435 5489 2600 5556 Epist.
2631 5491 2690 5554 2,
2726 5489 2894 5560 ςχιι,
2926 5489 3162 5562 13:13.78:

663 5302 750 5355 ili.
797 5307 900 5349 nr,
935 5298 1069 5348 cap.
1109 5277 1194 5355 18Σ

664 5345 896 5437 Epist;
909 5358 960 5411 tt
975 5396 998 5437 ,ί
1015 5345 1141 5437 cap.
1175 5345 1223 5396 1.

701 5435 750 5490 Ι.
802 5435 1050 5490 CXXV!"

769 5502 874 5557 ,ε’
921 5487 1333 5576 ᾗ.ἕ.-ξϐ,ΙΧεΧ;ινΙ
1395 5556 1409 5576 ι
1467 5557 1561 5576 ην...
1615 5546 1723 5576 at:

921 5547 1069 5609 tam.
1122 5547 1161 5611 Ι,
1212 5550 1356 5612 part.
1394 5556 1432 5606 ι,
1467 5557 1579 5610 pag.
1615 5547 1747 5604 245.
