3870 6430
415 248 487 309 99
1527 245 1618 301 AD
1655 247 1711 299 S.
1753 242 2174 301 CLEMENTEM
2212 243 2232 296 l
2269 242 2501 299 PAPAM

3536 248 3640 306 100

414 366 571 425 Itane
611 366 844 422 censu?
885 364 1059 432 Quasi
1111 378 1261 429 vero,
1294 370 1351 417 ut
1394 378 1518 418 cum
1549 365 1666 419 viro
1692 363 1853 417 docto
1899 375 1985 415 re—
2014 362 2059 421 Α
2089 359 2306 413 veritati
2347 359 2525 412 locum
2569 355 2833 425 objiciant
2860 372 2890 411 e
2924 352 3378 429 pseudo-Iustino
3417 359 3643 418 desum-

416 457 710 530 spondeam
741 457 875 530 (58),
899 457 1107 527 justam
1143 456 1473 526 suspicionis
1515 469 1704 508 ansam
1735 453 1979 522 ejusdem

416 551 696 608 Sententia:
738 549 987 618 repetitio
1024 549 1280 618 praebeat.
1312 545 1468 612 Quod
1498 546 1544 601 si
1577 562 1663 600 res
1690 546 1765 598 ita
1793 560 1852 599 se
1880 544 1979 598 ha-

418 636 586 701 beret,
617 647 796 692 actum
849 638 1093 708 profecto
1137 643 1282 691 esset
1329 635 1395 689 de
1443 635 1691 703 pluribus
1734 645 1977 689 veterum

412 724 653 783 induhiis
679 728 1064 789 monumentis,
1096 730 1148 783 in
1182 726 1379 795 quibus
1408 727 1609 795 passim
1647 742 1788 783 unus
1809 726 1979 781 idem-

411 836 519 891 que
549 830 763 883 auctor,
805 822 919 876 sive
942 822 993 872 in
1022 821 1138 888 ipso
1162 832 1347 887 opere,
1378 818 1493 873 sive
1518 820 1679 871 etiam
1709 818 1762 871 in
1785 818 1972 881 variis,

409 914 599 969 eadem
632 913 1034 981 Scripturarum
1068 911 1185 963 loca
1205 909 1533 977 easdemque
1557 908 1856 962 sententias
1879 923 1976 977 pro

410 1019 473 1060 re
501 1012 626 1058 nata
659 1004 761 1059 sibi
795 1000 1079 1072 repetenda
1102 1014 1224 1053 esse
1253 998 1425 1051 duxit.
1453 996 1622 1066 Cujus
1654 995 1872 1065 quidem
1898 995 1973 1050 rei

408 1095 714 1165 exemplum
738 1093 879 1164 quod
906 1090 1035 1143 mihi
1066 1104 1213 1143 nunc
1233 1087 1678 1156 succurrit,apud
1700 1084 1971 1141 Iustinum

410 1184 699 1254 Martyrem
747 1199 872 1238 cum
904 1182 958 1235 in
984 1189 1213 1249 utraque
1240 1180 1495 1251 Apologia
1531 1188 1645 1232 tum
1680 1178 1734 1231 in
1758 1178 1981 1249 Dialogo

411 1290 531 1328 eum
604 1271 911 1342 Tryphone,
953 1272 1289 1327 luculentum
1345 1272 1479 1325 satis
1533 1270 1783 1324 habetur.
1833 1265 1971 1335 Quid

406 1380 572 1435 porro
617 1371 782 1427 vetat,
816 1380 926 1434 quo
975 1366 1156 1419 minus
1191 1380 1287 1434 pro
1322 1346 1582 1434 temporis
1632 1363 1973 1433 institutique

403 1455 615 1509 ratione
665 1471 827 1509 unam
887 1456 1241 1527 eamdemque
1301 1457 1624 1510 sententiam
1678 1456 1731 1510 iu
1780 1456 1969 1510 eodem

402 1557 585 1613 opere,
617 1545 859 1615 adeoque
912 1546 1086 1615 magis
1131 1549 1177 1601 si
1225 1546 1439 1600 diversa
1480 1544 1571 1598 illa
1599 1545 1738 1613 sint,
1782 1545 1971 1599 recitet

402 1632 597 1688 iterum
639 1634 779 1689 idem
809 1639 1039 1689 auctor?
1064 1634 1176 1689 lmo
1206 1651 1357 1699 vero,
1385 1649 1494 1704 quo
1524 1633 1859 1703 singularius
1885 1639 1969 1688 est

2083 455 2254 516 ptum,
2274 448 2367 516 qui
2402 447 2481 502 sic
2511 462 2570 500 se
2591 446 2750 499 habet
2774 445 2915 516 (4‘2):
2946 447 3013 499 Et
3039 447 3139 517 τῆς
3168 448 3447 519 παρούσης
3475 468 3642 503 κατα-

2082 536 2321 601 στάσεως
2347 538 2407 590 τὸ
2434 537 2584 600 τέλος
2612 537 2776 601 ἐστὶν,
2807 541 2839 608 ἡ
2878 537 2963 591 διὰ
2995 537 3089 592 τοῦ
3135 540 3302 611 πυρὸς
3328 541 3507 612 κρίσις
3535 544 3643 595 τῶν

2078 629 2307 693 ἀσεόὦν,
2329 629 2471 683 καθὰ
2500 647 2660 700 φασιν
2688 631 2742 681 αἱ
2771 630 2978 700 γραφαὶ
3006 632 3297 702 προφητῶν
3312 649 3369 685 τε
3400 636 3493 686 καὶ
3515 636 3645 688 am.

2080 721 2297 783 στόλων,
2326 722 2405 775 ἔτι
2432 723 2487 775 δὲ
2516 723 2609 775 καὶ
2637 722 2735 791 τῆς
2764 722 3051 792 Σιϐύλλης,
3078 722 3260 786 καθώς
3293 742 3456 794 φησιν
3474 728 3502 778 ὁ
3535 744 3641 798 μα-

2077 814 2267 885 κάριος
2278 815 2505 885 Κλήμης
2523 815 2580 867 ὲν
2597 817 2660 885 τῇ
2676 815 2812 885 πρὸς
2829 815 3146 885 Κορινθίους
3164 816 3447 889 ἐπιστολῇ,
3466 835 3519 872 κ.
3532 818 3642 874 τ.λ.

2082 918 2100 957 t
2141 906 2198 959 Si
2232 908 2514 977 prmsentis
2547 923 2727 961 rerum
2775 915 2948 962 status
3006 907 3151 971 finis,
3206 916 3289 962 est
3346 910 3643 979 impiorum

2075 1014 2173 1068 per
2201 1002 2375 1069 ignem
2402 998 2862 1068 judicium,prout
2893 1006 3163 1053 testantur
3182 997 3476 1071 Scripturae
3505 1019 3638 1073 pro-

2073 1092 2359 1161 phetarum
2400 1101 2455 1147 et
2502 1094 2895 1161 apostolorum,
2930 1101 3091 1162 atque
3141 1093 3364 1161 insuper
3397 1093 3639 1166 Sibyllae,

2073 1191 2133 1235 ut
2153 1184 2229 1237 ait
2248 1183 2437 1238 beatus
2454 1183 2705 1240 Clemens
2719 1184 2771 1238 in
2794 1183 3031 1253 Epistola
3048 1184 3114 1237 ad
3134 1183 3475 1249 Corinthios,
3492 1209 3508 1238 ι
3526 1197 3639 1243 etc.
3662 1209 3669 1215 ι

2070 1274 2150 1328 Ad
2180 1291 2300 1345 quae
2327 1276 2545 1345 quidem
2570 1278 2732 1331 verba
2764 1279 2919 1347 plura
2949 1278 3160 1333 erudite
3183 1279 3440 1333 observat
3470 1279 3639 1335 Cote-

2071 1364 2259 1429 lerius,
2289 1374 2453 1435 atque
2487 1382 2554 1420 ex
2583 1381 2648 1420 eo
2690 1368 3016 1423 Coutantius
3059 1368 3280 1441 aliique.
3312 1367 3535 1436 Verum,
3570 1371 3640 1426 iis

2070 1456 2275 1521 missis,
2336 1457 2392 1510 in
2431 1458 2668 1512 medium
2724 1459 2971 1529 proferre
3021 1459 3171 1523 libet,
3205 1477 3324 1531 quze
3366 1462 3436 1515 ad
3488 1462 3638 1517 hunc

2075 1547 2513 1617 pseudo-Justini
2570 1551 2747 1605 locum
2806 1551 3087 1606 adnotavit
3143 1569 3382 1623 nuperus
3410 1571 3636 1625 Operum

2070 1640 2129 1696 S.
2160 1640 2359 1697 Justini
2389 1644 2566 1697 editor
2592 1642 2958 1701 Parisiensis:
2999 1666 3017 1698 ι
3054 1645 3188 1701 Cum
3220 1646 3468 1719 Sibyllini
3508 1664 3637 1703 ver-

397 1725 618 1780 ellatum
649 1743 841 1782 rursus
893 1726 945 1780 in
996 1727 1231 1781 medium
1265 1726 1580 1789 adductum,
1608 1742 1673 1780 eo
1699 1726 1964 1780 conduci-
1995 1706 2041 1764 Β
2070 1748 2186 1792 sus,
2214 1732 2411 1801 inquit,
2443 1731 2752 1787 refcrantur
2773 1733 2828 1787 in
2852 1733 3139 1789 Constitut.
3189 1706 3415 1801 αροεὶοι.
3447 1735 3544 1790 lib.
3579 1752 3633 1798 v,

397 1821 563 1876 bilius
610 1824 791 1877 evadit
841 1822 906 1877 ad
957 1824 1296 1878 suadendum
1339 1838 1506 1876 unum
1535 1837 1656 1877 esse
1687 1830 1965 1875 auctorem

396 1915 637 1983 epistola:
654 1916 965 1986 utriusque,
997 1916 1052 1970 in
1081 1914 1281 1985 quibus
1312 1914 1544 1970 relatum
1582 1912 1786 1983 pariter
1814 1925 1966 1967 com-

395 2008 626 2077 peritur.

463 2099 534 2153 At
561 2099 707 2154 enim
730 2099 1057 2155 sententiam
1094 2100 1242 2157 illam
1271 2099 1340 2155 de
1368 2115 1479 2171 qua
1509 2099 1879 2171 disputamus,
1896 2116 1961 2157 ex

392 2205 558 2260 apere
610 2192 793 2260 aliquo
843 2192 1314 2263 pseudepigrapho
1362 2201 1643 2263 exceptam
1687 2193 1960 2248 novimus.

391 2281 557 2348 Quasi
590 2296 718 2336 vero
746 2281 981 2350 alicujus
1012 2284 1193 2353 operis
1220 2285 1520 2348 auctoritas
1551 2290 1838 2353 propterea
1860 2283 1963 2337 mi-

346 2430 347 2435 η
389 2383 610 2434 nuatur,
644 2372 789 2441 quod
820 2373 969 2428 illius
996 2375 1233 2444 scriptor
1261 2376 1507 2445 quaedam
1557 2389 1683 2429 vere
1726 2374 1870 2429 dicta
1907 2382 1961 2429 et

388 2470 709 2531 argumento
737 2461 881 2531 quod
920 2462 1033 2529 jam
1080 2471 1279 2517 tractat
1308 2465 1551 2533 apprime
1596 2477 1861 2532 congrua,
1891 2478 1961 2518 ex

387 2552 531 2607 libro
562 2569 670 2608 non
703 2556 971 2607 canonico
1004 2553 1141 2608 forte
1172 2554 1479 2609 adduxerit.
1513 2553 1627 2607 Viri
1654 2554 1961 2609 eruditissi-

384 2643 463 2698 mi
505 2643 688 2699 verbis
722 2650 848 2698 utor
875 2644 1010 2713 (59).
1062 2643 1172 2709 Nae,
1204 2643 1250 2699 si
1287 2656 1477 2699 contra
1514 2646 1811 2701 secundam
1844 2647 1960 2716 epi-

384 2734 580 2790 stolam
613 2734 728 2789 haac
753 2736 893 2790 ratio
916 2736 1022 2789 vim
1048 2735 1266 2797 habeat,
1288 2735 1399 2803 jam
1434 2734 1501 2789 de
1531 2737 1721 2806 primae
1742 2750 1959 2805 quoque

384 2823 697 2893 integritate
728 2824 1128 2877 conclamatum
1157 2821 1415 2887 est.Quid
1446 2822 1590 2892 quod
1623 2820 1803 2874 Photii
1829 2836 1957 2875 cen-

382 2930 515 2969 sura
544 2914 785 2983 epistolae
808 2915 1092 2985 utriusque
1105 2915 1548 2977 consensionem,
1571 2912 1638 2966 ad
1664 2914 1783 2966 loca
1809 2928 1957 2982 quae-

381 3001 507 3056 dam
536 3002 840 3071 apocrypha
872 3002 1014 3072 quod
1051 3003 1259 3068 attinet,
1287 3003 1638 3065 confirmans,
1667 3002 1953 3071 utriusque

381 3093 510 3148 item
534 3109 701 3147 unum
725 3096 1082 3162 eumdemque
1107 3102 1383 3148 auctorem
1411 3093 1698 3162 agnoscit?
1721 3092 1800 3147 En
1827 3108 1953 3163 per-

380 3198 509 3240 acre
537 3185 604 3239 de
634 3185 718 3240 his
748 3184 1104 3241 Clementiuis
1134 3186 1379 3255 epistolis
1428 3186 1606 3239 critici
1654 3186 1820 3255 hujus
1862 3182 1955 3254 ju-

378 3276 583 3331 dicium
615 3276 728 3346 (40)
764 3295 776 3330 :
813 3275 1076 3340 Secunda,
1104 3276 1302 3345 inquit,
1333 3275 1477 3329 dicta
1523 3276 1765 3346 quwdam
1806 3294 1953 3346 pere-

377 3374 531 3442 grina
567 3372 701 3425 velut
730 3388 758 3425 e
795 3388 953 3425 sacra
1004 3369 1279 3440 Scriptura
1308 3371 1626 3434 subinducit,
1662 3371 1848 3440 quibus
1889 3388 1951 3427 ne

374 3462 600 3530 epistola
628 3462 832 3532 quidem
862 3466 1034 3531 prima
1079 3465 1290 3517 omnino
1318 3473 1487 3517 vacat.
1523 3462 1590 3516 Et
1633 3465 1949 3531 interpreta-

380 3563 545 3607 tiones
566 3552 913 3623 quorumdam
963 3554 1195 3608 locorum
1226 3554 1502 3607 alieniores
1553 3555 1773 3622 profert.
1810 3555 1946 3611 lliuc

374 3642 445 3697 de
472 3650 700 3713 utraque
725 3645 799 3697 ita
829 3645 1043 3699 demum
1070 3645 1343 3699 concludit
1370 3664 1383 3699 :
1406 3646 1651 3716 Alioquin
1682 3647 1796 3713 ipsa
1833 3663 1948 3711 quae

372 3734 430 3787 in
461 3734 541 3789 Itis
575 3736 809 3804 epistolis
853 3736 1031 3790 insunt
1071 3754 1245 3802 sensa,
1279 3738 1515 3791 nonnihil
1559 3738 1761 3807 objecta
1801 3748 1943 3803 sunt,

374 3839 469 3879 nec
513 3827 860 3881 continentem
904 3830 1088 3881 seriem
1137 3845 1199 3881 ac
1248 3831 1668 3898 consequentiam
1716 3840 1942 3887 servant.

371 3918 610 3977 Videsne
636 3922 771 3976 nihil
786 3924 840 3977 in
863 3924 1164 3993 posteriore
1186 3930 1377 3978 notare
1395 3922 1817 3994 Photium,quod
1837 3940 1944 3980 non

369 4019 427 4067 et
448 4013 613 4082 priori
644 4028 767 4067 cum
789 4028 851 4068 ea
879 4028 999 4068 esse
1023 4027 1312 4067 commune
1341 4013 1687 4082 pronuntiet?
1718 4011 1944 4069 Photius

310 4120 311 4123 η
371 4101 556 4171 igitur,
589 4111 648 4156 ut
680 4103 805 4172 jure
825 4103 1003 4172 arguit
1031 4101 1377 4166 Coutantius,
1410 4103 1696 4173 utriusque
1740 4103 1843 4158 hac
1886 4103 1941 4157 in

368 4210 435 4250 re
462 4210 788 4251 consensum
819 4196 1135 4266 indigitans,
1188 4195 1255 4249 ad
1286 4203 1573 4264 utramque
1616 4196 1819 4266 pariter
1848 4214 1940 4253 su-

369 4283 704 4352 scipiendam
758 4299 860 4340 nos
922 4284 1321 4354 quodammodo
1373 4285 1619 4350 inducit,
1662 4285 1934 4350 hortatur,

365 4382 641 4445 perurget.

439 4463 713 4520 Hactenus
737 4480 864 4520 cum
892 4463 1092 4520 Grabio
1115 4481 1305 4522 sumus
1331 4466 1385 4521 in
1408 4466 1601 4537 primis
1624 4468 1931 4537 congressi;

365 4558 460 4627 qui
493 4564 675 4612 tamen
707 4556 965 4628 deinceps
994 4559 1236 4613 animum
1267 4567 1511 4614 mutasse
1566 4558 1883 4627 perhibetur
1912 4575 1926 4612 :

365 4648 636 4717 siquidem
666 4648 793 4702 alibi
828 4648 942 4719 (ei)
973 4649 1153 4703 locum
1181 4664 1247 4703 ex
1270 4647 1509 4718 Epistula
1540 4646 1605 4715 ll,
1636 4656 1689 4702 et
1710 4648 1929 4719 quidem

364 4747 624 4809 tanquam
681 4739 1079 4795 Clementinum
1137 4748 1459 4809 acceptum,
1517 4747 1711 4792 contra
1770 4738 1929 4794 Luca:

363 4830 611 4887 Mellierii
657 4830 962 4886 Artemonii
992 4846 1089 4886 seu
1119 4828 1388 4885 Samuelis
1419 4829 1600 4884 Crellii
1626 4829 1928 4885 cavillatio-

319 4908 463 4994 ines
486 4923 687 4977 acriter
714 4931 1021 4994 propugnat
1048 4939 1061 4975 :
1088 4923 1224 4978 adeo
1255 4929 1314 4975 ut
1344 4922 1459 4978 sive
1487 4919 1771 4975 Grabiante
1801 4935 1925 4975 sen-

333 5002 544 5071 Vtentiae
572 5015 842 5085 patronis,
870 5016 989 5072 sive
1035 5014 1118 5069 vel
1170 5012 1273 5083 ipsi
1320 5010 1520 5067 Grabio
1565 5012 1701 5067 nihil
1730 5012 1925 5083 reliqui

360 5122 484 5163 esse
517 5106 784 5162 videatur.
1196 5146 1197 5149 η

431 5196 545 5253 νη.
578 5196 717 5252 Sunt
760 5199 1006 5270 insuper,
1038 5197 1131 5270 qui
1169 5197 1422 5253 secunda:
1452 5195 1616 5266 hujus
1655 5193 1914 5265 Epistolas

452 5372 542 5435 38)
577 5372 856 5443 Coulanit"
890 5368 1063 5441 Epist.
1090 5370 1243 5443 Rom.
1265 5370 1492 5443 Pontif.,
1524 5386 1645 5443 pag.
1676 5370 1766 5434 '59,
1801 5370 1827 5441 §
1862 5387 1914 5425 v.

453 5444 544 5511 59)
586 5443 745 5507 Mill.,
774 5442 1075 5511 Prolegom.
1108 5446 1176 5497 ad
1202 5441 1265 5496 Ν.
1299 5442 1386 5505 Τ.,
1425 5441 1480 5495 n.
1514 5441 1633 5495 147.

428 5513 542 5581 (40)
582 5513 717 5581 Bibl.
749 5513 869 5567 cod.
899 5528 1076 5581 citavi.

431 5578 543 5654 (41')
580 5578 783 5654 Annot.
809 5581 876 5634 ad
924 5580 1173 5654 G._‘ltulli
1210 5581 1414 5639 defens.
1450 5582 1541 5639 (id.
1572 5582 1714 5651 Nic.,
1774 5588 1911 5636 sect.

358 5651 580 5727 il,'cap.
612 5654 669 5718 3,
698 5653 726 5722 ς
757 5652 805 5721 5,
844 5666 963 5721 pag.
997 5651 1082 5702 62.

2067 1820 2214 1891 quod
2244 1837 2381 1891 opus
2412 1822 2514 1876 sub
2536 1824 2756 1878 nomine.
2778 1823 3073 1880 Clementis
3094 1825 3368 1880 ferebatur
3388 1866 3403 1890 ,
3430 1827 3633 1896 conjici

2065 1922 2253 1983 posset
2278 1922 2526 1968 nostrum
2560 1915 2705 1970 hunc
2738 1917 3081 1986 scriptorem,
3100 1919 3359 1973 memoria
3382 1919 3635 1974 eilluente

2065 2002 2431 2067 existimasse,
2458 2003 2560 2058 hoc
2587 2002 2803 2076 Sibyllae
2833 2006 3202 2059 testimonium
3242 2008 3387 2076 quod
3412 2009 3464 2061 in
3492 2007 3634 2063 Con-

2064 2094 2427 2148 stitutionibus
2458 2097 2761 2164 apostolicis
2788 2096 3011 2168 legerat,
3046 2098 3099 2152 in
3152 2096 3391 2167 Epistola
3434 2099 3500 2153 ad
3526 2099 3629 2153 Co-

2064 2184 2299 2240 rinthios
2328 2192 2565 2240 exstare.
2596 2185 2652 2239 Si
2683 2187 2865 2242 minus
2897 2188 3107 2257 placeat
3143 2188 3259 2243 haec
3288 2189 3629 2259 conjectura,

2064 2275 2201 2330 illud
2252 2278 2443 2331 saltem
2477 2294 2600 2331 cum
2634 2278 2968 2335 doctissimis
2998 2280 3133 2335 viris
3173 2295 3488 2337 asseverare
3518 2300 3628 2339 non

2062 2364 2343 2432 dubitabo,
2378 2375 2625 2423 nostrum
2672 2369 2993 2439 scriptorem
3024 2370 3246 2427 minime
3274 2387 3397 2425 cum
3429 2374 3509 2429 eis
3555 2376 3629 2431 fa-

2061 2471 2206 2520 cere,
2253 2457 2346 2527 qui
2380 2458 2501 2525 ejus
2552 2459 2865 2513 testimonio
2913 2468 3163 2525 utuntur,
3212 2471 3271 2515 ut
3327 2462 3627 2533 Epistolam

2061 2544 2119 2602 S.
2145 2546 2439 2601 Clementis
2466 2549 2759 2603 secundam
2792 2550 3015 2605 minime
3041 2553 3333 2621 genuinam
3356 2571 3479 2611 esse
3501 2572 3628 2626 pro-

2059 2637 2208 2700 bent,
2243 2638 2335 2693 sed
2366 2639 2604 2695 hominis
2647 2641 2812 2695 fetum
2843 2641 2930 2696 cui
2956 2642 3067 2696 noti
3094 2652 3249 2698 erant
3280 2643 3528 2717 Sibyllini
3558 2649 3629 2704 de

2058 2736 2301 2783 extremo
2342 2728 2550 2797 judicio
2581 2744 2795 2791 versus.
2844 2733 3015 2786 multo
3054 2735 3374 2792 recentioris
3406 2736 3462 2793 S.
3501 2737 3629 2794 Cle-

2056 2831 2255 2877 mente.
2296 2821 2366 2876 Ut
2407 2824 2652 2878 omittam
2719 2827 3226 2897 pseudo—Justinum
3260 2833 3314 2886 in
3366 2834 3627 2905 ambiguo

2056 2914 2363 2983 reliquisse,
2397 2926 2575 2970 utrum
2609 2918 2665 2971 S.
2698 2917 2993 2975 Clementis
3022 2920 3319 2990 Epistolam
3348 2926 3623 2992 citaverit;

2055 3003 2179 3072 quis
2202 3004 2414 3074 ignorat
2431 3006 2600 3059 multa
2622 3005 2842 3079 Sibyllis
2866 3012 3109 3075 oracula,
3137 3014 3469 3083 propheticis
3494 3033 3625 3071 sen-

2054 3097 2239 3151 tentiis
2260 3108 2645 3165 consentanea,
2678 3102 2900 3155 attribui
2924 3104 3082 3156 solita
3111 3104 3297 3171 fuisse,
3330 3117 3621 3179 antequam

2051 3186 2333 3255 prodirent
2383 3193 2627 3243 carmina
2676 3191 2767 3244 illa
2819 3190 3391 3263 Sibyllina?Quorum
3422 3202 3619 3255 artifex

2052 3294 2159 3332 non
2191 3279 2410 3333 videtur
2442 3280 2660 3337 facinus
2693 3292 3076 3354 suscepturus.
3109 3299 3204 3342 aut
3238 3292 3433 3346 saltem
3460 3304 3620 3363 opta-

2050 3378 2136 3422 tos
2169 3367 2373 3425 fraudis
2405 3373 2585 3428 exitus
2620 3374 2929 3438 habiturus,
2964 3376 3068 3431 nisi
3097 3378 3207 3446 jam
3259 3390 3371 3434 tum
3418 3386 3619 3439 animis

2050 3459 2342 3514 insedisset
2395 3465 2691 3532 anticipata
2741 3463 2807 3519 de
2863 3466 3143 3538 Sibyllinis
3175 3474 3619 3540 prazdictiouibus

2049 3550 2253 3619 opinio.
2274 3570 2293 3603 ›
2320 3550 2592 3608 Hactenus
2615 3556 2699 3608 vir
2724 3556 2812 3609 ille
2834 3558 3047 3614 doctus.
3080 3561 3180 3627 Qui
3212 3574 3393 3619 autem
3425 3566 3525 3621 hac
3547 3569 3617 3623 dc

2048 3655 2107 3694 re
2132 3643 2282 3710 plura
2311 3642 2450 3696 scire
2473 3646 2730 3713 gestiunt,
2764 3664 2857 3704 eos
2888 3651 2954 3704 ad
2984 3653 3281 3723 scriptores
3310 3658 3470 3712 modo
3492 3659 3613 3713 lau-

2047 3731 2204 3788 datos
2233 3736 2580 3792 remittimus.

2119 3820 2251 3877 Vill.
2289 3823 2568 3894 Reliquum
2597 3835 2676 3882 est
2711 3838 2769 3882 ut
2809 3831 2950 3885 alius
2995 3834 3292 3891 adversarii
3326 3855 3500 3910 neque
3523 3841 3609 3895 in-

2046 3913 2278 3967 celebris
2318 3930 2493 3983 neque
2532 3916 2756 3981 indocti,
2810 3919 3106 3979 Hermanni
3173 3926 3608 4002 Venenue,obje-

2045 4004 2374 4061 ctationihus
2392 4022 2766 4075 occurramus,
2788 4014 2987 4082 quibus
3020 4016 3184 4085 hujus
3217 4018 3473 4090 Epistolas
3496 4039 3607 4094 qua

2044 4093 2111 4147 de
2142 4096 2372 4166 agimus,
2407 4098 2689 4169 integritas
2739 4103 3111 4162 vehementius
3140 4109 3435 4178 impetitur.
3457 4093 3524 4166 Et
3547 4115 3605 4169 in

2042 4186 2215 4254 prima
2246 4188 2466 4257 quidem
2488 4189 2848 4259 Epistolarum
2870 4210 3092 4249 suarum
3108 4198 3462 4270 (45)quarum
3485 4222 3602 4259 mo-

2041 4274 2111 4329 do
2131 4278 2497 4340 meminimus,
2519 4280 2573 4332 in
2609 4296 2674 4334 eo
2694 4290 2840 4336 totus
2875 4292 2959 4337 est
2983 4286 3065 4338 vir
3094 4288 3227 4343 clar.
3247 4306 3356 4359 quo
3384 4294 3601 4362 probet,

1964 4389 2009 4444 ι)
2038 4382 2146 4421 non
2179 4376 2387 4421 tantum
2442 4370 2829 4443 Hieronymum
2876 4375 3149 4431 doctorem
3204 4383 3498 4439 maximum
3530 4387 3600 4441 ad

2037 4460 2330 4515 secundam
2361 4460 2657 4532 Epistulam
2690 4463 3086 4522 Clementinam
3118 4476 3598 4543 respexissc,dum

2032 4566 2133 4638 nos
2162 4552 2380 4606 edocuit
2414 4553 2470 4609 S.
2497 4554 2831 4612 Clementem
2871 4559 2940 4612 ad
2967 4561 3274 4629 spirituales
3302 4577 3352 4620 et
3378 4585 3592 4638 evange-

2031 4632 2159 4691 licos
2186 4639 2449 4693 eunuchos
2482 4644 2791 4712 scripsisse,
2826 4663 3130 4720 omnemque
3158 4668 3285 4721 pene
3306 4632 3598 4712 sermonem

2029 4742 2180 4780 suum
2235 4727 2298 4781 de
2350 4730 2665 4800 virginitatis
2714 4736 2944 4802 puritate
2996 4746 3356 4812 contexuisse,
3405 4763 3596 4803 verum

2028 4818 2189 4871 etiam
2219 4817 2274 4871 S.
2319 4818 2680 4890 Epiphanium
2722 4825 2779 4879 in
2825 4830 3068 4885 eamdem
3119 4836 3308 4889 oculos
3337 4837 3597 4895 habuisse

2027 4907 2287 4977 intentos,
2319 4913 2445 4966 dum
2464 4914 2530 4967 de
2560 4915 2733 4984 ipsius
2755 4917 3051 4978 Clementis
3074 4923 3327 4993 Epistolis
3356 4933 3596 4999 encycli-

2027 5002 2101 5056 εἰς
2134 5018 2439 5059 sermonem
2467 5006 2676 5065 habuit.
2709 5008 2819 5065 Nec
2854 5012 2925 5066 ita
2956 5015 3126 5069 multo
3151 5026 3293 5086 post,
3323 5021 3405 5074 sui
3434 5025 3565 5091 peni

2024 5102 2116 5149 tus
2146 5095 2348 5151 oblitus
2376 5097 2460 5151 vir
2495 5100 2765 5164 eruditus,
2789 5105 2933 5173 quod
2964 5106 3206 5175 profecto
3227 5109 3417 5165 mirari
3455 5114 3577 5170 sulr

2024 5186 2088 5253 it,
2132 5188 2286 5257 plura
2330 5192 2575 5261 congerit
2606 5190 2720 5265 (44)
2758 5196 2958 5264 quibus
2999 5198 3234 5263 evincat,
3268 5202 3435 5256 alium
3467 5220 3589 5259 om-

2095 5366 2427 5449 (42)Quwst.
2446 5369 2515 5449 ad
2531 5370 2735 5449 orthod.
2759 5370 3029 5443 Respons.
3061 5377 3127 5431 ad
3154 5388 3346 5449 quatst.
3392 5396 3578 5449 exxtv,

2023 5436 2183 5493 inter.
2214 5436 2349 5509 Qpp.
2386 5439 2442 5494 S.
2473 5439 2612 5495 Just.
2638 5441 2707 5498 Μ.

2222 5506 2393 5592 Epist.
2418 5510 2559 5592 I,__ad
2586 5513 2685 5592 cel.
2712 5510 3125 5592 P._Wes_seling,
3162 5518 3189 5589 ᾗ
3217 5518 3299 5583 lO,
3325 5525 3501 5592 p.715).
3630 5578 3635 5589 κ

2028 5580 2202 5701 Ἰϐμι)
2227 5577 2398 5651 Epist.
2447 5578 2514 5650 ll,
2550 5581 2618 5637 ad
2684 5583 2756 5638 cl.
2789 5581 2852 5639 Τ.
2886 5577 3296 5656 Ηθωειῖὶριτυε.,’
3382 5591 3476 5656 20,
3513 5606 3571 5661 p.
