3870 6362
248 240 335 298 101
398 252 407 257 ‘

1495 237 1837 295 PROGSMIA
1877 237 2255 296 VARIURUM.

3282 242 3493 308 ’102

247 356 375 410 nino
399 368 527 408 esse
564 367 596 406 a
624 351 914 410 Clemente
962 370 1059 411 nec
1110 369 1176 411 eo
1230 357 1392 426 paulo
1442 355 1825 415 recentiorem,
1858 357 1902 410 Α
1934 368 2056 406 nam
2087 355 2596 428 institutionemque
2631 375 2869 430 primum
2901 362 3120 434 quidem
3152 375 3437 425 assecutus
3458 384 3491 425 ο

246 444 334 497 cui
366 442 486 497 haec
520 443 638 512 ipsa
688 442 936 515 Epistula
986 445 1261 501 referatur
1315 454 1557 516 accepta.
1609 445 1819 500 Nollem

248 531 452 586 factum
504 533 795 587 enimvero
827 533 996 603 :quid
1040 532 1277 603 loquar?
1311 534 1389 587 An
1426 534 1583 603 longa
1618 532 1706 585 illa
1735 532 1820 586 di-

250 624 568 694 sputatione
618 639 785 693 quam
830 627 1064 694 primum
1116 627 1395 680 contexuit
1444 624 1510 680 li.
1559 623 1818 687 Venema,

250 728 350 768 nos
406 713 603 767 ludere
638 714 854 767 voluit?
880 714 961 767 An
994 730 1124 769 vero
1157 714 1544 785 Hieronymum
1596 725 1649 769 et
1697 715 1823 785 Epi-

250 806 514 877 phanium
552 808 626 860 ita
660 809 865 863 bardos
896 811 1249 873 existimavit,
1286 819 1343 863 ut
1403 825 1501 878 pro
1545 809 1653 863 fetu
1696 808 1823 864 Cle-

250 898 498 951 mentino
533 896 836 967 Epistulam
858 901 1161 970 reciperent
1180 901 1625 970 supposilitiam?
1656 900 1825 953 Nimi-

250 1001 372 1039 rum
429 988 519 1040 vir
559 989 793 1044 criticus
847 989 913 1043 ad
963 991 1327 1046 subruendam
1352 991 1819 1047 Clementinarum

249 1073 622 1143 Epistolarum
686 1077 765 1133 De
817 1080 1114 1149 virginitate
1167 1082 1554 1150 integritatem,
1609 1084 1822 1153 telaque

245 1168 381 1221 clar.
417 1165 712 1224 Wetstenii
762 1172 987 1227 editoris
1038 1173 1382 1237 declinanda,
1414 1174 1649 1244 primum
1697 1177 1821 1246 qui-

244 1257 365 1311 dem
398 1260 469 1312 ad
502 1262 868 1330 posteriorem
911 1262 1208 1319 Clementis
1257 1264 1667 1320 Corinthiacam
1694 1266 1821 1335 Epi-

246 1348 441 1403 stulam
472 1351 629 1404 velut
664 1349 733 1404 ad
778 1353 985 1423 asylum
1024 1352 1293 1424 confugit,
1338 1356 1660 1425 nullumque
1709 1372 1819 1411 non

246 1445 425 1492 movet
476 1438 718 1511 lapidem
776 1458 886 1514 quo
938 1444 1078 1499 hanc
1139 1444 1437 1516 Epistulam
1486 1449 1822 1504 demonstret

246 1526 389 1581 illam
417 1528 761 1599 ipsissimam
787 1547 909 1587 esse
938 1533 992 1587 in
1015 1550 1176 1604 quam
1207 1536 1433 1606 digitum
1468 1539 1820 1592 intenderunt

241 1626 477 1680 veteres,
522 1618 892 1693 Hieronymus
921 1624 974 1678 in
1014 1625 1209 1694 primis
1238 1634 1403 1697 atque
1426 1627 1765 1699 Epiphanius
1798 1648 1811 1684 :

244 1709 592 1774 postmodum
624 1719 831 1776 autem,
857 1714 1079 1783 perinde
1120 1730 1185 1770 ac
1226 1717 1295 1772 de
1340 1720 1617 1789 triumpho
1656 1735 1815 1775 secu-

245 1812 359 1861 rus,
388 1799 444 1851 in
478 1800 731 1855 eamdem
762 1806 1050 1875 consurgit
1078 1808 1378 1863 secundam
1404 1810 1813 1868 Corinthiacam

243 1886 568 1959 Epistulam,
596 1908 763 1962 quam
786 1898 1215 1954 cummentitiam
1243 1916 1367 1958 esse
1398 1904 1557 1960 nobis
1588 1920 1816 1976 persua-

243 1979 371 2034 dere
418 1990 692 2051 conatur;
753 1987 1000 2058 nihilque
1060 1992 1214 2061 pensi
1270 1992 1429 2049 habet
1460 2034 1475 2059 ,
1521 1996 1817 2053 dummodo

243 2073 408 2128 unius
446 2075 651 2144 prioris
700 2078 773 2133 ad
820 2079 1137 2140 Corinthios
1183 2085 1442 2157 Epistula:
1472 2100 1662 2146 auctor
1689 2090 1817 2149 Cle-

240 2178 398 2221 mens
433 2182 556 2224 esse
586 2170 856 2229 videatur.
882 2174 994 2247 Age
1024 2195 1191 2244 nunc,
1219 2182 1309 2235 illa
1333 2183 1692 2243 discutiamus
1714 2204 1816 2258 po-

240 2256 402 2321 liora,
435 2274 558 2328 qua
612 2263 682 2317 ad
712 2264 835 2334 ejus
886 2270 1319 2339 suppositionem
1350 2256 1819 2336 evincendam—vir

241 2348 435 2405 ductus
459 2351 703 2409 adducit.

309 2438 559 2496 Primum
588 2444 758 2515 igitur
788 2462 1168 2520 argumentum
1203 2469 1271 2509 ex
1301 2470 1370 2511 eo
1417 2458 1555 2527 petit
1609 2456 1674 2516 ll.
1709 2459 1817 2517 Ve-

242 2547 399 2586 nema
429 2534 569 2605 (45),
600 2538 748 2607 quod
779 2549 971 2597 auctor
1020 2542 1276 2615 Epistula:
1336 2551 1659 2619 posterioris
1689 2567 1811 2609 sese

210 2622 457 2693 origine
506 2627 768 2696 gentilem
818 2640 1001 2701 aperte
1055 2635 1251 2704 prodat
1280 2634 1416 2707 (46),
1449 2654 1572 2693 cum
1624 2649 1817 2696 contra

238 2715 465 2770 natione
516 2715 773 2773 Judaaum
832 2721 1003 2778 fuisse
1056 2725 1392 2783 Clementem
1422 2730 1659 2785 clamare
1686 2746 1817 2787 cen-

236 2813 428 2861 scatur
476 2807 634 2864 locus
695 2811 789 2866 ille
836 2814 1037 2883 prioris
1087 2815 1363 2887 Epistula},
1398 2821 1487 2875 ubi
1548 2820 1814 2877 Jacobum

234 2906 442 2961 patrem
479 2910 721 2955 nostrum
752 2905 989 2974 appellat
1016 2906 1151 2979 (47).
1175 2908 1425 2968 Perbelle
1454 2929 1605 2971 sane.
1628 2916 1816 2988 Neque

1923 440 2096 497 Paulo
2125 444 2378 502 Clemens
2428 447 2725 513 Romanus,
2773 454 3030 526 deinceps
3064 472 3194 511 vero
3223 459 3412 515 volens
3438 473 3492 518 et

1924 536 2041 605 ipse
2082 537 2273 592 iisdem
2317 543 2631 609 apostolicis
2682 548 2967 617 praeceptis
3014 550 3261 605 imbuere
3288 552 3488 607 Corin-

1922 628 2089 713 thius,
2116 627 2378 683 Jacobum
2409 643 2610 700 patrem
2662 648 2901 692 nostrum
2936 643 3147 695 vocavit
3177 660 3189 694 :
3223 647 3490 712 quemad-

1922 718 2143 771 modum
2203 721 2365 775 etiam
2422 724 2619 779 ibidem
2672 731 2950 786 nonnullis
3002 732 3304 802 interjectis
3353 735 3487 806 (52),

1920 818 2123 877 patrem
2154 822 2391 866 nostrum
2420 819 2709 886 appellavit
2738 821 3130 881 Abrahamum.
3161 824 3333 891 Quam
3367 829 3493 897 qui-

1922 901 2044 955 dem
2076 902 2381 958 doctrinam
2408 922 2529 960 cum
2562 909 2755 966 deinde
2782 914 3081 983 accepisset
3109 915 3352 972 Ecclesia
3381 916 3491 972 Ro-

1924 1007 2083 1046 mana
2110 994 2223 1049 sive
2255 998 2323 1049 ab
2354 999 2613 1066 Apustolo
2636 1002 2749 1057 sive
2773 1004 2935 1057 etiam
2959 1006 3026 1059 ab
3045 1006 3165 1076 ipso
3188 1007 3486 1073 Clemente,

1923 1091 2169 1137 sanctam
2224 1084 2367 1140 inter
2415 1089 2683 1143 actionem
2740 1093 3109 1160 precationem
3168 1096 3486 1165 hujusmodi

1922 1174 2098 1228 sacris
2125 1176 2396 1231 ministris
2413 1179 2746 1233 recitandam
2776 1181 2971 1236 indixit
2993 1184 3102 1254 (55)
3131 1200 3143 1235 :
3170 1185 3334 1249 Deus,
3359 1186 3490 1255 ﬁde-

1920 1262 2052 1317 lium
2091 1276 2242 1335 pater
2294 1283 2515 1331 summe,
2549 1270 2639 1338 qui
2666 1271 2718 1323 in
2755 1280 2861 1325 toto
2910 1272 3031 1328 urbe
3081 1284 3339 1330 terrarum
3366 1294 3491 1347 pro-

1922 1359 2193 1413 missionis
2224 1370 2328 1414 tua:
2375 1361 2518 1428 ﬁlios
2549 1362 2747 1431 di/fusa
2786 1363 3080 1433 adoptionis
3106 1367 3282 1435 gratia
3308 1371 3489 1424 multi-

1919 1449 2107 1519 plicas,
2138 1461 2186 1505 et
2219 1467 2308 1521 per
2342 1454 2590 1521 paschale
2618 1464 3029 1518 sacramentum,
3057 1455 3325 1512 Abraham
3362 1477 3490 1529 pue-

1922 1557 2041 1594 rum
2076 1551 2223 1595 tuum
2252 1544 2639 1607 universarum,
2665 1545 2807 1598 sicut
2828 1545 3052 1612 jurasti,
3075 1550 3305 1615 gentium
3332 1550 3487 1620 egit-is

1921 1643 2147 1701 patrem,
2183 1645 2289 1691 etc.
2322 1636 2469 1690 Alibi
2500 1652 2720 1706 quoque
2766 1637 2971 1693 clarius
3000 1638 3179 1692 adhuc
3206 1641 3315 1711 (54)
3338 1657 3350 1693 :
3377 1642 3488 1697 Pa—

1920 1740 1999 1783 ter
2037 1729 2161 1798 ﬁdei
2188 1739 2382 1784 nostra:
2418 1729 2690 1783 Abraham
2726 1746 2983 1793 summus,
3016 1732 3205 1786 obtulit
3240 1736 3487 1789 holocau-

1916 1830 2057 1874 stum
2084 1836 2239 1889 super
2267 1821 2437 1875 altare
2455 1838 2550 1890 pro
2578 1821 2714 1891 ﬁlio.
3097 1898 3101 1903 _

1988 1910 2129 1976 Quid
2160 1912 2303 1981 quod
2342 1912 2677 1983 The0philus
2719 1912 2773 1966 in
2806 1913 2921 1969 suis
2952 1913 3017 1967 ad
3058 1913 3380 1985 Autolycum
3422 1917 3489 1970 li-

1916 2003 2035 2058 bris
2079 2002 2215 2074 (55),
2251 2004 2398 2074 quod
2446 2020 2584 2074 pene
2624 2004 2940 2070 exciderat,
2985 2003 3241 2059 Davidem
3285 2017 3487 2074 patrem

1918 2111 2015 2152 seu
2050 2099 2429 2167 progenitorem
2469 2107 2707 2152 nostrum
2763 2097 3036 2168 appellat?
3066 2098 3293 2151 Ἔπειτα
3326 2099 3490 2153 Arnold

1915 2189 1945 2241 ὁ
1968 2190 2231 2260 πρόγονος
2258 2190 2415 2261 ἡμῶν
2442 2190 2828 2262 (ἐδασίλευσεν)
2859 2191 2953 2263 ἐτη
2988 2198 3061 2264 μ’.
3096 2210 3114 2242 ι
3141 2190 3345 2246 Deinde
3376 2190 3486 2245 Da-

1917 2279 2007 2332 vid
2030 2289 2181 2347 pater
2205 2290 2381 2334 noster
2403 2282 2648 2351 regnavit
2669 2296 2843 2336 annos
2877 2281 3258 2350 quadraginta.
3286 2301 3303 2333 ι
3336 2279 3487 2336 Nun-

1917 2370 2048 2439 quid
2080 2370 2203 2425 ideo
2234 2368 2517 2435 Hebraeus,
2548 2372 2843 2441 episcopus
2869 2371 2970 2427 iste
3010 2372 3419 2427 Antiochenus?

1988 2462 2211 2527 Verum,
2242 2470 2302 2517 ut
2319 2464 2385 2517 ad
2406 2478 2468 2517 ea
2492 2464 2676 2527 verba,
2710 2463 2965 2519 Iacobum
2991 2475 3192 2534 patrem
3222 2478 3482 2527 nostrum,

1918 2556 2162 2627 apertius
2191 2556 2526 2610 enucleanda
2559 2557 2836 2627 simulque
2864 2561 3256 2629 propugnanda
3288 2561 3485 2616 redea-
3588 2546 3593 2551 ’

1917 2665 2061 2715 mus,
2100 2662 2209 2719 quo
2251 2647 2508 2718 deinceps
2548 2664 2613 2703 ex
2669 2664 2857 2704 eorum
2907 2653 3259 2721 ambiguitate
3303 2652 3485 2708 omnis

1916 2741 2213 2812 objiciendi
2262 2741 2588 2811 praecidatur
2637 2743 2858 2797 occasio
2911 2759 2925 2795 :
2973 2743 3194 2798 Patrum
3265 2760 3485 2815 quoque

1916 2834 2283 2903 antiquissimi
2307 2835 2497 2891 eodem
2522 2834 2681 2903 plane
2710 2850 2873 2889 sensu
2905 2851 3028 2890 cum
3059 2834 3337 2892 Clemente
3361 2854 3483 2907 per-

1916 2924 2177 2980 hibentur
2216 2939 2341 2980 esse
2390 2925 2553 2979 locuti
2583 2940 2595 2975 :
2622 2924 2875 2980 Justinus
2922 2934 3128 2998 martyr
3170 2928 3301 2997 (56),
3359 2929 3483 2984 Cle-

235 3003 411 3059 uuper
440 2990 663 3047 demum
678 3004 870 3049 exorta
885 3006 968 3052 est
992 2999 1058 3053 de
1075 2998 1362 3057 Judaismo
1378 3004 1673 3063 Clementis
1694 3010 1811 3079 opia
1838 3033 1883 3093 ο
1918 3030 2071 3070 mens
2102 3014 2508 3069 Alexandrinus
2536 3016 2669 3086 (‘57),
2703 2990 3083 3072 Tertullianus
3111 2990 3483 3090 (5‘8),'auctor

233 3083 346 3137 nio.
380 3082 627 3149 Primus,
653 3087 799 3157 quod
823 3090 1039 3159 quidem
1088 3096 1279 3160 sciam,
1312 3098 1404 3166 qui
1430 3114 1548 3153 eam
1583 3101 1810 3169 invexit,

232 3169 337 3225 fuit
382 3172 775 3234 Tillemontius
836 3179 970 3250 (48).
1023 3180 1232 3240 Exinde
1285 3203 1416 3242 vero
1446 3189 1587 3244 idem
1634 3194 1811 3249 visum

226 3270 532 3326 Cuutantio
551 3271 688 3344 (49),
713 3274 841 3330 licet
858 3287 1046 3346 postea
1076 3281 1405 3337 sententiam
1424 3287 1649 3341 mutarit
1676 3287 1809 3358 (50).

224 3360 484 3418 Accessit
513 3364 736 3420 demum
771 3365 1100 3433 Ceillierius,
1134 3372 1228 3441 qui
1288 3371 1518 3431 ﬁdenter
1550 3378 1715 3434 nimis
1750 3379 1806 3434 id

224 3472 487 3513 asserere
532 3475 646 3515 non
676 3461 949 3517 dubitavit
980 3464 1115 3536 (51).
1171 3466 1242 3520 At
1300 3468 1519 3526 elumbe
1566 3472 1811 3541 profecto

224 3548 547 3605 habendum
604 3563 985 3623 argumentum
1050 3556 1403 3625 istiusmodi,
1450 3578 1560 3633 quo
1624 3562 1813 3620 Corin-

223 3642 424 3696 thiacze
504 3645 832 3712 posterioris
887 3647 1142 3718 Epistolre
1206 3652 1430 3707 tollatur
1504 3657 1805 3728 integritas.

224 3731 433 3798 Quidni
483 3734 652 3790 sodes
689 3734 945 3794 Clemens
1001 3739 1156 3795 Pauli
1216 3746 1495 3817 συνεργὸς,
1544 3747 1809 3806 Jacubum

220 3834 433 3892 patrem
486 3834 733 3878 nostrum
793 3841 860 3881 eo
913 3844 1081 3884 sensu
1132 3846 1332 3887 vocare
1390 3839 1648 3905 potuerit,
1702 3856 1809 3910 quo

220 3918 369 3972 idem
400 3918 707 3988 Apostolus
737 3923 1119 3991 promissionis
1146 3924 1286 3981 ﬁlios
1316 3928 1371 3982 in
1403 3930 1612 3986 semine
1632 3932 1809 3987 Abra-

222 4006 312 4062 hae
336 4019 392 4062 et
428 4009 600 4066 Israel
639 4013 946 4081 computari
976 4014 1155 4079 docet,
1195 4024 1256 4070 ut
1290 4027 1437 4074 recte
1482 4019 1808 4081 Cuutantius

221 4102 426 4156 melius
449 4103 774 4158 consultus?
793 4103 911 4158 Nan
927 4108 1085 4170 enim,
1105 4107 1280 4178 inquit
1300 4109 1517 4167 divinus
1546 4129 1723 4183 praeco
1739 4116 1805 4179 “,

222 4208 406 4247 omnes
423 4193 517 4263 qui
538 4210 601 4247 ea:
616 4192 789 4247 Israel
806 4205 948 4259 sunt,
980 4197 1021 4249 ii
1050 4206 1173 4251 sunt
1201 4196 1461 4255 Israelin
1484 4216 1503 4253 :
1525 4219 1687 4272 neque
1720 4207 1810 4277 qui

226 4301 401 4337 semen
419 4294 548 4337 sunt
566 4285 997 4349 Abrahw,omnes
1018 4288 1119 4356 ﬁlii
1141 4302 1159 4341 :
1180 4289 1271 4341 sed
1292 4290 1345 4342 in
1362 4288 1521 4345 Isaac
1536 4294 1807 4350 vocabitur

1917 3102 2281 3173 Eapositionis
2318 3104 2373 3157 in
2400 3100 2738 3175 Evangelium
2768 3104 2924 3161 Luca:
2964 3123 3085 3176 quae
3107 3109 3210 3163 sub
3238 3109 3346 3161 Titi
3372 3109 3479 3162 Bo.

1914 3199 2147 3255 strensis
2196 3197 2415 3252 nomine
2472 3198 2858 3253 circumfertur
2916 3200 3049 3273 (59),
3101 3212 3154 3256 et
3205 3202 3477 3272 Augusti-

1913 3306 2020 3357 nus
2057 3288 2191 3359 (60).
2224 3287 2363 3343 Hinc
2385 3303 2517 3359 ergo
2546 3287 2877 3344 Venemiana
2902 3292 3141 3360 objectio
3160 3294 3475 3349 evanescit:

1912 3397 2019 3454 quo
2050 3383 2193 3437 enim
2232 3396 2394 3435 sensu
2435 3380 2649 3435 locutus
2685 3388 2768 3435 est
2796 3383 3077 3449 apostolus
3114 3381 3337 3450 Paulus,
3368 3400 3478 3455 quo

1910 3474 2154 3530 Ecclesia
2182 3471 2427 3526 Romana
2471 3472 2540 3526 ab
2585 3473 2707 3542 ipso
2735 3472 2947 3539 educta,
2971 3489 3081 3543 quo
3109 3473 3300 3531 Patres
3336 3478 3480 3531 anti-

1912 3567 2168 3638 quiores,
2218 3579 2282 3619 eo
2319 3565 2446 3618 item
2479 3563 2731 3618 Clemens
2768 3571 2955 3619 noster
2985 3566 3200 3622 locutus
3235 3583 3358 3623 esse
3400 3570 3481 3623 di-

1910 3660 2140 3723 cendus,
2172 3666 2225 3712 et
2251 3656 2472 3727 quidem
2508 3657 2574 3731 ad
2603 3655 2915 3712 Corinthios
2938 3656 3200 3714 Romana:
3223 3658 3478 3716 Ecclesia:

1910 3751 2131 3808 nomine
2176 3750 2422 3806 scribens
2455 3765 2467 3800 :
2496 3758 2555 3802 ut
2598 3759 2883 3820 propterea
2927 3766 3036 3804 non
3084 3766 3186 3806 suo
3238 3760 3470 3823 tantum,

1911 3843 2007 3898 sed
2048 3850 2101 3897 et
2145 3840 2517 3895 Romanorum
2568 3848 2733 3910 atque
2772 3840 3182 3896 Corinthiorum
3231 3844 3473 3911 nomine,

1908 3931 2278 3987 Abrahamum
2308 3928 2653 3984 etJacobum
2687 3939 2863 3997 patres
2894 3941 3125 3994 nostros,
3151 3932 3276 3986 ﬁdei
3322 3934 3474 3988 scili-

1909 4031 1994 4079 cet
2015 4033 2215 4077 nostrze
2234 4028 2444 4113 patres,
2470 4020 2701 4090 ipsemet
2726 4020 3034 4090 appellasse
3063 4022 3359 4092 putandus.

1980 4112 2150 4169 Instat
2202 4110 2369 4182 porro
2409 4113 2495 4164 vir
2547 4110 2793 4174 criticus,
2844 4118 3008 4181 atque
3051 4129 3116 4167 ex
3167 4113 3251 4168 his
3289 4115 3472 4171 verbis

1908 4206 2153 4276 ejusdem
2198 4202 2451 4273 Epistula!
2480 4199 2589 4271 (6i)
2624 4219 2636 4255 :
2674 4200 2864 4256 Plures
2895 4203 3031 4273 [acti
3057 4220 3240 4259 sumus
3279 4206 3347 4260 iis
3381 4208 3473 4278 qui

1909 4298 2078 4352 Deum
2120 4296 2308 4350 habere
2347 4302 2618 4348 censentur
2648 4292 2914 4367 (Judaais):
2939 4298 3147 4368 colligit
3190 4308 3471 4355 auctorem

230 4376 323 4428 tibi
345 4392 527 4430 semen
555 4394 575 4431 :
596 4375 652 4428 id
667 4386 768 4440 est,
789 4394 888 4431 non
913 4380 1002 4450 qui
1019 4378 1120 4449 ﬁlii
1149 4381 1534 4451 carnis,hiﬁlii
1570 4384 1686 4451 Dei,
1715 4391 1803 4441 sed
1835 4367 1880 4422 Ῑ)
1908 4404 1973 4446 eo
2010 4388 2227 4443 demum
2277 4393 2518 4455 tempore
2572 4385 2810 4451 vixisse,
2859 4404 2969 4458 quo
3016 4367 3472 4448 Christianismus

227 4468 320 4536 qui
348 4469 461 4536 ﬁlii
491 4478 620 4521 sunt
661 4470 1053 4536 promissionis,
1104 4473 1437 4526 (estimantur
1484 4476 1539 4529 in
1588 4479 1801 4534 semine.

228 4555 367 4611 llinc
391 4558 589 4611 alibi"
612 4558 783 4612 etiam
814 4558 1048 4627 ipsemet
1074 4559 1375 4629 Apostolus
1404 4561 1574 4618 Israel
1596 4565 1695 4620 Dei
1716 4582 1811 4622 vo-

228 4656 317 4700 cat
370 4650 595 4704 eosdem
643 4649 1031 4719 promissionis
1081 4650 1243 4716 ﬁlios,
1274 4652 1390 4708 sive
1418 4668 1483 4709 ex
1513 4655 1805 4715 circumci-

230 4738 384 4794 sione
414 4739 534 4794 sive
555 4755 621 4794 ex
658 4741 925 4810 praeputio
959 4749 1202 4797 vocatos.
1230 4741 1383 4798 Hanc
1414 4744 1577 4817 igitur
1605 4746 1814 4805 doctri-

298 4925 345 4959 ⁸⁸
374 4925 537 4981 Ilum.
558 4924 776 4991 Ix,6-8.
854 4924 898 4957 ³⁸
920 4924 1191 4991 Galat.vt,
1216 4927 1413 4992 15,16.

319 5087 409 5158 ss)
440 5086 620 5158 Epist.
648 5085 715 5158 rt,
749 5085 785 5158 ι.
819 5099 849 5139 c

318 5154 408 5227 46)
434 5154 638 5230 Clemﬂ
667 5156 840 5230 Epist.
871 5154 915 5209 Il
944 5155 1026 5230 ad
1048 5155 1203 5222 Cor.,
1226 5172 1384 5230 capp.
1417 5157 1445 5212 i
1480 5165 1536 5214 et
1562 5157 1618 5214 Ξ.

296 5226 405 5299 (Π)
430 5228 537 5288 ld..
581 5226 761 5299 Epist.
786 5226 827 5289 l,
856 5242 976 5299 cap.
998 5226 1052 5282 4.

296 5295 402 5367 (48)
434 5299 603 5352 Mem.
630 5295 789 5367 Hist.
813 5297 962 5367 egoh,
995 5305 1035 5352 ι.
1064 5295 1129 5360 Π,
1158 5312 1209 5367 p.
1239 5297 1360 5354 149.

295 5365 401 5437 (49)
431 5368 613 5437 Epist.
643 5365 800 5420 Rom.
828 5365 1055 5437 Pontiﬁ,
1080 5384 1134 5437 p.
1160 5365 1252 5423 Η.

291 5441 394 5509 (δυ)
423 5440 603 5499 Ιὺίάη
636 5453 694 5506 p.
720 5437 809 5491 Μ.

287 5507 394 5591 (δι)
426 5511 581 5593 Ιζίξι.
611 5523 816 5579 genen,
847 5518 978 5563 tum.
1006 5508 1049 5573 l,
1070 5522 1124 5576 p.
1151 5507 1274 5565 508.

282 5584 388 5644 (52)
424 5584 613 5647 Epist.
656 5577 698 5641 1,
733 5593 852 5647 cap.
890 5579 979 5632 3i.

278 5618 388 5727 is;
418 5618 672 5708 Buzzi:
684 5618 852 5702 3233:?
866 5618 1111 5704 13's.».
1350 5648 1413 5704 ad
1444 5651 1692 5720 ρνοριιρι.
1722 5666 1774 5704 ιν

1906 4483 2052 4539 inter
2094 4486 2284 4547 gentes
2314 4478 2805 4533 uumerosissimus
2846 4488 2965 4534 erat
3005 4494 3170 4552 supra
3199 4480 3416 4538 Iudaeos
3451 4503 3466 4539 :

1907 4568 2052 4641 quod
2088 4566 2330 4637 quidem,
2365 4566 2562 4638 inquit,
2594 4568 2800 4623 rectius
2829 4585 2991 4638 quam
3044 4572 3098 4624 in
3149 4571 3463 4636 Clementis,

1905 4659 2139 4732 quadrat
2188 4657 2246 4712 in
2304 4655 2525 4726 Trajani
2571 4666 2625 4712 et
2679 4659 3021 4727 sequentium
3073 4660 3463 4729 imperaturqu

1902 4762 2172 4824 tempora,
2224 4750 2422 4821 quibus
2467 4748 2711 4806 Ecclesia
2765 4753 3007 4823 gentium
3050 4752 3209 4822 longe
3252 4752 3466 4825 lateque

1982 5092 2093 5164 (54)
2125 5091 2275 5164 pm.
2303 5089 2452 5164 Rom.
2487 5090 2648 5164 Sabb.
2674 5099 2795 5164 ante
2815 5089 3014 5164 Quiuq.
3035 5089 3101 5147 ad
3123 5089 3174 5143 Μ
3183 5091 3457 5161 agni/Erat.

2004 5092 2072 5148 54
2126 5092 2275 5146 Βνευ.
2303 5092 2452 5145 Rom.
2487 5092 2648 5145 Sabb.
2674 5099 2795 5144 ante
2815 5092 2875 5156 Qu

2122 5160 2241 5233 bibi
2265 5176 2346 5221 Ill,
2379 5158 2875 5233 ad_Autolyc.‘,§~25

1978 5168 2092 5289 (55)
2122 5168 2241 5214 Lib.
2265 5176 2346 5221 ιιι,
2379 5168 2442 5212 ad
2475 5168 2778 5228 Autolyc.,§
2806 5168 2874 5216 25

2003 5232 2093 5299 56)
2118 5229 2258 5299 Dial-
2288 5246 2407 5299 cum
2435 5229 2653 5299 Trwz’t-v
2698 5228 2724 5297 §
2754 5231 2874 5299 1.?!4-

1965 5297 2077 5367 (57)
2117 5295 2734 5368 Clem._alex.,'Strom'.
2762 5295 2857 5349 lib.
2894 5310 2971 5358 vt,
3009 5310 3134 5368 cap.
3176 5295 3225 5363 7,
3260 5312 3315 5368 p.
3345 5297 3468 5353 770.

1967 5364 2082 5435 (58⁷)
2116 5366 2249 5421 Adv.
2287 5366 2571 5431 Marcium,
2606 5367 2701 5420 lib.
2739 5381 2975 5435 tv,7cap.
3000 5364 3094 5435 εις

1966 5434 2078 5503 (59)
2114 5435 2182 5490 1η
2205 5453 2325 5505 cap.
2366 5435 2615 5506 tiEvang.
2648 5435 2779 5490 Luc.
2817 5434 2956 5490 Bibl.
2996 5434 3099 5489 PP.
3130 5437 3262 5491 edit.
3288 5436 3468 5501 Paris,

1896 5517 2029 5565 tom.
2065 5506 2201 5569 Xlll,
2232 5522 2284 5571 p.
2318 5505 2442 5558 767.

1997 5580 2088 5635 60)
2131 5577 2304 5629 Serui.
2332 5571 2395 5646 Υ,
2424 5572 2451 5641 §
2478 5572 2530 5634 ις
2556 5573 2692 5646 Qpp.
2721 5582 2852 5630 ιοιιι.
2892 5574 2949 5638 V,
2979 5594 3030 5646 p.
3070 5578 3157 5637 50.

1997 5590 2088 5635 6|!)
2131 5590 2304 5629 benti.
2341 5590 2395 5635 V,
2424 5590 2451 5641 9
2478 5590 2530 5634 ις
2556 5590 2627 5641 Up

1976 5590 2090 5718 (61)
2135 5647 2299 5715 Epist.
2332 5641 2390 5709 Il,
2421 5658 2543 5713 cap.
2573 5643 2627 5699 2.
