3832 6268
465 211 565 265 103

1560 210 1647 262 AD
1690 210 1742 262 S.
1783 209 2195 265 CLEMENTEM
2235 209 2254 263 ἰ
2292 209 2517 266 ΡΑΡΑΜ

3561 211 3657 269 ξοι

462 328 746 391 propagata
778 330 879 377 est.
912 322 1047 389 Quid
1070 324 1248 378 multis
1273 339 1405 393 Opus
1432 324 1550 376 est?
1577 323 1761 377 Nonne
1788 320 1983 374 Paulus
2014 325 2057 381 Α
2085 322 2343 391 sanguine
2371 338 2488 378 suo.
2516 343 2533 375 ι
2570 323 2675 378 Nec
2704 323 2894 378 dubito
2937 323 3073 391 quin
3110 322 3274 375 hisce
3308 320 3523 381 verbis,
3570 329 3659 379 καὶ

405 422 407 429 '
460 410 524 461 ad
554 410 826 467 Romanos
867 415 1108 467 scribens
1127 416 1190 475 ³⁸,
1226 415 1422 482 gratias
1462 412 1567 465 Deo
1600 413 1806 479 agebat,
1839 412 1979 479 quod

460 500 588 553 ﬁdes
617 517 799 554 eorum
825 504 1239 555 annuntiabatur
1265 504 1314 554 in
1338 502 1568 554 universo
1590 503 1815 554 mundo?
1838 500 1980 553 Non-

456 602 524 640 ne
556 588 765 641 dicebat
792 590 855 651 ³⁷,
883 592 935 643 in
964 608 1163 643 onmem
1186 601 1378 643 terram
1408 592 1603 645 exiisse
1632 607 1820 645 sonum
1851 609 1980 662 apo.

456 677 740 740 stolarum,
795 689 843 731 et
890 680 945 732 in
980 681 1107 747 ﬁnes
1159 679 1296 731 orbis
1341 689 1491 731 terra:
1545 681 1703 733 verba
1758 680 1980 733 eorum?

452 764 641 819 Nonne
674 765 834 819 Deum
878 767 1281 835 gloriﬁcabat“,
1310 768 1449 835 quod
1496 770 1804 837 mysterium
1845 778 1977 823 tem-

451 857 676 921 poribus
711 860 923 912 aeternis
954 860 1196 918 tacitum,
1229 860 1553 926 patefactum
1594 870 1735 914 esset
1764 861 1829 913 ad
1860 863 1977 914 obe-

448 947 699 1000 ditionem
728 949 849 1016 ﬁdei
876 950 929 1002 in
957 951 1151 1001 cunctis
1180 950 1458 1018 gentibus?
1492 951 1683 1003 Eodem
1730 952 1975 1020 loquendi
2010 1004 2015 1010 .

455 1053 647 1105 genere
684 1041 806 1091 alibi
830 1055 1039 1107 quoque
1066 1041 1232 1094 utitur
1254 1042 1391 1095 idem
1424 1042 1732 1110 Apostolus.
1765 1044 1839 1096 Ad
1870 1044 1977 1097 Co-

455 1124 819 1180 losseuses”:
859 1127 921 1179 In
967 1129 1112 1180 verbo
1161 1130 1390 1181 veritatis
1439 1128 1872 1198 Evangeliipquod
1920 1133 1973 1184 in

452 1218 684 1269 universo
706 1217 891 1270 mundo
921 1228 1018 1279 est,
1050 1230 1095 1271 et
1118 1219 1423 1287 fructi/ient.
1454 1231 1502 1273 et
1532 1224 1736 1276 crescit.
1777 1222 1836 1274 Et
1870 1223 1972 1276 ite-

452 1305 1054 1375 rttm:Evnngelium....
1114 1310 1452 1377 prwdtcatum
1509 1322 1583 1363 est
1634 1314 1686 1362 in
1733 1310 1971 1364 unio‘ersa

450 1404 685 1445 creatura
716 1410 828 1461 quae
851 1395 943 1446 sub
966 1397 1090 1449 caelo
1118 1407 1214 1450 est.
1245 1398 1322 1451 Ad
1364 1397 1706 1451 Timotheum
1749 1399 1872 1451 item
1894 1399 1966 1453 ‘°:

448 1479 695 1549 Magnum
706 1495 780 1537 est
793 1485 997 1551 pietatis
1017 1487 1573 1556 sacramentum,quod.
1584 1528 1618 1541 ..
1632 1487 1969 1553 prwdicatum

446 1586 520 1625 est
535 1570 1176 1632 GENTIBUS.creditum
1197 1574 1339 1628 estin
1359 1575 1631 1631 MUNDU.
1649 1575 1755 1630 Nec
1775 1577 1965 1630 mirum

447 1675 614 1714 sane:
646 1670 704 1714 ut
737 1663 881 1717 enim
913 1664 1046 1718 alios
1083 1673 1461 1733 praetereamus
1491 1667 1781 1734 apostolos,
1824 1684 1964 1721 unus

444 1764 669 1817 magnus
693 1749 908 1814 Paulus,
942 1761 1076 1806 teste
1106 1762 1288 1807 nostro
1310 1753 1580 1808 Clemente
1605 1754 1743 1824 (62),
1778 1756 1965 1809 Prarco

444 1838 615 1905 [actus
659 1839 713 1893 in
757 1842 952 1893 oriente
992 1851 1040 1893 et
1090 1842 1436 1898 occidente....
1510 1862 1624 1898 cum
1674 1847 1961 1898 universum

442 1928 686 1981 mundum
712 1930 966 1983 docuisset
992 1931 1269 1995 iustitiam,
1300 1943 1347 1986 et
1378 1935 1445 1985 ad
1482 1935 1759 1987 occidentis
1790 1936 1966 1988 termi-

440 2034 563 2071 num
602 2020 836 2085 uertisset,
893 2038 953 2074 ac
1005 2021 1098 2074 sub
1148 2023 1401 2090 prwfectis
1430 2028 1734 2092 martyrium
1778 2040 1962 2091 passus

438 2114 591 2168 esset,
640 2106 715 2158 ita
766 2123 793 2159 e
834 2108 1021 2160 mundo
1078 2110 1336 2177 migravit.
1393 2110 1520 2175 Quae
1572 2127 1695 2164 cum
1728 2113 1798 2165 ita
1830 2114 1959 2176 sint,

438 2195 622 2262 quidni
654 2211 781 2263 ergo
822 2213 945 2251 vere
976 2198 1251 2266 scripserit
1300 2199 1353 2252 in
1392 2200 1685 2268 posteriore
1726 2201 1961 2271 Epistola

436 2282 681 2337 Clemens
708 2283 981 2339 Romanus
1006 2304 1019 2339 :
1048 2286 1230 2341 Plures
1257 2287 1383 2356 [acti
1426 2306 1605 2343 sumus
1633 2290 1851 2355 Judmis,
1873 2295 1961 2362 qui

436 2370 602 2425 Deum
630 2373 814 2428 habere
835 2385 1104 2429 censentur
1117 2380 1142 2432 ?

503 2460 701 2517 Verum
730 2465 797 2517 ad
827 2465 1025 2519 nodum
1053 2468 1351 2537 graviorem
1383 2469 1696 2525 solvendum
1724 2472 1962 2527 studiose

432 2566 798 2620 properemus.
832 2553 1031 2608 Statuit
1066 2557 1317 2612 nimirum
1334 2559 1416 2611 vir
1442 2561 1572 2614 clar.
1597 2560 1706 2631 (65)
1733 2580 1746 2615 :
1783 2578 1802 2612 ι
1830 2559 1957 2629 Epi-

430 2642 583 2697 stolas
629 2645 877 2698 secundae
920 2655 1192 2702 auctorem
1225 2664 1282 2704 se
1309 2664 1337 2702 a
1368 2649 1642 2706 Clemente
1686 2652 1955 2706 diversum

426 2750 495 2789 eo
517 2735 634 2804 ipso
668 2737 923 2805 proﬁteri,
953 2740 1095 2806 quod
1118 2739 1315 2795 Christi
1345 2741 1676 2796 divinitatem
1707 2757 1959 2811 expresse

430 2821 684 2885 inculcet,
708 2832 761 2879 et
800 2824 1008 2879 Domini
1037 2843 1143 2881 non
1166 2836 1395 2890 tantum,
1424 2830 1513 2882 sed
1536 2838 1589 2883 et
1622 2828 1713 2883 Dei
1741 2830 1953 2883 titulum

428 2912 478 2965 ei
502 2911 733 2966 dandum
764 2930 884 2968 esse
912 2916 1204 2968 contendat
1227 2915 1364 2987 (64);
1384 2931 1502 2970 eum
1530 2933 1685 2972 verus
1709 2917 1954 2973 Clemens
1980 2929 2022 2986 ο

431 3016 699 3065 nusquam
731 3002 783 3057 id
812 3004 935 3056 data
960 3018 1120 3073 opera
1153 3003 1358 3067 fecerit,
1387 3020 1486 3060 nec
1526 3006 1631 3059 alio
1651 3019 1714 3059 ac
1744 3005 1953 3059 Domini

429 3090 587 3143 titulo
615 3106 738 3146 eum
769 3099 1057 3157 ornaverit,
1095 3094 1219 3149 licet
1267 3094 1354 3148 hic
1398 3096 1508 3149 illic
1534 3110 1592 3150 se
1620 3096 1952 3150 divinitatem

426 3179 629 3234 Christi
665 3195 953 3249 agnoscere
1000 3183 1251 3237 insinuet.
1275 3201 1293 3234 ι
1328 3181 1465 3247 Quid
1503 3183 1733 3252 quaeris?
1778 3184 1952 3241 Locus

426 3284 492 3322 ex
529 3268 765 3338 Epistula
785 3271 827 3333 l,
861 3272 914 3324 in
948 3272 1176 3326 medium
1222 3274 1544 3340 proferatur,
1576 3289 1683 3342 quo
1714 3289 1821 3327 uno
1841 3283 1950 3328 tota

424 3356 651 3410 eliditur
678 3356 921 3412 Venemae
942 3359 1191 3427 objectio.
1226 3357 1313 3413 Sic
1339 3369 1513 3413 autem
1539 3377 1595 3415 se
1616 3361 1769 3415 habet
1794 3361 1902 3431 (65)
1933 3380 1946 3415 :

427 3444 550 3506 Τοῖς
583 3445 808 3512 ἐφοδίοις
839 3446 929 3498 τοῦ
963 3446 1092 3499 Θεοῦ
1127 3448 1440 3518 ἀρκούμενοι
1481 3450 1572 3501 καὶ
1606 3449 1950 3519 προσέχοντες

422 3530 547 3591 τοὺς
575 3529 757 3598 λόγους
782 3532 943 3585 αὐτοῦ
971 3534 1253 3603 ἐπιμελῶς,
1295 3536 1682 3605 ὲστερνισμένοι
1720 3532 1814 3606 ἦτε
1841 3540 1949 3598 τοῖς

425 3617 761 3688 σπλάγχνοις,
784 3623 957 3675 καὶτὰ
977 3624 1268 3693 παθήματα
1288 3626 1448 3678 αὐτοῦ
1464 3623 1527 3696 ἦν
1545 3627 1647 3696 πρὸ
1665 3627 1947 3697 ὀφθαλμῶν

424 3704 592 3774 ὑμῶν.
616 3706 725 3761 Hoc
746 3718 864 3763 est:
888 3728 905 3761 ι
930 3710 1022 3764 Dei
1046 3712 1238 3767 viatico
1264 3714 1521 3777 contenti,
1545 3722 1596 3767 et
1611 3716 1947 3771 sermonibus

423 3794 567 3851 illius
597 3798 880 3867 diligenter
907 3802 1264 3862 attendentes.
1307 3804 1510 3857 dilatati
1561 3805 1726 3860 eratis
1764 3806 1817 3859 in
1868 3806 1947 3859 vi.

423 3887 683 3951 secribus,
709 3896 762 3942 et
791 3891 1068 3959 passiones
1090 3892 1207 3960 ejus
1235 3908 1342 3962 prae
1371 3895 1542 3949 oculis
1564 3895 1715 3948 vobis
1736 3905 1939 3950 erant.)

424 3972 526 4027 Ubi
556 3976 782 4043 primum
813 3979 1229 4045 observandum,
1252 3983 1530 4036 relativum
1560 3984 1722 4036 αὑτοῦ
1775 3985 1945 4055 respi-

423 4076 546 4116 cere
576 4067 763 4132 procul
790 4067 951 4123 dubio
973 4071 1211 4139 proxime
1242 4074 1563 4128 antecedens
1619 4073 1775 4128 Θεοῦ.
1807 4075 1942 4128 Cum

424 4158 600 4205 autem
637 4154 929 4224 παθήματα
978 4160 1127 4212 nullo
1176 4171 1330 4229 pacto
1391 4162 1497 4216 Deo
1542 4162 1685 4217 Patri
1722 4164 1942 4218 attribui

2077 410 2143 462 τὰ
2188 412 2480 483 παθήματα
2519 413 2680 467 αὑτοῦ
2722 410 2789 484 ἦν
2846 414 2952 485 πρὸ
2981 410 3296 480 ὀφθαλμῶν
3346 410 3531 479 ὑμῶν,
3580 429 3658 466 re-

2078 502 2307 567 spexerit
2323 500 2540 556 S.Pater
2554 502 2619 555 ad
2635 502 2763 555 illud
2781 501 3024 571 ejusdem
3045 496 3571 570 Apostoli,Galatas
3591 501 3659 554 ita

2076 588 2490 658 objurgantis":
2510 586 2579 641 Ὠ
2606 591 2812 660 ἀνόητοι
2841 590 3104 650 Γαλάται,
3125 581 3298 649 -οἵς
3328 590 3455 640 κατ’
3475 588 3658 655 ὀφθαλ-

2078 681 2188 748 μῶν
2228 678 2428 749 Ἰησοῦς
2456 678 2683 747 Χριστὸς
2717 676 3040 746 προεγράφη
3061 715 3076 738 ,
3112 675 3173 725 ὲν
3214 672 3355 739 ὑμῖν
3384 673 3658 741 ἐσταυρω-

2075 769 2229 837 μένος
2254 787 2266 822 :
2297 789 2315 820 ι
2338 767 2379 821 Ο
2408 768 2658 822 insensati
2685 768 3003 826 Galatm....,
3028 774 3164 819 ante
3194 777 3443 831 quorum
3471 766 3658 817 oculos

2068 858 2224 913 Jcsus
2248 860 2492 913 Christus
2515 859 2859 927 przesctiptus
2886 868 2989 921 est,
3018 857 3074 910 in
3107 854 3275 909 vobis
3297 852 3653 906 cruciﬁxus.»

2067 949 2328 1002 Nimirum
2364 950 2626 1012 Clemens,
2648 960 2701 1001 ut
2726 949 2950 1011 assolet,
2980 947 3229 1001 Paulum
3270 943 3561 1007 imitatus,
3603 945 3652 1000 in

2067 1040 2377 1093 memoriam
2412 1039 2602 1107 redigit
2624 1037 2945 1100 Corinthiis,
2973 1037 3274 1105 quomodo
3310 1044 3446 1088 ante
3472 1046 3652 1089 motus

2066 1129 2118 1181 in
2160 1144 2345 1182 eorum
2385 1128 2619 1182 Ecclesia
2666 1144 2834 1196 nuper
2864 1136 3127 1189 exertos,
3167 1124 3330 1177 omni
3382 1125 3645 1178 virtutum

2064 1235 2253 1288 genere
2290 1219 2558 1280 ﬂorerent,
2594 1229 2753 1287 atque
2783 1219 2879 1270 Dei
2918 1218 3208 1286 passiones
3253 1230 3482 1283 semper
3530 1225 3649 1268 ante

2070 1303 2254 1357 oculos
2286 1304 2413 1371 ipsis
2458 1306 2894 1357 obversarentur.
2951 1303 3171 1354 Divitiae
3221 1301 3400 1367 igitur
3452 1308 3654 1350 naturae

2069 1392 2402 1459 ntajestatem
2440 1409 2560 1446 cum
2592 1394 2772 1447 carnis
2807 1394 3130 1445 humilitate
3165 1391 3475 1457 crucisque
3508 1390 3655 1458 igno-

2069 1480 2232 1532 minia
2266 1480 2365 1533 hoc
2398 1482 2498 1534 loci
2537 1484 2816 1551 conjungit
2843 1481 3251 1536 sanctissimus
3280 1479 3452 1530 Pater
3484 1480 3653 1533 :duas

2068 1570 2192 1621 item
2224 1578 2443 1623 naturas
2465 1573 2705 1641 agnoscit
2736 1574 2787 1623 in
2811 1571 3038 1625 Christo
3068 1586 3080 1619 :
3112 1586 3289 1622 unum
3324 1567 3495 1622 Verbi
3522 1568 3653 1621 Per-

2068 1670 2273 1718 sonam,
2306 1674 2423 1726 quae
2478 1658 2639 1716 Carne
2696 1658 2858 1728 passa
2921 1669 3009 1713 est
3056 1677 3070 1712 :
3118 1674 3188 1711 ac
3228 1657 3334 1710 Dei
3367 1658 3645 1725 passiones

2066 1744 2313 1799 Ecclesiae
2340 1746 2695 1800 Corinthiacze
2724 1749 2980 1817 proponit
3038 1749 3200 1801 velut
3260 1748 3451 1815 longe‘
3482 1747 3652 1799 niui-

2063 1849 2209 1887 mum
2233 1837 2564 1904 mysterium,
2598 1838 2738 1890 unde
2763 1837 2883 1889 vita:
2925 1836 3242 1891 sanctioris
3275 1844 3554 1905 prmeepta
3578 1835 3651 1887 iu-

2063 1920 2355 1990 stitutaque
2374 1923 2548 1976 omnia
2580 1924 2868 1978 ducantur.
2903 1923 2982 1977 Ex
3015 1925 3235 1993 quibus
3278 1940 3416 1994 ergo
3447 1924 3648 1991 liquido

2063 2017 2224 2076 patet,
2256 2025 2359 2063 non
2389 2011 2561 2065 solum
2585 2012 2714 2081 quid
2740 2012 2796 2067 S.
2830 2012 3120 2077 Clemens,
3157 2014 3261 2069 sed
3298 2016 3475 2068 etiam
3518 2013 3647 2083 quid

2060 2095 2322 2163 Romani,
2383 2101 2513 2169 quid
2570 2102 2873 2168 Corinthii,
2947 2105 3086 2172 quid
3157 2104 3393 2158 deruunt
3465 2108 3643 2160 caeteri

2060 2186 2373 2252 Christiani,
2425 2191 2668 2245 saeculot
2720 2194 3028 2263 apostolico
3083 2194 3157 2248 de
3211 2193 3331 2247 Deo
3377 2195 3435 2246 in
3486 2209 3644 2251 carne

2060 2292 2219 2346 passo
2259 2281 2526 2334 senserint
2577 2292 2737 2350 atque
2794 2283 3168 2337 crediderint.
3224 2282 3366 2348 Qua:
3427 2285 3642 2353 quidem

2057 2376 2244 2422 contra
2287 2369 2601 2426 Socinianos
2628 2372 2804 2426 valide
2850 2380 3010 2442 urget
3065 2374 3158 2427 vir
3209 2376 3421 2429 doctus
3480 2374 3644 2429 Mara-

2057 2470 2158 2510 nus
2179 2456 2325 2527 (66):
2358 2458 2600 2528 idemque
2631 2469 3014 2530 argumentum
3042 2462 3167 2529 jam
3203 2464 3430 2531 pridem
3465 2465 3639 2533 pluri-

2056 2545 2158 2601 bus
2205 2547 2380 2601 fuerat
2425 2558 2740 2617 persecutus
2789 2547 3030 2605 Grabius
3054 2550 3177 2621 (67)
3204 2570 3221 2619 ;
3248 2553 3349 2621 qui
3407 2554 3640 2608 aliorum

2056 2631 2114 2687 S.
2171 2633 2347 2689 Patris
2393 2636 2563 2691 nostri
2607 2637 2848 2690 locorum
2898 2639 3299 2708 parallelismo
3368 2642 3640 2704 instituto.

2054 2722 2197 2776 hunc
2227 2725 2398 2792 ipsum
2430 2726 2495 2780 de
2522 2742 2630 2795 quo
2658 2729 2867 2796 agimus
2921 2737 3160 2785 strenue
3195 2733 3533 2799 vindicavit,
3564 2747 3641 2789 at-

2053 2828 2158 2882 que
2185 2813 2383 2869 Christi
2414 2815 2626 2871 deitatis
2652 2816 2904 2872 hostibus
2934 2817 3186 2874 ﬁdenter
3222 2822 3465 2891 objecit.

2122 2901 2275 2957 Iiaud
2304 2919 2389 2958 me
2415 2904 2543 2958 latet
2590 2907 2890 2972 enimvero,
2923 2908 2979 2961 in
3009 2924 3080 2963 eo
3112 2910 3491 2969 Clementino
3521 2915 3639 2971 loco

2053 3007 2209 3061 quem
2266 2994 2423 3048 modo
2468 2996 2808 3063 protulimus.
2841 2998 3068 3053 Junium
3123 3004 3497 3072 conjectasse
3544 3024 3641 3079 pro

2050 3079 2341 3151 παθήματα
2394 3082 2528 3137 forte
2570 3086 2850 3154 legendum
2911 3088 3256 3160 μαθήματα.
3316 3095 3430 3149 Sed
3481 3099 3641 3167 plane

2050 3172 2405 3239 respuendum
2456 3188 2576 3227 cum
2625 3174 2842 3240 Grabio,
2876 3177 3151 3236 Wottono
3199 3185 3452 3257 aliisque
3508 3190 3642 3246 viris

2049 3258 2221 3315 doctis
2246 3260 2404 3316 inane
2435 3273 2817 3329 commentum,
2850 3268 2996 3335 quod
3028 3277 3257 3325 textum
3292 3276 3441 3329 citra
3476 3279 3637 3332 ullam

2048 3351 2439 3416 necessitatem,
2467 3367 2640 3422 neque
2672 3355 2834 3409 ullius
2870 3372 2974 3412 ms.
3020 3361 3252 3417 codicis
3300 3369 3637 3423 auctoritate

2049 3440 2340 3494 sollicitare
2369 3441 2715 3508 comperitur.
2786 3440 2849 3495 Et
2896 3444 3024 3511 jure
3090 3450 3339 3516 quidem
3381 3472 3395 3507 :
3433 3458 3635 3510 etenim

2047 3543 2225 3603 nonne
2258 3529 2468 3582 demum
2499 3537 2620 3598 apte
2668 3530 2939 3586 cohaerent
2970 3538 3188 3601 omnia,
3228 3540 3280 3594 si
3334 3544 3498 3598 verba
3544 3546 3637 3599 Dei

2047 3619 2241 3674 mentis
2270 3620 2559 3685 attentioni,
2589 3620 2816 3689 ejusque
2870 3626 3153 3690 passiones
3216 3635 3420 3689 cordis
3466 3637 3635 3689 oculis

2046 3709 2447 3778 preponantur?
2475 3710 2625 3773 Quod
2668 3713 2757 3763 ubi
2790 3713 3088 3782 diligenter
3142 3723 3412 3787 attendo,
3446 3727 3637 3781 mirati

2046 3799 2209 3859 subit,
2241 3800 2371 3851 ciar.
2398 3797 2683 3867 Fleuryum
2726 3800 2980 3854 vitiosam
3030 3801 3188 3859 Junii
3241 3813 3634 3879 conjecturam

2045 3888 2194 3956 sequi
2216 3887 2655 3955 maluisse,quam
2681 3888 2949 3943 sinceram
2971 3900 3161 3949 textus
3182 3898 3523 3969 lectionem;
3541 3905 3637 3973 qui

2044 3975 2243 4032 Gallice
2265 3992 2369 4030 non
2386 3979 2668 4043 passiones,
2690 3979 2780 4031 sed
2800 3979 3105 4035 doctrinam
3138 3990 3471 4046 reddiderit
3493 3995 3633 4063 (68).

2113 4065 2234 4119 llam
2258 4075 2433 4118 autem
2465 4066 2635 4119 fusius
2664 4075 3029 4133 pertractasse
3060 4075 3259 4141 libuit,
3298 4089 3422 4135 tum
3461 4093 3522 4137 ut
3551 4087 3633 4137 iu-

2043 4162 2193 4229 signe
2236 4158 2623 4213 Clementinum
2673 4159 2741 4212 de
2782 4158 2987 4215 Christi
3034 4165 3346 4227 divinitate
3380 4178 3632 4230 testimo-

424 4241 650 4306 possint,
671 4244 930 4312 reliquum
949 4255 1033 4301 est
1073 4256 1132 4301 ut
1152 4228 1937 4316 hicJesumChristum,Deum,
1971 4228 2017 4287 θ
2040 4249 2188 4301 nium
2220 4246 2564 4309 Vindicafem.
2595 4258 2705 4298 ιιιῐι]
2751 4263 2875 4303 vero
2922 4250 2976 4304 in
3015 4257 3222 4322 primis
3270 4271 3334 4315 ut
3372 4263 3632 4319 Venema:

428 4326 612 4381 Filium
643 4330 755 4395 Dei,
783 4331 945 4387 Deum
974 4336 1040 4389 de
1061 4335 1186 4399 Deo,
1207 4336 1371 4392 Deum
1398 4355 1577 4394 verum
1600 4341 1667 4395 de
1685 4341 1793 4396 Deo
1816 4358 1944 4398 vero

422 4417 739 4472 intellexerit
791 4420 846 4475 S.
916 4423 1181 4479 Clemens.
1229 4427 1330 4490 Qui
1387 4429 1601 4495 quidem
1660 4430 1940 4498 passiones

424 4503 617 4560 Christi
646 4510 913 4575 passiones
963 4513 1053 4566 Dei
1083 4516 1333 4583 appellat,
1375 4518 1453 4571 sic
1488 4532 1677 4587 nempe
1720 4520 1788 4574 ab
1813 4534 1939 4589 apo-

419 4595 556 4649 stolo
606 4596 772 4653 Paulo
826 4601 1120 4666 institutus,
1170 4605 1324 4672 cujus
1379 4614 1493 4661 erat
1523 4609 1809 4678 συνεργόςς
1844 4612 1939 4679 qui

418 4684 602 4738 eodem
637 4688 792 4756 plane
827 4705 989 4746 sensu
1022 4692 1217 4746 Christi
1266 4694 1555 4748 Ecclesium
1601 4696 1934 4767 appellavit“

392 4771 854 4847 ἳτὴνἘκκλησίαν,
872 4781 964 4833 τοῦ
992 4782 1124 4834 Θεοῦ
1154 4785 1217 4853 ἦν
1245 4787 1654 4855 περιεποιήσατο
1702 4787 1786 4841 διὰ
1837 4789 1930 4842 τοῦ

419 4861 547 4916 ἰδίου
588 4866 837 4935 αἵματος,
877 4888 896 4920 ι
951 4870 1242 4926 Ecclesium
1310 4873 1399 4928 Dei
1452 4888 1609 4943 quam
1655 4879 1937 4947 acquisivit

554 5067 597 5098 ³⁸
617 5065 838 5142 Βοιῃοι,
865 5070 962 5135 8,"
993 5071 1145 5128 Rom.
1173 5089 1229 5138 ι,
1259 5074 1339 5129 l8.
1415 5074 1458 5107 ³⁸
1481 5073 1636 5130 Rom.
1668 5091 1778 5142 XVI,
1805 5076 2006 5141 25,26.

479 5134 572 5191 28.
639 5138 684 5165 “
706 5135 820 5191 Gal.
858 5155 937 5201 ιιι,
966 5142 1015 5195 1.

506 5288 595 5361 ϐξ)
616 5288 792 5361 Epist.
815 5290 857 5355 1,
886 5307 1006 5361 cap.
1034 5295 1085 5348 5.

506 5356 594 5435 es)
616 5356 857 5435 Xenemr
891 5356 1080 5435 Epist,
1112 5364 1174 5435 tt,
1206 5365 1346 5435 ςέο,
1379 5381 1432 5435 ρ.
1460 5364 1525 5416 77

506 5426 594 5497 (id)
622 5426 787 5497 Epist.
814 5426 871 5497 l_|,
897 5426 1013 5497 cap.
1046 5433 1150 5486 1-3.

506 5432 594 5493 64)
622 5432 787 5492 Epist.
814 5432 871 5489 ll,
897 5444 1013 5497 cap.
1046 5433 1104 5483 1-“

482 5432 595 5566 ὶϐὂ)
629 5494 794 5566 Epist.
823 5495 861 5560 Ι,
895 5511 1011 5567 cap.
1052 5499 1104 5552 2.

2035 4338 2385 4406 objectionetn
2415 4334 2669 4389 diluerem
2697 4354 2709 4388 :
2742 4338 2833 4405 qui
2864 4339 3113 4396 virorum
3146 4347 3628 4408 doctissimorum

2033 4427 2089 4481 in
2122 4427 2261 4479 hunc
2315 4426 2489 4478 locum
2537 4424 2790 4480 adnotata
2833 4434 3116 4496 prmterire
3173 4442 3411 4506 maluit,
3462 4461 3629 4513 quant

2033 4518 2208 4572 Photii
2232 4517 2490 4586 judicium
2523 4518 2704 4571 minus
2726 4527 2882 4573 caute
2914 4524 3191 4589 prolatum
3229 4530 3505 4589 deserere
3536 4546 3632 4590 aut

2032 4608 2313 4677 benignius
2359 4606 2635 4674 accipere;
2679 4621 2743 4660 eo
2781 4609 2991 4664 scilicet
3041 4617 3303 4683 nomine,
3332 4639 3453 4691 quo
3486 4640 3629 4693 prm-

2035 4707 2344 4767 conceptatn
2375 4698 2677 4766 Opinionem
2716 4702 2783 4755 de
2816 4704 3063 4770 epistola:
3105 4717 3383 4771 secundae
3416 4736 3627 4791 suppo-

2038 4790 2231 4844 sitione
2280 4787 2510 4841 celebris
2546 4788 2690 4842 illius
2730 4790 2903 4844 critici
2943 4795 3162 4851 calculo
3214 4787 3631 4876 comprobaret;

2035 4878 2500 4945 conﬁrmaretque.

2079 5077 2121 5109 ιο
2144 5076 2349 5131 ροιοεε,
2377 5090 2416 5137 ι,
2441 5073 2494 5139 6,
2516 5074 2605 5130 25.
2679 5077 2722 5106 ⁸⁸
2753 5075 2935 5133 lTim.
2970 5095 3055 5143 ιιι,
3087 5085 3177 5139 16.
3265 5091 3311 5122 ⁸⁸
3350 5093 3485 5151 Aet.
3525 5115 3628 5168 xx,

2041 5365 2074 5418 5
2113 5294 2473 5418 (ξωῦιζξῖυἱηᾰ.
2528 5293 2596 5349 D.
2633 5294 2705 5349 Ν.
2764 5295 2914 5351 1.-(2.
2955 5304 3177 5371 munif.,
3223 5308 3329 5363 lib.
3369 5330 3449 5377 tv,
3489 5332 3617 5385 (ap,

2079 5380 2603 5527 :Anno'tat:
2627 5432 2690 5485 ad
2711 5433 2847 5527 Blulli
2873 5435 3201 5527 ἓῖίξηςὶιίάε
3248 5447 3413 5516 Nic.,
3434 5470 3493 5527 ιι.
3517 5454 3595 5510 6U

2131 5499 2218 5569 68)
2245 5499 2382 5553 Hist.
2414 5501 2562 5567 eccl.,
2589 5512 2713 5553 tom.
2741 5501 2779 5565 l,
2799 5516 2852 5567 ρ.
2875 5503 3003 5567 ΞΩ,
3025 5505 3159 5562 edit.
3187 5499 3344 5572 inla.
