3832 6280
188 283 261 335 WS

1436 264 1769 321 ΡΒΟΟΕΜῙΔ
1807 262 2179 320 VARIORUM.

3285 261 3387 317 i06

243 395 353 449 ιι,
398 380 643 454 Superest
694 393 853 433 nunc
910 385 1129 448 tempus
1182 378 1577 450 inquirendum
1603 424 1618 448 ,
1667 395 1773 451 quo
1800 382 1849 441 Α
1877 377 2298 448 persecutionem
2352 376 2674 444 scripsisset,
2704 384 2762 429 ut
2803 381 2991 427 auctor
3038 373 3403 428 eminentissi-

208 487 426 553 ωηειιιε
468 469 689 541 epistola
742 468 917 524 fuerit
964 467 1270 525 Corinthiis
1303 471 1585 541 inscripta.
1616 471 1680 524 Et
1709 472 1775 527 tle

209 577 390 641 “iure
411 564 634 635 quidem,
666 576 875 630 magna
925 560 1069 615 inter
1096 559 1249 615 viros
1280 560 1526 617 eruditos
1554 570 1773 617 contro-

229 662 411 714 versia.
439 652 534 707 Sed
578 652 901 706 rationibus
933 652 1210 721 utrimque
1241 650 1421 706 allatis
1448 668 1546 723 pro
1571 652 1774 706 viribus

232 746 467 807 excussis,
495 757 685 797 eorum
719 742 949 795 demum
984 735 1268 796 sententia:
1317 742 1475 796 nobis
1524 743 1776 795 acceden-

232 837 357 889 dum
383 832 759 893 existimamus,
786 831 888 898 qui
935 827 1244 883 Neroniana
1274 826 1648 896 persecutione
1677 827 1772 882 de-

223 926 433 985 sinente,
456 928 752 989 stanteque
803 920 989 974 adhuc
1036 920 1236 988 templo
1263 915 1771 989 llierosolymitano,

222 1028 403 1082 nempe
429 1011 567 1065 circa
615 1023 745 1063 tera:
799 1010 1044 1081 vulgaris
1075 1023 1285 1077 annum.
1306 1007 1373 1062 68
1401 1023 1515 1063 eam
1552 1008 1715 1063 fuisse
1743 1020 1774 1059 a

219 1101 468 1156 Clemente
497 1100 775 1167 scriptam
810 1106 1166 1152 censuerunt.
1197 1094 1255 1149 In
1284 1112 1441 1165 quam
1474 1111 1603 1150 sane
1647 1111 1772 1149 sen-

215 1192 421 1245 tentiam
455 1205 570 1258 prae
604 1190 831 1243 caeteris
879 1186 1219 1242 concessisse
1257 1187 1503 1240 novimus
1530 1186 1775 1239 duumvi-

213 1294 307 1332 ros
340 1279 698 1339 doctissimos,
720 1276 958 1346 Pagium
991 1275 1100 1345 (69)
1135 1290 1198 1327 ac
1230 1290 1400 1343 nuper
1426 1280 1773 1344 purpuratum

212 1370 407 1423 Patrem
440 1369 535 1421 cui
570 1377 867 1437 acceptam
898 1363 1183 1420 referimus
1219 1363 1498 1415 Historiam
1539 1362 1777 1414 ecclesia-

211 1459 387 1511 sticam
413 1456 713 1523 eleganter
744 1454 950 1508 ltalicis
986 1453 1180 1508 litteris
1222 1453 1465 1506 traditam
1499 1450 1627 1522 (70).
1659 1450 1775 1516 Quo

208 1557 378 1601 autem
418 1554 721 1615 utcunque
767 1554 953 1614 pateat
980 1559 1142 1615 quam
1173 1544 1339 1597 firmis
1368 1543 1663 1596 rationibus
1694 1541 1777 1593 in-

206 1639 398 1690 nitatur
445 1635 740 1690 sententia
792 1635 1126 1703 hujusmodi,
1160 1634 1425 1703 praecipua
1474 1631 1774 1685 saltemex

1871 482 1993 523 mus
2016 468 2214 536 optime
2241 467 2417 535 arguit
2439 465 2567 536 (75).
2595 465 2731 531 Quid
2750 464 2891 534 quod
2921 461 3268 517 Clementinis
3312 476 3405 529 pe—

1871 573 1939 611 ne
1964 571 2200 611 consona
2235 557 2300 611 de
2331 556 2555 610 Neronis
2584 556 2957 625 persecutione
2985 551 3267 619 scripsisse
3295 548 3402 604 Ta-

1870 645 2010 700 citus
2038 644 2531 715 comperitur(76)?
2558 643 2836 697 Videbatur
2869 640 3029 705 Nero,
3061 640 3253 709 inquit,
3284 652 3408 693 con-

1869 733 2047 787 dendo:
2077 734 2215 788 urbis
2248 752 2410 796 novae,
2447 743 2495 787 et
2542 743 2870 804 cognomento
2919 749 3011 785 suo
3066 729 3403 799 appellandw,

1868 822 2089 891 gloriam
2113 840 2441 892 quterere.——
2468 823 2567 878 Sed
2598 841 2696 877 non
2726 841 2815 891 ope
2842 823 3085 886 humana,
3117 839 3217 875 non
3250 820 3409 889 largi-

1873 912 2093 966 tionibus
2119 914 2386 980 principis,
2417 924 2509 966 aut
2554 913 2705 967 deum
2751 912 3086 981 placamentis
3134 911 3404 964 decedebat

1871 1001 2109 1064 infamia,
2159 1004 2280 1072 quin
2320 1004 2526 1070 jussnm
2572 1003 2861 1057 incendium
2908 1002 3215 1056 crederetur.
3268 1000 3408 1068 Ergo

1873 1093 2120 1147 abolendo
2146 1096 2344 1146 rumori
2379 1092 2516 1147 Nero
2544 1094 2769 1147 subdidit
2796 1111 2927 1153 reos,
2958 1102 3008 1146 et
3030 1089 3407 1162 quazsitissimis

1872 1185 2029 1252 poenis
2059 1176 2250 1251 affecit,
2282 1200 2406 1252 quos
2434 1200 2522 1251 per
2567 1183 2767 1252 ﬂagitia
2807 1183 3014 1244 invisos,
3043 1187 3219 1251 vulgus
3252 1182 3411 1233 Chri-

1871 1276 2074 1330 stianos
2100 1275 2411 1343 appellabat.
2440 1307 2507 1314 —
2535 1275 2700 1345 Igitur
2722 1275 2888 1345 primo
2919 1274 3136 1341 correpti
3163 1274 3249 1342 qui
3278 1274 3410 1341 fate-

1873 1365 2100 1417 bantur:
2127 1362 2308 1417 deinde
2339 1364 2530 1419 indicio
2560 1383 2733 1419 eorum
2770 1362 3052 1419 multitudo
3082 1364 3268 1433 ingens
3300 1363 3409 1433 (ea-
3436 1412 3441 1421 ,

1870 1454 1987 1509 dem
2019 1470 2147 1509 sane
2165 1456 2367 1523 phrasi,
2397 1468 2500 1524 qua
2533 1457 2697 1509 utitur
2726 1452 2781 1509 S.
2812 1452 2989 1518 Pater,
3019 1455 3148 1507 πολὺ
3181 1451 3401 1522 πλῆθος)

1871 1542 2007 1596 haud
2058 1542 2266 1611 perinde
2321 1546 2371 1596 in
2428 1544 2637 1597 crimine
2686 1544 2929 1607 incendii,
2978 1558 3131 1612 quant
3161 1542 3280 1597 odio
3311 1542 3410 1594 Itu-

1874 1635 2014 1687 mani
2039 1636 2234 1703 generis
2262 1633 2477 1687 convicti
2507 1643 2646 1688 sunt.
2670 1632 2735 1686 Et
2765 1634 3091 1703 pereuntibus
3121 1633 3302 1685 addita
3332 1633 3413 1685 ln-

208 1724 333 1795 ipsa
368 1726 620 1796 Epistola
673 1730 1001 1794 argumenta
1032 1722 1221 1793 paucis
1251 1721 1649 1776 contrahamus.
1689 1717 1778 1771 Sic
1809 1709 1851 1761 Β
1882 1722 2072 1787 dibria,
2104 1734 2157 1776 ut
2186 1724 2414 1792 ferarum
2444 1725 2596 1792 tergis
2618 1725 2851 1789 contecti,
2883 1723 3083 1776 laniatu
3113 1741 3295 1775 canum
3334 1724 3413 1775 in-

208 1816 378 1883 itaque
424 1814 636 1867 scribit
686 1811 951 1867 Clemens
1004 1813 1105 1865 sub
1133 1810 1346 1863 initium
1376 1808 1485 1878 (7i)
1518 1826 1530 1860 :
1563 1806 1778 1873 Propter

210 1907 395 1960 subitas
424 1923 489 1958 ac
514 1904 627 1959 sibi
655 1905 883 1957 invicem
913 1901 1236 1955 succedentes
1263 1898 1582 1951 calamitates
1609 1904 1654 1948 et
1686 1913 1777 1947 ca-

211 2012 303 2049 sus
330 1996 566 2073 adters'os
619 1993 717 2062 qui
768 1988 919 2043 nobis
962 1988 1279 2048 acciderunt,
1313 1984 1533 2046 tardius,
1567 1984 1778 2051 fratres,

217 2087 544 2153 nosmetipsos
597 2080 931 2136 convertisse
962 2079 1296 2149 agnoscimus
1326 2074 1392 2129 ad
1417 2092 1477 2130 ea
1503 2091 1616 2144 qua:
1637 2091 1668 2127 a
1696 2091 1781 2127 vo-

216 2175 291 2228 bis
318 2177 531 2243 qua'sita
564 2174 818 2242 fuerunt.
855 2170 1065 2234 Quibus
1094 2168 1290 2231 verbis,
1318 2163 1545 2235 primum
1570 2161 1782 2233 quidem

210 2265 642 2333 persecutionem
680 2276 810 2329 qua:
840 2261 951 2327 iam
977 2256 1326 2317 deferbuerit,
1353 2254 1434 2307 vel
1461 2242 1638 2323 potius
1668 2267 1785 2322 quae

211 2370 370 2423 nuper
400 2353 663 2416 desierit,
700 2348 1023 2419 designari;
1055 2348 1249 2402 deinde
1278 2362 1405 2401 vero
1430 2346 1513 2399 vel
1562 2344 1785 2398 Neronis

208 2444 286 2497 vel
309 2442 611 2498 Domitiani
645 2439 1094 2512 persecutionem
1142 2436 1229 2489 hic
1276 2434 1464 2497 innui,
1497 2447 1653 2486 nemo
1706 2438 1788 2485 est

210 2545 331 2584 sane
380 2532 475 2601 qui
530 2545 650 2584 non
703 2526 1027 2597 perspiciat.
1066 2522 1279 2586 Verum,
1313 2538 1429 2591 qua:
1467 2521 1625 2589 paulo
1669 2526 1788 2590 post

209 2617 384 2670 snbdit
413 2617 709 2681 Clemens,
757 2614 1127 2669 Neronianam
1162 2612 1366 2666 scilicet
1408 2610 1645 2663 indicare
1666 2624 1788 2677 per-

208 2700 481 2761 hibentur.
537 2706 619 2760 De
673 2706 855 2759 beatis
884 2703 1028 2757 enim
1059 2700 1316 2770 apostolis
1342 2697 1497 2754 Petro
1519 2705 1571 2753 et
1600 2697 1786 2762 Paulo,

204 2809 298 2847 ceu
352 2812 462 2850 non
513 2796 596 2849 ita
650 2793 875 2863 pridem
924 2791 1186 2859 martyrio
1226 2791 1630 2849 consummatis,
1678 2787 1790 2839 haec

204 2882 368 2940 habet
393 2885 507 2955 (72)
538 2904 554 2939 :
593 2883 891 2952 Ἔλθωμεν
918 2882 1011 2932 ἐπὶ
1037 2882 1161 2941 τοὺς
1198 2878 1438 2946 Epirota
1479 2876 1790 2946 γενομένους

201 2977 441 3051 ἀθλητάς
466 2997 480 3009 ·
542 2966 814 3047 λάϐωμέν
862 2976 965 3044 τῆς
1016 2975 1201 3041 γενεᾶς
1253 2973 1406 3041 ἡμῶν
1459 2971 1526 3023 τὰ
1579 2973 1790 3038 γενναῖα

203 3071 608 3141 ὑπεδεξγματσ..
636 3066 999 3135 -Λάδωμεν
1036 3062 1142 3135 πρὸ
1160 3062 1442 3131 ὀφθαλμῶν
1480 3060 1632 3131 ἡμῶν
1672 3061 1794 3121 τοὺς

193 3161 444 3228 ἀγαθοὺς
466 3158 836 3217 ἀποστόλους,
878 3154 936 3207 h.
980 3168 1031 3206 e.
1076 3169 1097 3201 ι
1126 3149 1414 3204 Veniamus
1442 3148 1507 3201 ad
1534 3150 1794 3216 proximos

196 3253 460 3313 athletas,
492 3258 548 3304 et
583 3247 783 3303 saeculi
820 3244 997 3297 nostri
1042 3254 1300 3312 generosa
1341 3240 1581 3307 exempla
1615 3254 1795 3292 suma-

222 3357 367 3395 mus.
388 3371 457 3383 --
486 3339 785 3393 Ponamus
808 3335 970 3387 nobis
996 3340 1123 3385 ante
1149 3331 1335 3384 oculos
1365 3330 1537 3383 bonos
1561 3329 1792 3397 Aposto-

244 3431 372 3484 los.»
400 3430 504 3484 Ubi
541 3428 724 3498 probe
756 3423 1001 3477 notanda
1032 3436 1156 3474 cum
1206 3419 1476 3473 Dodwello
1506 3417 1615 3487 (73)
1648 3418 1797 3472 aliis-

242 3535 351 3587 que,
374 3520 684 3575 Clementis
716 3515 908 3575 verba,
938 3511 1138 3581 quibus
1164 3509 1395 3579 gloriosa
1419 3507 1564 3562 Petri
1581 3516 1632 3563 et
1645 3507 1797 3560 Pauli

240 3613 519 3664 certamina
579 3605 955 3664 describens,
1018 3601 1141 3653 illos
1208 3598 1429 3665 ἔγγιστα
1490 3597 1799 3666 γενομένους

241 3699 474 3768 ἀθλητάς,
528 3694 877 3764 nuperrimos
941 3689 1186 3747 athletas,
1244 3686 1492 3755 appellat,
1524 3701 1617 3739 seu
1646 3702 1799 3753 quant

238 3789 453 3851 proxime
500 3785 770 3838 sublatos
802 3794 834 3832 e
865 3776 1047 3830 medio
1078 3773 1241 3827 fuisse
1271 3780 1518 3836 testatur,
1549 3780 1707 3841 atque
1733 3775 1799 3843 τῇ

239 3880 379 3948 γενεᾷ
406 3875 596 3947 ἡμῶν,
640 3873 745 3924 hac
796 3880 983 3923 nostra
1040 3874 1193 3919 tetate
1246 3864 1507 3918 ﬂoruisse.
1550 3862 1799 3917 Eamdem

237 3981 386 4035 porro
414 3962 873 4035 persecutionem
906 3956 1079 4025 magis
1115 3955 1288 4007 adhuc
1320 3954 1591 4006 inculcare
1617 3952 1803 4005 viden-

239 4063 340 4118 tur,
370 4072 493 4125 qua:
525 4052 727 4122 paucis
754 4046 1059 4115 interiectis
1087 4052 1379 4098 occurrunt
1409 4043 1518 4112 (74)
1552 4061 1564 4095 :
1590 4041 1804 4104 Τούτοις

239 4149 342 4209 τοῖς
398 4143 669 4214 ἀνδράσιν
727 4139 895 4198 ὁσίως
935 4133 1394 4200 πολιτευσαμένοις
1454 4129 1803 4200 συνηθροίσθη

240 4236 366 4288 πολὺ
424 4232 637 4302 πλῆθος
713 4224 1003 4279 ἐκλεκτῶν.
1067 4241 1086 4273 ί
1137 4220 1279 4275 Viris
1328 4221 1447 4275 istis
1501 4219 1591 4290 qui
1643 4219 1803 4271 vitam

1881 1815 2106 1879 terirent,
2138 1825 2227 1866 aut
2279 1813 2514 1866 crucibus
2559 1814 2730 1881 afﬁxi,
2772 1822 2862 1865 aut
2889 1811 3194 1881 ﬂammandi
3214 1826 3235 1868 :
3266 1822 3416 1881 atque

1879 1903 1966 1956 ubi
1994 1904 2255 1971 defecisset
2286 1905 2416 1968 dies,
2448 1907 2499 1957 in
2533 1922 2682 1958 usum
2713 1906 2949 1958 nocturni
2974 1904 3179 1957 luminis
3202 1920 3413 1957 ureren-

1883 2004 1989 2047 tur.
2023 1990 2138 2046 Non
2171 1995 2301 2047 adeo
2332 2005 2506 2049 tamen
2545 1994 2793 2049 saeviebat
2818 1996 3169 2060 Domitianus,
3200 1990 3414 2048 Tertul—

1883 2086 2025 2139 liano
2046 2094 2198 2148 teste,
2227 2086 2317 2153 qui
2339 2085 2456 2153 ejus
2476 2086 2901 2154 persecutionem
2924 2086 2995 2137 ita
3014 2082 3267 2139 describit
3281 2081 3413 2150 (77):

1886 2174 2188 2229 Tentaverat
2214 2183 2262 2229 et
2285 2175 2630 2239 Domitianus,
2643 2176 2810 2243 portio
2849 2171 3071 2228 Neronis
3100 2173 3161 2227 de
3190 2172 3417 2226 crudeli-

1888 2274 2018 2329 tate;
2044 2265 2131 2319 sed
2155 2282 2257 2334 qua
2295 2274 2343 2318 et
2382 2264 2529 2317 homo
2558 2262 2717 2331 facile
2741 2274 2955 2333 emptum
2982 2264 3240 2332 repressit,
3270 2263 3422 2317 resti-

1888 2357 2009 2408 tutis
2056 2356 2212 2408 etiam
2260 2372 2384 2425 quos
2430 2354 2779 2424 relegaverat:
2810 2364 2866 2407 ut
2896 2364 3172 2424 propterea
3213 2353 3421 2408 nullum

1884 2446 2103 2500 dubium
2125 2461 2407 2514 superesse
2424 2446 2690 2508 videatur,
2716 2445 2846 2513 quin
2875 2447 3031 2499 verba
3063 2446 3149 2498 illa
3180 2442 3423 2499 Clemen-

1885 2536 1955 2587 tis
1984 2548 2101 2602 quae
2130 2533 2230 2588 sub
2260 2533 2474 2585 initium
2506 2533 2665 2600 hujus
2697 2532 2723 2602 ᾗ
2761 2535 3124 2596 recitarimus,
3153 2533 3217 2587 de
3255 2529 3423 2587 Nero-

1889 2623 1969 2676 nis
1998 2622 2173 2690 potius
2204 2637 2363 2689 quam
2392 2620 2672 2674 Domitiani
2712 2621 3081 2689 persecutione
3123 2622 3231 2675 sint
3277 2621 3421 2675 acci-

1886 2711 2096 2781 pienda.
2125 2710 2397 2766 Deferbuit
2429 2718 2627 2773 autem,
2659 2712 2765 2764 imo
2797 2727 2921 2766 vero
2945 2720 2999 2765 et
3027 2711 3184 2765 desiit
3206 2727 3265 2766 ea
3296 2728 3419 2780 per—

1888 2800 2112 2863 secutio,
2163 2800 2372 2854 sublato
2420 2797 2658 2861 Nerone,
2689 2815 2845 2868 quem
2875 2799 2906 2852 9
2934 2798 3078 2852 Junii
3122 2814 3261 2852 anno
3304 2815 3423 2853 acria

1888 2891 2123 2960 vulgaris
2153 2890 2220 2944 68
2248 2890 2469 2958 periisse
2497 2900 2846 2957 compertum.
2866 2888 3062 2942 Eodem
3090 2889 3252 2955 igitur
3278 2904 3421 2941 anno

1892 2990 2142 3036 currente
2171 2981 2253 3035 vel
2295 2982 2480 3035 saltem
2505 2980 2799 3043 desinente,
2832 2978 3070 3032 Romana
3104 2979 3339 3033 Ecclesia
3370 2980 3423 3032 in

1894 3086 2025 3139 pace
2077 3079 2347 3140 utcunque
2406 3071 2734 3126 constituta.
2793 3068 3070 3137 scripserit
3129 3068 3186 3123 S.
3242 3066 3422 3124 Pater.

1892 3159 2053 3214 Plura
2094 3162 2149 3214 in
2196 3161 2335 3213 hanc
2380 3162 2697 3213 sententiam
2725 3157 2924 3211 videsis
2967 3158 3105 3226 apud
3136 3159 3426 3227 scriptorcs

1896 3249 2052 3301 modo
2080 3247 2342 3310 laudatos,
2372 3246 2566 3315 quibus
2594 3244 2760 3299 addas
2785 3245 2941 3299 velim
2964 3242 3272 3297 Wottonum
3292 3243 3423 3313 (78),

1896 3346 1954 3393 ut
1983 3338 2116 3391 alios
2143 3345 2538 3406 praetereamus.

1965 3425 2100 3479 Huic
2135 3426 2261 3479 item
2294 3439 2433 3479 anno
2458 3425 2525 3478 68
2552 3438 2670 3479 esse
2710 3423 3017 3493 illigandam
3057 3423 3196 3477 hanc
3223 3423 3287 3477 ad
3322 3422 3427 3477 Co-

1898 3516 2125 3569 riuthios
2169 3515 2401 3583 priorem
2452 3514 2760 3582 epistolam,
2789 3512 2973 3567 suadet
3007 3514 3182 3567 cultus
3216 3510 3428 3567 Iudaici

1899 3606 2095 3660 mentio
2122 3605 2174 3657 in
2200 3604 2395 3672 templo
2418 3602 2897 3672 Hierosolymitano
2926 3610 3051 3655 tunc
3081 3603 3252 3656 adhuc
3276 3612 3428 3657 stan-

1897 3706 1948 3750 te
1968 3694 2216 3764 vigentis,
2243 3709 2360 3764 qua:
2408 3693 2460 3746 in
2509 3693 2692 3747 eadem
2720 3694 2943 3760 epistola
2977 3692 3122 3746 hisce
3152 3694 3426 3760 conceptis

1899 3783 2075 3838 verbis
2105 3782 2341 3837 occurrit
2375 3781 2483 3852 (79)
2521 3780 2775 3837 :Summo
2815 3783 2992 3851 quippe
3036 3781 3289 3834 sacerdoti
3333 3798 3428 3835 sua

1902 3875 2078 3925 munia
2115 3872 2307 3924 tributa
2345 3881 2499 3933 sunt;
2533 3880 2581 3924 et
2621 3869 2972 3923 sacerdotibus
3008 3874 3149 3922 locus
3189 3871 3425 3939 proprius

1900 3962 2193 4031 assignatus
2213 3971 2324 4024 est;
2363 3972 2411 4014 et
2468 3961 2634 4014 levitis
2674 3977 2770 4013 sua
2797 3961 3085 4014 ministeria
3112 3962 3428 4018 incumbunt.

1902 4081 1971 4091 —
2008 4050 2131 4104 Non
2161 4050 2363 4118 ubique,
2393 4050 2604 4117 fratres,
2634 4050 2918 4117 offeruntur
2962 4050 3223 4118 sacriﬁcia
3252 4051 3427 4120 jugia,

1903 4140 1978 4194 vel
2003 4154 2097 4207 pro
2127 4148 2331 4206 peccato
2357 4146 2406 4189 et
2436 4136 2643 4200 delicto,
2672 4136 2759 4190 sed
2792 4135 3164 4207 Hierosolymis
3188 4148 3388 4192 tantum
3411 4154 3429 4190 :

1907 4243 2062 4295 neque
2100 4226 2207 4278 illic
2236 4226 2290 4277 in
2317 4226 2492 4294 quovis
2525 4225 2636 4277 loco
2680 4225 2740 4294 ﬁt
2781 4225 2998 4291 oblatio,
3028 4227 3116 4281 sed
3155 4236 3273 4281 ante
3304 4238 3431 4280 tem-

240 4334 425 4379 sancte
447 4323 841 4381 instituerunt,
872 4326 1067 4382 magna
1090 4312 1378 4365 electorum
1408 4309 1692 4363 multitudo
1712 4324 1805 4378 ag-
1838 4359 1878 4410 ι)
1905 4314 2044 4382 plum
2073 4313 2139 4364 ad
2167 4312 2352 4376 altare,
2389 4314 2531 4380 prius
2580 4315 2723 4382 facta
2763 4331 2796 4367 a
2836 4332 3036 4369 summo
3077 4319 3338 4371 sacerdote
3382 4330 3431 4371 et

235 4422 455 4484 gregata
506 4418 617 4465 est.
655 4427 676 4459 ι
716 4406 823 4460 Ubi
866 4403 1051 4456 videas
1099 4402 1383 4463 neminem,
1413 4401 1458 4453 si
1496 4398 1711 4452 Petrum
1743 4413 1805 4452 ac
1836 4398 1875 4457 ."
1906 4403 2163 4473 prwdictis
2194 4404 2465 4468 ministris,
2496 4403 2657 4456 oblati
2684 4405 2996 4472 inspectione
3022 4416 3069 4460 et
3111 4407 3432 4474 probatione.

238 4501 471 4556 Paulum
502 4496 779 4566 excipias,
805 4509 838 4546 a
868 4491 1143 4545 Clemente
1172 4490 1398 4552 laudari,
1427 4504 1532 4542 non
1563 4486 1801 4540 Flavium

1910 4495 2011 4560 Qui
2042 4511 2159 4563 ergo
2185 4504 2371 4561 prteter
2393 4494 2446 4547 id
2468 4494 2603 4563 quod
2635 4495 2884 4549 voluntati
2910 4497 3018 4565 ejus
3040 4508 3431 4552 consentaneum

239 4592 607 4652 Clementem,
632 4601 748 4639 non
780 4582 1017 4636 Acilium
1047 4578 1403 4641 Glabrionem.
1434 4593 1541 4631 non
1572 4575 1807 4630 FlaViam
1903 4594 2000 4646 est,
2032 4584 2227 4652 aliquid
2275 4583 2493 4652 faciunt,
2534 4594 2695 4637 morte
2728 4585 3032 4640 multantur.
3064 4585 3243 4655 Neque
3283 4588 3435 4643 aliter

244 4682 605 4742 Domitillam,
639 4674 856 4730 nullum
881 4670 1116 4737 denique
1157 4676 1236 4722 tot
1280 4669 1565 4723 illustrium
1611 4673 1810 4735 marty-
1907 4686 2037 4726 sane
2068 4671 2299 4740 loquitur
2325 4670 2589 4735 Clemens,
2618 4687 2681 4725 ac
2705 4671 2904 4726 Paulus
2934 4673 3000 4725 ad
3028 4672 3274 4728 Hebraeos
3296 4676 3433 4728 scri-

245 4788 362 4825 rum
388 4773 484 4841 qui
514 4769 622 4824 sub
645 4763 961 4818 Domitiano
977 4757 1122 4827 passi
1144 4768 1299 4822 sunt;
1328 4772 1553 4827 quorum
1583 4756 1810 4823 aliquem
1908 4757 2067 4823 bons;
2098 4774 2253 4826 quem
2284 4760 2477 4827 ubique
2505 4759 2613 4812 fere
2641 4768 2875 4813 sectatur
2898 4757 2952 4812 S.
2974 4758 3149 4823 Pater,
3175 4760 3293 4829 ejus
3322 4779 3437 4817 συν.

251 4864 443 4917 Saltem
493 4864 867 4913 memorasset
896 4850 955 4905 S.
988 4849 1165 4913 Pater,
1191 4849 1240 4903 si
1282 4856 1400 4918 post
1430 4846 1811 4909 Domitianeam

324 5059 373 5091 ⁸⁸
398 5057 569 5113 Hebr.
598 5070 680 5119 Ix,
710 5051 806 5105 25.

333 5238 446 5371 (69)
483 5237 622 5306 Pagi
651 5233 809 5295 Crit.,
824 5228 892 5282 ad
921 5223 1167 5301 ann..78,
1199 5223 1225 5290 ᾗ

333 5310 420 5371 (70
482 5306 635 5366 Orsi,
666 5303 834 5357 lstor.
870 5296 1002 5350 sccl.
1038 5292 1128 5345 ιιι).
1158 5306 1218 5354 ιι,
1254 5296 1280 5360 ς

333 5310 441 5377 (70)
482 5310 635 5366 Orsi,
666 5310 786 5357 Isto

273 5378 393 5432 edit.
422 5377 583 5429 Rom.
616 5373 786 5428 ἰιι-ὃο.

340 5428 444 5516 (71)
483 5428 664 5516 Epist.
695 5442 720 5494 1
758 5436 831 5490 ad
852 5433 997 5516 Elaf-
1029 5440 1145 5493 ⁰³Ρο
1174 5428 1221 5481 1-

335 5505 439 5591 (72)
477 5505 648 5595 llr-id?
683 5524 816 5628 cqp.
850 5505 889 5557 5

335 5592 428 5628 r711
477 5586 661 5628 .Iddn-
698 5596 732 5628 α
802 5574 887 5627 Pe

698 5564 776 5631 ad
802 5571 1171 5635 Pears.0pp.,
1201 5578 1319 5636 post
1345 5582 1399 5635 p.
1432 5564 1549 5617 219.

520 5684 824 5746 Ρλτκοι.
873 5662 1003 5721 Gtt.
1098 5658 1144 5715 Ι.

482 5286 635 5366 ὸῖξῖ,
664 5286 834 5357 ister.
870 5296 1002 5350 sccl.
1038 5292 1128 5345 lib.
1158 5286 1220 5354 II,
1254 5293 1280 5360 §
1315 5291 1402 5352 55,
1454 5296 1495 5343 t.
1528 5286 1568 5354 l,
1618 5305 1671 5360 ρ,
1694 5288 1818 5354 411,

1911 4847 2084 4917 εργός.
2134 4848 2191 4900 ln
2242 4863 2305 4903 ea
2359 4850 2498 4903 enim
2530 4848 2764 4917 Epistola
2796 4849 3036 4903 meminit
3072 4848 3362 4920 Apostolus
3389 4853 3433 4887 “

2014 5284 2099 5355 75)
2138 5289 2279 5354 Orsi,
2314 5284 2472 5344 Ister.
2503 5289 2649 5351 eccl.,
2678 5298 2717 5342 t.
2748 5287 2788 5349 l,
2817 5302 2869 5355 ι).
2900 5284 3023 5342 MS.

2015 5358 2100 5425 76)
2139 5358 2328 5411 Annal.
2359 5359 2449 5414 lib.
2478 5372 2563 5421 xv,
2592 5372 2745 5426 capp.
2771 5358 2955 5413 41-44.

2014 5426 2077 5478 77

2015 5494 2079 5547 78

1989 5430 2100 5633 lii)

1989 5562 2077 5634 (γυ

2138 5428 2399 5494 Apologet.
2431 5442 2548 5547 cap.
2576 5426 2627 5479 5.
2708 5492 2720 5504 .

2141 5491 2349 5547 Praelat.
2372 5493 2435 5547 ad
2452 5492 2492 5546 C
2515 5508 2617 5547 em.
2639 5507 2720 5547 em

2141 5491 2349 5564 Fracta}.
2372 5493 2435 5547 ad
2452 5491 2817 5560 Clem.epist.,
2857 5496 2960 5550 205
3000 5504 3149 5564 seqq.

2017 5218 2081 5274 π
2143 5219 2303 5282 Ibid.,
2336 5235 2453 5290 cap.
2483 5221 2535 5275 6.

2014 5290 2079 5343 75
2138 5289 2279 5354 Orsi,
2314 5289 2472 5344 lstor.
2503 5306 2535 5342 et

2015 5358 2078 5410 76
2139 5358 2328 5411 Annal.
2359 5359 2449 5414 lib.
2478 5372 2535 5411 xv

2014 5426 2077 5478 77
2138 5428 2399 5494 Apologet.
2431 5442 2491 5478 ca

2015 5430 2100 5562 78)
2141 5491 2349 5562 Praelat.
2372 5493 2435 5547 ad
2452 5442 2535 5548 Clit

2137 5561 2298 5631 Epist.
2332 5562 2379 5620 ι,
2408 5575 2555 5630 capp.
2583 5564 2765 5618 eoat.

3092 5651 3130 5712 lt
