3870 6404
455 306 550 357 107

1571 302 1662 357 AD
1705 303 1759 356 S.
1804 297 2222 357 CLEMENTEM
2265 299 2281 352 I
2321 298 2551 354 PAPAM

3578 296 3681 350 108

450 419 744 490 pontificis,
776 419 869 489 qui
905 420 1068 473 intrat
1116 419 1171 475 in
1223 428 1407 474 sancta
1444 434 1537 487 per
1567 418 1810 488 singulos
1843 430 2015 471 annos
2044 419 2089 475 Α
2119 412 2524 469 Corinthiorum
2554 414 2707 469 valde
2732 414 3014 479 emineret,
3040 414 3108 469 ab
3137 430 3203 470 eo
3233 410 3684 483 missungomnm

450 511 505 565 in
535 512 796 579 sanguine
825 511 1001 563 alieno
1034 530 1047 565 :
1082 512 1323 564 meminit
1361 510 1483 562 item
1499 510 1542 540 “
1574 510 1893 573 sacerdotis,
1919 508 2009 578 qui

448 612 641 672 prwsto
670 610 745 657 ea!
786 602 1028 671 quotidie
1069 603 1397 663 ministrare,
1446 616 1508 653 ac
1541 600 1840 654 hostiarum
1877 615 2012 670 quas

449 696 824 765 indesinenter
857 696 1081 765 oﬂernnt
1114 693 1369 747 ministri.
1394 693 1524 758 Quae
1553 692 1790 763 quidem,
1825 702 1884 747 ut
1908 693 2011 748 alia

447 788 504 844 in
533 788 776 843 eamdem
826 788 1145 843 sententiam
1178 785 1321 837 dicta
1357 786 1691 848 omittamus,
1723 801 1845 838 cum
1877 794 2012 839 tem-

448 897 580 951 pore
609 881 859 951 praesenti
886 877 1025 948 apud
1048 877 1399 941 Clementem,
1432 877 1573 931 haud
1597 893 1757 933 secus
1783 892 1846 931 ac
1872 876 2011 946 apud

446 972 675 1028 Paulum
723 972 1034 1034 efferantur,
1074 968 1221 1026 [tunc
1268 968 1443 1022 adhuc
1481 969 1742 1038 templum
1772 966 2011 1031 stetisse,

445 1067 759 1135 cultumque
789 1060 1023 1131 viguisse
1052 1057 1337 1113 Iudaicum
1370 1057 1602 1114 videtur.
1620 1058 1760 1125 Quin
1794 1068 1846 1114 et
1872 1074 2012 1113 non-

445 1162 573 1214 dum
606 1160 905 1220 obsessam,
938 1152 1031 1208 sed
1064 1161 1309 1223 pacatam
1362 1152 1542 1223 potius
1584 1152 1667 1207 vel
1697 1152 1867 1221 ipsam
1918 1168 2015 1205 ur-

445 1250 565 1304 bem
596 1244 1139 1315 Hierosolymitanam
1170 1241 1509 1296 Clementina
1542 1243 1707 1296 verba
1734 1242 2015 1297 insinuare

443 1335 881 1407 comperiuntur;
915 1341 1007 1386 aut
1040 1332 1229 1387 saltem
1280 1346 1551 1384 rumorem
1586 1330 1652 1384 de
1684 1330 1828 1385 illius
1868 1330 2016 1383 obsi-

442 1428 603 1483 dione
628 1426 857 1481 Romam
892 1422 1131 1479 nondum
1164 1421 1331 1476 fuisse
1365 1422 1630 1492 perlatum
1663 1422 1797 1476 satis
1834 1428 2016 1490 aperte

441 1521 739 1577 declarant.
781 1518 939 1572 Anno
992 1522 1173 1570 autem
1225 1513 1429 1569 Christi
1479 1514 1568 1576 68,
1601 1512 1968 1583 Vespasianus
1996 1550 2011 1575 ,

441 1613 715 1683 plerisque
734 1609 932 1665 Iudaea).
962 1609 1190 1663 urbibus
1216 1608 1518 1677 occupatis,
1552 1608 1726 1677 ipsam
1757 1606 2017 1662 Hieroso-

440 1705 707 1777 lymorum
763 1701 1105 1772 metropolim
1160 1699 1552 1755 circumsidere
1611 1698 1830 1754 molitus
1880 1710 2007 1755 est:

2111 507 2279 567 venit,
2304 524 2413 577 quo
2459 506 2561 561 sibi
2610 506 2730 561 diro
2765 506 3058 562 schismate
3090 507 3357 561 laboranti
3393 522 3548 577 Opem
3576 505 3685 560 fer-

2112 606 2194 652 ret
2218 596 2461 651 Romana
2490 597 2755 652 Ecclesia.
2782 597 2987 653 Exinde
3015 614 3143 653 vero
3172 598 3419 653 eumdem
3448 599 3682 667 legatum

2113 689 2243 743 illuc
2275 704 2397 744 cum
2428 690 2660 761 epistola
2690 688 2940 745 Clemens
2974 691 3219 755 remittit,
3248 690 3594 760 postulatque
3627 695 3681 743 ut

2112 796 2236 837 cum
2269 783 2461 836 nuntio
2510 784 2814 838 concordia
2859 783 3006 837 initae
3047 783 3196 836 brevi
3248 782 3312 834 ad
3364 798 3423 837 se
3474 781 3677 837 redeat.

2113 873 2246 939 Quis
2276 890 2439 943 porro
2471 874 2628 930 facile
2660 876 2759 931 sibi
2795 875 3138 945 persuadeat,
3174 882 3227 927 ut
3270 882 3544 943 praeeunte
3576 872 3682 927 Do.

2115 966 2310 1021 dwello
2338 967 2448 1039 (81)
2498 968 2676 1039 arguit
2706 968 2790 1022 vir
2817 967 3063 1021 eruditus
3104 965 3237 1035 (89.),
3270 964 3521 1019 eumdem
3548 960 3682 1017 For-

2114 1067 2363 1113 tunatum
2396 1066 2517 1129 post
2548 1066 2759 1113 tantum
2802 1058 3064 1128 temporis
3117 1057 3477 1118 intervallum,
3508 1069 3681 1124 quan-

2120 1160 2236 1205 ttun
2262 1153 2329 1207 ab
2377 1169 2521 1207 anno
2566 1154 2632 1208 57
2673 1153 2738 1206 ad
2773 1153 2930 1206 finem
2960 1152 3140 1206 saeculi
3174 1152 3414 1220 elapsum
3446 1158 3552 1209 est,
3585 1163 3683 1220 po-

2114 1245 2288 1300 tuisse
2318 1256 2410 1298 aut
2432 1247 2669 1301 voluisse
2692 1254 2849 1301 aetate
2868 1246 2979 1315 jam
3006 1244 3160 1298 valde
3184 1250 3524 1313 provectum,
3548 1245 3683 1298 adeo

2114 1336 2335 1408 longum
2368 1339 2471 1392 iter
2499 1338 2814 1409 suscipere?
2860 1339 2927 1391 At
2956 1337 3135 1392 omnia
3167 1338 3384 1391 demum
3434 1338 3539 1391 rite
3588 1353 3679 1392 co-

2115 1430 2322 1486 haerere
2375 1438 2699 1494 noscuntur,
2757 1429 2804 1484 si
2858 1429 3190 1485 Clementina
3248 1426 3477 1498 epistola
3536 1428 3679 1483 circa

2114 1538 2318 1577 annum
2373 1522 2576 1577 Christi
2628 1522 2697 1577 68
2747 1521 2949 1592 scripta
2983 1528 3291 1576 censeatur.
3332 1519 3520 1590 Neque
3579 1522 3681 1575 alia

2114 1614 2358 1686 profecto
2378 1615 2574 1671 desunt
2596 1624 2933 1685 argumenta,
2964 1611 3164 1683 quibus
3207 1612 3474 1667 sententia
3499 1610 3681 1667 isthch

2115 1709 2287 1778 magis
2343 1708 2625 1778 magisque
2682 1705 2955 1772 ﬁrmetur;
3010 1718 3131 1774 quae
3181 1712 3364 1758 tamen
3405 1703 3681 1759 brevitatis

439 1769 600 1867 quam
628 1793 825 1850 deinde
848 1769 1026 1856 Titus,
1058 1805 1087 1844 a
1116 1789 1455 1861 Vespasiano
1500 1798 1654 1860 patre
1697 1790 1763 1844 ad
1812 1806 2005 1846 conse-
2041 1769 2082 1825 Β
2112 1769 2243 1867 εει·ςῦ
2274 1769 2907 1868 εοῃευῖιο’ριιωιεςινὶηιυε.

438 1887 715 1958 quendum
761 1886 960 1940 bellum
1015 1884 1070 1938 in
1116 1881 1301 1937 Iudaea
1346 1883 1587 1945 relictus,
1620 1890 1742 1952 post
1773 1890 2006 1952 quatuor

438 1980 705 2036 mensium
741 1977 1077 2033 obsidionem
1106 1976 1163 2030 in
1196 1975 1454 2046 paschale
1497 1975 1828 2035 inchoatam,
1862 1988 2006 2031 anno

437 2074 652 2128 demum
684 2072 750 2125 70
783 2071 926 2139 cepit
958 2078 1119 2139 atque
1148 2083 1271 2123 cum
1302 2067 1501 2137 templo
1545 2067 1712 2121 diruit
1743 2086 1757 2123 :
1793 2075 1851 2119 ut
1880 2083 2005 2137 pro-

437 2161 563 2217 inde
591 2164 827 2233 priorem
865 2159 929 2213 ad
961 2158 1276 2214 Corinthios
1306 2156 1591 2227 epistolam
1626 2158 1769 2212 circa
1802 2171 2005 2210 annum

437 2254 506 2310 68
528 2255 809 2324 scripserit
842 2253 898 2308 S.
931 2252 1203 2308 Clemens.

507 2344 784 2403 Hactenus
814 2361 943 2402 vero
974 2347 1134 2402 dictis
1161 2362 1328 2401 unum
1360 2346 1538 2401 adhuc
1565 2345 1765 2401 addere
1808 2346 2000 2415 placet.

434 2442 722 2507 Nimirum,
766 2441 868 2496 sub
911 2440 1072 2494 ﬁnem
1119 2438 1364 2509 ejusdem
1415 2439 1657 2508 epistolis
1707 2438 1818 2507 (80)
1864 2439 2005 2492 inter

435 2530 659 2587 nuntios
681 2545 711 2585 a
735 2529 1011 2586 Clemente
1040 2529 1107 2584 ad
1128 2529 1421 2584 Ecclesiam
1445 2529 1851 2583 Corinthiacam
1872 2529 2006 2583 mis-

435 2638 527 2678 sos
558 2630 873 2677 recensetur
903 2619 1256 2683 Fortunatus,
1290 2620 1518 2690 ipsemet
1560 2621 1647 2675 ille
1679 2632 1738 2673 ut
1769 2620 2000 2685 videtur,

434 2716 526 2784 qui
556 2714 763 2784 aliquot
791 2714 858 2768 ab
888 2712 1017 2768 hinc
1043 2714 1203 2769 annis
1233 2713 1301 2766 ab
1331 2713 1521 2767 iisdem
1552 2712 1850 2767 Corinthiis
1880 2729 2003 2766 cum

438 2801 711 2873 Stephana
740 2809 793 2857 et
821 2800 1078 2864 Achaico,
1111 2800 1178 2854 ad
1210 2802 1431 2856 Paulum
1462 2801 1589 2855 dum
1619 2813 1802 2872 ageret
1828 2801 2005 2873 Ephe-

435 2893 503 2959 si,
531 2892 708 2947 fuerat
738 2891 1038 2961 ablegatus.
1068 2890 1199 2959 Ejus
1229 2907 1355 2947 cum
1383 2893 1543 2948 laude
1575 2895 1821 2948 meminit
1854 2896 2001 2965 Apo-

434 2986 607 3042 stolus
636 2984 693 3038 in
723 2983 905 3055 priore
944 2982 1012 3038 ad
1033 2982 1343 3046 Corinthios
1364 2987 1601 3056 Epistola
1625 2986 1692 3051 ⁸⁸,
1725 3004 1847 3057 qua:
1873 2988 2006 3042 scri-

435 3089 527 3150 pta
555 3078 728 3137 fertur
756 3080 901 3135 circa
931 3092 1134 3134 annum
1164 3076 1249 3133 57.
1284 3078 1385 3133 llic
1416 3079 1582 3151 igitur
1616 3095 1739 3136 cum
1772 3081 1824 3135 in
1856 3089 2002 3138 coetu

2018 3243 2089 3255 .-

2182 1892 2257 1947 De
2304 1892 2565 1962 temporis
2617 1898 2795 1945 autem
2829 1890 3105 1944 notatione
3135 1905 3243 1960 quo
3280 1882 3483 1960 scripta
3521 1888 3681 1943 fuerit

2111 1979 2383 2049 posterior
2409 1978 2701 2035 Clementis
2731 1978 2983 2049 epistola,
3020 1977 3156 2031 nihil
3202 1977 3419 2048 quidem
3452 1977 3586 2032 certi
3617 1993 3679 2031 ex

2108 2086 2172 2124 ea
2222 2070 2418 2125 elicere
2464 2085 2780 2140 possumus,
2810 2084 2943 2141 cum-
2962 2068 3153 2122 mutila
3194 2069 3261 2123 ad
3290 2085 3391 2124 nos
3422 2086 3681 2140 pervene-

2108 2160 2202 2223 rit,
2234 2158 2379 2215 unde
2422 2159 2553 2215 illud
2582 2166 2874 2216 statuatur.
2902 2157 3005 2224 Qui
3036 2174 3154 2213 eam
3186 2160 3451 2229 integram
3485 2159 3680 2229 legisse

2107 2259 2329 2320 putatur
2370 2250 2618 2318 Photius,
2652 2250 2705 2304 in
2760 2249 2881 2319 ejus
2925 2249 3244 2305 recensione
3294 2251 3497 2305 nullam
3551 2249 3679 2304 facit

2106 2343 2320 2399 dissidii
2349 2342 2683 2398 Corinthiaci
2713 2342 3073 2404 mentionem;
3113 2342 3207 2398 sed
3236 2342 3407 2413 ipsam
3440 2350 3679 2397 tantum-

2106 2433 2268 2488 modo
2312 2432 2693 2486 institutionem
2742 2442 2791 2486 et
2841 2432 3247 2487 admonitionem
3286 2434 3514 2488 melioris
3563 2437 3679 2490 vita:

2105 2524 2348 2578 inducere
2392 2523 2583 2579 scribit
2617 2522 2751 2593 (85).
2786 2521 2924 2577 Hinc
2962 2522 3117 2578 facile
3144 2525 3269 2595 quis
3301 2525 3540 2596 colligat,
3576 2524 3679 2580 Co-

2105 2615 2290 2669 rintho
2322 2613 2550 2668 Romam
2579 2612 2779 2668 reduce
2808 2612 3105 2668 Fortunato
3135 2631 3259 2670 cum
3310 2616 3433 2671 aliis
3482 2619 3672 2683 sociis,

2106 2707 2401 2763 schismate
2446 2706 2552 2765 iam
2584 2706 2799 2761 sublato
2838 2714 2891 2760 et
2938 2708 3109 2776 quieti
3140 2708 3371 2763 ecclesia
3402 2707 3493 2762 illa
3521 2710 3678 2763 resti-

2104 2810 2245 2867 tuta,
2277 2802 2415 2857 hanc
2462 2801 2659 2857 deinde
2704 2802 2875 2857 fuisse
2923 2816 2954 2855 a
3000 2800 3279 2857 Clemente
3318 2802 3675 2872 perscriptam

2106 2896 2412 2967 epistolam,
2446 2911 2588 2950 anno
2643 2895 2783 2949 forte
2826 2895 3146 2964 insequente
3177 2892 3267 2958 G9,
3303 2910 3412 2965 quo
3444 2895 3499 2949 in
3546 2910 3679 2966 pace

2106 2988 2277 3060 magis
2310 2989 2489 3044 adhuc
2521 2989 2866 3044 firmarentur
2897 2986 3189 3043 Corinthii.

1716 3379 2135 3471 SECTIO
2218 3382 2349 3467 II.

1386 3577 1473 3630 DE
1513 3575 1790 3632 DUABUS
1831 3573 2188 3630 EPISTOLIS
2226 3575 2315 3628 AD
2357 3572 2698 3630 VIRGINES.

503 3890 571 3945 Χ.
610 3889 765 3943 Nunc
810 3894 989 3942 autem
1041 3901 1218 3942 sermo
1264 3886 1629 3942 instituendus
1679 3884 1746 3941 de
1788 3887 1999 3941 duabus
2027 3891 2068 3948 C
2100 3883 2307 3938 editore
2348 3885 2572 3939 omnino
2616 3884 3017 3952 praetermissis.
3046 3884 3187 3952 Quin
3233 3886 3417 3951 etiam,
3452 3893 3512 3939 ut
3544 3902 3677 3940 exa-

433 3980 701 4052 epistolis,
736 3993 871 4049 quas
896 3976 970 4031 De
1000 3976 1298 4047 virginitate
1327 3993 1422 4032 seu
1452 3976 1519 4029 ad
1542 3978 1761 4047 virgines
1781 3977 2001 4046 scripsit

436 4071 497 4128 S.
535 4072 805 4126 Clemens.
847 4069 953 4123 Eas
1000 4068 1232 4139 primum
1268 4068 1536 4138 evolgavit
1564 4067 1809 4137 Lugduni
1842 4067 2001 4120 Bata-

435 4179 626 4219 vorum
655 4178 797 4217 anno
826 4162 962 4217 I752
989 4179 1017 4217 e
1043 4178 1146 4216 ms.
1178 4162 1365 4215 codice
1385 4160 1519 4215 Novi
1541 4159 1871 4214 Testamenti
1901 4158 2001 4230 Sy-

436 4256 593 4318 riaci,
626 4268 747 4308 cum
778 4254 1027 4308 versione
1070 4254 1283 4317 Latina,
1321 4252 1556 4310 Joannes
1583 4252 1818 4308 Iacobus
1848 4252 2000 4307 Wet-

438 4347 680 4412 stenius;
729 4331 1053 4414 exstantque
1102 4343 1168 4397 ad
1219 4347 1421 4400 calcem
1464 4346 1754 4401 voluminis
1783 4346 1826 4399 ll
1862 4344 1995 4401 Nov.

437 4438 587 4493 Test.
640 4436 835 4499 Graci,
867 4437 933 4489 ab
979 4435 1166 4489 eodem
1218 4437 1358 4505 typis
1392 4432 1999 4491 Amstzelodamensihus

438 4528 646 4582 excusi.
678 4526 760 4580 Ad
809 4525 1083 4595 exemplar
1104 4524 1536 4579 Wctstcnianum
1590 4534 1833 4580 nostram
1879 4526 1997 4580 edi-

440 4618 639 4672 tionem
665 4616 963 4685 exegimus,
999 4615 1113 4669 suis
1137 4615 1443 4685 quibusqqe
1465 4615 1599 4673 locis
1623 4629 1685 4668 ca
1711 4614 2015 4669 restituen-‘

437 4717 542 4775 tes,
576 4724 695 4779 qua:
741 4707 1089 4763 doctissimus
1121 4706 1298 4760 editor
1328 4706 1723 4776 prolegomenis
1753 4706 1998 4774 subjecta

439 4802 555 4859 sive
602 4801 846 4856 addenda
895 4801 1009 4854 sive
1048 4798 1383 4853 emendanda
1417 4809 1715 4853 monuerat.
1750 4797 1806 4851 In
1848 4806 1998 4855 textu

436 4894 565 4951 item
598 4892 824 4964 Syriaco
856 4891 1123 4947 sectiones
1154 4906 1249 4946 seu
1288 4891 1464 4961 capita
1508 4890 1877 4956 distinximus,
1908 4906 2000 4946 or-

439 4986 621 5041 dinem
670 4985 843 5040 secuti
886 4999 1048 5054 quem
1091 4984 1319 5053 ipsemet
1367 4983 1634 5054 interpres
1664 4984 1718 5038 in
1750 5000 1848 5039 sua
1878 5001 1999 5041 ver-

441 5078 594 5133 sione
629 5076 972 5131 retinendum
1017 5075 1249 5129 censuit.
1279 5072 1460 5129 Sacra:
1500 5075 1794 5145 Scriptum
1834 5077 1997 5132 verba

439 5183 672 5238 quorum
717 5166 860 5220 haud
905 5181 1077 5235 pauca
1105 5161 1464 5220 Wetstenium
1495 5165 1763 5237 fugerant,
1805 5167 1998 5222 chara-

2100 3977 2240 4030 ctior
2270 3975 2447 4029 adhuc
2494 3976 2665 4030 editio
2710 3986 2897 4031 nostra
2949 3978 3210 4048 prodiret,
3241 3976 3675 4035 Wetstenianam

2100 4068 2214 4123 sive
2257 4068 2312 4121 in
2346 4074 2493 4122 textu
2526 4068 2640 4122 sive
2676 4069 2730 4121 in
2773 4069 3026 4125 versione
3070 4086 3100 4124 a
3134 4071 3293 4127 nobis
3336 4081 3557 4141 rogatus
3587 4087 3677 4126 re-

2100 4160 2316 4215 censuit
2365 4158 2430 4214 Β.
2459 4158 2521 4215 Ρ.
2553 4158 2865 4215 Bonifacius
2907 4159 3105 4216 Finetti
3138 4161 3273 4219 0rd.
3306 4163 3556 4229 Praedia,
3590 4165 3678 4218 vir

2098 4250 2156 4305 in
2183 4250 2383 4321 linguis
2420 4251 2647 4307 exoticis
2672 4251 2984 4308 excolendis
3014 4253 3453 4311 studiosissimus
3472 4272 3490 4309 ι
3512 4256 3677 4325 cujus

2099 4343 2328 4414 proinde
2352 4343 2693 4411 conjecturas
2722 4345 2778 4397 in
2803 4344 3094 4399 lectionem
3124 4343 3403 4418 Syriacam
3429 4355 3481 4401 et
3504 4349 3677 4403 casti-

2098 4436 2347 4507 gationes
2371 4435 2424 4489 iu
2462 4433 2749 4489 Wetstenii
2780 4436 3109 4500 versionem,
3146 4437 3320 4507 ipsius
3347 4440 3566 4495 nomine
3596 4441 3677 4497 si-

2099 4533 2290 4595 gnatas
2342 4526 2397 4580 in
2445 4524 2674 4579 limbum
2708 4527 3062 4596 conjecimus.
3093 4528 3235 4581 Cum
3275 4537 3453 4585 autem
3486 4531 3588 4587 hac
3616 4532 3674 4586 in

2100 4618 2232 4672 urbe
2280 4617 2393 4689 typi
2444 4615 2653 4688 Syriaci
2697 4627 2965 4688 quotquot
2993 4628 3149 4675 erant
3191 4623 3487 4677 necessarii
3526 4624 3673 4680 haud

2099 4718 2296 4780 praesto
2326 4717 2530 4775 essent,
2554 4708 2837 4765 Patavium
2862 4713 3277 4780 contendimus;
3302 4716 3551 4785 votisque
3573 4732 3675 4771 no-

2099 4802 2229 4857 stris
2251 4801 2447 4871 quibus
2469 4802 2855 4872 expetebamus
2876 4811 2936 4858 ut
2960 4804 3161 4860 easdem
3180 4807 3422 4876 epistola:
3447 4806 3674 4878 Syriace

2099 4909 2163 4950 ac
2186 4894 2375 4951 Latine
2391 4896 2447 4951 in
2473 4896 2767 4951 seminario
2788 4896 3052 4952 Patavine
3077 4899 3496 4965 excuderentur,
3530 4904 3673 4959 emi-

2098 4987 2453 5044 nentissimus
2491 4987 2772 5058 princeps,
2828 5005 2975 5044 nunc
3026 5006 3157 5044 vero
3202 4988 3300 5044 SS.
3339 4990 3401 5044 Ι).
3446 4990 3513 5049 Ν.
3544 4993 3673 5050 Cle-

2099 5095 2254 5136 mens
2303 5078 2418 5133 XIII
2463 5079 2874 5149 perhumaniter
2907 5081 3119 5135 annuit.
3153 5081 3531 5151 Impressionis
3571 5101 3673 5140 cu-

2099 5184 2215 5223 ram
2264 5168 2365 5223 sibi
2416 5169 2658 5237 suscepit
2684 5169 2859 5224 libens
2885 5169 3149 5224 Antonius
3173 5169 3492 5241 Zanolinus,
3525 5176 3672 5230 cele-

439 5268 587 5311 ctere
630 5255 814 5311 Italico
863 5256 1215 5312 describenda
1245 5258 1576 5319 curavimus,
1609 5258 1743 5313 locis
1776 5258 1998 5329 insuper
2028 5256 2072 5310 D
2100 5261 2214 5315 bris
2239 5261 2541 5331 linguarum
2566 5259 2909 5314 orientalium
2933 5261 2988 5314 in
3010 5261 3198 5316 eodem
3222 5264 3518 5317 seminario
3538 5282 3671 5334 pro-

438 5347 510 5403 ad
534 5362 682 5401 oram
722 5347 980 5403 indicatis
1009 5348 1152 5403 unde
1180 5347 1271 5401 illa
1300 5347 1601 5419 desumpsit
1631 5347 1688 5403 S.
1720 5347 1896 5415 Pater,
1930 5350 1997 5405 ab

511 5481 558 5516 ιι
579 5480 743 5537 Hebr.
770 5499 825 5547 χ,
857 5482 911 5547 3,
938 5481 1025 5538 υ.
1100 5484 1143 5514 ιι
1174 5481 1340 5538 ICor.
1364 5497 1474 5545 m,
1506 5480 1593 5549 ts,
1626 5488 1711 5541 η.
1848 5488 1851 5491 ·
1884 5456 1887 5459 ’

511 5617 623 5689 (7807)
664 5619 830 5689 Epist.
863 5620 915 5684 1,
938 5634 1057 5689 cap.
1086 5620 1174 5676 68.

507 5688 618 5759 (81)
656 5688 836 5744 Addit.
869 5690 938 5744 ad
970 5688 1153 5745 Peat's.
1178 5691 1332 5759 0pp.,
1366 5700 1484 5761 post
1532 5706 1583 5759 p.
1610 5689 1733 5744 221.

2103 5351 2277 5407 fessor
2310 5370 2322 5405 :
2354 5350 2550 5421 quibus
2595 5351 2811 5422 quidem
2865 5351 3180 5408 nominibus
3229 5352 3535 5410 duumviris
3566 5357 3669 5411 do-

2174 5619 2286 5688 (82)
2324 5618 2504 5744 Pref,
2532 5627 2644 5674 not.
2674 5618 2740 5671 ad
2771 5635 2889 5688 cap.
2918 5620 2952 5674 2
2982 5621 3144 5692 epist.
3185 5622 3210 5678 1
3247 5599 3664 5694 CIem.,p.Ua.

2174 5691 2283 5744 t85l
2327 5689 2421 5744 Bib
2450 5731 2463 5744 .
2497 5690 2617 5744 cod.
2639 5701 2813 5743 cxxvt.

2172 5691 2283 5761 (85)
2327 5689 2463 5745 Bibl.
2497 5690 2617 5745 cod.
2639 5701 2813 5743 cxxvt.
