3832 6282
241 331 327 385 ιω
468 353 477 366 .
1499 312 1828 368 PROUEMIA
1869 311 2244 370 VARIORUM.

3350 323 3448 376 110

247 444 384 502 ειη,
421 429 469 481 ἱιι
513 425 696 496 primis
742 432 937 480 autem
985 424 1341 481 sanctissimo
1383 427 1531 482 Patri
1580 427 1821 481 Pontil‘wi
1858 425 1900 479 Α
1925 439 2068 477 mum
2102 433 2432 480 assectamur
2466 447 2476 480 :
2512 442 2571 481 ea
2613 436 2787 482 tamen
2829 431 3062 494 ratione,
3093 441 3150 487 ut
3194 439 3448 491 nonnulla

254 519 495 581 ιιιιὶωο
515 516 881 585 nosmetipsos
931 531 1281 584 summopere
1336 519 1624 573 obstrictos
1653 518 1823 586 palam

267 614 502 684 proﬁtem
509 624 588 662 ur.

351 702 438 756 XI.
465 699 570 754 lam
608 712 740 752 vero
772 697 1219 766 disquirendum,
1269 714 1398 752 num
1448 699 1660 753 demum
1707 697 1826 752 Cle-

280 793 441 846 menti
465 789 700 842 Romano
732 797 976 856 utraque
1005 789 1233 857 epistola
1266 788 1386 856 jure
1419 789 1488 842 sit
1518 788 1825 843 adscriben-

277 883 372 935 da.
406 881 479 934 Eas
508 880 795 934 enimvero
839 881 994 933 velut
1058 880 1299 934 sinceras
1347 879 1638 933 Clementis
1687 877 1824 932 fetus

270 971 474 1039 agnovit
521 969 593 1023 cl.
627 969 840 1032 editor,
880 984 946 1024 ac
982 985 1082 1039 pro
1119 969 1326 1023 viribus
1366 969 1536 1022 eidem
1586 982 1825 1023 asserere

267 1075 540 1130 aggressus
571 1069 681 1115 est.
720 1059 932 1114 Verum
959 1063 1096 1116 duos
1125 1076 1235 1130 prae
1263 1061 1470 1115 caeteris
1513 1061 1656 1115 viros
1684 1061 1824 1114 haud

263 1150 550 1202 incelebres
582 1157 794 1202 nactus
823 1158 910 1204 est
935 1150 1272 1204 adversarios
1305 1169 1318 1204 :
1355 1152 1578 1203 alterum
1611 1150 1821 1218 quidem

263 1238 640 1291 Nathanaelem
692 1237 1176 1308 Lardnerum,qui
1222 1256 1362 1294 anno
1392 1241 1524 1294 1755
1565 1241 1821 1295 disserta-

260 1330 446 1382 tionem
479 1327 548 1381 70
583 1329 928 1398 paginarum
952 1329 1085 1382 iii-8°
1110 1329 1332 1398 Anglice
1360 1329 1587 1383 Londini
1617 1331 1819 1396 edidit;

255 1419 611 1488 pluribusque
641 1419 702 1472 in
735 1419 1073 1473 contrariam
1117 1421 1432 1472 sententiam
1472 1419 1734 1484 adductis,
1769 1421 1824 1473 in

253 1523 381 1563 eam
414 1509 644 1563 tandem
697 1510 1090 1578 cositationem
1133 1509 1380 1572 devenit,
1431 1509 1526 1564 has
1569 1511 1820 1565 nimirum

250 1600 508 1666 epistolas
554 1601 712 1652 circa
765 1598 1007 1653 medium
1040 1599 1222 1654 saeculi
1250 1613 1310 1652 ut
1342 1601 1408 1654 ab
1435 1600 1686 1668 episcopo
1725 1601 1823 1654 Ec-

255 1685 422 1739 desis
473 1685 783 1740 orientalis
833 1685 1005 1740 fuisse
1050 1687 1375 1755 perscriptas
1407 1687 1516 1756 (84)
1551 1705 1565 1741 :
1597 1689 1818 1742 alterum

255 1789 381 1827 vero
426 1773 823 1828 Hermannum
864 1773 1120 1845 Venema,
1174 1776 1265 1845 qui
1318 1790 1459 1828 anno
1514 1776 1822 1845 insequente

255 1865 404 1927 1751,
439 1865 734 1934 Harlingte
771 1865 1009 1935 vulgatis
1058 1867 1230 1920 tribus
1277 1868 1542 1935 epistolis,
1572 1866 1681 1922 νγ.
1717 1867 1818 1921 CC.

259 1953 642 2025 Wesselingio,
692 1955 1119 2010 Hemsterhusio
1144 1965 1198 2011 et
1222 1957 1603 2027 Cannegietero
1633 1958 1825 2012 inscri-

258 2044 376 2112 ptis,
423 2043 656 2098 easdem
720 2043 992 2113 epistolas
1047 2044 1406 2099 Clementinas
1459 2045 1824 2113 supposititias

255 2147 370 2186 esse
391 2134 540 2186 omni
565 2133 766 2187 studio
790 2132 1074 2186 contendit
1101 2134 1346 2187 evincere
1372 2152 1385 2186 :
1412 2133 1466 2186 in
1491 2132 1558 2187 iis
1577 2135 1717 2186 enim
1742 2133 1825 2185 in-

255 2229 337 2273 ter
358 2223 459 2274 alia
483 2221 825 2290 Hieronymi
845 2222 1044 2290 stylum
1061 2221 1164 2275 sibi
1184 2221 1484 2276 suboluisse
1499 2221 1672 2274 innuit
1689 2222 1819 2292 (85);

254 2319 306 2364 et
341 2314 597 2382 quamvis
629 2313 703 2367 de
733 2322 965 2368 auctore
995 2328 1058 2366 ac
1080 2322 1315 2383 tempore
1342 2329 1448 2382 quo
1475 2315 1666 2367 vixerit
1691 2315 1822 2368 nihil

250 2398 484 2464 deﬁniat,
511 2416 650 2455 eum
701 2409 892 2455 tamen
935 2400 1103 2456 fuisse
1131 2403 1460 2464 orientalem,
1492 2417 1598 2455 non
1629 2399 1823 2455 Roma-

250 2503 394 2552 num,
429 2500 482 2544 et
528 2490 784 2560 Origene
833 2505 1051 2560 quoque
1084 2492 1437 2560 posteriorem
1485 2490 1658 2560 arguit
1687 2490 1819 2561 (86).

249 2573 473 2650 Utrique
524 2583 727 2636 statim
783 2581 1070 2650 respondit
1114 2580 1483 2642 Wetstenius,
1525 2583 1822 2650 iterumque

245 2680 383 2733 quas
407 2671 589 2723 edidit
611 2671 910 2738 epistolas,
934 2670 1108 2739 magis
1139 2672 1409 2740 magisque
1434 2671 1689 2725 Clementi
1714 2671 1819 2724 Ro-

243 2768 408 2811 mano
435 2759 757 2812 vindicavit
790 2775 804 2811 :
835 2758 1115 2814 Lardnero
1143 2761 1355 2828 quidem
1385 2761 1436 2814 in
1467 2761 1644 2815 Diario
1682 2762 1822 2815 litte-

245 2850 394 2901 rario
426 2846 644 2902 Gallice
676 2849 954 2917 inscripto
1004 2849 1355 2918 Bibliotlteque
1382 2851 1646 2904 raisonnée
1674 2849 1817 2919 (87):

247 2929 502 2990 Venema:
531 2945 752 3000 autem,
787 2937 1023 3005 epistola
1048 2951 1112 2990 eo
1132 2937 1247 3004 ipso
1270 2952 1408 2990 anno
1436 2937 1570 2990 1754
1593 2936 1817 2991 Amatae-

1925 515 2207 584 utrobique
2241 531 2270 570 a
2307 517 2461 570 nobis
2491 517 2542 570 in
2571 519 2799 572 medium
2829 521 3187 589 proferantur,
3214 524 3448 582 Wetste-

1925 603 2014 656 nio
2057 607 2442 674 praetermissa;
2473 622 2642 676 eaque
2686 607 2737 660 in
2782 610 2968 677 primis
2997 627 3114 681 quae
3164 629 3229 668 ex
3259 616 3448 670 harum

1921 681 2263 760 epistolarum
2317 695 2558 750 instituta
2593 698 2876 754 collatione
2922 716 3042 754 cum
3072 704 3281 761 duabus
3319 707 3448 761 reli-

1921 779 2042 848 quis
2070 782 2425 839 Corinthiacis
2451 826 2464 847 ,
2521 786 2588 839 ad
2622 802 2730 840 rem
2777 791 2945 859 magis
2988 795 3252 862 pertinere
3292 797 3448 853 nobis

1922 875 2033 926 visa
2061 881 2205 926 sunt.

1991 961 2166 1016 Testis
2213 963 2390 1032 itaque
2447 968 2714 1036 antiquior
2782 969 3142 1042 Epiphanius,
3187 979 3276 1046 qui
3349 979 3446 1033 ad-

1923 1067 2109 1107 versus
2148 1051 2426 1110 Ebionznos
2479 1057 2591 1112 haec
2639 1059 2797 1116 habet
2855 1064 2988 1134 (87’)
3027 1083 3042 1121 :
3082 1067 3249 1132 Αὐτὸς
3303 1071 3450 1142 Κλή-

1928 1157 2031 1210 μης
2072 1143 2265 1206 αὐτοὺς
2307 1144 2444 1197 κατά
2484 1146 2655 1199 πάντα
2719 1150 2921 1222 ἐλέγχει
2976 1154 3066 1223 ἀφ’
3105 1151 3177 1209 ὧν
3219 1159 3448 1231 ἔγραψεν

1919 1231 2208 1285 ἐπιστολῶν
2272 1235 2585 1301 ἐγκυκλίων,
2658 1239 2763 1290 τῶν
2835 1242 2893 1294 ἐν
2966 1246 3084 1306 ταῖς
3135 1247 3313 1314 ἁγίαις
3362 1252 3448 1303 ὲκ-

1922 1318 2163 1409 κλησίαις
2213 1323 2720 1395 ἀναγινωσκομένων
2742 1345 2754 1358 ·
2786 1329 2864 1381 ὅτι
2913 1331 3066 1385 ἄλλον
3111 1335 3218 1404 ἔχει
3249 1357 3449 1409 χαρακ-

1920 1408 2059 1479 τῆρα
2084 1413 2115 1479 ἡ
2149 1411 2336 1464 ἑαυτοῦ
2371 1414 2548 1477 πίστις
2573 1417 2664 1468 καί
2689 1419 2717 1469 ὀ
2735 1417 2906 1486 λόγος,
2938 1424 3082 1494 παρὰ
3110 1424 3176 1477 τὰ
3205 1427 3306 1478 ὑπὸ
3325 1408 3448 1482 ντού-

1919 1514 2023 1549 των
2039 1501 2126 1586 si;
2151 1499 2316 1570 ὄνομα
2346 1502 2506 1555 αὐτοῦ
2538 1505 2594 1556 ὲν
2624 1510 2740 1569 ταῖς
2767 1508 3055 1576 Περιόδοις
3078 1515 3442 1586 νενοθευμένα.

1925 1585 2092 1648 Αὐτὸς
2117 1587 2222 1659 γὰρ
2266 1591 2556 1661 παρθενίαν
2584 1593 2835 1657 διδάσκει,
2871 1601 2960 1651 καὶ
3000 1602 3149 1655 αὐτοὶ
3180 1605 3238 1656 of.
3269 1585 3444 1677 δέχον-

1920 1689 2023 1726 ται’
2054 1676 2210 1739 αὐτὸς
2251 1678 2356 1748 γὰρ
2396 1681 2716 1751 ἐγκωμιάζει
2765 1687 2960 1750 Ἠλίαν,
2984 1691 3072 1742 καὶ
3120 1694 3310 1758 Δαϐὶδ,
3351 1676 3446 1750 καὶ

1920 1761 2170 1833 Σαμψὼν,
2201 1769 2289 1820 καὶ
2318 1770 2520 1833 πάντας
2546 1775 2670 1836 τοὺς
2721 1777 3019 1848 προφήτας,
3052 1781 3144 1843 οὓς
3170 1776 3311 1837 οὗτοι
3341 1787 3446 1856 βδε·

1917 1851 2207 1911 λύττονται.
2251 1857 2303 1911 ld
2362 1869 2481 1914 est:
2519 1882 2537 1912 ι
2566 1863 2811 1921 Clemens
2864 1869 2976 1936 ipse
3026 1874 3271 1929 omnibus
3325 1851 3444 1932 illos

1920 1940 2242 2014 (Ebionaeos)
2292 1949 2462 2003 modis
2502 1951 2773 2022 redarguit
2818 1955 2881 2010 iis
2925 1959 3165 2026 epistolis
3211 1965 3443 2020 circula-

1920 2028 2088 2093 ribus,
2117 2047 2236 2100 quae
2275 2034 2328 2086 in
2358 2040 2717 2094 sacrosanctis
2761 2043 3003 2098 ccclesiis
3048 2048 3295 2117 leguntur
3326 2070 3341 2113 ;
3377 2069 3443 2107 ex

1919 2117 2114 2184 quibus
2143 2128 2374 2187 constat,
2405 2123 2557 2193 longe
2586 2126 2652 2180 ab
2688 2126 2754 2182 iis
2775 2145 2893 2198 quae
2924 2133 2977 2185 in
3021 2135 3326 2193 Circuitibus
3378 2141 3443 2194 il-

1921 2204 1987 2294 lis
2030 2207 2252 2278 (Petri)
2289 2211 2388 2264 sub
2434 2213 2552 2281 ejus
2592 2217 2806 2272 nomine
2850 2221 3144 2277 adulterina
3194 2239 3441 2294 exstant,

1920 2293 2065 2349 illius
2101 2297 2250 2351 tidem
2284 2314 2345 2353 ac
2376 2316 2673 2358 sermonem
2705 2306 3067 2366 abhorruisse.
3095 2311 3299 2370 Etenim
3329 2293 3445 2370 Vir-

1919 2383 2194 2478 ginitatem
2221 2387 2333 2450 ipse
2362 2388 2666 2461 (Clemens)
2696 2396 2920 2464 edocet;
2956 2409 3008 2454 et
3038 2401 3122 2456 isti
3149 2403 3441 2478 (Ebionaei)

1920 2475 2202 2543 repudiant
2228 2493 2240 2527 :
2288 2478 2376 2532 ille
2403 2479 2593 2544 Eliam,
2622 2482 2874 2540 Davidem
2901 2500 2954 2544 et
2983 2489 3295 2550 Samsonem
3325 2475 3444 2554 oms.

1918 2577 2118 2633 nesque
2160 2567 2445 2635 prophetas
2486 2574 2857 2642 commendat;
2905 2594 3040 2647 quos
3075 2582 3128 2636 bi
3173 2585 3444 2642 detestari-

1919 2658 2024 2705 tur.
2061 2673 2080 2704 ι
2137 2653 2264 2718 Quae
2314 2656 2552 2725 profecto
2606 2659 2969 2730 Epiphaniana
3024 2669 3232 2726 duabus
3293 2674 3440 2730 hisce

1920 2741 2266 2797 Clementinis
2295 2745 2537 2814 epistolis
2578 2749 2772 2802 mirum
2806 2751 2859 2804 in
2889 2755 3102 2810 modum
3147 2773 3440 2831 congruere

1919 2841 2234 2886 noscuntur.
2267 2833 2504 2889 Primum
2529 2837 2707 2907 itaque
2739 2841 2790 2893 in
2825 2843 2912 2905 iis,
2944 2843 3239 2915 Epiphanio
3268 2859 3437 2917 teste,

1920 2918 1976 2974 S.
2051 2921 2296 2978 Clemens
2360 2926 2705 2994 virginitatem
2761 2931 2932 2986 edocet
2983 2951 3005 2989 .°
3058 2935 3245 2990 harum
3295 2942 3436 2995 enim

241 3019 668 3080 ίοὼηιεηείδυε
705 3027 852 3094 typis
883 3024 1220 3095 consignata,
1251 3040 1409 3094 quam
1452 3026 1689 3094 epistola,
1716 3024 1819 3081 γε,
1843 3022 1886 3078 c
1918 3009 2258 3076 epistolarum
2286 3029 2410 3082 pars
2439 3017 2678 3082 minima,
2713 3027 2769 3072 ut
2795 3030 2937 3076 recte
2965 3024 3441 3084 advertithtste-

232 3115 515 3170 nemianae
568 3118 865 3185 opposuit.
904 3113 1123 3169 Utinam
1169 3129 1295 3167 vero
1347 3115 1555 3169 duabus
1607 3129 1818 3183 quoque

229 3206 472 3274 reliquis
495 3207 853 3276 respondere
879 3205 1142 3262 valuisset
1172 3205 1250 3258 vir
1277 3205 1498 3259 doctus!
1531 3205 1600 3257 At
1638 3204 1816 3258 lethali

249 3299 437 3351 morbo
482 3299 869 3352 decumbebat
896 3296 1254 3359 Wetstenius,
1279 3298 1404 3350 dum
1436 3297 1660 3366 primam
1689 3312 1816 3351 exa-

274 3389 391 3442 ravit
418 3390 726 3458 epistolam
779 3405 814 3443 v
861 3388 984 3441 Kal.
1030 3387 1208 3440 Martii
1237 3387 1373 3441 1754
1402 3401 1689 3454 menseque
1733 3402 1819 3440 se-

275 3487 447 3542 quente
494 3478 648 3532 diem
707 3491 1030 3544 supremum
1061 3475 1196 3528 obiit
1224 3490 1276 3527 Ix
1305 3474 1420 3527 Kal.
1453 3473 1672 3542 Aprilis,
1709 3488 1818 3525 -an-

275 3579 379 3617 num
406 3581 578 3634 agens
613 3579 735 3617 th.
772 3562 906 3627 Quae
936 3575 1067 3614 vero
1111 3560 1369 3613 hactenus
1399 3559 1642 3613 recensui
1688 3573 1818 3628 Opu-

271 3656 418 3719 scula,
448 3672 513 3709 ea
548 3657 706 3709 dono
761 3651 952 3721 accepi
985 3651 1054 3704 ab
1081 3650 1444 3705 eruditissimo
1470 3647 1672 3704 Iacobo
1699 3648 1818 3702 Kri-

269 3747 448 3813 ghout;
491 3749 589 3815 qui
625 3745 778 3798 datis
814 3757 1036 3812 quoque
1070 3740 1471 3794 humanissimis
1499 3740 1687 3794 litteris
1714 3757 1817 3793 una

265 3848 370 3888 cum
408 3851 681 3891 sermone
716 3832 958 3892 funebri,
985 3846 1143 3899 quem
1177 3830 1397 3898 ipsemet
1429 3828 1612 3880 habuit
1637 3829 1690 3881 in
1722 3829 1818 3882 ob-

265 3921 379 3977 itum
411 3925 632 3977 laudati
653 3922 950 3976 Wetstenii
975 3919 1276 3974 decessoris
1300 3918 1402 3978 sui,
1433 3931 1656 3970 munera
1686 3918 1814 3969 mihi

266 4025 504 4078 pergrata
561 4014 720 4082 large
769 4010 1073 4064 cumulavit
1100 4028 1113 4060 :
1143 4024 1249 4074 quo
1284 4007 1498 4061 nomine
1527 4007 1655 4059 mihi
1687 4017 1812 4060 tem-

259 4115 437 4168 perare
473 4102 626 4155 baud
665 4116 920 4169 possum,
952 4099 1083 4166 quin
1130 4095 1192 4150 V.
1235 4097 1295 4152 C.
1343 4098 1645 4150 comitatem
1687 4097 1818 4151 adeo

260 4186 590 4255 singularem
625 4201 797 4255 quam
830 4185 1066 4236 maxime
1095 4191 1340 4237 testatam
1367 4181 1579 4237 faciam.

321 4273 524 4330 Verum
583 4286 643 4329 ut
687 4275 756 4328 ad
801 4289 914 4328 rem
965 4273 1186 4340 propius
1232 4273 1576 4334 accedamus,
1625 4273 1812 4326 harum

251 4365 609 4430 epistolarum
638 4371 925 4416 auctorem
957 4360 1127 4414 fuisse
1148 4359 1468 4414 Clementem
1496 4359 1814 4424 Romanum,

250 4450 455 4521 duplici
489 4460 952 4521 argumentorum
984 4463 1178 4517 genere
1212 4449 1684 4502 demonstrandum
1723 4464 1816 4503 su-

248 4546 540 4614 scipimus.
599 4543 853 4596 Primum
900 4542 1117 4610 quidem
1166 4541 1394 4608 petimus
1439 4539 1506 4618 ab
1549 4540 1815 4603 externis,

245 4636 359 4690 sive
421 4636 792 4702 antiquorum
862 4632 1188 4698 scriptorum
1247 4629 1568 4684 testimoniis
1623 4629 1815 4697 quibus

251 4726 370 4780 illas
404 4726 586 4778 fuisse
623 4737 656 4774 a
685 4721 968 4775 Clemente
1003 4719 1328 4787 perscriptas
1371 4718 1658 4779 astruitur,
1704 4717 1816 4769 sive

249 4818 473 4876 Patrum
508 4817 1016 4874 vetustissimorum
1064 4812 1311 4879 operibus
1339 4813 1478 4865 unde
1522 4811 1588 4864 ab
1627 4809 1814 4865 iisdem

255 4927 345 4966 eas
389 4911 569 4965 fuisse
616 4907 889 4976 periectas
932 4902 1222 4968 colligitur.
1261 4902 1496 4954 Alterum
1532 4915 1679 4961 vero,
1729 4901 1813 4952 in-

261 5011 464 5054 ternum
518 4999 762 5058 scilicet,
799 5010 868 5048 ex
897 4992 1034 5060 ipsis
1060 4991 1298 5058 epistolis
1328 4991 1612 5044 sumimus.
1645 4987 1701 5040 In
1731 4989 1814 5042 his

262 5102 434 5145 autem
463 5086 812 5158 argumentis
862 5081 1171 5150 digerendis
1212 5077 1562 5134 Wetstenium
1600 5078 1816 5146 potissi-

329 5223 435 5288 (84)
475 5219 747 5288 Lardner,
778 5217 818 5267 Α
853 5210 1194 5288 dissertation
1216 5215 1347 5288 upon
1370 5209 1457 5288 tlte
1479 5207 1810 5288 ttqupistlet

269 5275 490 5344 ascribed
557 5299 610 5341 to
641 5275 882 5341 Clement
913 5279 974 5337 of
1003 5279 1172 5339 Rome,
1197 5275 1257 5346 p.‘
1279 5276 1366 5341 37,
1396 5277 1485 5340 54,
1519 5275 1604 5330 57.

324 5361 429 5426 (85)
479 5358 654 5426 Epist.
683 5355 741 5426 ξ,
779 5350 930 5426 εᾳῖ,
965 5362 1019 5415 p.
1053 5346 1136 5399 89.

334 5414 434 5496 (86‘)
478 5414 743 5496 eiusa}.
780 5414 810 5490 ξ
844 5418 912 5496 to
938 5414 1345 5496 sequar-199.
1395 5480 1496 5496 η,
1538 5489 1571 5496 ,_
1669 5483 1682 5494 ,

327 5480 430 5572 (³⁷)
468 5480 623 5553 τόιη-
670 5480 738 5552 ιὲ
781 5480 1356 5572 ὒεξιςέιιέὲῑίκὲινι
1395 5480 1744 5572 assam

321 5546 442 5645 liii)
473 5546 638 5624 iiii}.
666 5546 808 5620 xix:
848 5553 883 5626 ί
917 5551 1008 5618 15,
1024 5547 1156 5618 Opp.
1179 5546 1311 5608 tom:
1341 5553 1380 5613 l,
1407 5546 1601 5619 p.139.

1919 3101 2040 3155 nius
2079 3102 2190 3174 (88)
2213 3145 2228 3169 ,
2259 3105 2312 3158 in
2340 3107 2639 3162 extollenda
2665 3109 2879 3178 quidem
2913 3114 3215 3184 virginitate
3262 3134 3441 3173 versa-

1914 3199 2038 3259 tur;
2068 3202 2120 3247 at
2148 3196 2299 3265 longe
2325 3197 2575 3264 maxima,
2613 3199 2719 3254 imo
2762 3209 2873 3256 tota
2917 3207 3140 3273 epistola
3169 3211 3400 3263 secunda
3423 3251 3439 3274 ,

1917 3283 1970 3335 in
2004 3282 2298 3353 virginibus
2329 3285 2484 3340 oliicii
2516 3289 2864 3346 admonendis
2907 3305 3220 3364 occupatur,
3249 3315 3342 3353 seu
3372 3300 3439 3354 de

1914 3373 2220 3442 virginitate
2269 3375 2354 3442 pie
2401 3389 2463 3428 ac
2512 3377 2613 3431 rite
2659 3381 2916 3433 servanda
2970 3393 3256 3451 pertractat
3306 3407 3318 3442 :
3379 3397 3440 3442 ut

1915 3469 2194 3530 propterea
2269 3462 2325 3516 S.
2387 3461 2544 3518 Pater
2586 3467 2641 3519 in
2680 3467 2762 3522 his
2809 3471 3048 3537 epistolis
3093 3475 3438 3543 virginitatem

1916 3551 2092 3618 potius
2134 3551 2372 3617 edocere,
2415 3569 2573 3623 quam
2612 3558 3001 3622 commendare,
3038 3560 3158 3628 jure
3200 3565 3268 3619 ab
3309 3565 3438 3636 Epi-

1917 3642 2112 3710 phanio
2137 3643 2364 3698 dicatur.

1983 3732 2098 3786 iam
2128 3742 2318 3787 caetera
2346 3749 2748 3804 prosequamur.
2795 3737 2988 3803 Eliam,
3022 3742 3214 3811 inquit,
3255 3745 3438 3799 laudat

1915 3822 2166 3877 Clemens.
2202 3824 2264 3876 Et
2292 3827 2504 3893 quidem
2537 3828 2618 3882 his
2647 3829 2823 3884 verbis
2895 3831 3005 3900 (89)
3048 3846 3062 3884 :
3110 3831 3256 3886 Certe
3280 3837 3437 3889 etiam

1917 3910 2049 3963 Elite
2077 3922 2124 3964 et
2157 3912 2314 3965 Elisw
2335 3953 2348 3974 ,
2373 3923 2420 3966 et
2450 3916 2726 3967 multorum
2772 3916 2993 3970 aliorum
3032 3932 3326 3975 sanctorum
3356 3941 3438 3978 re-

1914 4004 2135 4070 perimus
2177 4004 2605 4055 conversationem
2635 4004 2793 4070 fuisse
2829 4015 3062 4060 sanctam
3094 4019 3142 4062 et
3180 4010 3290 4064 sine
3320 4031 3432 4065 ma-

1919 4093 2055 4145 cula.
2096 4093 2225 4145 Tum
2251 4108 2400 4158 vero,
2433 4093 2526 4153 ait,
2562 4092 2808 4146 Davidem
2836 4097 3178 4152 commendat.
3210 4099 3267 4153 1d
3302 4117 3436 4170 quo-

1914 4198 2018 4252 que
2047 4183 2125 4236 sic
2157 4183 2448 4251 prmstitum
2475 4198 2504 4235 ει
2552 4183 2821 4238 Clemente
2865 4186 2973 4257 (90)
3011 4207 3022 4242 :
3068 4187 3251 4243 Nonne
3291 4191 3436 4247 docet

1917 4280 1962 4326 te
1991 4271 2118 4323 illud
2153 4271 2401 4332 Davidis,
2449 4287 2594 4340 quem
2632 4273 2818 4344 invenit
2862 4273 3000 4326 Deus
3046 4277 3211 4329 virum
3254 4296 3436 4332 secun-

1917 4361 2038 4414 dum
2066 4378 2153 4414 cor
2178 4378 2350 4424 suum,
2378 4361 2631 4415 hominem
2673 4364 2874 4432 ﬁdelem
2898 4405 2911 4428 ,
2949 4369 3228 4434 perfectum
3248 4412 3259 4431 ,
3310 4388 3434 4423 san-

1917 4461 2072 4511 ctum,
2105 4453 2305 4504 verum?
2335 4450 2527 4504 Deinde
2572 4451 2876 4506 Samsonem
2903 4457 3120 4522 extollit,
3153 4459 3426 4528 subjungit

1915 4537 2259 4610 Epiphanius.
2311 4539 2387 4594 En
2434 4542 2818 4595 Clementinum
2863 4545 3035 4598 locum
3080 4545 3188 4614 (9-1)
3239 4565 3252 4600 :
3313 4547 3432 4602 Non

1916 4630 2162 4684 audivisti
2201 4630 2262 4683 de
2292 4629 2540 4684 Samsone
2572 4628 2838 4694 Nazirmo,
2861 4647 2975 4683 cum
3004 4649 3101 4700 quo
3139 4631 3237 4700 fuit
3266 4632 3434 4702 Spiri-

1917 4729 1998 4770 tus
2025 4719 2150 4783 Dei,
2182 4719 2289 4771 viro
2317 4719 2480 4786 forti?
2511 4717 2566 4771 Is
2593 4719 2666 4771 vir
2701 4718 2974 4771 Nazirwus
3001 4720 3120 4787 fuit,
3151 4730 3199 4772 et
3219 4735 3431 4777 sanctus

1916 4808 2044 4875 Dei,
2073 4816 2121 4862 et
2153 4809 2252 4873 fuit
2283 4810 2332 4862 in
2363 4807 2663 4877 fortitudine
2690 4819 2739 4862 et
2770 4809 2970 4863 robore.
3003 4809 3269 4881 Denique,
3303 4816 3430 4870 sub.

1915 4899 2014 4962 dit,
2064 4915 2233 4952 omnes
2294 4899 2562 4966 prophetas
2618 4898 2856 4951 laudibus
2905 4900 3066 4967 επεν-ι.
3112 4901 3325 4958 Scilicet
3374 4908 3427 4963 in

1916 4988 2052 5042 hanc
2087 4989 2401 5042 sententiam
2433 4988 2541 5057 (92)
2572 5007 2586 5042 :
2631 4987 2792 5040 Porro
2821 4990 2974 5040 etiam
3008 4989 3208 5044 Elisam
3235 5004 3284 5047 et
3327 4995 3428 5049 Ge-

1913 5075 2028 5128 ltasi
2059 5083 2107 5128 et
2153 5073 2702 5149 ﬁlios'prophetarum
2744 5074 3021 5140 reperimus
3072 5076 3335 5134 habitasse
3375 5081 3430 5135 in

1983 5205 2092 5275 (88)
2125 5205 2293 5274 Epist.
2326 5204 2392 5258 ad
2416 5203 2740 5275 H.7Venem..
2769 5203 2945 5275 p.34.

2003 5273 2090 5342 89)
2128 5273 2204 5342 De
2232 5275 2357 5342 virg.
2411 5274 2570 5342 epist.
2595 5273 2646 5338 1,
2675 5285 2793 5341 cap.
2819 5273 2871 5328 6.

2004 5341 2092 5402 90)
2125 5341 2295 5402 Epist.
2312 5341 2375 5402 ’2,
2403 5356 2522 5402 cap.
2549 5341 2602 5396 9.

2005 5410 2094 5477 91)
2136 5410 2300 5473 Ibid.,
2327 5424 2440 5477 cap.
2474 5410 2526 5462 9.

2005 5477 2093 5546 92)
2125 5478 2285 5544 Ibid.,
2305 5491 2424 5546 cap.
2453 5477 2548 5533 14.

2073 5205 2094 5551 ἔ

1981 5278 2003 5551 l
