3870 6428
455 367 549 423 HI

1572 366 1653 422 AD
1694 367 1750 421 S.
1791 363 2210 422 CLEMENTEH
2254 364 2271 418 l
2312 365 2541 420 ΡᾹΡᾹΜ

3582 362 3676 417 ΗΞ

454 478 637 535 timore
666 480 800 546 Dei;
831 490 881 537 et
913 483 1121 553 hospita
1150 502 1252 539 non
1285 483 1385 553 fuit
1413 484 1509 538 eis.
1544 481 1777 535 Micham
1811 488 1859 535 et
1894 496 2016 549 pro-
2045 487 2090 541 Α
2119 493 2296 538 autem
2357 483 2640 539 Samsonis
2686 481 2922 553 elogium
2948 519 2964 544 ,
3016 492 3080 533 ea
3127 476 3344 531 demum
3392 476 3578 528 omnla
3623 481 3675 531 in

449 574 631 639 phetas
666 591 843 629 omnes
871 573 1073 644 pariter
1104 580 1178 633 sic
1213 577 1497 647 reperimus
1539 574 1806 627 habitasse
1847 574 1901 626 in
1950 573 2018 625 ti-

450 681 594 719 more
652 665 885 723 Domini.
947 668 1223 725 Hactenus
1272 669 1562 734 Clemens;
1628 666 1786 734 cujus
1837 662 2017 719 verbis

445 760 726 815 enimvero
784 761 851 815 ad
894 760 1175 832 Epiphanii
1224 759 1593 813 testimonium
1644 755 2015 826 comproban-

454 850 583 906 dum
631 852 768 907 nihil
813 854 1015 909 clarius
1067 868 1188 909 esse
1242 860 1335 906 aut
1375 850 1707 906 luculenlius
1753 849 2013 913 videtur;

447 957 544 997 seu
576 945 757 1014 potius
790 946 857 999 ad
894 953 1113 1000 nostras
1141 944 1405 999 Clementi
1449 942 1774 998 asserendas
1815 941 2016 1011 episto-

444 1040 559 1103 las,
592 1040 727 1094 nihil
772 1040 950 1108 aptius
990 1036 1306 1105 hujusmodi
1346 1036 1638 1107 Epiphanii
1676 1034 2012 1094 testimonio.

444 1128 678 1185 Validius
712 1130 844 1184 nihil
874 1127 1106 1199 proferri
1134 1144 1294 1199 posse
1322 1128 1517 1199 liquet.

523 1221 777 1287 Quaenam
820 1234 951 1274 vero
997 1219 1262 1276 hactenus
1316 1218 1620 1274 observatis
1658 1217 2010 1286 objiciantur,

442 1315 816 1385 inspiciamus.
870 1311 1025 1365 Haud
1080 1313 1155 1366 ita
1193 1313 1399 1383 pridem
1432 1311 1498 1366 V.
1534 1310 1596 1365 C.
1652 1330 1669 1363 ι
1702 1310 1845 1363 Nihil
1891 1323 2013 1362 mo-

441 1420 552 1467 ror,
584 1402 797 1472 inquit,
833 1400 894 1456 S.
931 1401 1216 1472 Epiphanii
1264 1402 1678 1467 testimonium;
1719 1414 1842 1453 nam
1878 1397 2012 1451 illud

440 1494 736 1565 expetitum
787 1504 871 1550 est
919 1510 987 1549 ex
1028 1493 1276 1565 epistolis
1324 1492 1658 1555 Clementis,
1712 1506 1834 1561 qua:
1882 1498 2013 1543 tunc

434 1582 741 1657 legebantur
802 1590 856 1640 in
922 1587 1175 1641 ecclesiis.
1238 1583 1490 1639 Profecto
1565 1599 1629 1638 ex
1697 1581 2013 1637 testimonio

441 1676 500 1729 S.
557 1674 868 1749 Hieronymi
920 1677 1225 1737 discimus,
1285 1675 1467 1729 nullas
1525 1674 1659 1728 alias
1714 1672 2009 1729 Clementis

439 1773 713 1844 Epistolas
762 1778 922 1826 actate
972 1769 1063 1823 illa
1107 1768 1159 1821 in
1192 1766 1455 1822 Ecclesiis
1489 1766 1589 1835 legi
1631 1767 2005 1830 consuevisse,

440 1867 548 1923 nisi
609 1864 675 1919 ad
731 1862 1048 1919 Corinthios
1100 1860 1353 1930 geminas.
1406 1876 1424 1910 ι
1498 1856 1676 1911 Nolim
1734 1858 2010 1914 enimvero

437 1957 555 2010 viro
602 1952 973 2010 eruditissimo
1020 1951 1133 2004 [nec
1178 1948 1467 2003 excidisse.
1502 1947 1760 2002 Testatur
1789 1947 2009 2017 quidem

439 2050 502 2110 S.
535 2050 898 2120 Hieronymus
933 2046 1044 2118 (93)
1074 2086 1087 2109 ,
1116 2045 1412 2100 Clementis
1443 2045 1677 2115 priorem
1723 2043 1791 2099 ad
1827 2040 2010 2099 Eccle-

436 2148 574 2202 siam
604 2142 1014 2198 Corinthiorum
1048 2137 1345 2209 Epistulam
1380 2138 1434 2191 in
1465 2135 1746 2191 nonnullis
1774 2137 2009 2194 cmtibus

435 2233 828 2291 ecclesiasticis
879 2231 1072 2284 lectam
1108 2228 1279 2282 fuisse
1332 2247 1346 2294 ;
1392 2237 1447 2282 at
1477 2227 1757 2282 secundam
1808 2245 1840 2281 a
1871 2238 2007 2282 vete-

435 2322 581 2375 ribus
634 2319 968 2390 reprobalam
1025 2317 1264 2383 asserit;
1321 2324 1533 2370 tantum
1593 2319 1767 2381 abest,
1827 2325 1887 2370 ut
1953 2317 2007 2370 in

444 2413 697 2469 ecclesiis
729 2420 860 2466 tunc
894 2409 996 2479 legi
1042 2409 1395 2463 consuevisse
1438 2409 1667 2478 geminas
1706 2410 1768 2461 ad
1813 2402 2008 2461 Corino

433 2506 583 2560 thios
614 2503 897 2573 epistolas,
931 2516 997 2555 ex
1028 2499 1147 2568 ejus
1182 2499 1495 2553 testimonio
1524 2499 1824 2555 discamus.
1853 2500 2008 2566 Quod

430 2605 614 2650 autem
659 2593 762 2647 hac
807 2592 873 2647 de
913 2606 971 2645 re
1019 2589 1212 2644 doctor
1261 2589 1553 2651 maximus,
1600 2590 1741 2644 idem
1790 2606 2009 2660 quoque

436 2696 562 2740 ante
596 2684 774 2754 ipsum
815 2680 1110 2751 Dionysius
1138 2678 1493 2763 Corinthius,
1535 2681 1675 2735 idem
1704 2682 1866 2735 etiam
1899 2680 2006 2735 Eu-

434 2779 619 2833 sebius
650 2774 1027 2840 Caesariensis,
1076 2772 1220 2827 idem
1269 2773 1461 2842 reliqui
1506 2774 1843 2843 antiquiores
1880 2790 2007 2844 pro-

433 2868 676 2923 ﬁtentur.
714 2863 848 2918 Cum
894 2864 1077 2932 itaque
1110 2869 1259 2917 certo
1287 2870 1499 2918 constet
1528 2878 1595 2917 ex
1631 2869 1873 2918 veterum
1924 2873 2005 2919 te-

434 2956 731 3021 stimoniis,
765 2968 950 3015 unam,
1000 2960 1052 3005 et
1103 2952 1321 3021 quidem
1376 2955 1649 3022 priorem,
1703 2953 2005 3012 Corinthiis

437 3047 757 3117 inscriptam
793 3046 1079 3115 epistolam
1120 3046 1335 3114 publice
1373 3047 1545 3101 fuisse
1583 3047 1876 3103 lectitatam
1900 3088 1915 3113 ,
1950 3050 2003 3103 id

434 3142 615 3212 ipsum
686 3137 929 3209 profecto
989 3136 1327 3208 Epiphanius
1400 3138 1527 3192 item
1592 3139 1811 3195 novisse
1876 3140 2072 3232 jureC

434 3231 838 3289 existimandus
885 3248 900 3285 :
932 3229 1173 3300 adeoque
1197 3269 1212 3293 ,
1256 3230 1345 3283 ubi
1379 3245 1487 3283 non
1518 3246 1678 3284 unam
1705 3230 2000 3287 Clementis

434 3324 743 3396 epistolam,
784 3321 879 3377 sed
921 3321 1040 3391 ejus
1090 3320 1357 3390 Epistolas
1397 3323 1683 3376 circulares
1725 3323 1778 3377 in
1826 3325 2001 3379 eccle-

435 3416 534 3472 siis
563 3413 734 3469 fuisse
767 3414 1037 3484 perlectas
1066 3410 1315 3476 allirmat,
1345 3412 1412 3466 de
1443 3412 1808 3468 Corinthiacis
1856 3414 2001 3483 epis-

435 3506 568 3563 tolis
615 3505 787 3574 ipsius
822 3502 985 3557 verba
1033 3501 1183 3554 nullo
1211 3506 1371 3569 pacto
1406 3500 1721 3569 accipienda
1755 3517 1878 3557 esse
1917 3502 2000 3555 vi-

436 3599 655 3653 dentur.
689 3594 827 3661 Quid
845 3594 986 3663 quod
1012 3592 1444 3663 Epiphaniannm
1475 3592 1843 3647 testimonium
1863 3594 1998 3648 alias

437 3692 662 3747 omnino
708 3690 775 3743 ab
815 3688 1058 3758 epistolis
1103 3685 1170 3739 ad
1216 3685 1529 3741 Corinthios
1574 3685 1847 3755 reSpicere
1876 3702 1995 3755 per-

439 3783 698 3840 hibetur?
767 3780 828 3835 ln
882 3779 1247 3836 Corinthiacis
1304 3779 1450 3834 enim
1503 3779 1652 3832 nulla
1721 3776 1997 3833 Samsonis

436 3876 663 3940 mentio,
699 3889 875 3944 neque
920 3873 1133 3943 uspiam
1163 3872 1393 3925 omnium
1440 3870 1808 3941 prophetarum
1833 3887 1999 3925 enco-

436 3969 603 4023 mium
633 3966 872 4021 occurrit
900 3983 913 4030 ;
941 3972 999 4018 ut
1025 3964 1232 4033 reliqua
1263 3972 1647 4032 praetereamus
1679 3982 1690 4015 :
1725 3978 1845 4031 quae
1867 3980 1999 4020 sane

437 4060 490 4112 in
543 4057 792 4127 epistolis
840 4052 1197 4109 Clementinis
1239 4052 1511 4119 extitisse,
1557 4050 1617 4108 S.
1662 4052 1997 4123 Epiphanius

438 4150 744 4202 luculenter
770 4153 1026 4201 testatur.

504 4238 572 4291 At
594 4236 812 4306 inquies
841 4251 965 4290 cum
1002 4234 1281 4290 Lardnero
1317 4235 1453 4307 (94),
1486 4234 1848 4305 Epiphanium
1874 4235 1996 4305 qui-

434 4330 553 4385 dem
586 4328 845 4398 epistolas
874 4326 1168 4383 Clementis
1208 4342 1314 4381 una
1348 4328 1532 4397 plures
1573 4342 1890 4398 agnoscere,
1912 4335 1995 4382 at-

432 4436 538 4491 que
590 4419 647 4473 in
697 4419 764 4473 iis
814 4432 923 4471 non
984 4418 1159 4473 solum
1215 4417 1283 4473 de
1330 4415 1653 4489 Virginitate
1704 4417 1998 4487 scripsisse

2121 579 2327 634 nostris
2357 576 2599 650 Syriacis
2623 584 2978 647 comparent;
3012 573 3218 628 frustra
3239 585 3369 625 vero
3398 569 3451 623 in
3485 569 3677 628 Graecis

2120 671 2371 740 requiras
2421 688 2433 723 ;
2486 677 2543 723 ut
2592 678 2876 739 prepterca
2930 666 3138 720 nullum
3182 662 3418 732 amplius
3463 662 3675 717 dubium

2119 776 2409 831 superesse
2439 760 2634 815 merito
2671 760 2939 822 videatur,
2971 758 3106 827 quin
3152 756 3219 809 de
3248 753 3527 824 prioribus
3566 761 3678 807 tan-

2117 859 2253 918 tum,
2286 869 2395 908 non
2428 860 2606 907 autem
2646 853 2712 906 de
2742 848 3139 921 posterioribus
3161 887 3175 911 ,
3216 845 3503 915 Enipbanii
3534 846 3677 899 testi-

2116 945 2360 999 monium
2393 945 2465 999 sit
2497 943 2898 1013 accipiendum.

2189 1036 2525 1091 Lardnerum
2562 1042 2785 1090 secutus
2817 1033 2922 1086 alia
2965 1032 3121 1101 plura
3150 1030 3395 1101 congerit
3420 1030 3674 1085 Herman-

2115 1141 2219 1181 nus
2248 1123 2505 1192 Venema,
2532 1126 2730 1196 quibus
2762 1123 3195 1194 Epiphanianum
3232 1122 3410 1177 locum
3437 1131 3671 1186 enervet,

2122 1224 2286 1284 atque
2336 1215 2392 1268 in
2447 1217 2771 1270 sententiam
2827 1228 2982 1269 suam
3036 1213 3332 1282 pertrahat.
3398 1212 3460 1265 Et
3508 1213 3675 1283 primo

2115 1308 2332 1376 quidem
2362 1308 2636 1377 negotium
2686 1305 2907 1361 facessit
2953 1306 3069 1359 viro
3097 1306 3291 1359 critico
3342 1304 3455 1374 (95)
3482 1344 3496 1367 ,
3538 1304 3673 1373 quod

2116 1393 2174 1446 S.
2208 1392 2543 1463 Epiphanius
2571 1394 2911 1462 ἐγκυκλίους,
2945 1394 3255 1458 circulares,
3279 1395 3539 1464 epistulas
3561 1409 3677 1449 n08-

2112 1492 2229 1541 tras
2279 1488 2543 1557 appellet;
2574 1496 2947 1543 verumtamen
2988 1489 3228 1542 animum
3268 1488 3337 1542 ab
3380 1488 3483 1541 hoc
3526 1504 3674 1543 scru-

2113 1578 2243 1647 pulo
2303 1593 2594 1649 parumper
2649 1587 2939 1646 avertens,
3015 1579 3365 1649 nondumque
3434 1580 3673 1649 deposita

2112 1676 2261 1729 omni
2311 1676 2681 1739 cunctatione,
2730 1678 3017 1731 elucescere
3060 1677 3157 1737 ait,
3216 1674 3273 1731 S.
3318 1675 3535 1730 Patrem
3584 1675 3673 1729 hoc

2113 1766 2295 1820 addito
2336 1768 2549 1823 criterio
2580 1770 2975 1840 uulgatissimas
3008 1778 3217 1823 tantum
3258 1767 3557 1824 Corinthiis
3595 1768 3674 1823 in—

2112 1861 2345 1929 scriptas
2398 1863 2453 1915 in
2503 1863 2668 1917 oculis
2715 1862 2977 1917 habuisse.
3037 1861 3242 1917 Vereor
3298 1862 3545 1931 equidem
3608 1877 3672 1917 ne

2113 1951 2276 2006 dictis
2337 1952 2688 2009 Vencmianis
2751 1955 3020 2008 calculum
3086 1970 3195 2010 non
3253 1953 3514 2023 adjiciant
3573 1954 3668 2008 viri

2111 2043 2278 2107 docti,
2315 2054 2374 2098 ut
2411 2061 2533 2116 quze
2565 2046 2747 2103 minus
2775 2055 2923 2102 recte
2965 2048 3069 2103 sibi
3106 2048 3377 2103 cohaerere
3400 2048 3665 2101 videntur.

2111 2132 2401 2204 Utcunque
2435 2143 2617 2190 autem
2668 2152 2755 2193 res
2800 2154 2859 2194 se
2894 2138 3112 2203 habeat,
3141 2139 3274 2194 nihil
3319 2153 3448 2192 sane
3492 2138 3671 2208 prohi-

2110 2223 2235 2288 bet,
2273 2227 2570 2295 quominus
2606 2229 2689 2283 vel
2733 2230 3145 2294 existimemus,
3194 2229 3481 2300 Epiphanii
3518 2236 3671 2284 aetate

2114 2318 2259 2385 apud
2289 2320 2582 2376 nonnullas
2604 2323 2869 2378 ecclesias
2917 2321 2973 2375 in
3025 2338 3178 2378 more
3223 2323 3393 2377 fuisse
3436 2324 3669 2392 positum

2117 2408 2378 2475 epistolas
2408 2409 2485 2463 De
2534 2396 2832 2481 virginitate
2859 2412 3074 2483 publice
3104 2414 3228 2483 legi;
3258 2414 3342 2467 vel
3369 2428 3492 2467 cum
3523 2411 3669 2468 Wet-

2110 2497 2287 2551 stenio
2319 2498 2432 2569 (96)
2463 2516 2789 2558 censeamus
2819 2521 2839 2555 ι
2874 2503 3235 2575 Epiphanium
3262 2512 3321 2559 ut
3348 2505 3629 2560 Ebionzeos
3651 2546 3665 2569 ,

2108 2600 2216 2639 non
2259 2586 2557 2646 Clementis
2597 2593 2804 2657 solum,
2843 2595 2939 2649 sed
2980 2596 3141 2650 etiam
3184 2595 3442 2651 Ecclesia
3485 2606 3671 2650 aucto-

2110 2675 2270 2729 ritate
2340 2692 2652 2749 premeret,
2725 2686 3033 2740 encomium
3088 2688 3258 2757 priori
3310 2686 3669 2742 Corinthiacus

2106 2767 2363 2839 Epistula:
2391 2772 2675 2839 tributum,
2712 2775 2768 2830 in
2798 2783 3087 2847 utramque
3123 2783 3193 2832 ad
3223 2780 3445 2849 virgines
3490 2791 3669 2835 trans-

2106 2864 2318 2919 tulisse.
2354 2885 2372 2916 ι
2421 2866 2623 2932 Quidni
2655 2875 2837 2924 autem
2895 2869 2950 2923 id
2987 2871 3088 2925 rite
3136 2871 3328 2927 fecerit
3376 2872 3431 2927 S.
3469 2872 3671 2927 Pater?

2106 2962 2258 3008 ratus
2286 2954 2542 3009 nimirum
2569 2958 2811 3027 episcopi
2836 2958 3067 3014 Romani
3098 2963 3360 3031 epistolas
3387 2965 3454 3017 ad
3485 2965 3669 3019 Eccle-

2106 3043 2202 3098 siae
2231 3044 2501 3100 universa:
2531 3045 2926 3104 institutionem
2971 3052 3242 3119 pertinere
3267 3095 3281 3119 ,
3313 3056 3669 3124 quemadmo-

2106 3135 2235 3189 dum
2264 3145 2318 3191 et
2349 3136 2417 3191 de
2447 3139 2627 3207 priore
2653 3142 2721 3194 ad
2747 3142 3059 3199 Corinthios
3083 3144 3386 3199 factitatum
3418 3156 3665 3204 noverat.

2104 3227 2276 3281 Porro
2313 3228 2380 3282 ad
2415 3232 2624 3301 reliqua
2668 3232 3041 3302 Epiphaniana
3084 3239 3424 3290 extenuanda
3451 3277 3465 3302 ,
3511 3241 3668 3309 plura

2104 3319 2350 3389 congerit
2380 3319 2521 3374 idem
2564 3323 2647 3375 vir
2676 3323 2923 3378 eruditus
2951 3342 2965 3389 ;
2997 3339 3115 3393 qum
3150 3332 3331 3379 tamen
3357 3328 3541 3380 omnia
3574 3343 3669 3382 ex-

2104 3408 2293 3479 pendit
2321 3422 2383 3461 ac
2416 3409 2576 3463 diluit
2604 3410 2675 3465 cl.
2711 3411 2885 3466 editor
2931 3428 2944 3463 :
2977 3412 3112 3467 adeo
3142 3422 3202 3467 ut
3250 3423 3495 3481 constet,
3540 3434 3670 3472 san-

2102 3511 2251 3556 ctum
2282 3503 2598 3574 episcopum
2623 3502 3095 3560 Constantiensem
3117 3547 3132 3571 ,
3163 3508 3290 3562 dum
3312 3510 3475 3563 verba
3509 3527 3673 3583 supe-

2102 3590 2220 3646 rius
2244 3594 2471 3647 recitata
2500 3594 2886 3663 perscriberet,
2913 3594 2966 3647 in
2988 3595 3089 3651 has
3110 3597 3369 3665 epistolas
3412 3597 3669 3671 Syriacas

2101 3686 2291 3741 oculos
2319 3685 2638 3741 intendisse.

2172 3777 2289 3833 XII.
2376 3778 2678 3849 Epiphanio
2738 3778 3097 3852 Hieronymus
3192 3783 3413 3838 accedat
3475 3784 3672 3839 doctor

2101 3870 2373 3925 maximus
2398 3909 2412 3934 ,
2464 3870 2621 3926 testis
2657 3870 2793 3925 alter
2822 3870 3303 3940 locupletissimus.
3351 3873 3443 3931 Sic
3498 3877 3672 3948 igitur

2102 3964 2192 4020 ille
2217 3964 2480 4019 adversus
2508 3962 2852 4018 Iovinianum
2888 3964 3001 4035 (97)
3029 3986 3042 4020 :
3071 3966 3144 4019 Hi
3174 3977 3296 4022 sunt
3318 3971 3560 4038 eunuchi,
3599 4006 3674 4016 —

2099 4072 2228 4125 quos
2256 4056 2510 4109 castravit
2552 4071 2655 4108 non
2702 4058 3004 4122 necessitas,
3036 4057 3127 4112 sed
3154 4058 3417 4116 voluntas.
3461 4093 3533 4104 —
3582 4066 3670 4119 Ad

2097 4145 2268 4200 hoset
2325 4144 2562 4199 Clemens
2622 4162 2891 4200 successor
2960 4150 3189 4216 apostoli
3256 4150 3443 4217 Petri,
3512 4156 3669 4224 cujus

2099 4237 2307 4291 Paulus
2334 4240 2603 4306 apostolus
2634 4239 2905 4303 meminit,
2938 4240 3118 4294 scribit
3138 4242 3387 4310 epistolas
3425 4260 3667 4300 omnem-

2096 4345 2194 4399 que
2222 4344 2348 4397 pene
2389 4345 2678 4383 sermonem
2728 4346 2882 4385 suum
2946 4330 3010 4385 de
3058 4334 3376 4403 virginitatis
3429 4340 3671 4405 puritate

2097 4422 2382 4475 contexuit.
2439 4420 2632 4491 Agesis
2681 4436 2849 4486 nunc,
2927 4421 3239 4492 hujusmodi
3288 4427 3669 4483 testimonium

432 4513 766 4568 Clementem
787 4550 801 4576 ,
838 4508 935 4565 sed
964 4510 1125 4564 etiam
1154 4508 1474 4565 Samsonem
1506 4509 1780 4573 laudasse,
1815 4510 1991 4579 ipsum
2027 4522 2071 4576 1)
2100 4508 2491 4579 evpendamus.
2526 4507 2653 4563 Tria
2682 4509 2737 4562 in
2768 4525 2833 4564 eo
2859 4517 2986 4563 sunt
3014 4510 3182 4580 probe
3212 4513 3473 4570 notanda.
3506 4514 3548 4570 Ι.
3580 4515 3670 4571 Ad

433 4603 675 4676 profiteri
740 4619 754 4654 :
813 4603 956 4672 quod
1008 4610 1301 4673 utrumque
1348 4603 1403 4658 in
1451 4604 1697 4672 epistolis
1752 4602 1997 4675 Syriacis

431 4694 789 4765 conspicitur,
843 4693 1186 4748 desideratur
1232 4699 1410 4748 autem
1468 4693 1522 4746 in
1572 4692 1797 4747 Graecis.
1857 4692 1995 4748 Hinc

428 4792 615 4841 tamen
643 4798 805 4838 nemo
840 4782 963 4851 jure
997 4780 1251 4851 colligat,
1280 4780 1463 4849 judice
1506 4780 1784 4836 Lardnero
1808 4822 1821 4846 ,
1867 4780 1995 4851 Epi-

429 4877 692 4948 pha‘nium
735 4873 803 4930 de
834 4873 1108 4944 prioribus
1142 4873 1323 4929 statim
1354 4873 1763 4944 intelligendum
1808 4891 1822 4928 :
1867 4889 1991 4928 cum

429 4969 576 5024 enim
616 4974 812 5021 neutra
855 4965 1205 5020 Corinthiaca
1246 4965 1475 5034 epistola
1524 4965 1729 5035 integra
1778 4964 1844 5018 ad
1892 4981 1993 5020 nos

430 5058 781 5131 pervenerit,
819 5057 934 5112 ﬁeri
960 5066 1172 5127 potest,
1214 5063 1271 5109 ut
1309 5054 1592 5111 Samsonis
1622 5057 1822 5110 mentio
1852 5057 1994 5111 inter

431 5166 494 5205 ea
525 5165 646 5221 quae
675 5149 732 5203 in
759 5148 951 5204 iisdem
992 5147 1237 5217 epistolis
1263 5147 1483 5211 desunt,
1513 5147 1747 5203 maxime
1776 5164 1906 5203 vero
1936 5150 1992 5203 in

434 5240 693 5303 secunda,
724 5239 1043 5294 occurrerit.
1076 5238 1187 5301 Na).
1219 5239 1313 5309 qui
1344 5239 1585 5293 rationes
1619 5255 1747 5294 suas
1766 5240 1839 5293 ita
1872 5240 1995 5295 sub-

432 5331 606 5393 ducit,
634 5344 856 5399 operam
913 5330 1065 5386 ludit.
1095 5329 1235 5396 Quid
1271 5329 1514 5399 quaeris?
1563 5330 1745 5385 nullus
1774 5331 1991 5401 conjec-

432 5423 572 5475 turis
602 5424 775 5483 locus,
828 5419 919 5472 ubi
962 5434 1048 5474 res
1105 5421 1221 5490 ipsa
1268 5420 1489 5474 clamat.
1532 5419 1879 5489 Quaecunque
1924 5422 1990 5475 de

427 5512 726 5571 Clementis
775 5512 1023 5582 epistolis
1062 5514 1228 5567 refert
1265 5509 1636 5582 Epiphanius,
1693 5511 1747 5565 in
1798 5513 1991 5582 primis

494 5641 617 5720 (95)
658 5648 730 5720 De
760 5650 855 5704 vir.
887 5650 1107 5711 illustr.,
1144 5665 1265 5720 cap.
1295 5649 1387 5703 15.

496 5717 614 5795 (ἐμ)
685 5719 951 5795 ιεινιιιιθν,
990 5723 1023 5779 Α
1057 5716 1265 5774 dissert.
1319 5734 1455 5787 upon
1486 5718 1571 5772 the
1617 5726 1716 5772 two
1748 5716 1918 5790 Epist.
1948 5760 1965 5785 ,

414 5804 478 5861 θ.
522 5790 612 5853 26.

1037 5891 1123 5900 ι.-.

2099 4600 2360 4655 eunuchos
2431 4600 2731 4670 spirituates
2804 4608 2859 4654 et
2940 4602 3286 4672 evangelicos
3371 4606 3671 4675 scripsisse

2097 4691 2428 4756 Clementem
2450 4693 2646 4746 asserit
2667 4702 2890 4746 sanctus
2911 4691 3119 4748 doctor.
3137 4693 3325 4749 ll.Non
3348 4695 3666 4765 epistolam,

2097 4785 2191 4842 sed
2221 4783 2472 4851 epistolas
2508 4784 2699 4838 iisdem
2731 4784 3022 4854 inscriptas
3064 4788 3241 4855 ipsum
3285 4803 3543 4844 exarasse
3581 4799 3671 4846 te-

2097 4884 2294 4932 statur.
2346 4872 2432 4926 Ill.
2482 4874 2540 4928 In
2570 4874 2654 4928 bis
2691 4876 2938 4945 epistolis
2963 4893 3165 4930 onmem
3203 4893 3327 4945 pene
3368 4895 3667 4933 sermonem

2093 4983 2247 5022 suum
2269 4965 2331 5021 de
2351 4965 2667 5035 virginitatis
2688 4966 2920 5030 puritate
2946 4966 3095 5020 illum
3119 4968 3443 5021 contexuisse
3465 4968 3665 5025 tradit.

2094 5056 2226 5124 Quae
2269 5057 2485 5128 quidem
2517 5055 2652 5112 adeo
2693 5065 2822 5112 sunt
2855 5059 3162 5121 manifesta,
3197 5066 3257 5111 ut
3305 5058 3517 5113 nullum
3564 5078 3667 5116 su-

2093 5149 2265 5221 persit
2293 5148 2518 5204 dubium
2548 5148 2682 5218 quin
2719 5148 2788 5204 de
2826 5150 3031 5206 nostris
3056 5149 3302 5218 epistolis
3347 5150 3458 5203 sint
3504 5154 3667 5206 acci-

2093 5240 2310 5311 pienda.
2336 5238 2477 5304 Quid
2514 5254 2645 5294 vero
2704 5241 2770 5293 ad
2815 5241 2926 5295 hac
2961 5240 3157 5295 eruditi
3192 5241 3290 5294 viri
3323 5242 3484 5295 modo
3533 5244 3664 5297 lau-

2093 5330 2244 5385 dati?
2270 5328 2597 5383 Existimant
2625 5345 2817 5399 nempe
2862 5329 3249 5400 Hieronymum
3281 5330 3368 5385 hic
3413 5332 3664 5387 animum

2094 5421 2394 5476 intendisse
2428 5422 2484 5475 in
2526 5422 2817 5476 secundam
2867 5420 2930 5473 ad
2964 5419 3281 5477 Corinthios
3323 5424 3618 5492 epistolam
3644 5462 3662 5484 .

2092 5512 2183 5566 ubi
2226 5511 2364 5565 forte
2410 5509 2479 5564 de
2530 5510 2839 5582 virginitate
2868 5509 3123 5566 Clemens
3170 5511 3436 5581 prolixius
3480 5512 3665 5583 egerit

2162 5646 2273 5715 (95)
2310 5645 2482 5715 Epist.
2516 5647 2569 5708 i,
2598 5660 2717 5716 pag.
2755 5646 2809 5700 6.

2162 5715 2278 5859 (96;
2317 5716 2489 5797 Epist.
2522 5717 2588 5769 ad
2621 5715 2685 5771 ll.
2724 5718 2970 5783 Venem.,
3001 5735 3055 5791 p.
3086 5718 3180 5781 22,.

2165 5784 2255 5857 (97
2320 5786 2436 5842 Lib.
2476 5802 2512 5852 ι,
2550 5785 2694 5859 θη.

2165 5784 2278 5859 (97)
2320 5784 2436 5842 Lib.
2476 5802 2512 5852 ι,
2550 5785 2579 5859 5
2608 5786 2694 5842 ia.
