3870 6358
210 292 294 349 113
1423 290 1762 349 Ριιοαςωιλ
1802 292 2181 350 νΑιιιοιιωι.

3289 298 3389 354 ιιι

212 410 266 465 iis
290 408 336 459 in
374 402 503 458 locis
543 415 661 474 quae
704 416 854 457 nunc
892 400 1308 472 desiderantur;
1352 421 1528 476 neque
1576 407 1722 462 enim
1757 412 1803 472 Α
1826 410 2115 465 servanda.
2150 406 2244 461 llis
2269 404 2505 475 denique
2543 420 2670 461 cum
2699 403 3008 463 Wetstcnio
3040 409 3189 479 (100)
3216 410 3384 468 addas

209 500 387 568 integra
450 495 513 549 ad
570 510 669 550 nos
718 494 982 565 pervenit.
1036 494 1178 561 Quid
1247 497 1476 567 loquar?
1524 498 1726 564 Quovis

209 590 423 663 equidem
452 588 677 659 pignore
705 587 1032 644 contendere
1054 588 1253 653 ausim,
1285 605 1349 644 ex
1378 590 1553 645 tribus
1581 592 1727 646 notis

208 685 252 739 in
286 677 583 735 testimonio
646 675 1074 747 Hieronymiano
1122 679 1465 744 observatis,
1520 680 1727 733 nullam

208 772 395 827 omnino
424 768 711 839 posteriori
740 770 983 839 epistolae.
1013 769 1418 838 Corinthiacae;
1451 779 1507 824 at
1535 778 1729 826 contra

206 862 414 933 epistolis
441 862 647 915 nostris
698 860 766 914 ad
799 875 962 915 unam
1014 876 1208 917 omnes
1251 862 1357 917 rite
1405 876 1725 933 congruere.

207 954 410 1008 Primum
452 951 598 1004 enim
650 950 734 1005 ha:
776 951 1056 1023 virginibus
1103 953 1360 1022 fratribus
1417 960 1471 1010 et
1516 955 1729 1025 virgini-

208 1042 282 1095 bus
307 1039 576 1104 sororibus,
601 1039 658 1095 id
679 1048 763 1096 est
782 1042 1046 1096 eunuchis
1072 1043 1447 1112 spiritualibus
1477 1060 1615 1114 quos
1639 1060 1731 1099 ca-

208 1132 370 1189 stravit
394 1130 647 1186 voluntas
672 1168 690 1195 ,
722 1131 1001 1202 inscripta:
1040 1130 1311 1188 feruntur.
1362 1131 1589 1198 Deinde,
1620 1149 1729 1187 non

206 1237 359 1285 unam,
381 1219 467 1274 sed
488 1219 627 1275 duas
659 1220 907 1287 epistolas
934 1219 1001 1273 ad
1032 1219 1157 1275 illos
1185 1218 1336 1273 misit
1370 1218 1427 1274 S.
1453 1218 1727 1275 Clemens.

208 1311 411 1381 Denique
430 1306 701 1365 iniisdem
727 1326 929 1366 omnem
975 1325 1102 1378 pane
1146 1326 1438 1365 sermonem
1477 1310 1541 1365 de
1571 1312 1729 1380 virgi-

207 1403 354 1457 nitatis
382 1400 608 1469 puritate
654 1399 940 1455 contexuit.
1000 1399 1102 1456 Ubi
1143 1400 1567 1466 advertendum,
1609 1416 1731 1471 per-

207 1507 341 1565 quam
379 1488 629 1562 apposite
680 1490 853 1545 fuisse
896 1490 1137 1545 locutum
1165 1501 1415 1547 sanctum
1464 1490 1728 1563 Hierony-

207 1599 326 1638 mum
371 1600 384 1637 :
442 1581 687 1651 vigilanti
738 1581 1004 1652 siquidem
1035 1581 1187 1637 verba
1234 1598 1391 1649 usus,
1441 1592 1502 1638 ut
1545 1583 1731 1655 phrasi

208 1675 565 1748 Augustiniana
616 1676 815 1747 loquar
845 1676 989 1748 (98),
1033 1685 1200 1749 atque
1229 1679 1596 1735 restrictionis
1637 1694 1734 1733 vo—

1830 499 2016 565 velim,
2052 498 2313 569 epistolas
2348 496 2566 567 quidem
2617 494 2870 567 Syriacas
2911 512 3012 568 pro
3058 496 3389 572 Hieronymo

1831 595 1889 645 et.
1912 597 2104 644 contra
2138 587 2484 644 Iovinianum
2516 586 2754 641 maxime
2784 584 2965 641 facere
2997 606 3010 641 :
3050 587 3106 641 in
3133 587 3201 642 iis
3243 590 3387 645 enim

1830 683 2023 736 statuit
2058 681 2314 737 Clemens
2347 680 2462 750 (1),
2491 678 2779 749 virginibus
2816 680 3015 734 sanctis
3055 681 3389 736 excellentio-

1830 790 1938 828 rem
1977 774 2033 828 in
2074 775 2215 828 cazlis
2257 773 2427 830 locum
2482 774 2667 826 datum
2710 774 2817 840 iri,
2864 789 3022 843 quant
3075 773 3384 843 conjugibus

1829 865 2031 919 sanctis
2064 880 2087 919 .°
2129 881 2250 934 quae
2289 875 2376 921 est
2428 866 2703 936 ipsissima
2744 864 3014 919 sententia
3050 863 3385 936 Hieronymi.

1831 954 2034 1011 Verum
2064 971 2128 1010 ex
2163 955 2420 1026 Epistolis
2443 956 2643 1012 Gmcis
2669 956 2876 1011 nullum
2906 972 3018 1011 sua:
3044 970 3225 1012 causae
3254 973 3388 1028 prte-

1830 1047 2032 1103 sidium
2092 1064 2340 1118 quaerere
2393 1050 2666 1119 potuisset
2718 1056 2947 1104 sanctus
3000 1048 3230 1113 doctor,
3296 1049 3389 1105 ubi

1830 1138 2040 1193 nullum
2087 1138 2157 1194 de
2222 1140 2535 1211 virginitate
2588 1140 2819 1195 colenda
2876 1141 3190 1212 vestigium.
3260 1141 3389 1208 Quae

1830 1244 1956 1285 cum
2004 1229 2077 1283 ita
2120 1244 2182 1284 se
2213 1230 2484 1295 habeant,
2530 1230 2750 1285 nonnisi
2797 1230 2864 1285 de
2907 1232 3111 1286 nostris
3164 1230 3233 1285 ad
3283 1233 3385 1286 viro

1829 1319 1973 1390 gines
2011 1318 2261 1389 epistolis
2298 1318 2617 1391 Hieronymi
2671 1319 2837 1376 verba
2886 1320 3238 1393 intelligenda
3264 1337 3389 1380 esse

1832 1415 2161 1465 noscuntur.

1904 1496 2011 1551 Sed
2049 1512 2179 1553 ecce
2205 1496 2306 1551 tibi
2350 1512 2545 1552 rursus
2584 1496 2669 1553 vir
2703 1497 2793 1554 ille
2836 1497 3207 1567 doctissimus,
3231 1500 3390 1571 cujus

1832 1586 1993 1655 paulo
2035 1594 2159 1641 ante
2200 1587 2581 1651 meminimus,
2624 1588 2718 1658 qui
2756 1604 2824 1643 ex
2867 1587 3181 1661 Hieronymi
3224 1591 3391 1646 silen-

1833 1676 1909 1730 tio
1933 1676 1987 1730 in
2018 1678 2159 1732 libro
2194 1677 2266 1731 De
2286 1679 2409 1731 viris
2434 1678 2750 1744 illustribus,
2812 1679 3002 1734 harum
3028 1680 3391 1750 Epistolarum

206 1768 347 1821 aulam
394 1781 512 1835 ρεηε
542 1781 826 1837 usurpans
850 1807 867 1833 ,
909 1782 1018 1822 non
1048 1785 1251 1823 omnem
1284 1769 1533 1825 absolute
1557 1769 1727 1833 dixit,
1762 1759 1805 1815 Β
1834 1762 2262 1832 suppositionem
2308 1765 2564 1821 evincere
2615 1767 2913 1822 existimat.
2968 1786 2987 1819 ι
3010 1767 3389 1842 Hieronymus,

207 1861 283 1916 sed
309 1876 490 1914 omnem
527 1875 667 1928 pene
711 1875 1018 1916 sermonem
1067 1861 1135 1917 de
1182 1862 1497 1931 virginitate
1531 1874 1563 1915 a
1610 1862 1734 1917 Cle-

206 1960 349 2005 mente
388 1950 556 2007 fuisse
605 1960 930 2007 contextum
982 1970 997 2007 :
1050 1961 1341 2023 pr0pterea
1388 1955 1621 2018 scilicet,
1674 1961 1733 2008 ut

206 2045 367 2112 Optime
408 2043 749 2101 Wetstenius
800 2044 935 2113 (99),
986 2043 1128 2115 quod
1180 2044 1238 2099 in
1285 2046 1460 2115 prima
1502 2045 1733 2115 epistola

205 2150 299 2205 cap.
327 2136 404 2200 14,
432 2136 623 2207 agitur
673 2136 741 2191 de
771 2135 1065 2192 visitandis
1097 2136 1346 2207 aegrotis,
1379 2148 1433 2192 et
1482 2152 1603 2208 cap.
1638 2138 1727 2201 15,

204 2226 256 2281 de
295 2228 399 2283 aliis
455 2226 697 2293 olliciis,
765 2243 885 2299 quae
955 2244 1065 2284 non
1132 2228 1307 2299 magis
1362 2229 1432 2283 ad
1491 2229 1731 2300 virgines

204 2335 332 2389 quam
370 2320 432 2375 ad
478 2322 755 2392 conjuges
808 2322 1123 2392 pertinent;
1180 2322 1233 2375 in
1294 2320 1533 2377 secunda
1603 2337 1731 2377 vero

206 2417 537 2477 proponuntur
592 2413 843 2480 exempla
888 2410 1055 2466 Mosis
1086 2450 1102 2472 ,
1155 2410 1395 2467 Aaronis
1421 2418 1476 2467 et
1521 2410 1725 2478 losum,

208 2500 279 2567 qui
304 2510 433 2556 certe
457 2501 510 2555 in
543 2502 811 2572 conjugio
838 2504 1113 2557 vixerunt.

260 2590 315 2643 At
338 2593 467 2645 enim
498 2592 873 2665 Hieronymus
900 2594 956 2648 in
987 2594 1451 2664 disputationibus
1481 2610 1604 2650 cum
1633 2595 1730 2651 ad-

206 2684 442 2747 versariis,
480 2700 543 2740 ac
574 2688 885 2757 praesertim
914 2702 979 2741 eo
1011 2687 1066 2741 in
1092 2687 1233 2740 libro
1274 2695 1459 2740 contra
1489 2685 1730 2740 Iovinia-

210 2788 327 2839 num,
353 2776 523 2830 omnia
551 2787 847 2848 exaggerat
876 2787 1036 2847 atque
1069 2776 1416 2846 hyperbolice
1446 2778 1686 2846 loquitur
1711 2797 1725 2832 :

206 2874 254 2929 ut
284 2866 485 2935 proinde
523 2867 683 2921 haud
715 2867 939 2925 miretur
988 2866 1261 2937 quispiam
1287 2906 1301 2930 ,
1343 2867 1390 2920 si
1431 2867 1727 2921 secundam

208 2955 540 3009 tantummodo
598 2954 891 3025 epistolam
945 2955 1351 3011 Corinthiacam
1404 2957 1725 3026 respiciens,

212 3043 424 3110 epistolas
472 3045 650 3100 fuisse
697 3060 727 3098 a
759 3044 1035 3105 Clemente
1074 3048 1407 3119 perscriptas
1445 3054 1674 3103 testetur
1713 3068 1725 3104 :

208 3149 304 3204 quae
329 3145 401 3192 est
423 3139 663 3209 primum
698 3135 883 3195 Grabii
908 3180 923 3203 ,
955 3139 1149 3201 deinde
1178 3140 1445 3195 Lardneri
1473 3147 1527 3195 et
1556 3139 1732 3195 Vene-

208 3240 288 3280 mte
315 3231 581 3287 sententia.
616 3229 757 3284 Esto
790 3249 803 3287 :
838 3232 1183 3287 consueverit
1208 3232 1503 3304 aliquando
1534 3232 1587 3285 in
1620 3232 1734 3287 disc

209 3320 459 3386 putationis
487 3331 629 3377 testu
677 3339 1001 3394 exaggerare
1044 3325 1443 3399 Hieronymus;
1495 3342 1606 3381 non
1650 3334 1735 3383 est

209 3414 355 3466 tamen
398 3429 493 3468 cur
526 3415 621 3470 hic
657 3416 837 3486 ipsum
880 3432 988 3470 non
1039 3418 1305 3483 humane,
1345 3435 1455 3473 non
1514 3418 1736 3489 proprie

208 3496 405 3556 locutum
441 3505 842 3560 existimemus.
879 3504 1171 3572 Praeterea,
1219 3507 1483 3577 epistolas
1531 3507 1596 3561 ad
1639 3523 1733 3561 eu-

208 3592 367 3647 mbos
408 3596 761 3667 evangelicos
828 3596 1045 3653 dedisse
1103 3598 1436 3655 Clementem
1484 3600 1734 3669 perhibet

209 3678 256 3736 S.
282 3683 439 3741 Pater.
476 3686 620 3742 Num
654 3702 784 3758 ergo
816 3695 870 3743 et
912 3689 1005 3745 hic
1051 3690 1213 3749 illum
1236 3690 1529 3761 hyperbole
1560 3691 1732 3748 fuisse

208 3787 370 3844 usum;
413 3786 499 3833 aut
544 3780 618 3835 ad
668 3796 765 3836 eos
797 3798 922 3853 quos
967 3782 1218 3838 castravit
1268 3800 1373 3836 non
1417 3786 1725 3852 necessitas,

213 3866 285 3921 sed
303 3871 545 3935 voluntas,
592 3872 822 3927 missam
852 3875 1164 3945 putabimus
1190 3891 1310 3945 quae
1340 3882 1424 3932 est
1462 3878 1733 3946 posterior

208 3956 261 4009 ad
281 3956 613 4017 Corinthios?
640 3961 785 4028 Quid
816 3963 959 4033 quod
1004 3962 1342 4035 Hieronymo
1382 3967 1732 4023 consentiens

206 4042 519 4116 Epiphanius,
549 4058 790 4106 testatur
827 4053 1109 4115 circulares
1153 4055 1404 4122 epistolas
1478 4056 1732 4113 eumdem

208 4132 465 4191 missitasse
493 4140 856 4206 Clementem,
885 4140 941 4199 in
972 4142 1169 4210 quibus
1203 4144 1555 4213 virginitatem
1596 4144 1729 4199 edo-

208 4224 403 4280 cetiAn
434 4242 564 4283 vero
596 4236 828 4283 sanctus
870 4244 1087 4299 quoque
1133 4228 1574 4287 Constantiensis
1611 4234 1730 4307 epi-

209 4324 372 4382 scopus
400 4332 766 4390 exaggerasse
795 4318 1103 4373 dicendus?
1133 4319 1243 4375 Fac
1274 4320 1512 4392 denique
1542 4324 1597 4378 in
1640 4340 1731 4379 re-

1834 1854 2041 1922 inquit,
2096 1853 2150 1908 in
2212 1854 2474 1927 Catalogo
2521 1857 2847 1929 scriptorum
2894 1859 3390 1921 ecclesiasticarum

1831 1944 2171 2001 Clementem
2200 1963 2308 2002 non
2339 1949 2585 2020 negligit,
2620 1950 2916 2021 laudatque
2958 1951 3079 2022 ejus
3106 1956 3389 2024 epistolam

1832 2038 2062 2107 primam
2094 2038 2161 2093 ad
2189 2038 2509 2096 Corinthios
2537 2062 2549 2097 :
2575 2043 2819 2097 meminit
2846 2052 2900 2099 et
2931 2046 3204 2110 secundae,
3229 2064 3394 2117 quam

1832 2136 2010 2185 tamen
2048 2147 2157 2187 non
2186 2133 2256 2188 ab
2303 2133 2559 2191 omnibus
2601 2134 2813 2189 admitti
2848 2135 3096 2193 adirmat.
3140 2137 3393 2195 Proiecto

1831 2236 1941 2275 non
1986 2222 2227 2279 siluisset
2269 2232 2325 2279 et
2374 2224 2617 2296 geminas
2661 2227 2820 2291 alias,
2866 2229 2913 2282 si
2960 2237 3172 2287 nosset.
3202 2250 3222 2282 ι
3267 2230 3393 2285 Ilias

1831 2312 2020 2382 utique
2052 2328 2160 2368 non
2190 2314 2471 2371 omisisset
2502 2324 2728 2373 sanctus
2759 2302 2984 2383 doctor:
3004 2321 3048 2375 si
3077 2334 3263 2376 nosset
3286 2340 3393 2393 quo

1830 2409 2078 2473 tempore
2106 2405 2307 2461 librum
2338 2405 2413 2459 De
2454 2407 2578 2461 viris
2608 2407 2901 2463 illustribus
2933 2410 3122 2467 edidit.
3183 2410 3392 2469 Hincne

1830 2508 1964 2547 vero
1990 2510 2180 2549 earum
2209 2496 2577 2567 integritatem
2606 2508 2915 2568 suspectam
2949 2503 3175 2557 reddere
3203 2504 3395 2559 liceat?

1830 2583 1998 2649 Cedo,
2016 2601 2125 2655 quo
2145 2586 2362 2640 demum
2382 2603 2525 2642 anno
2538 2588 2771 2643 confecti
2791 2589 2944 2645 fuere
2968 2593 3081 2649 sive
3100 2594 3392 2663 Catalogus

1830 2674 1923 2729 ille
1974 2674 2433 2748 Hieronymianus
2467 2678 2555 2733 ubi
2593 2678 2744 2734 nulla
2782 2690 3095 2736 nostrarum
3140 2684 3396 2753 epistola-

1830 2783 1952 2821 rum
1992 2768 2231 2833 mentio,
2280 2768 2396 2824 sive
2430 2769 2556 2824 libri
2587 2770 2696 2826 duo
2750 2785 2938 2829 contra
2962 2773 3302 2831 Iovinianum
3337 2777 3392 2832 in

1830 2860 2031 2930 quibus
2054 2861 2255 2915 eaedem
2280 2878 2346 2917 ex
2369 2869 2558 2917 nostra
2589 2869 2856 2920 sententia
2883 2866 3197 2921 laudantur?
3229 2866 3390 2922 Scili—

1831 2960 1916 3005 cet
1937 2968 2001 3005 ex
2035 2952 2153 3022 ipso
2179 2951 2509 3025 Hieronymo
2530 2956 2795 3010 discimus
2822 2956 2919 3027 (2),
2946 2958 3143 3011 librum
3166 2957 3241 3012 De
3268 2959 3392 3013 viris

1833 3042 2130 3097 illustribus
2175 3043 2347 3100 fuisse
2370 3046 2679 3101 absolutum
2708 3065 2845 3101 anno
2897 3047 3170 3103 Theodosii
3194 3050 3392 3118 princi-

1834 3133 1915 3203 pis
1944 3148 2055 3197 xw,
2082 3134 2185 3188 hoc
2218 3143 2303 3189 est
2331 3151 2476 3191 anno
2498 3137 2701 3192 Christi
2726 3137 3009 3194 392.Patet
3038 3148 3299 3210 praeterea
3325 3157 3392 3197 ex

1834 3224 2021 3280 eodem
2048 3235 2243 3280 sancto
2276 3226 2520 3294 doctore,
2549 3229 2720 3285 libros
2751 3230 3015 3285 adversus
3040 3229 3391 3286 Iovinianum

1834 3325 1960 3388 post
1992 3318 2137 3371 hunc
2177 3318 2355 3388 ipsum
2401 3334 2604 3374 annum
2647 3320 2916 3389 prodiisse
2966 3340 2977 3376 :
3026 3321 3295 3391 siquidem
3337 3324 3391 3379 in

1834 3422 2023 3461 eorum
2057 3408 2253 3477 primo,
2292 3424 2444 3463 num.
2486 3408 2555 3463 26
2607 3409 2789 3478 operis
2838 3408 2916 3463 De
2943 3410 3067 3463 viris
3096 3409 3392 3463 illustribus

1832 3497 2100 3553 meminit.
2132 3498 2331 3564 Quare,
2386 3514 2528 3554 anno
2579 3500 2861 3554 minimum
2912 3500 3037 3565 593,
3078 3510 3174 3556 aut
3214 3502 3392 3558 serius

1833 3589 2085 3651 fortasse,
2140 3595 2332 3643 contra
2361 3587 2705 3642 Iovinianum
2763 3588 3042 3660 scripserit
3073 3587 3130 3643 S.
3179 3589 3390 3645 doctor.

1833 3678 1978 3732 Nihil
2012 3678 2175 3747 igitur
2202 3679 2422 3744 mirum,
2468 3679 2513 3733 si
2555 3677 2620 3732 de
2648 3678 2845 3751 quibus
2875 3678 3115 3750 loquitur
3145 3678 3395 3736 Clemen-

1833 3772 1964 3828 tinis
1994 3771 2241 3842 epistolis
2272 3770 2326 3825 in
2355 3772 2423 3828 iis
2452 3772 2629 3835 libris,
2655 3788 2750 3827 eas
2779 3772 2834 3826 in
2874 3771 3131 3842 Catalogo
3169 3782 3393 3843 praeter-

1833 3865 1976 3921 ierit.
2022 3865 2136 3921 Cur
2174 3865 2246 3919 ita
2277 3864 2515 3927 demum,
2570 3865 2820 3935 inquies?
2869 3865 2995 3934 quia
3043 3862 3293 3918 videlicet
3333 3863 3390 3918 in

1832 3958 2056 4028 prologo
2087 3956 2154 4011 ad
2208 3955 2457 4012 eumdem
2505 3955 2821 4029 Catalogum
2865 3956 3110 4026 queritur
3162 3956 3392 4027 ipsemet

1832 4046 2215 4119 Hieronymus,
2242 4048 2499 4121 pleraque
2527 4055 2655 4101 tunc
2687 4047 2789 4101 sibi
2836 4046 3003 4102 fuisse
3034 4047 3388 4117 incomperta.

1834 4138 2013 4208 Neque
2033 4140 2190 4203 enim,
2222 4140 2318 4203 ait,
2348 4138 2410 4193 de
2444 4138 2522 4193 his
2569 4155 2685 4209 qua:
2730 4155 2830 4192 non
2878 4139 2993 4209 legi,
3036 4156 3185 4193 nosse
3213 4140 3390 4208 potui;

1830 4237 1882 4283 et
1913 4227 2052 4297 quod
2077 4228 2197 4281 aliis
2229 4227 2455 4297 forsitan
2496 4229 2564 4281 sit
2593 4239 2791 4292 notum,
2836 4229 2963 4281 mihi
3012 4229 3067 4282 in
3097 4229 3192 4284 hoc
3224 4239 3385 4283 terra-

1832 4335 1949 4372 rum
1980 4317 2171 4387 angulo
2202 4318 2360 4386 fuerit
2388 4318 2639 4387 ignotum.
2679 4317 2817 4384 Quid
2865 4334 3048 4389 porro,
3081 4319 3127 4373 si
3156 4320 3391 4375 sanctis.

207 4399 343 4471 liquis
369 4425 481 4478 qua:
510 4411 840 4465 exciderunt
877 4412 1202 4480 posterioris
1244 4412 1499 4483 Epistolas
1534 4414 1728 4471 Corin-
1758 4420 1805 4479 ο
1830 4410 2003 4475 simus
2031 4410 2219 4464 doctor
2270 4410 2325 4462 in
2380 4409 2688 4465 subsecutis
2739 4410 2893 4467 libris
2938 4410 3093 4481 plura
3130 4420 3392 4465 memoret

206 4493 386 4562 thiacte,
417 4499 586 4555 fuisse
617 4500 687 4554 de
717 4498 1041 4577 Virginitate
1070 4502 1309 4557 locutum
1345 4506 1681 4563 Clementem
1712 4530 1725 4565 :

209 4592 536 4657 atquomodo,
573 4593 764 4657 sodes,
798 4593 852 4646 in
876 4608 940 4648 ea
969 4586 1087 4663 quin
1126 4607 1423 4665 supersunt
1463 4601 1731 4670 quadrent

208 4672 479 4753 Hieronymi
508 4684 699 4748 verba,
730 4683 930 4759 quibus
977 4684 1204 4739 alIirmat
1238 4687 1293 4742 in
1340 4690 1448 4744 illis
1477 4690 1731 4747 Clemen-

208 4766 311 4821 tinis
334 4770 577 4841 Epistolis
614 4792 818 4830 omnem
846 4794 971 4847 pene
1000 4796 1288 4835 sermonem
1328 4782 1493 4851 fuisse
1527 4782 1590 4836 de
1626 4786 1731 4837 vir-

208 4861 407 4929 ginitatis
447 4869 678 4934 puritate
727 4876 1070 4929 contextum?
1103 4869 1181 4927 lbi
1232 4890 1466 4949 namque
1507 4876 1730 4944 potissi-

210 4963 326 5004 mum
378 4957 634 5026 pleraque
704 4968 999 5013 occurrunt
1056 4961 1124 5015 de
1181 4961 1401 5016 Christo
1450 4961 1599 5027 Dco,
1660 4965 1728 5021 dc

208 5045 468 5099 vocationis
497 5048 825 5104 Christiana:
870 5053 1219 5121 praestantia,
1260 5053 1327 5108 de
1370 5056 1558 5117 mundi
1596 5072 1728 5111 con-

212 5134 404 5201 temptu,
444 5136 511 5191 de
539 5142 843 5194 certamine
872 5142 1141 5219 spirituali
1163 5182 1178 5207 ,
1223 5143 1292 5197 de
1321 5144 1504 5198 carnis
1542 5161 1725 5199 resur-

216 5226 435 5311 rectione,
459 5228 524 5283 de
550 5230 711 5285 bonis
741 5234 1046 5302 promissis,
1074 5242 1205 5301 etc.,
1231 5236 1561 5311 paucissima
1598 5252 1728 5293 vero

212 5310 265 5367 de
296 5320 518 5374 castitate
560 5322 616 5374 in
638 5339 817 5393 genere
840 5363 857 5392 ,
900 5326 1154 5384 omnibus
1193 5310 1355 5383 etiam
1396 5328 1723 5399 conjugatis,

212 5531 562 5667 ΡῧξὲὃζιΔὲἕΙη
581 5537 806 5661 ἓιόίοαιι
838 5581 851 5597 .
885 5547 1043 5595 tract.
1099 5538 1225 5608 1‘20,
1252 5540 1361 5612 §2,
1389 5541 1524 5613 Opp.
1550 5550 1592 5597 t.
1619 5541 1683 5597 lll
1708 5583 1723 5607 ,

273 5672 438 5727 l99ll..
471 5693 544 5739 0.,
581 5693 699 5749 pag.
723 5679 810 5734 40.

1832 4508 2187 4555 tractatorum
2242 4502 2738 4563 ecclesiasticarum
2768 4517 2928 4574 opera
2951 4543 2965 4566 ,
2991 4517 3109 4572 qua:
3135 4501 3262 4555 dum
3298 4517 3392 4556 eo-

1831 4594 2079 4649 rumdem
2116 4595 2325 4665 reliqua
2353 4594 2408 4648 in
2438 4593 2694 4667 Catalogo
2714 4575 3038 4660 recenseret,
3071 4594 3407 4651 omisit?An.

1831 4698 1960 4737 vero
1991 4682 2175 4737 ﬁctilia
2208 4668 2511 4753 reputanda
2534 4700 2696 4756 opera
2726 4686 2837 4753 illa,
2860 4702 2925 4741 eo
2947 4684 3091 4756 quod
3115 4686 3302 4739 eadem
3334 4684 3388 4737 in

1831 4772 2091 4844 Catalogo
2120 4775 2555 4844 praetermisisset
2571 4777 2762 4832 doctor
2782 4776 3092 4831 maximus?
3120 4774 3230 4828 lmo
3259 4791 3388 4830 vero

1830 4880 1991 4921 nemo
2019 4866 2141 4936 jure
2173 4882 2283 4921 non
2309 4867 2503 4931 dixerit
2549 4883 2673 4923 cum
2708 4870 2826 4941 ipso
2854 4868 3201 4939 Hieronymo,
3235 4868 3386 4922 illum

1831 4973 2024 5027 nempe
2053 4975 2168 5027 qua:
2203 4965 2335 5014 tunc
2390 4976 2492 5013 non
2541 4960 2755 5031 legerat,
2788 4976 2937 5013 nosse
2986 4976 3087 5013 non
3136 4960 3386 5028 potuisse,

1830 5049 2067 5121 quodque
2096 5052 2148 5103 in
2194 5050 2287 5105 illo
2320 5060 2582 5111 terrarum
2635 5051 2846 5119 angulo,
2876 5051 2931 5104 in
2968 5050 3258 5113 solitudine
3288 5050 3388 5105 Bc-

1830 5143 2158 5198 thleemitica
2184 5183 2198 5208 ,
2232 5145 2279 5197 ei
2315 5151 2472 5198 antea
2499 5144 2669 5213 fuerat
2687 5144 2937 5219 ignotum,
2961 5152 3145 5213 postea
3160 5158 3389 5213 comper-

1834 5236 1960 5292 isse.
2006 5234 2267 5311 Agedum,
2288 5250 2397 5289 uno
2420 5234 2504 5289 vel
2535 5235 2705 5289 altero
2732 5234 2975 5304 exemplo
3002 5250 3115 5288 rem
3139 5235 3386 5289 adstrua-

1832 5339 1978 5381 mus.
2030 5322 2071 5379 l.
2112 5323 2373 5380 Memorat
2422 5323 2783 5394 Hieronymus
2839 5324 2893 5378 in
2943 5324 3173 5395 epistola
3204 5325 3288 5390 71,
3317 5325 3383 5379 ad

1904 5541 2054 5613 (100)
2091 5541 2285 5613 Epist.,
2318 5556 2457 5613 pag,
2472 5542 2561 5613 54:

1904 5614 1981 5684 (l)
2020 5610 2216 5684 Clonin,
2247 5613 2404 5684 epist.
2440 5611 2459 5663 1
2521 5610 2597 5684 ρο
2632 5611 2832 5684 virgin..
2872 5626 2987 5680 ear.
3019 5610 3072 5663 4.
3121 5680 3208 5684 ’ἡ

1909 5682 1984 5753 (2)
2025 5683 2099 5736 De
2131 5683 2227 5736 vir.
2276 5682 2497 5745 illitam,
2548 5680 2598 5734 in
2631 5683 2837 5751 prolog.
2868 5690 2918 5734 et
2958 5695 3075 5749 cap.
3114 5680 3231 5735 155.
