3870 6386
414 307 519 368 115

1538 306 1626 360 AD
1666 304 1704 360 S
1765 299 2186 358 CLEMENTEM
2226 301 2247 355 l
2283 300 2515 356 PAPAM

3546 293 3648 350 116

412 426 703 484 Lucinium
754 442 809 481 n.
841 425 913 490 4,
956 424 1233 498 Hippolyti
1282 424 1601 480 Portucnsis
1656 422 1978 492 opusculum
2009 425 2056 481 Α
2086 435 2228 474 nunc
2252 420 2485 475 strictim
2538 415 2732 473 saltem
2773 428 3097 486 proponere,
3147 420 3333 470 nostra
3382 410 3650 468 interesse

416 518 617 575 Contra
645 517 854 583 Gentes,
884 519 1044 588 cujus
1078 520 1223 573 nulla
1255 518 1456 573 mentio
1482 532 1540 571 tn
1568 517 1827 586 Catalogo
1856 529 1976 584 cap.

412 613 502 667 61.
544 610 699 666 Haud
728 612 977 681 equidem
1017 612 1220 666 miror:
1255 610 1307 664 in
1354 624 1419 664 eo
1452 609 1596 664 enim
1644 613 1889 662 recenset
1918 605 1977 662 S.

414 704 608 759 doctor
637 702 914 775 Hippolyti
945 704 1114 758 libros
1143 717 1281 772 quos
1303 701 1514 769 reperit,
1550 709 1609 754 ut
1654 698 1770 769 ipse
1812 705 1980 753 testa-

412 803 539 851 tur:
583 796 651 850 ab
680 811 746 850 eo
775 803 952 849 autem
983 802 1172 865 postea
1220 799 1495 861 repertum
1525 807 1664 855 opus
1692 790 1825 845 illud
1850 807 1981 861 apo-

413 887 729 957 logeticum,
764 886 968 940 indicat
1012 898 1189 938 annus
1240 881 1366 943 597,
1403 896 1512 951 quo
1556 880 1758 950 scripta
1807 879 1981 933 fertur

413 974 602 1031 eadem
633 975 880 1045 epistola.
938 972 1001 1027 ll.
1032 971 1090 1025 In
1138 969 1453 1040 praefatione
1496 968 1563 1022 ad
1594 968 1789 1022 librum
1820 981 1976 1031 xvur,

414 1065 471 1119 in
499 1066 714 1129 Isaiam,
754 1062 1070 1134 Dionysium
1102 1060 1547 1131 Alexandrinum
1597 1059 1795 1115 librum
1826 1072 1978 1114 com-

415 1155 665 1226 posuisse
692 1153 859 1208 tradit
885 1160 1075 1206 contra
1122 1149 1387 1207 Irenaeum
1421 1150 1839 1222 Lugdunensem
1864 1148 1980 1220 epi-

414 1260 661 1315 scopum,
694 1242 983 1299 chiliastici
1009 1243 1166 1314 regni
1198 1250 1565 1310 assertorem;
1603 1256 1762 1312 quem
1796 1251 1978 1294 tamen

415 1338 615 1392 omittit
637 1337 693 1390 in
722 1333 980 1406 Catalogo
1009 1352 1131 1407 cap.
1164 1336 1255 1400 69,
1290 1336 1418 1391 licet
1443 1337 1519 1391 ibi
1576 1335 1821 1405 ejusdem
1853 1333 1979 1387 Dio-

411 1428 552 1498 nysii
585 1442 809 1497 operum
848 1428 1221 1484 recensionem
1273 1428 1430 1499 longe
1458 1436 1768 1483 accuratam
1814 1425 1977 1480 insti-

411 1525 550 1572 tuat.
579 1517 749 1587 Cujus
780 1517 980 1573 silentii
1008 1518 1148 1573 ratio
1177 1534 1241 1574 ea
1269 1518 1488 1574 demum
1514 1528 1617 1582 est,
1655 1518 1798 1588 quod
1828 1532 1976 1572 com-

409 1609 674 1665 mentaria
732 1611 822 1664 illa
878 1610 1119 1681 quinque
1170 1617 1294 1680 post
1340 1624 1513 1664 annos
1564 1607 1765 1663 fuerint
1793 1609 1978 1663 elucu-

407 1700 583 1755 brata.
615 1700 801 1771 Neque
857 1702 1003 1755 enim
1050 1701 1307 1756 assentiri
1362 1715 1582 1771 possum
1614 1697 1830 1754 Valesio
1859 1699 1976 1753 viro

408 1790 755 1859 doctissimo,
773 1792 1019 1848 censenti
1044 1791 1119 1864 ('5)
1144 1791 1202 1848 S.
1228 1792 1507 1847 doctorem
1532 1791 1715 1847 minus
1738 1797 1884 1846 recte
1914 1789 1971 1845 in

404 1881 666 1936 Irenaeum
697 1881 1015 1947 transferre,
1040 1898 1161 1954 quae
1182 1883 1441 1938 adversus
1475 1880 1735 1951 Nepotem
1765 1881 1973 1951 episco-

404 1987 534 2042 pum
569 1971 882 2045 Egyptium
935 1973 1228 2045 Dionysius
1274 1973 1466 2028 litteris
1487 1972 1731 2027 tradidit.
1786 1970 1971 2043 Siqui-

404 2064 528 2119 dem
555 2064 612 2119 in
641 2063 897 2136 Catalogo
936 2066 1140 2121 diserte
1171 2064 1417 2135 perhibet
1446 2064 1827 2136 Hieronymus,
1862 2064 1971 2119 sic-

406 2158 487 2211 uti
526 2165 653 2213 ante
695 2158 871 2228 ipsum
921 2166 975 2213 et
1028 2156 1318 2221 Eusebius,
1359 2156 1490 2211 duos
1530 2156 1689 2211 libros
1731 2156 1971 2213 edidisse

406 2248 724 2322 Dionysium
760 2248 1021 2306 adversus
1060 2248 1357 2319 Nepotem:
1418 2249 1473 2303 in
1512 2248 1825 2319 praefatione
1872 2264 1970 2304 au-

404 2350 512 2395 tem
542 2341 612 2396 ad
667 2340 861 2397 Isaiam
914 2342 953 2397 1.
997 2356 1047 2397 c.
1098 2340 1348 2397 eumdem
1399 2339 1718 2411 Dionysium
1777 2340 1970 2394 librum

401 2433 689 2504 evulgasse
757 2433 1019 2489 adversus
1076 2432 1336 2488 lrenzeum
1391 2442 1688 2489 asseverat.
1749 2432 1836 2490 Ill.
1892 2434 1969 2490 De

402 2522 600 2587 Pierio,
621 2524 880 2579 Ecclesiae
912 2523 1290 2579 Alexandrina:
1329 2524 1666 2595 presbytero,
1692 2526 1853 2579 verba
1888 2527 1969 2581 fa-

401 2615 555 2672 ciens
587 2616 643 2670 in
672 2614 930 2687 Catalogo
958 2631 1079 2686 cap.
1140 2615 1227 2677 76,
1257 2613 1315 2671 S.
1358 2614 1551 2681 Pater,
1596 2617 1717 2687 ejus
1764 2625 1967 2673 tracta-

399 2712 517 2760 tum
546 2704 614 2762 de
640 2706 906 2778 propheta
937 2705 1075 2762 Osee
1132 2708 1513 2763 tantummodo
1568 2708 1855 2764 nominat:
1910 2710 1967 2763 in

398 2795 629 2865 epistola
677 2811 806 2851 vero
859 2795 949 2860 49,
984 2813 1134 2852 num.
1196 2799 1249 2859 ’5,
1282 2798 1385 2853 sub
1443 2798 1604 2853 ﬁnem
1658 2800 1787 2854 anni
1837 2800 1963 2866 395,

396 2884 745 2943 Pammachio
768 2887 1031 2962 inscripta
1050 2929 1066 2955 ,
1096 2889 1341 2958 ejusdem
1371 2887 1537 2943 Pierii
1567 2890 1964 2960 amplissimum

397 2979 851 3035 commentarium
906 2979 964 3035 in
994 2979 1289 3051 Epistolam
1319 2981 1340 3035 ι
1394 2978 1463 3037 ad
1506 2979 1819 3040 Corinthios
1848 2985 1964 3038 col-

397 3071 604 3127 laudat.
660 3070 750 3129 ιν.
794 3071 1164 3129 Pmtermittit
1224 3076 1279 3130 in
1330 3076 1606 3148 Catalogo,
1659 3091 1781 3147 cap.
1837 3077 1960 3142 129,

396 3162 611 3236 Didymi
631 3162 1094 3220 Commentarium
1150 3168 1208 3222 in
1262 3166 1542 3234 Psalmos;
1590 3168 1753 3238 cujus
1780 3176 1964 3224 tamen

396 3254 646 3310 meminit
675 3255 733 3310 in
762 3255 1002 3326 Epistola
1028 3258 1151 3322 112,
1185 3275 1241 3313 n.
1270 3258 1361 3323 20,
1410 3273 1557 3314 anno
1590 3261 1717 3325 404,
1750 3261 1817 3315 ad
1849 3262 1965 3315 Au-

396 3343 678 3413 gustinum
704 3345 893 3401 missa.
922 3345 1048 3403 Dies
1076 3363 1162 3403 me
1195 3348 1429 3414 deﬁciet,
1474 3350 1520 3406 si
1550 3352 1733 3406 omnia
1775 3368 1967 3408 recen-

396 3447 520 3489 sere
550 3434 708 3490 velim
752 3451 873 3505 quae
921 3444 1163 3492 veterum
1221 3440 1549 3510 scriptorum
1599 3456 1764 3512 opera
1812 3444 1966 3512 prius

397 3524 605 3580 omissa
634 3524 691 3580 in
721 3525 863 3581 libro
889 3525 966 3581 De
1004 3528 1130 3583 viris
1154 3528 1478 3594 illustribus,
1524 3532 1580 3585 in
1610 3533 1732 3587 aliis
1776 3545 1965 3604 postea

394 3614 869 3672 lucubrationibus
899 3615 1339 3690 Hieronymianis
1367 3622 1740 3678 enuntiantur.
1761 3621 1963 3679 Verum

395 3705 532 3761 satis
581 3704 697 3760 haec
750 3716 956 3762 sunto:
995 3723 1063 3764 ex
1115 3710 1317 3780 quibus
1377 3712 1444 3768 lis
1487 3715 1665 3768 omnis
1697 3713 1963 3786 dirempta

389 3810 512 3853 esse
539 3795 772 3855 videtur.

457 3885 538 3942 Ne
566 3888 691 3957 quis
721 3897 902 3945 autem
932 3900 1085 3962 putet
1113 3892 1200 3949 bis
1226 3892 1443 3951 duobus
1462 3896 1840 3953 tantummodo
1864 3913 1959 3954 an-

394 3978 559 4050 tiquis
588 3978 845 4038 Patribus
900 3981 1174 4053 Epistolas
1223 3985 1291 4039 de
1313 3986 1514 4056 quibus
1545 3988 1758 4057 agimus
1789 3988 1964 4046 fuisse

393 4080 707 4142 perspectas
734 4093 743 4103 ·
776 4076 1043 4146 siquidem
1071 4084 1126 4132 et
1155 4077 1291 4133 alios
1317 4078 1643 4135 vetustiores
1679 4081 1800 4137 illas
1815 4081 1960 4137 haud

393 4162 679 4231 ignorasse
711 4168 1078 4237 comperimus
1109 4184 1176 4223 ex
1215 4169 1490 4240 plerisque
1521 4170 1655 4227 locis
1683 4173 1959 4242 parallelis

387 4254 590 4312 Justini
619 4257 896 4329 martyris,
933 4257 1229 4317 Clementis
1282 4260 1656 4328 Alexandrini,
1703 4262 1958 4336 Cypriani

393 4356 557 4418 atque
586 4347 812 4419 insuper
832 4350 1079 4420 ejusdem
1126 4350 1474 4423 Hieronymi,
1506 4370 1628 4423 qum
1672 4346 1957 4425 diligenter

2082 504 2480 566 existimamus.

2152 598 2395 656 Primum
2435 600 2601 671 igitur
2650 600 2705 653 in
2736 599 2823 656 bis
2854 598 3098 670 epistolis
3141 595 3384 668 Syriacis
3413 593 3650 649 nonnul-

2082 690 2162 745 las
2213 692 2513 746 sententias
2564 690 2948 762 perspicimus.
3002 705 3139 760 quas
3194 702 3348 759 paene
3375 684 3650 749 αὐτολεξεὶ

2082 781 2288 837 Graecae
2324 784 2531 853 pariter
2582 782 2861 837 exhibent.
2910 779 3087 836 Unum
3142 781 3440 835 alterumve
3466 778 3647 849 speci-

2079 887 2204 927 men
2234 872 2438 942 accipe.
2496 872 2536 926 l.
2573 871 2825 943 Legimus
2879 872 2933 925 in
2982 869 3156 940 Epist.
3215 869 3242 922 1
3294 867 3363 922 ad
3395 866 3643 923 Corinth.

2080 976 2201 1031 cap.
2233 962 2337 1016 27:
2374 961 2425 1015 H
2430 978 2492 1015 ac
2513 962 2675 1032 igitur
2699 977 2797 1033 spe
2820 961 2983 1015 animi
3006 959 3259 1014 nostriad
3278 975 3395 1013 eum
3412 959 3644 1013 adstrin-

2077 1061 2290 1122 gantur,
2329 1053 2423 1123 qui
2456 1052 2628 1108 fidelis
2661 1064 2744 1109 est
2775 1054 2831 1107 in
2855 1050 3423 1122 promissionibus.-—
3451 1051 3557 1118 Qui
3585 1066 3647 1106 ne

2079 1144 2395 1198 mentiamur
2408 1144 2672 1213 prazcepit,
2691 1143 3040 1213 multomagis
3059 1142 3175 1213 ipse
3192 1157 3300 1196 non
3318 1142 3612 1196 mentietur
3632 1157 3649 1197 :

2078 1234 2210 1289 nihil
2236 1236 2424 1305 quippe
2466 1235 2576 1290 Deo
2604 1235 2970 1305 impossibile,
3004 1243 3352 1303 praeterquam
3394 1234 3641 1288 mentiri.

2078 1324 2172 1379 Sic
2208 1327 2366 1397 plane
2394 1326 2447 1379 in
2482 1328 2642 1397 epist.
2688 1328 2714 1381 1
2744 1326 2813 1379 ad
2836 1326 3078 1395 virgines,
3115 1325 3321 1395 cap.4:
3358 1323 3646 1379 Desiderat

2078 1434 2227 1488 spem
2254 1419 2577 1489 promissam
2602 1427 2651 1472 et
2671 1428 3023 1487 prwparatam
3045 1426 3093 1471 et
3113 1417 3347 1486 positam
3369 1417 3423 1469 in
3451 1414 3595 1469 calis
3613 1431 3645 1467 α

2077 1510 2207 1576 Deo,
2261 1511 2351 1580 qui
2382 1511 2631 1580 promisit
2658 1518 2834 1565 ore'et
2880 1525 2988 1564 non
3018 1510 3298 1564 mentitur.
3339 1506 3644 1577 Utrobique

2077 1605 2287 1660 scilicet
2324 1603 2552 1658 Paulum
2595 1604 2929 1674 apostolum,
2992 1611 3050 1658 ut
3107 1603 3340 1667 assolet,
3399 1602 3646 1656 imitatur

2076 1696 2363 1763 Clemens;
2398 1695 2538 1765 apud
2581 1711 2739 1765 quem
2793 1695 2983 1751 eadem
3028 1696 3246 1766 phrasis
3285 1696 3527 1749 occurrit
3554 1695 3641 1750 “z

2003 1778 2048 1835 Β
2077 1786 2147 1841 Ut
2181 1802 2272 1858 per
2316 1786 2450 1842 duas
2499 1804 2581 1842 res
2619 1787 2934 1853 immobiles,
2979 1788 3036 1842 in
3074 1786 3262 1858 quibus
3303 1787 3643 1858 impossibile

2072 1887 2158 1937 est
2180 1880 2399 1936 mentiri
2428 1879 2621 1945 Deum,
2658 1881 3007 1950 fortissimum
3048 1881 3299 1936 solatium
3328 1879 3639 1944 habeamus,

2071 1974 2163 2045 qui
2190 1974 2537 2045 confugimus
2554 1974 2622 2028 ad
2639 1973 2927 2028 tenendam
2950 1974 3282 2044 propositam
3307 1987 3477 2041 spem.
3499 1971 3562 2028 ll.
3583 1971 3641 2025 In

2071 2065 2245 2136 Epist.
2281 2068 2306 2121 1
2342 2066 2411 2120 ad
2449 2064 2716 2128 Corinth.,
2752 2079 2874 2133 cap.
2905 2064 2960 2127 4,
2994 2064 3070 2117 ita
3099 2063 3293 2118 scribit
3347 2061 3405 2117 S.
3438 2062 3637 2117 Pater:

2072 2157 2369 2212 Emulatio
2409 2157 2601 2227 eﬂecit,
2655 2163 2715 2209 ut
2735 2153 2938 2224 Joseph
2970 2152 3038 2209 ad
3060 2163 3288 2208 mortem
3314 2166 3490 2222 usque
3515 2168 3641 2225 per-

2069 2250 2403 2305 secutionem
2428 2248 2744 2311 sustineret,
2770 2246 2895 2302 etin
2927 2247 3245 2302 servitutem
3267 2245 3634 2303 addiceretur.

2070 2342 2270 2397 Eadem
2310 2341 2567 2411 loquendi
2614 2340 2756 2395 ratio
2786 2340 2842 2395 in
2881 2340 3043 2410 epist.
3083 2338 3120 2394 2
3171 2337 3239 2393 ad
3267 2340 3482 2410 virgin.,
3510 2354 3635 2410 cap.

2069 2433 2135 2489 8:
2159 2431 2346 2488 Nonne
2374 2431 2814 2503 pulchritudinem
2839 2431 2995 2501 hujus
3017 2432 3154 2487 casti
3179 2440 3229 2487 et
3255 2433 3382 2487 recti
3400 2430 3636 2503 (Ioseph)

2069 2525 2358 2593 concupivit
2389 2524 2621 2580 mulier?
2662 2533 2720 2577 ut
2762 2524 2819 2578 in
2859 2524 3275 2594 concupiscentia
3293 2540 3412 2578 cum
3437 2541 3541 2579 non
3581 2540 3637 2579 se

2069 2617 2346 2687 subjiceret
2368 2626 2418 2671 et
2445 2617 2724 2671 inclinaret
2765 2626 2822 2670 ut
2855 2617 3050 2686 faceret
3080 2615 3347 2672 libidinem
3369 2626 3418 2671 et
3446 2617 3633 2672 volun-

2070 2717 2230 2762 tatem
2257 2709 2391 2778 ejus,
2418 2709 2473 2763 in
2501 2723 2717 2764 omnem
2742 2708 3089 2764 afﬂictionem
3115 2716 3171 2764 et
3199 2708 3254 2762 in
3275 2723 3489 2763 omnem
3506 2700 3635 2764 cru-

2067 2801 2270 2855 ciatum
2299 2801 2597 2871 conjiceret
2638 2802 2813 2855 virum
2834 2801 3044 2872 justum
3082 2817 3257 2872 usque
3279 2801 3347 2857 ad
3376 2809 3631 2858 mortem.

2067 2889 2155 2945 lll.
2186 2890 2244 2946 In
2275 2892 2435 2961 epist.
2471 2892 2497 2946 1
2533 2890 2602 2944 ad
2629 2891 2815 2962 rirgin.
2868 2892 3051 2947 laudat
3086 2891 3338 2947 Clemens
3364 2893 3635 2947 onerarias

2067 2985 2334 3039 imitantes
2377 2982 2595 3040 Patrem
2643 2989 2700 3039 et
2744 2982 2947 3039 Filium
2982 2990 3037 3039 et
3068 2982 3330 3055 Spiritum
3356 2994 3632 3041 sanctum.

2070 3077 2282 3143 Quibus
2312 3075 2490 3131 aliinia
2521 3092 2587 3132 ex
2621 3076 2728 3132 alio
2753 3076 2998 3147 ejusdem
3042 3072 3336 3132 Clementis
3362 3077 3483 3132 loco
3507 3091 3635 3147 pro-

2070 3167 2175 3223 fert
2230 3166 2288 3222 S.
2344 3166 2607 3233 Basilius,
2664 3166 2747 3222 sic
2797 3165 3049 3237 inquiens
3093 3164 3221 3237 (5):
3288 3166 3345 3220 '0
3402 3164 3637 3237 Κλήμης

2068 3257 2640 3331 ἀρχαῖκώτερον·(Ζῇ,
2691 3259 2875 3329 φησὶν,
2936 3258 2966 3312 ὁ
3012 3255 3165 3323 Θεὸς,
3221 3257 3314 3311 καὶ
3369 3258 3398 3310 ὁ
3434 3253 3637 3329 Κύριος

2081 3349 2287 3421 Ἰησοῦς
2322 3350 2573 3422 Χριστὸς,
2622 3351 2716 3404 καὶ
2755 3350 2816 3403 τὸ
2862 3349 3085 3421 Πνεῦμα
3138 3349 3201 3404 τὸ
3249 3348 3423 3419 ἄγων.
3455 3373 3473 3404 s
3512 3350 3637 3406 Cle—

2067 3459 2210 3498 mens
2272 3443 2561 3512 simplicius
2588 3443 2805 3505 :cVivit,
2886 3443 3074 3513 inquit,
3126 3441 3289 3506 Deus,
3342 3450 3392 3496 et
3445 3442 3635 3495 Domi-

2066 3554 2165 3592 nus
2221 3536 2377 3591 Jesus
2433 3535 2699 3599 Christus,
2759 3544 2810 3590 et
2855 3534 3088 3604 Spiritus
3142 3542 3380 3590 sanctus.
3434 3553 3455 3586 ι
3510 3533 3633 3588 Alia

2065 3629 2334 3699 ejusmodi
2364 3627 2508 3682 haud
2542 3641 2713 3697 pauca
2763 3626 2819 3680 in
2859 3633 3112 3697 promptu
3142 3632 3306 3680 erunt
3357 3622 3635 3697 Epistolas

2063 3720 2444 3778 Corinthiacus
2474 3734 2538 3773 ac
2595 3717 2848 3789 Syriacas
2903 3724 3107 3772 attente
3137 3715 3364 3787 legenti,
3426 3730 3636 3786 easque

2063 3808 2256 3865 sedulo
2285 3807 2517 3861 invicem
2542 3804 2876 3871 conferenti;
2908 3804 3108 3875 quibus
3136 3802 3363 3875 proinde
3385 3804 3634 3860 referen-

2064 3900 2152 3956 dis
2211 3898 2649 3970 supersedemus.
2714 3895 2817 3951 llic
2862 3904 3045 3951 tamen
3099 3896 3233 3951 illud
3283 3897 3631 3952 solummodo

2012 3985 2021 3997 “
2061 4009 2282 4049 rursum
2315 3993 2585 4062 subjicere
2615 3990 2814 4061 placet,
2846 3990 2991 4061 quod
3040 4004 3109 4045 ex
3159 3988 3277 4044 viro
3307 3988 3631 4045 doctissimo

2063 4085 2139 4156 (6)
2174 4086 2428 4154 superius
2473 4082 2846 4155 protulimus:
2906 4100 2924 4133 ι
2957 4080 3075 4147 Quo
3129 4080 3483 4152 singularior,
3528 4082 3627 4145 ait,

2059 4184 2145 4234 est
2176 4176 2449 4232 sententia
2485 4176 2682 4230 iterum
2714 4174 2946 4244 prolata,
2976 4188 3041 4229 eo
3072 4174 3254 4244 aptior
3280 4180 3365 4229 est
3404 4174 3473 4228 ad
3504 4188 3631 4244 per-

2058 4269 2419 4335 suadendum,
2451 4268 2710 4338 epistolas
2761 4266 2817 4322 in
2864 4266 3063 4337 quibus
3119 4266 3323 4336 pariter
3349 4265 3626 4333 laudatur,

2064 4365 2133 4418 ab
2162 4378 2272 4417 uno
2302 4368 2526 4415 auctore
2557 4358 2848 4429 proﬁcisci.
2880 4357 3057 4413 Unum
3092 4358 3236 4411 enim
3269 4357 3631 4429 eumdemque

390 4438 698 4508 conquisita
724 4440 901 4510 exegit
946 4442 1012 4495 ad
1042 4440 1378 4498 Clementina
1429 4442 1684 4502 laudatus
1719 4446 1958 4503 Wetste-
1988 4474 2033 4529 υ
2060 4456 2263 4515 locum,
2318 4451 2412 4505 ubi
2443 4465 2563 4505 sese
2591 4448 2747 4505 olfert
2774 4448 3011 4511 occasio,
3043 4447 3109 4502 ab
3136 4448 3328 4502 eodem
3359 4449 3630 4518 scriptore

389 4532 518 4584 nius
548 4531 649 4601 (4).
705 4531 773 4586 Et
812 4549 876 4588 ea
924 4535 1143 4604 quidem
1198 4536 1285 4591 hic
1335 4537 1648 4595 describere
1681 4541 1952 4598 libuisset.

389 4621 591 4678 Verum
623 4640 720 4694 pro
749 4625 984 4680 instituti
1030 4628 1205 4683 nostri
1238 4629 1449 4684 ratione
1500 4631 1673 4687 satius
1699 4633 1957 4692 duximus

386 4715 479 4768 illa
513 4715 943 4785 praetermittere,
974 4733 1042 4772 ne
1098 4717 1314 4788 longius
1342 4735 1505 4789 quam
1534 4736 1633 4790 par
1660 4722 1731 4778 sit
1759 4739 1957 4778 excur~

387 4812 471 4857 rat
499 4806 695 4861 oratio.
1162 4861 1164 4864 ,

459 4894 597 4951 Xlll.
630 4897 1081 4972 Quandoquidem
1130 4914 1260 4954 vero
1292 4908 1484 4969 printer
1514 4912 1831 4972 argumenta
1861 4922 1955 4960 ex—

386 4999 535 5042 terna
563 5005 592 5043 e
617 4999 858 5045 veterum
893 4990 1222 5048 testimoniis
1262 5002 1523 5062 usurpata
1554 5011 1675 5064 quae
1704 4999 1773 5053 ab
1801 5000 1953 5069 obje-

386 5080 661 5135 ctionibus
690 5081 954 5138 hactenus
984 5099 1083 5154 pro
1127 5085 1331 5140 viribus
1361 5085 1780 5153 vindicavimus,
1814 5107 1954 5160 prte-

386 5179 472 5227 sto
503 5181 632 5228 sunt
660 5190 877 5243 quoque
916 5177 1122 5229 interna
1156 5176 1355 5245 quibus
1404 5177 1717 5233 earumdem
1749 5182 1953 5249 episto-

385 5264 561 5318 larum
594 5265 878 5336 integritas
914 5268 1085 5338 magis
1115 5268 1395 5339 magisque
1432 5268 1827 5338 confirmatur;
1888 5290 1951 5328 ea

453 5445 500 5478 “
529 5442 696 5499 Hebr.
720 5460 796 5509 vt,
832 5445 919 5500 18.

454 5606 531 5680 (5)
666 5606 865 5663 Euseb.
889 5609 968 5680 £1.
995 5608 1081 5671 Ε..
1108 5610 1335 5680 livan,
1362 5625 1483 5680 cap.
1521 5610 1613 5665 24.

456 5678 535 5754 (4)
552 5677 855 5754 _Wet.sten.,
888 5678 1062 5748 Epist.
1087 5680 1153 5734 ad
1173 5679 1252 5754 _ll.
1276 5677 1525 5754 Vellem,
1542 5696 1703 5754 pagg.
1744 5682 1808 5738 10
1828 5700 1944 5754 seq.

381 5755 436 5803 et
472 5748 725 5805 Biblioth.
760 5752 983 5816 raison.,
1020 5750 1215 5812 tom.l,
1252 5759 1352 5803 art.
1379 5751 1430 5816 8,
1456 5767 1511 5822 p.
1542 5751 1660 5806 563i.

2057 4546 2112 4601 in
2144 4544 2332 4600 eodem
2363 4557 2545 4611 opere,
2575 4548 2779 4611 quanto
2814 4539 2987 4611 magis
3038 4540 3094 4593 in
3143 4540 3402 4604 diversis,
3432 4544 3629 4596 iterato

2057 4638 2212 4694 citari
2240 4636 2371 4706 quid
2404 4634 2640 4688 mirum?
2670 4651 2689 4683 ι

2131 4730 2335 4784 Deinde
2384 4725 2680 4791 scribendi,
2737 4726 2983 4796 exempla
3030 4724 3085 4778 in
3130 4724 3367 4779 medium
3423 4726 3627 4795 produ-

2061 4821 2249 4884 cendi,
2286 4827 2340 4876 et
2382 4817 2743 4873 ratiocinandi
2795 4817 3118 4879 methodus,
3166 4817 3354 4872 eadem
3399 4820 3627 4873 omnino

2060 4912 2349 4980 utrobique
2378 4910 2710 4980 perhibetur.
2748 4907 2911 4963 Verbi
2969 4924 3133 4963 causa
3154 4947 3169 4973 ,
3199 4909 3253 4962 in
3283 4908 3441 4977 epist.
3480 4910 3504 4961 1
3554 4910 3627 4962 ad

2063 5003 2327 5066 Corinth.,
2352 5018 2509 5072 capp.
2541 5002 2673 5055 4-12
2701 5012 2754 5057 et
2782 5002 2909 5056 alibi
2940 5003 3140 5072 passim
3177 5020 3190 5055 :
3244 4998 3621 5067 Recurramus,

2062 5096 2259 5164 inquit,
2318 5094 2389 5147 ad
2427 5111 2602 5147 omnes
2647 5094 3024 5163 generationes.
3050 5124 3118 5133 ——
3147 5089 3302 5145 Fixis
3338 5090 3505 5145 oculis
3533 5110 3622 5148 eos

2061 5187 2381 5251 intueamur,
2404 5185 2494 5255 qui
2539 5186 2833 5254 magniﬁca:
2871 5185 2981 5253 ejus
3023 5184 3204 5253 gloria:
3242 5184 3469 5253 perfecte
3509 5201 3623 5237 ser-

2060 5278 2283 5334 vierunt.
2357 5276 2643 5334 Sumamus
2704 5276 2901 5340 Enoclt,
2958 5283 3161 5330 etc.—
3194 5273 3298 5330 Sed
3342 5285 3397 5327 ut
3448 5282 3622 5329 vetera

2130 5614 2205 5679 (ὃ)
2236 5612 2306 5665 De
2338 5611 2478 5681 Spir.
2512 5620 2707 5676 sanct.,
2744 5624 2864 5681 cap.
2892 5608 2983 5671 29,
3019 5607 3047 5680 ᾗ
3096 5606 3191 5681 79...

2127 5677 2201 5754 (6)
2234 5677 2511 5748 Coutant.,
2542 5682 2711 5751 Epist.
2735 5677 2882 5735 Rom.
2932 5677 3142 5750 pontii”
3170 5694 3291 5751 pag.
3320 5677 3444 5751 ωδ
3491 5679 3544 5736 5.
