  <div class='ocr_page' id='page_1' title='image "/cluster/home/n/w/nwhite01/storage/ocr_20150623/1 (St. Clemens; pt. 1)/nyp.33433019854052/066.png"; bbox 0 0 3870 6358; ppageno 0'>
   <div class='ocr_carea' id='block_1_1' title="bbox 211 309 2193 378">
    <p class='ocr_par' dir='ltr' id='par_1_1' title="bbox 211 309 2193 378">
     <span class='ocr_line' id='line_1_1' title="bbox 211 309 2193 378; baseline -0.007 -1"><span class='ocrx_word' id='word_1_1' title='bbox 211 320 292 378; x_wconf 80' lang='grc'><strong>117</strong></span> <span class='ocrx_word' id='word_1_2' title='bbox 1425 311 1768 371; x_wconf 71' lang='lat' dir='ltr'><strong><em>PROCEMIA</em></strong></span> <span class='ocrx_word' id='word_1_3' title='bbox 1805 309 2193 370; x_wconf 75' lang='lat' dir='ltr'><strong><em>VAHIORUM.</em></strong></span> 
     </span>
    </p>
   </div>
   <div class='ocr_carea' id='block_1_2' title="bbox 3281 312 3384 368">
    <p class='ocr_par' dir='ltr' id='par_1_2' title="bbox 3281 312 3384 368">
     <span class='ocr_line' id='line_1_2' title="bbox 3281 312 3384 368; baseline 0.01 -1"><span class='ocrx_word' id='word_1_4' title='bbox 3281 312 3384 368; x_wconf 79' lang='grc'><strong><em>118</em></strong></span> 
     </span>
    </p>
   </div>
   <div class='ocr_carea' id='block_1_3' title="bbox 204 423 3387 503">
    <p class='ocr_par' dir='ltr' id='par_1_3' title="bbox 204 423 3387 503">
     <span class='ocr_line' id='line_1_3' title="bbox 204 423 3387 503; baseline -0.003 -14"><span class='ocrx_word' id='word_1_5' title='bbox 204 433 401 503; x_wconf 68' lang='lat' dir='ltr'><strong><em>exempla</em></strong></span> <span class='ocrx_word' id='word_1_6' title='bbox 421 431 803 501; x_wconf 77' lang='lat' dir='ltr'><strong><em>relinquamus,</em></strong></span> <span class='ocrx_word' id='word_1_7' title='bbox 847 429 1114 483; x_wconf 76' lang='lat' dir='ltr'><strong><em>veniamus</em></strong></span> <span class='ocrx_word' id='word_1_8' title='bbox 1144 425 1214 480; x_wconf 89' lang='lat' dir='ltr'><strong><em>ad</em></strong></span> <span class='ocrx_word' id='word_1_9' title='bbox 1263 426 1529 496; x_wconf 68' lang='lat' dir='ltr'><strong><em>proximos</em></strong></span> <span class='ocrx_word' id='word_1_10' title='bbox 1556 425 1724 480; x_wconf 81' lang='lat' dir='ltr'><strong><em>athle-</em></strong></span> <span class='ocrx_word' id='word_1_11' title='bbox 1753 433 1799 489; x_wconf 71' lang='grc' dir='ltr'><strong>Α</strong></span> <span class='ocrx_word' id='word_1_12' title='bbox 1825 426 2038 497; x_wconf 75' lang='lat' dir='ltr'><strong><em>aliaque</em></strong></span> <span class='ocrx_word' id='word_1_13' title='bbox 2080 425 2258 495; x_wconf 91' lang='lat' dir='ltr'><strong><em>plura,</em></strong></span> <span class='ocrx_word' id='word_1_14' title='bbox 2289 438 2408 495; x_wconf 62' lang='lat' dir='ltr'><strong><em>quae</em></strong></span> <span class='ocrx_word' id='word_1_15' title='bbox 2440 424 2493 479; x_wconf 91' lang='lat' dir='ltr'><strong><em>in</em></strong></span> <span class='ocrx_word' id='word_1_16' title='bbox 2544 423 2763 480; x_wconf 77' lang='lat' dir='ltr'><strong><em>solertis</em></strong></span> <span class='ocrx_word' id='word_1_17' title='bbox 2810 423 3032 482; x_wconf 86' lang='lat' dir='ltr'><strong><em>lectoris</em></strong></span> <span class='ocrx_word' id='word_1_18' title='bbox 3072 426 3263 481; x_wconf 88' lang='lat' dir='ltr'><strong><em>oculos</em></strong></span> <span class='ocrx_word' id='word_1_19' title='bbox 3293 441 3387 497; x_wconf 83' lang='lat' dir='ltr'><strong><em>ge-</em></strong></span> 
     </span>
    </p>
   </div>
   <div class='ocr_carea' id='block_1_4' title="bbox 203 518 1720 591">
    <p class='ocr_par' dir='ltr' id='par_1_4' title="bbox 203 518 1720 591">
     <span class='ocr_line' id='line_1_4' title="bbox 203 518 1720 591; baseline -0.008 -6"><span class='ocrx_word' id='word_1_20' title='bbox 203 541 287 591; x_wconf 76' lang='lat' dir='ltr'><strong><em>tes,</em></strong></span> <span class='ocrx_word' id='word_1_21' title='bbox 319 537 363 581; x_wconf 91' lang='lat' dir='ltr'><strong><em>et</em></strong></span> <span class='ocrx_word' id='word_1_22' title='bbox 392 523 563 579; x_wconf 70' lang='lat' dir='ltr'><strong><em>siccati</em></strong></span> <span class='ocrx_word' id='word_1_23' title='bbox 595 522 769 576; x_wconf 97' lang='lat' dir='ltr'><strong><em>nostri</em></strong></span> <span class='ocrx_word' id='word_1_24' title='bbox 796 537 1048 591; x_wconf 83' lang='lat' dir='ltr'><strong><em>generosa</em></strong></span> <span class='ocrx_word' id='word_1_25' title='bbox 1082 518 1320 588; x_wconf 74' lang='lat' dir='ltr'><strong><em>exempla</em></strong></span> <span class='ocrx_word' id='word_1_26' title='bbox 1348 532 1720 587; x_wconf 72' lang='lat' dir='ltr'><strong><em>proponamus.</em></strong></span> 
     </span>
    </p>
   </div>
   <div class='ocr_carea' id='block_1_5' title="bbox 204 608 1723 680">
    <p class='ocr_par' dir='ltr' id='par_1_5' title="bbox 204 608 1723 680">
     <span class='ocr_line' id='line_1_5' title="bbox 204 608 1723 680; baseline -0.005 -6"><span class='ocrx_word' id='word_1_27' title='bbox 204 619 348 674; x_wconf 81' lang='lat' dir='ltr'><strong><em>llabes</em></strong></span> <span class='ocrx_word' id='word_1_28' title='bbox 373 624 545 669; x_wconf 83' lang='lat' dir='ltr'><strong><em>autem</em></strong></span> <span class='ocrx_word' id='word_1_29' title='bbox 576 614 854 670; x_wconf 89' lang='lat' dir='ltr'><strong><em>simillima</em></strong></span> <span class='ocrx_word' id='word_1_30' title='bbox 880 620 935 666; x_wconf 88' lang='lat' dir='ltr'><strong><em>et</em></strong></span> <span class='ocrx_word' id='word_1_31' title='bbox 972 611 1213 666; x_wconf 78' lang='lat' dir='ltr'><strong>maxime</strong></span> <span class='ocrx_word' id='word_1_32' title='bbox 1239 609 1453 680; x_wconf 86' lang='lat' dir='ltr'><strong><em>gemina</em></strong></span> <span class='ocrx_word' id='word_1_33' title='bbox 1470 609 1523 663; x_wconf 93' lang='lat' dir='ltr'><strong><em>in</em></strong></span> <span class='ocrx_word' id='word_1_34' title='bbox 1551 608 1723 677; x_wconf 88' lang='lat' dir='ltr'><strong><em>Epist.</em></strong></span> 
     </span>
    </p>
   </div>
   <div class='ocr_carea' id='block_1_6' title="bbox 200 702 1722 775">
    <p class='ocr_par' dir='ltr' id='par_1_6' title="bbox 200 702 1722 775">
     <span class='ocr_line' id='line_1_6' title="bbox 200 702 1722 775; baseline -0.007 -11"><span class='ocrx_word' id='word_1_35' title='bbox 200 711 229 764; x_wconf 76' lang='lat'><strong>2</strong></span> <span class='ocrx_word' id='word_1_36' title='bbox 293 707 351 761; x_wconf 89' lang='lat' dir='ltr'><strong><em>ad</em></strong></span> <span class='ocrx_word' id='word_1_37' title='bbox 406 706 589 775; x_wconf 84' lang='lat' dir='ltr'><strong><em>virgin.</em></strong></span> <span class='ocrx_word' id='word_1_38' title='bbox 648 720 810 774; x_wconf 82' lang='lat' dir='ltr'><strong><em>capp.</em></strong></span> <span class='ocrx_word' id='word_1_39' title='bbox 856 704 1029 759; x_wconf 68' lang='lat'><strong><em>7-15:</em></strong></span> <span class='ocrx_word' id='word_1_40' title='bbox 1082 702 1486 757; x_wconf 85' lang='lat' dir='ltr'><strong><em>Consideremus</em></strong></span> <span class='ocrx_word' id='word_1_41' title='bbox 1538 702 1722 771; x_wconf 87' lang='lat' dir='ltr'><strong><em>igitur,</em></strong></span> 
     </span>
    </p>
   </div>
   <div class='ocr_carea' id='block_1_7' title="bbox 200 792 1726 869">
    <p class='ocr_par' dir='ltr' id='par_1_7' title="bbox 200 792 1726 869">
     <span class='ocr_line' id='line_1_7' title="bbox 200 792 1726 869; baseline -0.004 -16"><span class='ocrx_word' id='word_1_42' title='bbox 200 801 380 869; x_wconf 68' lang='lat' dir='ltr'><strong><em>fratres,</em></strong></span> <span class='ocrx_word' id='word_1_43' title='bbox 401 807 446 851; x_wconf 90' lang='lat' dir='ltr'><strong><em>et</em></strong></span> <span class='ocrx_word' id='word_1_44' title='bbox 468 794 737 850; x_wconf 75' lang='lat' dir='ltr'><strong><em>videamus</em></strong></span> <span class='ocrx_word' id='word_1_45' title='bbox 754 794 1009 866; x_wconf 85' lang='lat' dir='ltr'><strong><em>quomodo</em></strong></span> <span class='ocrx_word' id='word_1_46' title='bbox 1026 794 1317 848; x_wconf 85' lang='lat' dir='ltr'><strong><em>conversati</em></strong></span> <span class='ocrx_word' id='word_1_47' title='bbox 1335 792 1527 861; x_wconf 77' lang='lat' dir='ltr'><strong><em>fuerint</em></strong></span> <span class='ocrx_word' id='word_1_48' title='bbox 1550 808 1726 847; x_wconf 81' lang='lat' dir='ltr'><strong><em>omnes</em></strong></span> 
     </span>
    </p>
   </div>
   <div class='ocr_carea' id='block_1_8' title="bbox 198 885 1729 962">
    <p class='ocr_par' dir='ltr' id='par_1_8' title="bbox 198 885 1729 962">
     <span class='ocr_line' id='line_1_8' title="bbox 198 885 1729 962; baseline -0.002 -21"><span class='ocrx_word' id='word_1_49' title='bbox 198 899 342 962; x_wconf 75' lang='lat' dir='ltr'><strong><em>patres</em></strong></span> <span class='ocrx_word' id='word_1_50' title='bbox 354 888 485 957; x_wconf 82' lang='lat' dir='ltr'><strong><em>justi</em></strong></span> <span class='ocrx_word' id='word_1_51' title='bbox 515 895 623 941; x_wconf 86' lang='lat' dir='ltr'><strong><em>toto</em></strong></span> <span class='ocrx_word' id='word_1_52' title='bbox 656 896 890 955; x_wconf 88' lang='lat' dir='ltr'><strong><em>tempore</em></strong></span> <span class='ocrx_word' id='word_1_53' title='bbox 918 886 1259 939; x_wconf 90' lang='lat' dir='ltr'><strong><em>habitationis</em></strong></span> <span class='ocrx_word' id='word_1_54' title='bbox 1288 886 1407 939; x_wconf 73' lang='lat' dir='ltr'><strong><em>vita:</em></strong></span> <span class='ocrx_word' id='word_1_55' title='bbox 1458 899 1604 940; x_wconf 70' lang='lat' dir='ltr'><strong><em>suae:</em></strong></span> <span class='ocrx_word' id='word_1_56' title='bbox 1644 885 1729 938; x_wconf 81' lang='lat' dir='ltr'><strong><em>in-</em></strong></span> 
     </span>
    </p>
   </div>
   <div class='ocr_carea' id='block_1_9' title="bbox 198 977 1731 1053">
    <p class='ocr_par' dir='ltr' id='par_1_9' title="bbox 198 977 1731 1053">
     <span class='ocr_line' id='line_1_9' title="bbox 198 977 1731 1053; baseline -0.003 -18"><span class='ocrx_word' id='word_1_57' title='bbox 198 983 429 1053; x_wconf 77' lang='lat' dir='ltr'><strong><em>quirantus</em></strong></span> <span class='ocrx_word' id='word_1_58' title='bbox 457 988 507 1035; x_wconf 91' lang='lat' dir='ltr'><strong><em>et</em></strong></span> <span class='ocrx_word' id='word_1_59' title='bbox 530 988 828 1033; x_wconf 76' lang='lat' dir='ltr'><strong><em>scrutemur</em></strong></span> <span class='ocrx_word' id='word_1_60' title='bbox 859 996 889 1031; x_wconf 92' lang='lat' dir='ltr'><strong><em>a</em></strong></span> <span class='ocrx_word' id='word_1_61' title='bbox 919 977 1050 1049; x_wconf 83' lang='lat' dir='ltr'><strong><em>Lege</em></strong></span> <span class='ocrx_word' id='word_1_62' title='bbox 1079 977 1147 1030; x_wconf 90' lang='lat' dir='ltr'><strong><em>ad</em></strong></span> <span class='ocrx_word' id='word_1_63' title='bbox 1180 977 1387 1032; x_wconf 83' lang='lat' dir='ltr'><strong><em>Novum</em></strong></span> <span class='ocrx_word' id='word_1_64' title='bbox 1426 977 1731 1032; x_wconf 81' lang='lat' dir='ltr'><strong><em>Testamen-</em></strong></span> 
     </span>
    </p>
   </div>
   <div class='ocr_carea' id='block_1_10' title="bbox 200 1070 1730 1140">
    <p class='ocr_par' dir='ltr' id='par_1_10' title="bbox 200 1070 1730 1140">
     <span class='ocr_line' id='line_1_10' title="bbox 200 1070 1730 1140; baseline -0.002 -14"><span class='ocrx_word' id='word_1_65' title='bbox 200 1084 308 1127; x_wconf 81' lang='lat' dir='ltr'><strong><em>tum.</em></strong></span> <span class='ocrx_word' id='word_1_66' title='bbox 336 1102 399 1112; x_wconf 90' lang='grc'><strong><em>--</em></strong></span> <span class='ocrx_word' id='word_1_67' title='bbox 435 1070 503 1124; x_wconf 85' lang='lat' dir='ltr'><strong><em>Et</em></strong></span> <span class='ocrx_word' id='word_1_68' title='bbox 563 1088 626 1125; x_wconf 89' lang='lat' dir='ltr'><strong><em>ne</em></strong></span> <span class='ocrx_word' id='word_1_69' title='bbox 678 1070 835 1125; x_wconf 86' lang='lat' dir='ltr'><strong><em>nimis</em></strong></span> <span class='ocrx_word' id='word_1_70' title='bbox 884 1070 1091 1140; x_wconf 87' lang='lat' dir='ltr'><strong><em>longum</em></strong></span> <span class='ocrx_word' id='word_1_71' title='bbox 1124 1070 1385 1137; x_wconf 73' lang='lat' dir='ltr'><strong><em>faciamus</em></strong></span> <span class='ocrx_word' id='word_1_72' title='bbox 1440 1086 1730 1124; x_wconf 87' lang='lat' dir='ltr'><strong><em>sermonem</em></strong></span> 
     </span>
    </p>
   </div>
   <div class='ocr_carea' id='block_1_11' title="bbox 198 1160 1731 1231">
    <p class='ocr_par' dir='ltr' id='par_1_11' title="bbox 198 1160 1731 1231">
     <span class='ocr_line' id='line_1_11' title="bbox 198 1160 1731 1231; baseline 0.001 -14"><span class='ocrx_word' id='word_1_73' title='bbox 198 1173 429 1229; x_wconf 77' lang='lat' dir='ltr'><strong><em>uestrum,</em></strong></span> <span class='ocrx_word' id='word_1_74' title='bbox 472 1161 606 1231; x_wconf 87' lang='lat' dir='ltr'><strong><em>quid</em></strong></span> <span class='ocrx_word' id='word_1_75' title='bbox 641 1162 840 1215; x_wconf 90' lang='lat' dir='ltr'><strong><em>dictum</em></strong></span> <span class='ocrx_word' id='word_1_76' title='bbox 877 1171 951 1215; x_wconf 85' lang='lat' dir='ltr'><strong><em>est</em></strong></span> <span class='ocrx_word' id='word_1_77' title='bbox 996 1160 1060 1215; x_wconf 86' lang='lat' dir='ltr'><strong><em>de</em></strong></span> <span class='ocrx_word' id='word_1_78' title='bbox 1092 1160 1316 1215; x_wconf 89' lang='lat' dir='ltr'><strong><em>Domino</em></strong></span> <span class='ocrx_word' id='word_1_79' title='bbox 1336 1160 1463 1216; x_wconf 82' lang='lat' dir='ltr'><strong><em>Jesu</em></strong></span> <span class='ocrx_word' id='word_1_80' title='bbox 1491 1161 1731 1219; x_wconf 86' lang='lat' dir='ltr'><strong><em>Christo.’</em></strong></span> 
     </span>
    </p>
   </div>
   <div class='ocr_carea' id='block_1_12' title="bbox 200 1252 1732 1322">
    <p class='ocr_par' dir='ltr' id='par_1_12' title="bbox 200 1252 1732 1322">
     <span class='ocr_line' id='line_1_12' title="bbox 200 1252 1732 1322; baseline 0 -14"><span class='ocrx_word' id='word_1_81' title='bbox 200 1253 295 1322; x_wconf 82' lang='lat' dir='ltr'><strong><em>Ipse</em></strong></span> <span class='ocrx_word' id='word_1_82' title='bbox 317 1253 562 1307; x_wconf 71' lang='lat' dir='ltr'><strong><em>Dominus</em></strong></span> <span class='ocrx_word' id='word_1_83' title='bbox 612 1270 732 1306; x_wconf 88' lang='lat' dir='ltr'><strong><em>cum</em></strong></span> <span class='ocrx_word' id='word_1_84' title='bbox 769 1252 1042 1306; x_wconf 80' lang='lat' dir='ltr'><strong><em>duodecim</em></strong></span> <span class='ocrx_word' id='word_1_85' title='bbox 1091 1252 1521 1321; x_wconf 87' lang='lat' dir='ltr'><strong><em>discipulis,etc.</em></strong></span> <span class='ocrx_word' id='word_1_86' title='bbox 1570 1252 1732 1308; x_wconf 80' lang='lat' dir='ltr'><strong><em>Scili-</em></strong></span> 
     </span>
    </p>
   </div>
   <div class='ocr_carea' id='block_1_13' title="bbox 198 1343 1729 1415">
    <p class='ocr_par' dir='ltr' id='par_1_13' title="bbox 198 1343 1729 1415">
     <span class='ocr_line' id='line_1_13' title="bbox 198 1343 1729 1415; baseline -0.001 -14"><span class='ocrx_word' id='word_1_87' title='bbox 198 1354 282 1407; x_wconf 82' lang='lat' dir='ltr'><strong><em>cet,</em></strong></span> <span class='ocrx_word' id='word_1_88' title='bbox 317 1360 426 1400; x_wconf 89' lang='lat' dir='ltr'><strong><em>mos</em></strong></span> <span class='ocrx_word' id='word_1_89' title='bbox 464 1354 589 1400; x_wconf 87' lang='lat' dir='ltr'><strong><em>erat</em></strong></span> <span class='ocrx_word' id='word_1_90' title='bbox 633 1343 934 1412; x_wconf 80' lang='lat' dir='ltr'><strong><em>Clementi,</em></strong></span> <span class='ocrx_word' id='word_1_91' title='bbox 982 1360 1265 1400; x_wconf 89' lang='lat' dir='ltr'><strong><em>sacrarum</em></strong></span> <span class='ocrx_word' id='word_1_92' title='bbox 1324 1343 1729 1415; x_wconf 87' lang='lat' dir='ltr'><strong><em>Scripturarum</em></strong></span> 
     </span>
    </p>
   </div>
   <div class='ocr_carea' id='block_1_14' title="bbox 198 1436 1731 1507">
    <p class='ocr_par' dir='ltr' id='par_1_14' title="bbox 198 1436 1731 1507">
     <span class='ocr_line' id='line_1_14' title="bbox 198 1436 1731 1507; baseline -0.001 -14"><span class='ocrx_word' id='word_1_93' title='bbox 198 1437 594 1505; x_wconf 79' lang='lat' dir='ltr'><strong><em>studiosissimo,</em></strong></span> <span class='ocrx_word' id='word_1_94' title='bbox 624 1452 693 1492; x_wconf 88' lang='lat' dir='ltr'><strong><em>ex</em></strong></span> <span class='ocrx_word' id='word_1_95' title='bbox 733 1438 1017 1507; x_wconf 92' lang='lat' dir='ltr'><strong><em>utriusque</em></strong></span> <span class='ocrx_word' id='word_1_96' title='bbox 1048 1436 1293 1493; x_wconf 76' lang='lat' dir='ltr'><strong><em>Fmderis</em></strong></span> <span class='ocrx_word' id='word_1_97' title='bbox 1324 1438 1537 1506; x_wconf 77' lang='lat' dir='ltr'><strong><em>paginis</em></strong></span> <span class='ocrx_word' id='word_1_98' title='bbox 1554 1438 1731 1507; x_wconf 88' lang='lat' dir='ltr'><strong><em>plera-</em></strong></span> 
     </span>
    </p>
   </div>
   <div class='ocr_carea' id='block_1_15' title="bbox 196 1526 1733 1599">
    <p class='ocr_par' dir='ltr' id='par_1_15' title="bbox 196 1526 1733 1599">
     <span class='ocr_line' id='line_1_15' title="bbox 196 1526 1733 1599; baseline 0 -16"><span class='ocrx_word' id='word_1_99' title='bbox 196 1544 281 1599; x_wconf 85' lang='lat' dir='ltr'><strong><em>que</em></strong></span> <span class='ocrx_word' id='word_1_100' title='bbox 305 1528 541 1598; x_wconf 86' lang='lat' dir='ltr'><strong><em>exempla</em></strong></span> <span class='ocrx_word' id='word_1_101' title='bbox 574 1526 890 1591; x_wconf 83' lang='lat' dir='ltr'><strong><em>desumere,</em></strong></span> <span class='ocrx_word' id='word_1_102' title='bbox 935 1543 1056 1598; x_wconf 71' lang='lat' dir='ltr'><strong><em>quae</em></strong></span> <span class='ocrx_word' id='word_1_103' title='bbox 1094 1528 1346 1583; x_wconf 89' lang='lat' dir='ltr'><strong><em>instituto</em></strong></span> <span class='ocrx_word' id='word_1_104' title='bbox 1372 1544 1471 1582; x_wconf 90' lang='lat' dir='ltr'><strong><em>suo</em></strong></span> <span class='ocrx_word' id='word_1_105' title='bbox 1522 1540 1733 1583; x_wconf 89' lang='lat' dir='ltr'><strong><em>summe</em></strong></span> 
     </span>
    </p>
   </div>
   <div class='ocr_carea' id='block_1_16' title="bbox 196 1621 1734 1693">
    <p class='ocr_par' dir='ltr' id='par_1_16' title="bbox 196 1621 1734 1693">
     <span class='ocr_line' id='line_1_16' title="bbox 196 1621 1734 1693; baseline -0.001 -16"><span class='ocrx_word' id='word_1_106' title='bbox 196 1623 507 1692; x_wconf 77' lang='lat' dir='ltr'><strong><em>congruentia</em></strong></span> <span class='ocrx_word' id='word_1_107' title='bbox 543 1622 921 1693; x_wconf 73' lang='lat' dir='ltr'><strong><em>perspiceret:</em></strong></span> <span class='ocrx_word' id='word_1_108' title='bbox 965 1622 1109 1690; x_wconf 88' lang='lat' dir='ltr'><strong><em>quod</em></strong></span> <span class='ocrx_word' id='word_1_109' title='bbox 1144 1621 1363 1691; x_wconf 87' lang='lat' dir='ltr'><strong><em>quidem</em></strong></span> <span class='ocrx_word' id='word_1_110' title='bbox 1406 1621 1461 1674; x_wconf 92' lang='lat' dir='ltr'><strong><em>in</em></strong></span> <span class='ocrx_word' id='word_1_111' title='bbox 1502 1629 1734 1692; x_wconf 86' lang='lat' dir='ltr'><strong><em>utroque</em></strong></span> 
     </span>
    </p>
   </div>
   <div class='ocr_carea' id='block_1_17' title="bbox 196 1710 1732 1782">
    <p class='ocr_par' dir='ltr' id='par_1_17' title="bbox 196 1710 1732 1782">
     <span class='ocr_line' id='line_1_17' title="bbox 196 1710 1732 1782; baseline 0 -16"><span class='ocrx_word' id='word_1_112' title='bbox 196 1712 521 1782; x_wconf 77' lang='lat' dir='ltr'><strong><em>Epistolarum</em></strong></span> <span class='ocrx_word' id='word_1_113' title='bbox 545 1713 689 1782; x_wconf 86' lang='lat' dir='ltr'><strong><em>pari,</em></strong></span> <span class='ocrx_word' id='word_1_114' title='bbox 728 1713 917 1768; x_wconf 90' lang='lat' dir='ltr'><strong><em>eodem</em></strong></span> <span class='ocrx_word' id='word_1_115' title='bbox 950 1711 1107 1781; x_wconf 87' lang='lat' dir='ltr'><strong><em>plane</em></strong></span> <span class='ocrx_word' id='word_1_116' title='bbox 1133 1718 1345 1774; x_wconf 88' lang='lat' dir='ltr'><strong><em>tenore,</em></strong></span> <span class='ocrx_word' id='word_1_117' title='bbox 1379 1710 1515 1767; x_wconf 80' lang='lat' dir='ltr'><strong><em>satis</em></strong></span> <span class='ocrx_word' id='word_1_118' title='bbox 1545 1718 1732 1781; x_wconf 84' lang='lat' dir='ltr'><strong><em>aperte</em></strong></span> 
     </span>
    </p>
   </div>
   <div class='ocr_carea' id='block_1_18' title="bbox 1826 519 3385 593">
    <p class='ocr_par' dir='ltr' id='par_1_18' title="bbox 1826 519 3385 593">
     <span class='ocr_line' id='line_1_18' title="bbox 1826 519 3385 593; baseline 0.001 -16"><span class='ocrx_word' id='word_1_119' title='bbox 1826 523 1973 577; x_wconf 88' lang='lat' dir='ltr'><strong><em>mina</em></strong></span> <span class='ocrx_word' id='word_1_120' title='bbox 2003 539 2229 593; x_wconf 86' lang='lat' dir='ltr'><strong><em>prorsus</em></strong></span> <span class='ocrx_word' id='word_1_121' title='bbox 2255 523 2369 578; x_wconf 83' lang='lat' dir='ltr'><strong><em>sive</em></strong></span> <span class='ocrx_word' id='word_1_122' title='bbox 2410 522 2466 576; x_wconf 91' lang='lat' dir='ltr'><strong><em>in</em></strong></span> <span class='ocrx_word' id='word_1_123' title='bbox 2510 519 2876 577; x_wconf 85' lang='lat' dir='ltr'><strong><em>Corinthiacis</em></strong></span> <span class='ocrx_word' id='word_1_124' title='bbox 2915 520 3031 579; x_wconf 87' lang='lat' dir='ltr'><strong><em>sive</em></strong></span> <span class='ocrx_word' id='word_1_125' title='bbox 3058 522 3113 576; x_wconf 93' lang='lat' dir='ltr'><strong><em>in</em></strong></span> <span class='ocrx_word' id='word_1_126' title='bbox 3146 520 3385 593; x_wconf 80' lang='lat' dir='ltr'><strong><em>Syriacis</em></strong></span> 
     </span>
    </p>
   </div>
   <div class='ocr_carea' id='block_1_19' title="bbox 1824 611 3385 683">
    <p class='ocr_par' dir='ltr' id='par_1_19' title="bbox 1824 611 3385 683">
     <span class='ocr_line' id='line_1_19' title="bbox 1824 611 3385 683; baseline 0 -16"><span class='ocrx_word' id='word_1_127' title='bbox 1824 614 2127 671; x_wconf 91' lang='lat' dir='ltr'><strong><em>incurrunt.</em></strong></span> <span class='ocrx_word' id='word_1_128' title='bbox 2150 614 2230 667; x_wconf 84' lang='lat' dir='ltr'><strong><em>Ad</em></strong></span> <span class='ocrx_word' id='word_1_129' title='bbox 2264 614 2397 677; x_wconf 71' lang='lat' dir='ltr'><strong><em>haec,</em></strong></span> <span class='ocrx_word' id='word_1_130' title='bbox 2425 629 2607 670; x_wconf 90' lang='lat' dir='ltr'><strong><em>mores</em></strong></span> <span class='ocrx_word' id='word_1_131' title='bbox 2636 629 2762 668; x_wconf 87' lang='lat' dir='ltr'><strong><em>vere</em></strong></span> <span class='ocrx_word' id='word_1_132' title='bbox 2795 612 3101 683; x_wconf 83' lang='lat' dir='ltr'><strong><em>apostolici,</em></strong></span> <span class='ocrx_word' id='word_1_133' title='bbox 3130 611 3385 683; x_wconf 78' lang='lat' dir='ltr'><strong><em>simplici-</em></strong></span> 
     </span>
    </p>
   </div>
   <div class='ocr_carea' id='block_1_20' title="bbox 1826 703 3386 775">
    <p class='ocr_par' dir='ltr' id='par_1_20' title="bbox 1826 703 3386 775">
     <span class='ocr_line' id='line_1_20' title="bbox 1826 703 3386 775; baseline 0.001 -18"><span class='ocrx_word' id='word_1_134' title='bbox 1826 712 1933 769; x_wconf 89' lang='lat' dir='ltr'><strong><em>tas,</em></strong></span> <span class='ocrx_word' id='word_1_135' title='bbox 1956 705 2240 767; x_wconf 87' lang='lat' dir='ltr'><strong><em>modestia,</em></strong></span> <span class='ocrx_word' id='word_1_136' title='bbox 2263 706 2567 775; x_wconf 78' lang='lat' dir='ltr'><strong><em>frugalitas,</em></strong></span> <span class='ocrx_word' id='word_1_137' title='bbox 2591 706 2923 775; x_wconf 76' lang='lat' dir='ltr'><strong><em>benignitas.</em></strong></span> <span class='ocrx_word' id='word_1_138' title='bbox 2948 713 3003 760; x_wconf 92' lang='lat' dir='ltr'><strong><em>et</em></strong></span> <span class='ocrx_word' id='word_1_139' title='bbox 3024 712 3240 761; x_wconf 66' lang='lat' dir='ltr'><strong><em>caetera.</em></strong></span> <span class='ocrx_word' id='word_1_140' title='bbox 3268 703 3386 759; x_wconf 88' lang='lat' dir='ltr'><strong><em>Uno</em></strong></span> 
     </span>
    </p>
   </div>
   <div class='ocr_carea' id='block_1_21' title="bbox 1824 794 3482 865">
    <p class='ocr_par' dir='ltr' id='par_1_21' title="bbox 1824 794 3482 865">
     <span class='ocr_line' id='line_1_21' title="bbox 1824 794 3482 865; baseline 0.003 -18"><span class='ocrx_word' id='word_1_141' title='bbox 1824 795 2014 857; x_wconf 89' lang='lat' dir='ltr'><strong><em>verbo,</em></strong></span> <span class='ocrx_word' id='word_1_142' title='bbox 2046 803 2333 864; x_wconf 90' lang='lat' dir='ltr'><strong><em>utrumque</em></strong></span> <span class='ocrx_word' id='word_1_143' title='bbox 2380 795 2729 864; x_wconf 87' lang='lat' dir='ltr'><strong><em>epistolarum</em></strong></span> <span class='ocrx_word' id='word_1_144' title='bbox 2768 810 2868 865; x_wconf 89' lang='lat' dir='ltr'><strong><em>par</em></strong></span> <span class='ocrx_word' id='word_1_145' title='bbox 2922 796 3100 849; x_wconf 80' lang='lat' dir='ltr'><strong><em>vivam</em></strong></span> <span class='ocrx_word' id='word_1_146' title='bbox 3142 794 3392 851; x_wconf 82' lang='lat' dir='ltr'><strong><em>Clemen-</em></strong></span> <span class='ocrx_word' id='word_1_147' title='bbox 3460 841 3482 864; x_wconf 64' lang='lat'><strong><em>,</em></strong></span> 
     </span>
    </p>
   </div>
   <div class='ocr_carea' id='block_1_22' title="bbox 1826 882 3392 955">
    <p class='ocr_par' dir='ltr' id='par_1_22' title="bbox 1826 882 3392 955">
     <span class='ocr_line' id='line_1_22' title="bbox 1826 882 3392 955; baseline 0.003 -20"><span class='ocrx_word' id='word_1_148' title='bbox 1826 882 1900 937; x_wconf 83' lang='lat' dir='ltr'><strong><em>tis</em></strong></span> <span class='ocrx_word' id='word_1_149' title='bbox 1930 883 2219 954; x_wconf 79' lang='lat' dir='ltr'><strong><em>imaginem</em></strong></span> <span class='ocrx_word' id='word_1_150' title='bbox 2251 883 2454 939; x_wconf 86' lang='lat' dir='ltr'><strong><em>referre</em></strong></span> <span class='ocrx_word' id='word_1_151' title='bbox 2475 924 2491 949; x_wconf 93' lang='lat'><strong><em>,</em></strong></span> <span class='ocrx_word' id='word_1_152' title='bbox 2521 899 2584 938; x_wconf 91' lang='lat' dir='ltr'><strong><em>ac</em></strong></span> <span class='ocrx_word' id='word_1_153' title='bbox 2616 891 2825 939; x_wconf 89' lang='lat' dir='ltr'><strong><em>tantum</em></strong></span> <span class='ocrx_word' id='word_1_154' title='bbox 2856 899 2968 939; x_wconf 88' lang='lat' dir='ltr'><strong><em>non</em></strong></span> <span class='ocrx_word' id='word_1_155' title='bbox 2999 884 3208 955; x_wconf 91' lang='lat' dir='ltr'><strong><em>spirare</em></strong></span> <span class='ocrx_word' id='word_1_156' title='bbox 3241 899 3392 939; x_wconf 71' lang='lat' dir='ltr'><strong><em>com-</em></strong></span> 
     </span>
    </p>
   </div>
   <div class='ocr_carea' id='block_1_23' title="bbox 1828 975 2055 1045">
    <p class='ocr_par' dir='ltr' id='par_1_23' title="bbox 1828 975 2055 1045">
     <span class='ocr_line' id='line_1_23' title="bbox 1828 975 2055 1045; baseline 0.009 -18"><span class='ocrx_word' id='word_1_157' title='bbox 1828 975 2055 1045; x_wconf 89' lang='lat' dir='ltr'><strong><em>peritur.</em></strong></span> 
     </span>
    </p>
   </div>
   <div class='ocr_carea' id='block_1_24' title="bbox 1897 1062 3391 1136">
    <p class='ocr_par' dir='ltr' id='par_1_24' title="bbox 1897 1062 3391 1136">
     <span class='ocr_line' id='line_1_24' title="bbox 1897 1062 3391 1136; baseline 0.003 -19"><span class='ocrx_word' id='word_1_158' title='bbox 1897 1063 2039 1120; x_wconf 80' lang='lat' dir='ltr'><strong><em>XIV.</em></strong></span> <span class='ocrx_word' id='word_1_159' title='bbox 2074 1062 2334 1134; x_wconf 88' lang='lat' dir='ltr'><strong><em>Superest</em></strong></span> <span class='ocrx_word' id='word_1_160' title='bbox 2390 1071 2451 1119; x_wconf 89' lang='lat' dir='ltr'><strong><em>ut</em></strong></span> <span class='ocrx_word' id='word_1_161' title='bbox 2486 1064 2616 1121; x_wconf 90' lang='lat' dir='ltr'><strong><em>illud</em></strong></span> <span class='ocrx_word' id='word_1_162' title='bbox 2647 1080 2867 1136; x_wconf 90' lang='lat' dir='ltr'><strong><em>quoque</em></strong></span> <span class='ocrx_word' id='word_1_163' title='bbox 2920 1066 3196 1123; x_wconf 87' lang='lat' dir='ltr'><strong><em>diluamus</em></strong></span> <span class='ocrx_word' id='word_1_164' title='bbox 3242 1067 3391 1136; x_wconf 90' lang='lat' dir='ltr'><strong><em>quod</em></strong></span> 
     </span>
    </p>
   </div>
   <div class='ocr_carea' id='block_1_25' title="bbox 1827 1154 3389 1226">
    <p class='ocr_par' dir='ltr' id='par_1_25' title="bbox 1827 1154 3389 1226">
     <span class='ocr_line' id='line_1_25' title="bbox 1827 1154 3389 1226; baseline 0.002 -17"><span class='ocrx_word' id='word_1_165' title='bbox 1827 1154 1914 1210; x_wconf 87' lang='lat' dir='ltr'><strong><em>vir</em></strong></span> <span class='ocrx_word' id='word_1_166' title='bbox 1940 1155 2191 1211; x_wconf 89' lang='lat' dir='ltr'><strong><em>eruditus</em></strong></span> <span class='ocrx_word' id='word_1_167' title='bbox 2215 1170 2358 1226; x_wconf 65' lang='lat' dir='ltr'><strong><em>saepe</em></strong></span> <span class='ocrx_word' id='word_1_168' title='bbox 2394 1155 2648 1211; x_wconf 89' lang='lat' dir='ltr'><strong><em>laudatus</em></strong></span> <span class='ocrx_word' id='word_1_169' title='bbox 2686 1156 2932 1226; x_wconf 76' lang='lat' dir='ltr'><strong><em>ingerere</em></strong></span> <span class='ocrx_word' id='word_1_170' title='bbox 2960 1156 3105 1212; x_wconf 86' lang='lat' dir='ltr'><strong><em>haud</em></strong></span> <span class='ocrx_word' id='word_1_171' title='bbox 3149 1164 3389 1212; x_wconf 90' lang='lat' dir='ltr'><strong><em>veretur.</em></strong></span> 
     </span>
    </p>
   </div>
   <div class='ocr_carea' id='block_1_26' title="bbox 1827 1244 3394 1317">
    <p class='ocr_par' dir='ltr' id='par_1_26' title="bbox 1827 1244 3394 1317">
     <span class='ocr_line' id='line_1_26' title="bbox 1827 1244 3394 1317; baseline 0 -17"><span class='ocrx_word' id='word_1_172' title='bbox 1827 1244 2113 1309; x_wconf 84' lang='lat' dir='ltr'><strong><em>Nimirum,</em></strong></span> <span class='ocrx_word' id='word_1_173' title='bbox 2146 1246 2320 1315; x_wconf 88' lang='lat' dir='ltr'><strong><em>inquit</em></strong></span> <span class='ocrx_word' id='word_1_174' title='bbox 2345 1245 2444 1317; x_wconf 88' lang='lat'><strong><em>(7),</em></strong></span> <span class='ocrx_word' id='word_1_175' title='bbox 2468 1264 2487 1296; x_wconf 74' lang='grc' dir='ltr'>ι</span> <span class='ocrx_word' id='word_1_176' title='bbox 2518 1252 2708 1300; x_wconf 90' lang='lat' dir='ltr'><strong><em>auctor</em></strong></span> <span class='ocrx_word' id='word_1_177' title='bbox 2738 1260 2798 1302; x_wconf 82' lang='lat' dir='ltr'><strong><em>se</em></strong></span> <span class='ocrx_word' id='word_1_178' title='bbox 2824 1245 2941 1317; x_wconf 90' lang='lat' dir='ltr'><strong><em>ipse</em></strong></span> <span class='ocrx_word' id='word_1_179' title='bbox 2965 1246 3267 1316; x_wconf 82' lang='lat' dir='ltr'><strong><em>virginibus</em></strong></span> <span class='ocrx_word' id='word_1_180' title='bbox 3288 1244 3394 1300; x_wconf 84' lang='lat' dir='ltr'><strong><em>fra-</em></strong></span> 
     </span>
    </p>
   </div>
   <div class='ocr_carea' id='block_1_27' title="bbox 1828 1334 3393 1405">
    <p class='ocr_par' dir='ltr' id='par_1_27' title="bbox 1828 1334 3393 1405">
     <span class='ocr_line' id='line_1_27' title="bbox 1828 1334 3393 1405; baseline 0.001 -16"><span class='ocrx_word' id='word_1_181' title='bbox 1828 1334 2006 1389; x_wconf 88' lang='lat' dir='ltr'><strong><em>tribus</em></strong></span> <span class='ocrx_word' id='word_1_182' title='bbox 2029 1334 2349 1389; x_wconf 87' lang='lat' dir='ltr'><strong><em>adnumerat</em></strong></span> <span class='ocrx_word' id='word_1_183' title='bbox 2384 1334 2486 1405; x_wconf 90' lang='lat'><strong><em>(8),</em></strong></span> <span class='ocrx_word' id='word_1_184' title='bbox 2538 1340 2593 1388; x_wconf 89' lang='lat' dir='ltr'><strong><em>et</em></strong></span> <span class='ocrx_word' id='word_1_185' title='bbox 2643 1350 2802 1390; x_wconf 90' lang='lat' dir='ltr'><strong><em>suum</em></strong></span> <span class='ocrx_word' id='word_1_186' title='bbox 2854 1336 3162 1405; x_wconf 88' lang='lat' dir='ltr'><strong><em>exemplum</em></strong></span> <span class='ocrx_word' id='word_1_187' title='bbox 3192 1335 3303 1390; x_wconf 89' lang='lat' dir='ltr'><strong><em>illis</em></strong></span> <span class='ocrx_word' id='word_1_188' title='bbox 3334 1335 3393 1391; x_wconf 89' lang='lat' dir='ltr'><strong><em>in</em></strong></span> 
     </span>
    </p>
   </div>
   <div class='ocr_carea' id='block_1_28' title="bbox 1828 1427 3394 1499">
    <p class='ocr_par' dir='ltr' id='par_1_28' title="bbox 1828 1427 3394 1499">
     <span class='ocr_line' id='line_1_28' title="bbox 1828 1427 3394 1499; baseline 0 -15"><span class='ocrx_word' id='word_1_189' title='bbox 1828 1428 1976 1484; x_wconf 92' lang='lat' dir='ltr'><strong><em>omni</em></strong></span> <span class='ocrx_word' id='word_1_190' title='bbox 2006 1429 2419 1483; x_wconf 85' lang='lat' dir='ltr'><strong><em>conversatione</em></strong></span> <span class='ocrx_word' id='word_1_191' title='bbox 2446 1427 2770 1483; x_wconf 89' lang='lat' dir='ltr'><strong><em>imitandum</em></strong></span> <span class='ocrx_word' id='word_1_192' title='bbox 2800 1427 3243 1497; x_wconf 85' lang='lat' dir='ltr'><strong><em>proponit.Quod</em></strong></span> <span class='ocrx_word' id='word_1_193' title='bbox 3272 1429 3394 1499; x_wconf 84' lang='lat' dir='ltr'><strong><em>qui-</em></strong></span> 
     </span>
    </p>
   </div>
   <div class='ocr_carea' id='block_1_29' title="bbox 1830 1520 3391 1587">
    <p class='ocr_par' dir='ltr' id='par_1_29' title="bbox 1830 1520 3391 1587">
     <span class='ocr_line' id='line_1_29' title="bbox 1830 1520 3391 1587; baseline -0.001 -10"><span class='ocrx_word' id='word_1_194' title='bbox 1830 1522 1953 1577; x_wconf 90' lang='lat' dir='ltr'><strong><em>dem</em></strong></span> <span class='ocrx_word' id='word_1_195' title='bbox 1984 1520 2189 1576; x_wconf 88' lang='lat' dir='ltr'><strong><em>factum</em></strong></span> <span class='ocrx_word' id='word_1_196' title='bbox 2222 1520 2562 1587; x_wconf 89' lang='lat' dir='ltr'><strong><em>historicum,</em></strong></span> <span class='ocrx_word' id='word_1_197' title='bbox 2611 1520 2656 1575; x_wconf 90' lang='lat' dir='ltr'><strong><em>si</em></strong></span> <span class='ocrx_word' id='word_1_198' title='bbox 2688 1534 2970 1575; x_wconf 83' lang='lat' dir='ltr'><strong><em>censorem</em></strong></span> <span class='ocrx_word' id='word_1_199' title='bbox 3007 1520 3151 1576; x_wconf 89' lang='lat' dir='ltr'><strong><em>hunc</em></strong></span> <span class='ocrx_word' id='word_1_200' title='bbox 3178 1521 3391 1586; x_wconf 86' lang='lat' dir='ltr'><strong><em>audias,</em></strong></span> 
     </span>
    </p>
   </div>
   <div class='ocr_carea' id='block_1_30' title="bbox 1832 1613 3393 1684">
    <p class='ocr_par' dir='ltr' id='par_1_30' title="bbox 1832 1613 3393 1684">
     <span class='ocr_line' id='line_1_30' title="bbox 1832 1613 3393 1684; baseline 0 -15"><span class='ocrx_word' id='word_1_201' title='bbox 1832 1630 1862 1669; x_wconf 88' lang='lat' dir='ltr'><strong><em>a</em></strong></span> <span class='ocrx_word' id='word_1_202' title='bbox 1888 1614 2184 1671; x_wconf 86' lang='lat' dir='ltr'><strong><em>Clementis</em></strong></span> <span class='ocrx_word' id='word_1_203' title='bbox 2236 1629 2473 1684; x_wconf 87' lang='lat' dir='ltr'><strong><em>persona</em></strong></span> <span class='ocrx_word' id='word_1_204' title='bbox 2512 1628 2634 1669; x_wconf 87' lang='lat' dir='ltr'><strong><em>esse</em></strong></span> <span class='ocrx_word' id='word_1_205' title='bbox 2680 1613 2894 1667; x_wconf 88' lang='lat' dir='ltr'><strong><em>videtur</em></strong></span> <span class='ocrx_word' id='word_1_206' title='bbox 2925 1614 3205 1669; x_wconf 81' lang='lat' dir='ltr'><strong><em>alienum:</em></strong></span> <span class='ocrx_word' id='word_1_207' title='bbox 3260 1616 3393 1684; x_wconf 85' lang='lat' dir='ltr'><strong><em>quin</em></strong></span> 
     </span>
    </p>
   </div>
   <div class='ocr_carea' id='block_1_31' title="bbox 1832 1704 3395 1777">
    <p class='ocr_par' dir='ltr' id='par_1_31' title="bbox 1832 1704 3395 1777">
     <span class='ocr_line' id='line_1_31' title="bbox 1832 1704 3395 1777; baseline 0.001 -15"><span class='ocrx_word' id='word_1_208' title='bbox 1832 1715 2028 1763; x_wconf 89' lang='lat' dir='ltr'><strong><em>etcum</em></strong></span> <span class='ocrx_word' id='word_1_209' title='bbox 2064 1708 2235 1777; x_wconf 89' lang='lat' dir='ltr'><strong><em>ipsius</em></strong></span> <span class='ocrx_word' id='word_1_210' title='bbox 2266 1706 2561 1761; x_wconf 89' lang='lat' dir='ltr'><strong><em>Clementis</em></strong></span> <span class='ocrx_word' id='word_1_211' title='bbox 2589 1704 2936 1761; x_wconf 88' lang='lat' dir='ltr'><strong><em>confessione</em></strong></span> <span class='ocrx_word' id='word_1_212' title='bbox 2970 1707 3274 1763; x_wconf 85' lang='lat' dir='ltr'><strong><em>consistere</em></strong></span> <span class='ocrx_word' id='word_1_213' title='bbox 3302 1723 3395 1763; x_wconf 85' lang='lat' dir='ltr'><strong><em>ne-</em></strong></span> 
     </span>
    </p>
   </div>
   <div class='ocr_carea' id='block_1_32' title="bbox 196 1791 3398 1872">
    <p class='ocr_par' dir='ltr' id='par_1_32' title="bbox 196 1791 3398 1872">
     <span class='ocr_line' id='line_1_32' title="bbox 196 1791 3398 1872; baseline 0.002 -23"><span class='ocrx_word' id='word_1_214' title='bbox 196 1802 454 1857; x_wconf 67' lang='lat' dir='ltr'><strong><em>taciiuium</em></strong></span> <span class='ocrx_word' id='word_1_215' title='bbox 483 1804 791 1860; x_wconf 72' lang='lat' dir='ltr'><strong><em>cemimus,</em></strong></span> <span class='ocrx_word' id='word_1_216' title='bbox 823 1802 887 1855; x_wconf 67' lang='lat' dir='ltr'><strong><em>Et</em></strong></span> <span class='ocrx_word' id='word_1_217' title='bbox 915 1802 1004 1856; x_wconf 80' lang='lat' dir='ltr'><strong><em>hic</em></strong></span> <span class='ocrx_word' id='word_1_218' title='bbox 1047 1817 1285 1872; x_wconf 78' lang='lat' dir='ltr'><strong><em>quoque,</em></strong></span> <span class='ocrx_word' id='word_1_219' title='bbox 1315 1808 1375 1856; x_wconf 78' lang='grc' dir='ltr'><strong><em>ιιι</em></strong></span> <span class='ocrx_word' id='word_1_220' title='bbox 1403 1817 1546 1871; x_wconf 57' lang='lat' dir='ltr'><strong><em>saepe</em></strong></span> <span class='ocrx_word' id='word_1_221' title='bbox 1574 1802 1727 1863; x_wconf 65' lang='lat' dir='ltr'><strong><em>alias,</em></strong></span> <span class='ocrx_word' id='word_1_222' title='bbox 1762 1791 1804 1847; x_wconf 84' lang='grc' dir='ltr'><strong>Β</strong></span> <span class='ocrx_word' id='word_1_223' title='bbox 1832 1798 1986 1869; x_wconf 89' lang='lat' dir='ltr'><strong><em>quit;</em></strong></span> <span class='ocrx_word' id='word_1_224' title='bbox 2020 1798 2067 1853; x_wconf 91' lang='lat' dir='ltr'><strong><em>si</em></strong></span> <span class='ocrx_word' id='word_1_225' title='bbox 2099 1813 2219 1868; x_wconf 70' lang='lat' dir='ltr'><strong><em>qua:</em></strong></span> <span class='ocrx_word' id='word_1_226' title='bbox 2247 1798 2302 1851; x_wconf 91' lang='lat' dir='ltr'><strong><em>in</em></strong></span> <span class='ocrx_word' id='word_1_227' title='bbox 2331 1797 2503 1867; x_wconf 90' lang='lat' dir='ltr'><strong><em>prima</em></strong></span> <span class='ocrx_word' id='word_1_228' title='bbox 2539 1811 2770 1867; x_wconf 87' lang='lat' dir='ltr'><strong><em>persona</em></strong></span> <span class='ocrx_word' id='word_1_229' title='bbox 2800 1799 2855 1852; x_wconf 90' lang='lat' dir='ltr'><strong><em>in</em></strong></span> <span class='ocrx_word' id='word_1_230' title='bbox 2900 1797 3129 1867; x_wconf 89' lang='lat' dir='ltr'><strong><em>epistola</em></strong></span> <span class='ocrx_word' id='word_1_231' title='bbox 3162 1798 3280 1868; x_wconf 88' lang='lat' dir='ltr'><strong><em>ejus</em></strong></span> <span class='ocrx_word' id='word_1_232' title='bbox 3328 1799 3398 1854; x_wconf 86' lang='lat' dir='ltr'><strong><em>ad</em></strong></span> 
     </span>
    </p>
   </div>
   <div class='ocr_carea' id='block_1_33' title="bbox 199 1891 1731 1961">
    <p class='ocr_par' dir='ltr' id='par_1_33' title="bbox 199 1891 1731 1961">
     <span class='ocr_line' id='line_1_33' title="bbox 199 1891 1731 1961; baseline -0.001 -16"><span class='ocrx_word' id='word_1_233' title='bbox 199 1893 408 1960; x_wconf 81' lang='lat' dir='ltr'><strong><em>apostolo</em></strong></span> <span class='ocrx_word' id='word_1_234' title='bbox 446 1891 627 1945; x_wconf 91' lang='lat' dir='ltr'><strong><em>Paulo</em></strong></span> <span class='ocrx_word' id='word_1_235' title='bbox 684 1898 1002 1947; x_wconf 89' lang='lat' dir='ltr'><strong><em>constanter</em></strong></span> <span class='ocrx_word' id='word_1_236' title='bbox 1045 1892 1316 1947; x_wconf 65' lang='lat' dir='ltr'><strong><em>adhaeret:</em></strong></span> <span class='ocrx_word' id='word_1_237' title='bbox 1368 1891 1460 1961; x_wconf 92' lang='lat' dir='ltr'><strong><em>qui</em></strong></span> <span class='ocrx_word' id='word_1_238' title='bbox 1496 1891 1731 1959; x_wconf 89' lang='lat' dir='ltr'><strong><em>primum</em></strong></span> 
     </span>
    </p>
   </div>
   <div class='ocr_carea' id='block_1_34' title="bbox 198 1982 1732 2054">
    <p class='ocr_par' dir='ltr' id='par_1_34' title="bbox 198 1982 1732 2054">
     <span class='ocr_line' id='line_1_34' title="bbox 198 1982 1732 2054; baseline 0.003 -19"><span class='ocrx_word' id='word_1_239' title='bbox 198 1983 230 2013; x_wconf 69' lang='grc' dir='ltr'>δ’</span> <span class='ocrx_word' id='word_1_240' title='bbox 274 1984 699 2054; x_wconf 84' lang='lat' dir='ltr'><strong><em>patriarcharum</em></strong></span> <span class='ocrx_word' id='word_1_241' title='bbox 748 1994 800 2039; x_wconf 91' lang='lat' dir='ltr'><strong><em>et</em></strong></span> <span class='ocrx_word' id='word_1_242' title='bbox 834 1984 1222 2054; x_wconf 81' lang='lat' dir='ltr'><strong><em>prophetarum</em></strong></span> <span class='ocrx_word' id='word_1_243' title='bbox 1278 1990 1430 2053; x_wconf 87' lang='lat' dir='ltr'><strong><em>gesta</em></strong></span> <span class='ocrx_word' id='word_1_244' title='bbox 1490 1982 1732 2039; x_wconf 66' lang='lat' dir='ltr'><strong><em>Hebraeis</em></strong></span> 
     </span>
    </p>
   </div>
   <div class='ocr_carea' id='block_1_35' title="bbox 199 2074 1736 2145">
    <p class='ocr_par' dir='ltr' id='par_1_35' title="bbox 199 2074 1736 2145">
     <span class='ocr_line' id='line_1_35' title="bbox 199 2074 1736 2145; baseline 0.003 -20"><span class='ocrx_word' id='word_1_245' title='bbox 199 2082 300 2128; x_wconf 85' lang='lat' dir='ltr'><strong><em>ante</em></strong></span> <span class='ocrx_word' id='word_1_246' title='bbox 324 2076 501 2130; x_wconf 89' lang='lat' dir='ltr'><strong><em>oculos</em></strong></span> <span class='ocrx_word' id='word_1_247' title='bbox 556 2090 796 2145; x_wconf 86' lang='lat' dir='ltr'><strong><em>ponens,</em></strong></span> <span class='ocrx_word' id='word_1_248' title='bbox 851 2091 945 2129; x_wconf 88' lang='lat' dir='ltr'><strong><em>eos</em></strong></span> <span class='ocrx_word' id='word_1_249' title='bbox 977 2075 1044 2129; x_wconf 89' lang='lat' dir='ltr'><strong><em>ad</em></strong></span> <span class='ocrx_word' id='word_1_250' title='bbox 1078 2074 1236 2129; x_wconf 85' lang='lat' dir='ltr'><strong><em>fidem</em></strong></span> <span class='ocrx_word' id='word_1_251' title='bbox 1266 2074 1603 2130; x_wconf 88' lang='lat' dir='ltr'><strong><em>retinendam</em></strong></span> <span class='ocrx_word' id='word_1_252' title='bbox 1638 2074 1736 2129; x_wconf 64' lang='lat' dir='ltr'><strong><em>ad-</em></strong></span> 
     </span>
    </p>
   </div>
   <div class='ocr_carea' id='block_1_36' title="bbox 199 2164 1733 2237">
    <p class='ocr_par' dir='ltr' id='par_1_36' title="bbox 199 2164 1733 2237">
     <span class='ocr_line' id='line_1_36' title="bbox 199 2164 1733 2237; baseline 0.001 -18"><span class='ocrx_word' id='word_1_253' title='bbox 199 2164 436 2234; x_wconf 86' lang='lat' dir='ltr'><strong><em>hortatur;</em></strong></span> <span class='ocrx_word' id='word_1_254' title='bbox 475 2166 681 2221; x_wconf 86' lang='lat' dir='ltr'><strong><em>deinde</em></strong></span> <span class='ocrx_word' id='word_1_255' title='bbox 725 2168 1024 2237; x_wconf 88' lang='lat' dir='ltr'><strong><em>propositis</em></strong></span> <span class='ocrx_word' id='word_1_256' title='bbox 1077 2166 1281 2223; x_wconf 89' lang='lat' dir='ltr'><strong><em>Christi</em></strong></span> <span class='ocrx_word' id='word_1_257' title='bbox 1321 2174 1375 2222; x_wconf 91' lang='lat' dir='ltr'><strong><em>et</em></strong></span> <span class='ocrx_word' id='word_1_258' title='bbox 1418 2172 1733 2223; x_wconf 91' lang='lat' dir='ltr'><strong><em>sanctorum</em></strong></span> 
     </span>
    </p>
   </div>
   <div class='ocr_carea' id='block_1_37' title="bbox 198 2258 1737 2329">
    <p class='ocr_par' dir='ltr' id='par_1_37' title="bbox 198 2258 1737 2329">
     <span class='ocr_line' id='line_1_37' title="bbox 198 2258 1737 2329; baseline 0.003 -19"><span class='ocrx_word' id='word_1_259' title='bbox 198 2259 438 2327; x_wconf 80' lang='lat' dir='ltr'><strong><em>exetnplis,</em></strong></span> <span class='ocrx_word' id='word_1_260' title='bbox 461 2258 528 2312; x_wconf 91' lang='lat' dir='ltr'><strong><em>ad</em></strong></span> <span class='ocrx_word' id='word_1_261' title='bbox 565 2258 884 2314; x_wconf 85' lang='lat' dir='ltr'><strong><em>tolerandas</em></strong></span> <span class='ocrx_word' id='word_1_262' title='bbox 908 2259 1194 2328; x_wconf 86' lang='lat' dir='ltr'><strong><em>passiones</em></strong></span> <span class='ocrx_word' id='word_1_263' title='bbox 1216 2298 1231 2323; x_wconf 92' lang='lat'><strong><em>,</em></strong></span> <span class='ocrx_word' id='word_1_264' title='bbox 1263 2259 1331 2313; x_wconf 92' lang='lat' dir='ltr'><strong><em>ad</em></strong></span> <span class='ocrx_word' id='word_1_265' title='bbox 1362 2274 1575 2329; x_wconf 90' lang='lat' dir='ltr'><strong><em>pacem,</em></strong></span> <span class='ocrx_word' id='word_1_266' title='bbox 1603 2274 1737 2314; x_wconf 86' lang='lat' dir='ltr'><strong><em>con-</em></strong></span> 
     </span>
    </p>
   </div>
   <div class='ocr_carea' id='block_1_38' title="bbox 198 2348 1737 2407">
    <p class='ocr_par' dir='ltr' id='par_1_38' title="bbox 198 2348 1737 2407">
     <span class='ocr_line' id='line_1_38' title="bbox 198 2348 1737 2407; baseline 0.004 -6"><span class='ocrx_word' id='word_1_267' title='bbox 198 2348 399 2402; x_wconf 84' lang='lat' dir='ltr'><strong><em>cordiam</em></strong></span> <span class='ocrx_word' id='word_1_268' title='bbox 446 2355 501 2403; x_wconf 90' lang='lat' dir='ltr'><strong><em>et</em></strong></span> <span class='ocrx_word' id='word_1_269' title='bbox 556 2352 909 2405; x_wconf 79' lang='lat' dir='ltr'><strong><em>sanctitatem</em></strong></span> <span class='ocrx_word' id='word_1_270' title='bbox 969 2350 1293 2407; x_wconf 81' lang='lat' dir='ltr'><strong><em>servandam</em></strong></span> <span class='ocrx_word' id='word_1_271' title='bbox 1342 2352 1465 2407; x_wconf 88' lang='lat' dir='ltr'><strong><em>illos</em></strong></span> <span class='ocrx_word' id='word_1_272' title='bbox 1516 2351 1737 2407; x_wconf 82' lang='lat' dir='ltr'><strong><em>allicere</em></strong></span> 
     </span>
    </p>
   </div>
   <div class='ocr_carea' id='block_1_39' title="bbox 199 2439 1737 2515">
    <p class='ocr_par' dir='ltr' id='par_1_39' title="bbox 199 2439 1737 2515">
     <span class='ocr_line' id='line_1_39' title="bbox 199 2439 1737 2515; baseline 0.001 -20"><span class='ocrx_word' id='word_1_273' title='bbox 199 2439 361 2503; x_wconf 83' lang='lat' dir='ltr'><strong><em>studet,</em></strong></span> <span class='ocrx_word' id='word_1_274' title='bbox 393 2441 465 2494; x_wconf 88' lang='lat' dir='ltr'><strong><em>ita</em></strong></span> <span class='ocrx_word' id='word_1_275' title='bbox 495 2441 723 2497; x_wconf 88' lang='lat' dir='ltr'><strong><em>demum</em></strong></span> <span class='ocrx_word' id='word_1_276' title='bbox 756 2444 1057 2498; x_wconf 89' lang='lat' dir='ltr'><strong><em>orationem</em></strong></span> <span class='ocrx_word' id='word_1_277' title='bbox 1088 2443 1422 2500; x_wconf 89' lang='lat' dir='ltr'><strong><em>concludens</em></strong></span> <span class='ocrx_word' id='word_1_278' title='bbox 1452 2461 1466 2499; x_wconf 87' lang='lat'><strong>:</strong></span> <span class='ocrx_word' id='word_1_279' title='bbox 1512 2443 1737 2515; x_wconf 81' lang='lat' dir='ltr'><strong><em>Ideoque</em></strong></span> 
     </span>
    </p>
   </div>
   <div class='ocr_carea' id='block_1_40' title="bbox 200 2534 1732 2605">
    <p class='ocr_par' dir='ltr' id='par_1_40' title="bbox 200 2534 1732 2605">
     <span class='ocr_line' id='line_1_40' title="bbox 200 2534 1732 2605; baseline 0.003 -19"><span class='ocrx_word' id='word_1_280' title='bbox 200 2541 332 2586; x_wconf 74' lang='lat' dir='ltr'><strong><em>etuas</em></strong></span> <span class='ocrx_word' id='word_1_281' title='bbox 360 2542 557 2589; x_wconf 87' lang='lat' dir='ltr'><strong><em>tantam</em></strong></span> <span class='ocrx_word' id='word_1_282' title='bbox 607 2534 851 2589; x_wconf 85' lang='lat' dir='ltr'><strong><em>habentes</em></strong></span> <span class='ocrx_word' id='word_1_283' title='bbox 909 2536 1212 2605; x_wconf 81' lang='lat' dir='ltr'><strong><em>impositam</em></strong></span> <span class='ocrx_word' id='word_1_284' title='bbox 1253 2536 1441 2590; x_wconf 90' lang='lat' dir='ltr'><strong><em>nubem</em></strong></span> <span class='ocrx_word' id='word_1_285' title='bbox 1499 2538 1732 2603; x_wconf 86' lang='lat' dir='ltr'><strong><em>testium,</em></strong></span> 
     </span>
    </p>
   </div>
   <div class='ocr_carea' id='block_1_41' title="bbox 199 2624 1735 2699">
    <p class='ocr_par' dir='ltr' id='par_1_41' title="bbox 199 2624 1735 2699">
     <span class='ocr_line' id='line_1_41' title="bbox 199 2624 1735 2699; baseline 0.003 -22"><span class='ocrx_word' id='word_1_286' title='bbox 199 2624 460 2692; x_wconf 71' lang='lat' dir='ltr'><strong><em>deponentes</em></strong></span> <span class='ocrx_word' id='word_1_287' title='bbox 491 2644 651 2681; x_wconf 88' lang='lat' dir='ltr'><strong><em>omne</em></strong></span> <span class='ocrx_word' id='word_1_288' title='bbox 679 2627 902 2697; x_wconf 88' lang='lat' dir='ltr'><strong><em>pondus,</em></strong></span> <span class='ocrx_word' id='word_1_289' title='bbox 940 2638 990 2682; x_wconf 90' lang='lat' dir='ltr'><strong><em>et</em></strong></span> <span class='ocrx_word' id='word_1_290' title='bbox 1032 2631 1379 2685; x_wconf 84' lang='lat' dir='ltr'><strong><em>circumstans</em></strong></span> <span class='ocrx_word' id='word_1_291' title='bbox 1411 2646 1504 2683; x_wconf 91' lang='lat' dir='ltr'><strong><em>nos</em></strong></span> <span class='ocrx_word' id='word_1_292' title='bbox 1554 2645 1735 2699; x_wconf 88' lang='lat' dir='ltr'><strong><em>pecca-</em></strong></span> 
     </span>
    </p>
   </div>
   <div class='ocr_carea' id='block_1_42' title="bbox 201 2721 1735 2792">
    <p class='ocr_par' dir='ltr' id='par_1_42' title="bbox 201 2721 1735 2792">
     <span class='ocr_line' id='line_1_42' title="bbox 201 2721 1735 2792; baseline 0.005 -23"><span class='ocrx_word' id='word_1_293' title='bbox 201 2726 305 2775; x_wconf 72' lang='lat' dir='ltr'><strong><em>tus.</em></strong></span> <span class='ocrx_word' id='word_1_294' title='bbox 332 2735 412 2785; x_wconf 89' lang='lat' dir='ltr'><strong><em>per</em></strong></span> <span class='ocrx_word' id='word_1_295' title='bbox 437 2721 758 2789; x_wconf 84' lang='lat' dir='ltr'><strong><em>patientiam</em></strong></span> <span class='ocrx_word' id='word_1_296' title='bbox 808 2736 1084 2777; x_wconf 89' lang='lat' dir='ltr'><strong><em>curramus</em></strong></span> <span class='ocrx_word' id='word_1_297' title='bbox 1116 2721 1184 2775; x_wconf 90' lang='lat' dir='ltr'><strong><em>ad</em></strong></span> <span class='ocrx_word' id='word_1_298' title='bbox 1230 2724 1554 2792; x_wconf 83' lang='lat' dir='ltr'><strong><em>propositum</em></strong></span> <span class='ocrx_word' id='word_1_299' title='bbox 1586 2722 1735 2778; x_wconf 88' lang='lat' dir='ltr'><strong><em>nobis</em></strong></span> 
     </span>
    </p>
   </div>
   <div class='ocr_carea' id='block_1_43' title="bbox 201 2818 439 2866">
    <p class='ocr_par' dir='ltr' id='par_1_43' title="bbox 201 2818 439 2866">
     <span class='ocr_line' id='line_1_43' title="bbox 201 2818 439 2866; baseline 0.021 -5"><span class='ocrx_word' id='word_1_300' title='bbox 201 2818 419 2863; x_wconf 80' lang='lat' dir='ltr'><strong><em>certamen</em></strong></span> <span class='ocrx_word' id='word_1_301' title='bbox 426 2853 439 2866; x_wconf 83' lang='lat'><strong><em>.</em></strong></span> 
     </span>
    </p>
   </div>
   <div class='ocr_carea' id='block_1_44' title="bbox 255 2900 1735 2976">
    <p class='ocr_par' dir='ltr' id='par_1_44' title="bbox 255 2900 1735 2976">
     <span class='ocr_line' id='line_1_44' title="bbox 255 2900 1735 2976; baseline 0.008 -22"><span class='ocrx_word' id='word_1_302' title='bbox 255 2900 414 2973; x_wconf 82' lang='lat' dir='ltr'><strong><em>Neque</em></strong></span> <span class='ocrx_word' id='word_1_303' title='bbox 448 2904 623 2959; x_wconf 83' lang='lat' dir='ltr'><strong><em>etiam</em></strong></span> <span class='ocrx_word' id='word_1_304' title='bbox 646 2903 1006 2960; x_wconf 90' lang='lat' dir='ltr'><strong><em>omittendum</em></strong></span> <span class='ocrx_word' id='word_1_305' title='bbox 1042 2913 1300 2976; x_wconf 86' lang='lat' dir='ltr'><strong><em>putamus</em></strong></span> <span class='ocrx_word' id='word_1_306' title='bbox 1343 2924 1513 2963; x_wconf 86' lang='lat' dir='ltr'><strong><em>unum</em></strong></span> <span class='ocrx_word' id='word_1_307' title='bbox 1543 2909 1629 2965; x_wconf 89' lang='lat' dir='ltr'><strong><em>vel</em></strong></span> <span class='ocrx_word' id='word_1_308' title='bbox 1656 2910 1735 2967; x_wconf 84' lang='lat' dir='ltr'><strong><em>al-</em></strong></span> 
     </span>
    </p>
   </div>
   <div class='ocr_carea' id='block_1_45' title="bbox 200 2995 1735 3071">
    <p class='ocr_par' dir='ltr' id='par_1_45' title="bbox 200 2995 1735 3071">
     <span class='ocr_line' id='line_1_45' title="bbox 200 2995 1735 3071; baseline 0.005 -23"><span class='ocrx_word' id='word_1_309' title='bbox 200 3002 341 3049; x_wconf 85' lang='lat' dir='ltr'><strong><em>terum</em></strong></span> <span class='ocrx_word' id='word_1_310' title='bbox 367 2996 481 3065; x_wconf 78' lang='lat' dir='ltr'><strong><em>styli</em></strong></span> <span class='ocrx_word' id='word_1_311' title='bbox 513 2995 810 3060; x_wconf 87' lang='lat' dir='ltr'><strong><em>indicium,</em></strong></span> <span class='ocrx_word' id='word_1_312' title='bbox 850 2997 994 3051; x_wconf 83' lang='lat' dir='ltr'><strong><em>haud</em></strong></span> <span class='ocrx_word' id='word_1_313' title='bbox 1038 2998 1257 3067; x_wconf 90' lang='lat' dir='ltr'><strong><em>quidem</em></strong></span> <span class='ocrx_word' id='word_1_314' title='bbox 1302 3000 1581 3070; x_wconf 81' lang='lat' dir='ltr'><strong><em>exiguum,</em></strong></span> <span class='ocrx_word' id='word_1_315' title='bbox 1626 3015 1735 3071; x_wconf 87' lang='lat' dir='ltr'><strong><em>quo</em></strong></span> 
     </span>
    </p>
   </div>
   <div class='ocr_carea' id='block_1_46' title="bbox 200 3085 1730 3157">
    <p class='ocr_par' dir='ltr' id='par_1_46' title="bbox 200 3085 1730 3157">
     <span class='ocr_line' id='line_1_46' title="bbox 200 3085 1730 3157; baseline 0.006 -21"><span class='ocrx_word' id='word_1_316' title='bbox 200 3085 339 3154; x_wconf 80' lang='lat' dir='ltr'><strong><em>magis</em></strong></span> <span class='ocrx_word' id='word_1_317' title='bbox 373 3085 541 3141; x_wconf 84' lang='lat' dir='ltr'><strong><em>adhuc</em></strong></span> <span class='ocrx_word' id='word_1_318' title='bbox 578 3087 636 3141; x_wconf 97' lang='lat' dir='ltr'><strong><em>id</em></strong></span> <span class='ocrx_word' id='word_1_319' title='bbox 657 3087 804 3157; x_wconf 90' lang='lat' dir='ltr'><strong><em>quod</em></strong></span> <span class='ocrx_word' id='word_1_320' title='bbox 836 3088 1200 3153; x_wconf 88' lang='lat' dir='ltr'><strong><em>intendimus,</em></strong></span> <span class='ocrx_word' id='word_1_321' title='bbox 1234 3090 1609 3145; x_wconf 83' lang='lat' dir='ltr'><strong><em>confirmatur.</em></strong></span> <span class='ocrx_word' id='word_1_322' title='bbox 1651 3090 1730 3145; x_wconf 86' lang='lat' dir='ltr'><strong><em>En</em></strong></span> 
     </span>
    </p>
   </div>
   <div class='ocr_carea' id='block_1_47' title="bbox 200 3173 1725 3253">
    <p class='ocr_par' dir='ltr' id='par_1_47' title="bbox 200 3173 1725 3253">
     <span class='ocr_line' id='line_1_47' title="bbox 200 3173 1725 3253; baseline 0.007 -26"><span class='ocrx_word' id='word_1_323' title='bbox 200 3173 304 3231; x_wconf 88' lang='lat' dir='ltr'><strong><em>illud</em></strong></span> <span class='ocrx_word' id='word_1_324' title='bbox 333 3192 391 3233; x_wconf 86' lang='lat' dir='ltr'><strong><em>ex</em></strong></span> <span class='ocrx_word' id='word_1_325' title='bbox 424 3179 595 3250; x_wconf 83' lang='lat' dir='ltr'><strong><em>epist.</em></strong></span> <span class='ocrx_word' id='word_1_326' title='bbox 636 3180 663 3235; x_wconf 83' lang='grc'><strong><em>1</em></strong></span> <span class='ocrx_word' id='word_1_327' title='bbox 703 3179 773 3235; x_wconf 81' lang='lat' dir='ltr'><strong><em>ad</em></strong></span> <span class='ocrx_word' id='word_1_328' title='bbox 814 3179 1054 3237; x_wconf 74' lang='lat' dir='ltr'><strong><em>Corinth.</em></strong></span> <span class='ocrx_word' id='word_1_329' title='bbox 1082 3196 1205 3253; x_wconf 85' lang='lat' dir='ltr'><strong><em>cap.</em></strong></span> <span class='ocrx_word' id='word_1_330' title='bbox 1238 3183 1311 3237; x_wconf 70' lang='grc' dir='ltr'><strong><em>ὃς</em></strong></span> <span class='ocrx_word' id='word_1_331' title='bbox 1350 3183 1508 3247; x_wconf 84' lang='lat' dir='ltr'><strong><em>Hinc,</em></strong></span> <span class='ocrx_word' id='word_1_332' title='bbox 1526 3183 1725 3253; x_wconf 88' lang='lat' dir='ltr'><strong><em>inquit,</em></strong></span> 
     </span>
    </p>
   </div>
   <div class='ocr_carea' id='block_1_48' title="bbox 200 3269 1724 3343">
    <p class='ocr_par' dir='ltr' id='par_1_48' title="bbox 200 3269 1724 3343">
     <span class='ocr_line' id='line_1_48' title="bbox 200 3269 1724 3343; baseline 0.007 -24"><span class='ocrx_word' id='word_1_333' title='bbox 200 3269 444 3335; x_wconf 80' lang='lat' dir='ltr'><strong><em>mlatio,</em></strong></span> <span class='ocrx_word' id='word_1_334' title='bbox 502 3272 748 3337; x_wconf 78' lang='lat' dir='ltr'><strong><em>invidia,</em></strong></span> <span class='ocrx_word' id='word_1_335' title='bbox 807 3275 1103 3339; x_wconf 82' lang='lat' dir='ltr'><strong><em>contentio,</em></strong></span> <span class='ocrx_word' id='word_1_336' title='bbox 1153 3273 1361 3339; x_wconf 81' lang='lat' dir='ltr'><strong><em>seditio,</em></strong></span> <span class='ocrx_word' id='word_1_337' title='bbox 1415 3276 1724 3343; x_wconf 87' lang='lat' dir='ltr'><strong><em>persecutio,</em></strong></span> 
     </span>
    </p>
   </div>
   <div class='ocr_carea' id='block_1_49' title="bbox 200 3361 1723 3435">
    <p class='ocr_par' dir='ltr' id='par_1_49' title="bbox 200 3361 1723 3435">
     <span class='ocr_line' id='line_1_49' title="bbox 200 3361 1723 3435; baseline 0.01 -27"><span class='ocrx_word' id='word_1_338' title='bbox 200 3361 675 3425; x_wconf 72' lang='lat' dir='ltr'><strong><em>eommotio,bellum</em></strong></span> <span class='ocrx_word' id='word_1_339' title='bbox 703 3372 753 3417; x_wconf 86' lang='lat' dir='ltr'><strong><em>et</em></strong></span> <span class='ocrx_word' id='word_1_340' title='bbox 773 3364 1047 3433; x_wconf 75' lang='lat' dir='ltr'><strong><em>captivitas</em></strong></span> <span class='ocrx_word' id='word_1_341' title='bbox 1071 3374 1376 3421; x_wconf 87' lang='lat' dir='ltr'><strong><em>manarunt.</em></strong></span> <span class='ocrx_word' id='word_1_342' title='bbox 1397 3364 1463 3419; x_wconf 86' lang='lat' dir='ltr'><strong><em>Et</em></strong></span> <span class='ocrx_word' id='word_1_343' title='bbox 1476 3379 1597 3435; x_wconf 88' lang='lat' dir='ltr'><strong><em>cap.</em></strong></span> <span class='ocrx_word' id='word_1_344' title='bbox 1616 3367 1684 3422; x_wconf 80' lang='lat'><strong>55</strong></span> <span class='ocrx_word' id='word_1_345' title='bbox 1710 3385 1723 3423; x_wconf 88' lang='lat'><strong>:</strong></span> 
     </span>
    </p>
   </div>
   <div class='ocr_carea' id='block_1_50' title="bbox 204 3444 1729 3520">
    <p class='ocr_par' dir='ltr' id='par_1_50' title="bbox 204 3444 1729 3520">
     <span class='ocr_line' id='line_1_50' title="bbox 204 3444 1729 3520; baseline 0.009 -21"><span class='ocrx_word' id='word_1_346' title='bbox 204 3444 292 3501; x_wconf 76' lang='lat' dir='ltr'><strong><em>Nos</em></strong></span> <span class='ocrx_word' id='word_1_347' title='bbox 328 3451 476 3520; x_wconf 81' lang='lat' dir='ltr'><strong><em>igitur</em></strong></span> <span class='ocrx_word' id='word_1_348' title='bbox 518 3470 735 3507; x_wconf 89' lang='lat' dir='ltr'><strong><em>summa</em></strong></span> <span class='ocrx_word' id='word_1_349' title='bbox 768 3454 941 3509; x_wconf 81' lang='lat' dir='ltr'><strong><em>studio</em></strong></span> <span class='ocrx_word' id='word_1_350' title='bbox 996 3454 1369 3509; x_wconf 87' lang='lat' dir='ltr'><strong><em>contendamus</em></strong></span> <span class='ocrx_word' id='word_1_351' title='bbox 1412 3456 1467 3509; x_wconf 91' lang='lat' dir='ltr'><strong><em>in</em></strong></span> <span class='ocrx_word' id='word_1_352' title='bbox 1514 3472 1729 3513; x_wconf 86' lang='lat' dir='ltr'><strong><em>numero</em></strong></span> 
     </span>
    </p>
   </div>
   <div class='ocr_carea' id='block_1_51' title="bbox 198 3544 1728 3615">
    <p class='ocr_par' dir='ltr' id='par_1_51' title="bbox 198 3544 1728 3615">
     <span class='ocr_line' id='line_1_51' title="bbox 198 3544 1728 3615; baseline 0.007 -23"><span class='ocrx_word' id='word_1_353' title='bbox 198 3544 561 3606; x_wconf 71' lang='lat' dir='ltr'><strong><em>exspectantium</em></strong></span> <span class='ocrx_word' id='word_1_354' title='bbox 614 3560 739 3599; x_wconf 84' lang='lat' dir='ltr'><strong><em>eum</em></strong></span> <span class='ocrx_word' id='word_1_355' title='bbox 787 3546 1021 3613; x_wconf 87' lang='lat' dir='ltr'><strong><em>reperiri.</em></strong></span> <span class='ocrx_word' id='word_1_356' title='bbox 1052 3576 1122 3587; x_wconf 89' lang='grc'><strong><em>--</em></strong></span> <span class='ocrx_word' id='word_1_357' title='bbox 1153 3545 1457 3615; x_wconf 86' lang='lat' dir='ltr'><strong><em>abjicientes</em></strong></span> <span class='ocrx_word' id='word_1_358' title='bbox 1501 3565 1534 3601; x_wconf 92' lang='lat' dir='ltr'><strong><em>a</em></strong></span> <span class='ocrx_word' id='word_1_359' title='bbox 1581 3548 1728 3602; x_wconf 89' lang='lat' dir='ltr'><strong><em>nobis</em></strong></span> 
     </span>
    </p>
   </div>
   <div class='ocr_carea' id='block_1_52' title="bbox 201 3635 1730 3707">
    <p class='ocr_par' dir='ltr' id='par_1_52' title="bbox 201 3635 1730 3707">
     <span class='ocr_line' id='line_1_52' title="bbox 201 3635 1730 3707; baseline 0.007 -23"><span class='ocrx_word' id='word_1_360' title='bbox 201 3645 364 3685; x_wconf 66' lang='lat' dir='ltr'><strong><em>meum</em></strong></span> <span class='ocrx_word' id='word_1_361' title='bbox 384 3635 708 3704; x_wconf 85' lang='lat' dir='ltr'><strong><em>injustitiam</em></strong></span> <span class='ocrx_word' id='word_1_362' title='bbox 739 3646 787 3690; x_wconf 90' lang='lat' dir='ltr'><strong><em>et</em></strong></span> <span class='ocrx_word' id='word_1_363' title='bbox 810 3638 1157 3707; x_wconf 87' lang='lat' dir='ltr'><strong><em>iniquitatem,</em></strong></span> <span class='ocrx_word' id='word_1_364' title='bbox 1184 3638 1486 3702; x_wconf 84' lang='lat' dir='ltr'><strong><em>avaritiam,</em></strong></span> <span class='ocrx_word' id='word_1_365' title='bbox 1517 3648 1730 3694; x_wconf 80' lang='lat' dir='ltr'><strong><em>conten-</em></strong></span> 
     </span>
    </p>
   </div>
   <div class='ocr_carea' id='block_1_53' title="bbox 201 3722 1732 3798">
    <p class='ocr_par' dir='ltr' id='par_1_53' title="bbox 201 3722 1732 3798">
     <span class='ocr_line' id='line_1_53' title="bbox 201 3722 1732 3798; baseline 0.007 -22"><span class='ocrx_word' id='word_1_366' title='bbox 201 3722 353 3787; x_wconf 78' lang='lat' dir='ltr'><strong><em>tiones,</em></strong></span> <span class='ocrx_word' id='word_1_367' title='bbox 386 3728 748 3798; x_wconf 86' lang='lat' dir='ltr'><strong><em>malignitates</em></strong></span> <span class='ocrx_word' id='word_1_368' title='bbox 770 3739 819 3783; x_wconf 89' lang='lat' dir='ltr'><strong><em>et</em></strong></span> <span class='ocrx_word' id='word_1_369' title='bbox 851 3729 1087 3798; x_wconf 80' lang='lat' dir='ltr'><strong><em>fraudes,</em></strong></span> <span class='ocrx_word' id='word_1_370' title='bbox 1114 3746 1362 3785; x_wconf 87' lang='lat' dir='ltr'><strong><em>susurros</em></strong></span> <span class='ocrx_word' id='word_1_371' title='bbox 1388 3740 1437 3785; x_wconf 90' lang='lat' dir='ltr'><strong><em>et</em></strong></span> <span class='ocrx_word' id='word_1_372' title='bbox 1467 3731 1732 3786; x_wconf 84' lang='lat' dir='ltr'><strong><em>obtrecta-</em></strong></span> 
     </span>
    </p>
   </div>
   <div class='ocr_carea' id='block_1_54' title="bbox 200 3814 1729 3892">
    <p class='ocr_par' dir='ltr' id='par_1_54' title="bbox 200 3814 1729 3892">
     <span class='ocr_line' id='line_1_54' title="bbox 200 3814 1729 3892; baseline 0.008 -26"><span class='ocrx_word' id='word_1_373' title='bbox 200 3814 351 3884; x_wconf 80' lang='lat' dir='ltr'><strong><em>tiones,</em></strong></span> <span class='ocrx_word' id='word_1_374' title='bbox 379 3818 550 3883; x_wconf 86' lang='lat' dir='ltr'><strong><em>odium</em></strong></span> <span class='ocrx_word' id='word_1_375' title='bbox 585 3820 713 3885; x_wconf 88' lang='lat' dir='ltr'><strong><em>Dei,</em></strong></span> <span class='ocrx_word' id='word_1_376' title='bbox 738 3821 1035 3892; x_wconf 87' lang='lat' dir='ltr'><strong><em>superbiam</em></strong></span> <span class='ocrx_word' id='word_1_377' title='bbox 1076 3832 1124 3877; x_wconf 90' lang='lat' dir='ltr'><strong><em>et</em></strong></span> <span class='ocrx_word' id='word_1_378' title='bbox 1160 3825 1580 3890; x_wconf 88' lang='lat' dir='ltr'><strong><em>ostentationem,</em></strong></span> <span class='ocrx_word' id='word_1_379' title='bbox 1612 3825 1729 3878; x_wconf 78' lang='lat' dir='ltr'><strong><em>ina-</em></strong></span> 
     </span>
    </p>
   </div>
   <div class='ocr_carea' id='block_1_55' title="bbox 198 3914 1730 3983">
    <p class='ocr_par' dir='ltr' id='par_1_55' title="bbox 198 3914 1730 3983">
     <span class='ocr_line' id='line_1_55' title="bbox 198 3914 1730 3983; baseline 0.008 -25"><span class='ocrx_word' id='word_1_380' title='bbox 198 3920 291 3958; x_wconf 66' lang='lat' dir='ltr'><strong><em>item</em></strong></span> <span class='ocrx_word' id='word_1_381' title='bbox 358 3914 573 3979; x_wconf 85' lang='lat' dir='ltr'><strong><em>gloriam</em></strong></span> <span class='ocrx_word' id='word_1_382' title='bbox 653 3922 807 3983; x_wconf 86' lang='lat' dir='ltr'><strong><em>atque</em></strong></span> <span class='ocrx_word' id='word_1_383' title='bbox 875 3931 1107 3969; x_wconf 88' lang='lat' dir='ltr'><strong><em>amorem</em></strong></span> <span class='ocrx_word' id='word_1_384' title='bbox 1192 3915 1461 3970; x_wconf 83' lang='lat' dir='ltr'><strong><em>vanitatis.</em></strong></span> <span class='ocrx_word' id='word_1_385' title='bbox 1530 3914 1730 3972; x_wconf 87' lang='lat' dir='ltr'><strong><em>Confer</em></strong></span> 
     </span>
    </p>
   </div>
   <div class='ocr_carea' id='block_1_56' title="bbox 198 3994 1725 4078">
    <p class='ocr_par' dir='ltr' id='par_1_56' title="bbox 198 3994 1725 4078">
     <span class='ocr_line' id='line_1_56' title="bbox 198 3994 1725 4078; baseline 0.011 -30"><span class='ocrx_word' id='word_1_386' title='bbox 198 3994 300 4060; x_wconf 84' lang='lat' dir='ltr'><strong><em>ista,</em></strong></span> <span class='ocrx_word' id='word_1_387' title='bbox 343 4004 385 4055; x_wconf 89' lang='lat' dir='ltr'><strong><em>si</em></strong></span> <span class='ocrx_word' id='word_1_388' title='bbox 430 4005 637 4073; x_wconf 84' lang='lat' dir='ltr'><strong><em>placet.</em></strong></span> <span class='ocrx_word' id='word_1_389' title='bbox 688 4020 811 4059; x_wconf 91' lang='lat' dir='ltr'><strong><em>cum</em></strong></span> <span class='ocrx_word' id='word_1_390' title='bbox 865 4006 948 4062; x_wconf 90' lang='lat' dir='ltr'><strong><em>his</em></strong></span> <span class='ocrx_word' id='word_1_391' title='bbox 1008 4023 1129 4077; x_wconf 59' lang='lat' dir='ltr'><strong><em>qua:</em></strong></span> <span class='ocrx_word' id='word_1_392' title='bbox 1182 4008 1437 4078; x_wconf 85' lang='lat' dir='ltr'><strong><em>leguntur</em></strong></span> <span class='ocrx_word' id='word_1_393' title='bbox 1468 4008 1522 4062; x_wconf 92' lang='lat' dir='ltr'><strong><em>in</em></strong></span> <span class='ocrx_word' id='word_1_394' title='bbox 1552 4007 1725 4078; x_wconf 88' lang='lat' dir='ltr'><strong><em>Epist.</em></strong></span> 
     </span>
    </p>
   </div>
   <div class='ocr_carea' id='block_1_57' title="bbox 197 4084 1731 4165">
    <p class='ocr_par' dir='ltr' id='par_1_57' title="bbox 197 4084 1731 4165">
     <span class='ocr_line' id='line_1_57' title="bbox 197 4084 1731 4165; baseline 0.01 -28"><span class='ocrx_word' id='word_1_395' title='bbox 197 4084 486 4161; x_wconf 75' lang='lat' dir='ltr'><strong><em>iadvirgin.</em></strong></span> <span class='ocrx_word' id='word_1_396' title='bbox 537 4110 671 4165; x_wconf 90' lang='lat' dir='ltr'><strong><em>cap.</em></strong></span> <span class='ocrx_word' id='word_1_397' title='bbox 702 4094 775 4149; x_wconf 88' lang='lat'><strong><em>8:</em></strong></span> <span class='ocrx_word' id='word_1_398' title='bbox 833 4095 935 4161; x_wconf 87' lang='lat' dir='ltr'><strong><em>Qui</em></strong></span> <span class='ocrx_word' id='word_1_399' title='bbox 965 4113 1079 4151; x_wconf 87' lang='lat' dir='ltr'><strong><em>vere</em></strong></span> <span class='ocrx_word' id='word_1_400' title='bbox 1136 4096 1313 4165; x_wconf 80' lang='lat' dir='ltr'><strong><em>ﬁdeles</em></strong></span> <span class='ocrx_word' id='word_1_401' title='bbox 1364 4107 1507 4160; x_wconf 89' lang='lat' dir='ltr'><strong><em>sunt,</em></strong></span> <span class='ocrx_word' id='word_1_402' title='bbox 1558 4098 1653 4161; x_wconf 88' lang='lat' dir='ltr'><strong><em>ait,</em></strong></span> <span class='ocrx_word' id='word_1_403' title='bbox 1681 4108 1731 4153; x_wconf 89' lang='lat' dir='ltr'><strong><em>et</em></strong></span> 
     </span>
    </p>
   </div>
   <div class='ocr_carea' id='block_1_58' title="bbox 198 4177 1730 4254">
    <p class='ocr_par' dir='ltr' id='par_1_58' title="bbox 198 4177 1730 4254">
     <span class='ocr_line' id='line_1_58' title="bbox 198 4177 1730 4254; baseline 0.007 -24"><span class='ocrx_word' id='word_1_404' title='bbox 198 4177 377 4242; x_wconf 75' lang='lat' dir='ltr'><strong><em>spiritus</em></strong></span> <span class='ocrx_word' id='word_1_405' title='bbox 407 4179 604 4236; x_wconf 85' lang='lat' dir='ltr'><strong><em>Christi</em></strong></span> <span class='ocrx_word' id='word_1_406' title='bbox 667 4181 870 4236; x_wconf 86' lang='lat' dir='ltr'><strong><em>habitat</em></strong></span> <span class='ocrx_word' id='word_1_407' title='bbox 902 4185 956 4237; x_wconf 89' lang='lat' dir='ltr'><strong><em>in</em></strong></span> <span class='ocrx_word' id='word_1_408' title='bbox 988 4186 1138 4254; x_wconf 83' lang='lat' dir='ltr'><strong><em>ipsis,</em></strong></span> <span class='ocrx_word' id='word_1_409' title='bbox 1194 4186 1248 4240; x_wconf 89' lang='lat' dir='ltr'><strong><em>in</em></strong></span> <span class='ocrx_word' id='word_1_410' title='bbox 1292 4186 1399 4240; x_wconf 86' lang='lat' dir='ltr'><strong><em>illis</em></strong></span> <span class='ocrx_word' id='word_1_411' title='bbox 1430 4203 1533 4240; x_wconf 88' lang='lat' dir='ltr'><strong><em>non</em></strong></span> <span class='ocrx_word' id='word_1_412' title='bbox 1562 4196 1730 4254; x_wconf 77' lang='lat' dir='ltr'><strong><em>potest</em></strong></span> 
     </span>
    </p>
   </div>
   <div class='ocr_carea' id='block_1_59' title="bbox 198 4262 1727 4347">
    <p class='ocr_par' dir='ltr' id='par_1_59' title="bbox 198 4262 1727 4347">
     <span class='ocr_line' id='line_1_59' title="bbox 198 4262 1727 4347; baseline 0.009 -30"><span class='ocrx_word' id='word_1_413' title='bbox 198 4280 284 4320; x_wconf 83' lang='lat' dir='ltr'><strong><em>esse</em></strong></span> <span class='ocrx_word' id='word_1_414' title='bbox 311 4274 542 4339; x_wconf 81' lang='lat' dir='ltr'><strong><em>cogitatio</em></strong></span> <span class='ocrx_word' id='word_1_415' title='bbox 572 4262 759 4329; x_wconf 84' lang='lat' dir='ltr'><strong><em>carnis</em></strong></span> <span class='ocrx_word' id='word_1_416' title='bbox 786 4291 804 4338; x_wconf 89' lang='lat'><strong><em>;</em></strong></span> <span class='ocrx_word' id='word_1_417' title='bbox 827 4293 942 4346; x_wconf 75' lang='lat' dir='ltr'><strong><em>qua:</em></strong></span> <span class='ocrx_word' id='word_1_418' title='bbox 962 4286 1040 4332; x_wconf 83' lang='lat' dir='ltr'><strong><em>est</em></strong></span> <span class='ocrx_word' id='word_1_419' title='bbox 1070 4279 1347 4342; x_wconf 85' lang='lat' dir='ltr'><strong><em>scortatio,</em></strong></span> <span class='ocrx_word' id='word_1_420' title='bbox 1375 4278 1727 4347; x_wconf 87' lang='lat' dir='ltr'><strong><em>impudicitia,</em></strong></span> 
     </span>
    </p>
   </div>
   <div class='ocr_carea' id='block_1_60' title="bbox 199 4357 1729 4437">
    <p class='ocr_par' dir='ltr' id='par_1_60' title="bbox 199 4357 1729 4437">
     <span class='ocr_line' id='line_1_60' title="bbox 199 4357 1729 4437; baseline 0.008 -28"><span class='ocrx_word' id='word_1_421' title='bbox 199 4357 455 4427; x_wconf 78' lang='lat' dir='ltr'><strong><em>impuritas,</em></strong></span> <span class='ocrx_word' id='word_1_422' title='bbox 507 4366 849 4430; x_wconf 83' lang='lat' dir='ltr'><strong><em>idololatria,</em></strong></span> <span class='ocrx_word' id='word_1_423' title='bbox 896 4369 1219 4437; x_wconf 83' lang='lat' dir='ltr'><strong><em>veneﬁcium,</em></strong></span> <span class='ocrx_word' id='word_1_424' title='bbox 1252 4369 1556 4434; x_wconf 87' lang='lat' dir='ltr'><strong><em>inimicitia,</em></strong></span> <span class='ocrx_word' id='word_1_425' title='bbox 1595 4369 1729 4424; x_wconf 76' lang='lat' dir='ltr'><strong><em>invi-</em></strong></span> 
     </span>
    </p>
   </div>
   <div class='ocr_carea' id='block_1_61' title="bbox 1832 1890 3397 1962">
    <p class='ocr_par' dir='ltr' id='par_1_61' title="bbox 1832 1890 3397 1962">
     <span class='ocr_line' id='line_1_61' title="bbox 1832 1890 3397 1962; baseline 0 -17"><span class='ocrx_word' id='word_1_426' title='bbox 1832 1890 2143 1946; x_wconf 88' lang='lat' dir='ltr'><strong><em>Corinthios</em></strong></span> <span class='ocrx_word' id='word_1_427' title='bbox 2170 1890 2487 1950; x_wconf 68' lang='lat' dir='ltr'><strong><em>efferuntur.</em></strong></span> <span class='ocrx_word' id='word_1_428' title='bbox 2518 1890 2583 1944; x_wconf 91' lang='lat' dir='ltr'><strong><em>ad</em></strong></span> <span class='ocrx_word' id='word_1_429' title='bbox 2637 1890 2813 1962; x_wconf 90' lang='lat' dir='ltr'><strong><em>ipsum</em></strong></span> <span class='ocrx_word' id='word_1_430' title='bbox 2837 1904 3053 1961; x_wconf 88' lang='lat' dir='ltr'><strong><em>quoque</em></strong></span> <span class='ocrx_word' id='word_1_431' title='bbox 3082 1890 3306 1956; x_wconf 86' lang='lat' dir='ltr'><strong><em>referre,</em></strong></span> <span class='ocrx_word' id='word_1_432' title='bbox 3336 1898 3397 1947; x_wconf 90' lang='lat' dir='ltr'><strong><em>ut</em></strong></span> 
     </span>
    </p>
   </div>
   <div class='ocr_carea' id='block_1_62' title="bbox 1833 1981 3400 2054">
    <p class='ocr_par' dir='ltr' id='par_1_62' title="bbox 1833 1981 3400 2054">
     <span class='ocr_line' id='line_1_62' title="bbox 1833 1981 3400 2054; baseline 0.003 -19"><span class='ocrx_word' id='word_1_433' title='bbox 1833 1990 2047 2053; x_wconf 84' lang='lat' dir='ltr'><strong><em>oportet</em></strong></span> <span class='ocrx_word' id='word_1_434' title='bbox 2077 1983 2124 2038; x_wconf 89' lang='lat' dir='ltr'><strong><em>si</em></strong></span> <span class='ocrx_word' id='word_1_435' title='bbox 2155 1983 2288 2037; x_wconf 92' lang='lat' dir='ltr'><strong><em>nihil</em></strong></span> <span class='ocrx_word' id='word_1_436' title='bbox 2322 1984 2523 2047; x_wconf 80' lang='lat' dir='ltr'><strong><em>obstet,</em></strong></span> <span class='ocrx_word' id='word_1_437' title='bbox 2555 1983 2733 2037; x_wconf 91' lang='lat' dir='ltr'><strong><em>liceat.</em></strong></span> <span class='ocrx_word' id='word_1_438' title='bbox 2762 1981 3029 2054; x_wconf 90' lang='lat' dir='ltr'><strong><em>Loquitur</em></strong></span> <span class='ocrx_word' id='word_1_439' title='bbox 3048 1994 3245 2049; x_wconf 88' lang='lat' dir='ltr'><strong><em>autem,</em></strong></span> <span class='ocrx_word' id='word_1_440' title='bbox 3267 1985 3400 2041; x_wconf 82' lang='lat' dir='ltr'><strong><em>sub-</em></strong></span> 
     </span>
    </p>
   </div>
   <div class='ocr_carea' id='block_1_63' title="bbox 1834 2070 3398 2137">
    <p class='ocr_par' dir='ltr' id='par_1_63' title="bbox 1834 2070 3398 2137">
     <span class='ocr_line' id='line_1_63' title="bbox 1834 2070 3398 2137; baseline -0.003 -8"><span class='ocrx_word' id='word_1_441' title='bbox 1834 2072 1915 2129; x_wconf 93' lang='lat' dir='ltr'><strong><em>dit</em></strong></span> <span class='ocrx_word' id='word_1_442' title='bbox 1946 2074 2030 2126; x_wconf 87' lang='lat' dir='ltr'><strong><em>vir</em></strong></span> <span class='ocrx_word' id='word_1_443' title='bbox 2048 2073 2292 2137; x_wconf 90' lang='lat' dir='ltr'><strong><em>criticus,</em></strong></span> <span class='ocrx_word' id='word_1_444' title='bbox 2324 2072 2387 2127; x_wconf 86' lang='lat' dir='ltr'><strong><em>de</em></strong></span> <span class='ocrx_word' id='word_1_445' title='bbox 2413 2070 2665 2127; x_wconf 73' lang='lat' dir='ltr'><strong><em>uxoribus</em></strong></span> <span class='ocrx_word' id='word_1_446' title='bbox 2704 2080 2754 2126; x_wconf 90' lang='lat' dir='ltr'><strong><em>et</em></strong></span> <span class='ocrx_word' id='word_1_447' title='bbox 2785 2072 2964 2127; x_wconf 87' lang='lat' dir='ltr'><strong><em>liberis</em></strong></span> <span class='ocrx_word' id='word_1_448' title='bbox 3011 2072 3229 2137; x_wconf 85' lang='lat' dir='ltr'><strong><em>nostris,</em></strong></span> <span class='ocrx_word' id='word_1_449' title='bbox 3272 2086 3398 2126; x_wconf 90' lang='lat' dir='ltr'><strong><em>cum</em></strong></span> 
     </span>
    </p>
   </div>
   <div class='ocr_carea' id='block_1_64' title="bbox 1834 2163 3399 2235">
    <p class='ocr_par' dir='ltr' id='par_1_64' title="bbox 1834 2163 3399 2235">
     <span class='ocr_line' id='line_1_64' title="bbox 1834 2163 3399 2235; baseline -0.001 -16"><span class='ocrx_word' id='word_1_450' title='bbox 1834 2163 1967 2219; x_wconf 90' lang='lat' dir='ltr'><strong><em>dicit</em></strong></span> <span class='ocrx_word' id='word_1_451' title='bbox 2000 2164 2117 2235; x_wconf 90' lang='lat'><strong><em>(9):</em></strong></span> <span class='ocrx_word' id='word_1_452' title='bbox 2179 2164 2377 2219; x_wconf 73' lang='lat' dir='ltr'><strong><em>Uxores</em></strong></span> <span class='ocrx_word' id='word_1_453' title='bbox 2431 2173 2641 2218; x_wconf 91' lang='lat' dir='ltr'><strong><em>nostras</em></strong></span> <span class='ocrx_word' id='word_1_454' title='bbox 2690 2163 2775 2217; x_wconf 70' lang='lat' dir='ltr'><strong><em>iad</em></strong></span> <span class='ocrx_word' id='word_1_455' title='bbox 2807 2164 2861 2218; x_wconf 83' lang='lat' dir='ltr'><strong><em>id</em></strong></span> <span class='ocrx_word' id='word_1_456' title='bbox 2913 2163 3052 2235; x_wconf 77' lang='lat' dir='ltr'><strong><em>quod</em></strong></span> <span class='ocrx_word' id='word_1_457' title='bbox 3092 2163 3283 2219; x_wconf 86' lang='lat' dir='ltr'><strong><em>bonum</em></strong></span> <span class='ocrx_word' id='word_1_458' title='bbox 3318 2173 3399 2219; x_wconf 90' lang='lat' dir='ltr'><strong><em>est</em></strong></span> 
     </span>
    </p>
   </div>
   <div class='ocr_carea' id='block_1_65' title="bbox 1833 2254 3400 2327">
    <p class='ocr_par' dir='ltr' id='par_1_65' title="bbox 1833 2254 3400 2327">
     <span class='ocr_line' id='line_1_65' title="bbox 1833 2254 3400 2327; baseline -0.001 -16"><span class='ocrx_word' id='word_1_459' title='bbox 1833 2257 2192 2327; x_wconf 86' lang='lat' dir='ltr'><strong><em>corrigamus;</em></strong></span> <span class='ocrx_word' id='word_1_460' title='bbox 2227 2287 2301 2297; x_wconf 89' lang='lat'><strong><em>—</em></strong></span> <span class='ocrx_word' id='word_1_461' title='bbox 2324 2256 2473 2311; x_wconf 86' lang='lat' dir='ltr'><strong><em>liberi</em></strong></span> <span class='ocrx_word' id='word_1_462' title='bbox 2501 2258 2670 2311; x_wconf 89' lang='lat' dir='ltr'><strong><em>nostri</em></strong></span> <span class='ocrx_word' id='word_1_463' title='bbox 2701 2256 2995 2326; x_wconf 66' lang='lat' dir='ltr'><strong><em>discipline</em></strong></span> <span class='ocrx_word' id='word_1_464' title='bbox 3044 2254 3245 2311; x_wconf 87' lang='lat' dir='ltr'><strong><em>Christi</em></strong></span> <span class='ocrx_word' id='word_1_465' title='bbox 3274 2269 3400 2325; x_wconf 83' lang='lat' dir='ltr'><strong><em>par-</em></strong></span> 
     </span>
    </p>
   </div>
   <div class='ocr_carea' id='block_1_66' title="bbox 1836 2345 3398 2415">
    <p class='ocr_par' dir='ltr' id='par_1_66' title="bbox 1836 2345 3398 2415">
     <span class='ocr_line' id='line_1_66' title="bbox 1836 2345 3398 2415; baseline 0 -16"><span class='ocrx_word' id='word_1_466' title='bbox 1836 2347 2011 2415; x_wconf 83' lang='lat' dir='ltr'><strong><em>ticipes</em></strong></span> <span class='ocrx_word' id='word_1_467' title='bbox 2040 2346 2165 2410; x_wconf 83' lang='lat' dir='ltr'><strong><em>sint,</em></strong></span> <span class='ocrx_word' id='word_1_468' title='bbox 2196 2354 2303 2401; x_wconf 91' lang='lat' dir='ltr'><strong><em>etc.</em></strong></span> <span class='ocrx_word' id='word_1_469' title='bbox 2334 2347 2434 2402; x_wconf 88' lang='lat' dir='ltr'><strong><em>Cui</em></strong></span> <span class='ocrx_word' id='word_1_470' title='bbox 2466 2346 2673 2412; x_wconf 88' lang='lat' dir='ltr'><strong><em>nescio,</em></strong></span> <span class='ocrx_word' id='word_1_471' title='bbox 2708 2345 2926 2400; x_wconf 88' lang='lat' dir='ltr'><strong><em>tandem</em></strong></span> <span class='ocrx_word' id='word_1_472' title='bbox 2950 2345 3249 2410; x_wconf 90' lang='lat' dir='ltr'><strong><em>concludit,</em></strong></span> <span class='ocrx_word' id='word_1_473' title='bbox 3267 2358 3398 2399; x_wconf 89' lang='lat' dir='ltr'><strong><em>num</em></strong></span> 
     </span>
    </p>
   </div>
   <div class='ocr_carea' id='block_1_67' title="bbox 1834 2436 3400 2509">
    <p class='ocr_par' dir='ltr' id='par_1_67' title="bbox 1834 2436 3400 2509">
     <span class='ocr_line' id='line_1_67' title="bbox 1834 2436 3400 2509; baseline -0.001 -18"><span class='ocrx_word' id='word_1_474' title='bbox 1834 2438 1966 2508; x_wconf 88' lang='lat' dir='ltr'><strong><em>quid</em></strong></span> <span class='ocrx_word' id='word_1_475' title='bbox 2014 2438 2230 2493; x_wconf 91' lang='lat' dir='ltr'><strong><em>roboris</em></strong></span> <span class='ocrx_word' id='word_1_476' title='bbox 2284 2436 2489 2502; x_wconf 86' lang='lat' dir='ltr'><strong><em>addat,</em></strong></span> <span class='ocrx_word' id='word_1_477' title='bbox 2547 2437 2692 2509; x_wconf 90' lang='lat' dir='ltr'><strong><em>quod</em></strong></span> <span class='ocrx_word' id='word_1_478' title='bbox 2749 2437 3014 2493; x_wconf 90' lang='lat' dir='ltr'><strong><em>Clementi</em></strong></span> <span class='ocrx_word' id='word_1_479' title='bbox 3072 2437 3400 2509; x_wconf 75' lang='lat' dir='ltr'><strong><em>adiungatur</em></strong></span> 
     </span>
    </p>
   </div>
   <div class='ocr_carea' id='block_1_68' title="bbox 1835 2525 3397 2601">
    <p class='ocr_par' dir='ltr' id='par_1_68' title="bbox 1835 2525 3397 2601">
     <span class='ocr_line' id='line_1_68' title="bbox 1835 2525 3397 2601; baseline -0.003 -16"><span class='ocrx_word' id='word_1_480' title='bbox 1835 2528 2037 2600; x_wconf 87' lang='lat' dir='ltr'><strong><em>Grapte</em></strong></span> <span class='ocrx_word' id='word_1_481' title='bbox 2067 2530 2210 2600; x_wconf 90' lang='lat' dir='ltr'><strong><em>apud</em></strong></span> <span class='ocrx_word' id='word_1_482' title='bbox 2240 2530 2492 2586; x_wconf 89' lang='lat' dir='ltr'><strong><em>Hermam</em></strong></span> <span class='ocrx_word' id='word_1_483' title='bbox 2540 2529 2675 2601; x_wconf 86' lang='lat' dir='ltr'><strong><em>(l0).</em></strong></span> <span class='ocrx_word' id='word_1_484' title='bbox 2706 2526 2877 2598; x_wconf 79' lang='lat' dir='ltr'><strong><em>Cujus</em></strong></span> <span class='ocrx_word' id='word_1_485' title='bbox 2914 2528 2995 2584; x_wconf 89' lang='lat' dir='ltr'><strong><em>rei</em></strong></span> <span class='ocrx_word' id='word_1_486' title='bbox 3024 2528 3216 2585; x_wconf 88' lang='lat' dir='ltr'><strong><em>melior</em></strong></span> <span class='ocrx_word' id='word_1_487' title='bbox 3242 2525 3397 2584; x_wconf 85' lang='lat' dir='ltr'><strong><em>reddi</em></strong></span> 
     </span>
    </p>
   </div>
   <div class='ocr_carea' id='block_1_69' title="bbox 1834 2617 3400 2692">
    <p class='ocr_par' dir='ltr' id='par_1_69' title="bbox 1834 2617 3400 2692">
     <span class='ocr_line' id='line_1_69' title="bbox 1834 2617 3400 2692; baseline 0 -17"><span class='ocrx_word' id='word_1_488' title='bbox 1834 2622 1925 2676; x_wconf 88' lang='lat' dir='ltr'><strong><em>vix</em></strong></span> <span class='ocrx_word' id='word_1_489' title='bbox 1960 2637 2121 2692; x_wconf 90' lang='lat' dir='ltr'><strong><em>posse</em></strong></span> <span class='ocrx_word' id='word_1_490' title='bbox 2144 2622 2359 2677; x_wconf 87' lang='lat' dir='ltr'><strong><em>videtur</em></strong></span> <span class='ocrx_word' id='word_1_491' title='bbox 2389 2622 2547 2685; x_wconf 88' lang='lat' dir='ltr'><strong><em>ratio,</em></strong></span> <span class='ocrx_word' id='word_1_492' title='bbox 2589 2634 2753 2690; x_wconf 89' lang='lat' dir='ltr'><strong><em>quam</em></strong></span> <span class='ocrx_word' id='word_1_493' title='bbox 2802 2619 2949 2690; x_wconf 82' lang='lat' dir='ltr'><strong><em>quod</em></strong></span> <span class='ocrx_word' id='word_1_494' title='bbox 2996 2617 3189 2688; x_wconf 85' lang='lat' dir='ltr'><strong><em>Grapte</em></strong></span> <span class='ocrx_word' id='word_1_495' title='bbox 3235 2618 3400 2675; x_wconf 86' lang='lat' dir='ltr'><strong><em>fuerit</em></strong></span> 
     </span>
    </p>
   </div>
   <div class='ocr_carea' id='block_1_70' title="bbox 1834 2707 3401 2767">
    <p class='ocr_par' dir='ltr' id='par_1_70' title="bbox 1834 2707 3401 2767">
     <span class='ocr_line' id='line_1_70' title="bbox 1834 2707 3401 2767; baseline -0.001 -1"><span class='ocrx_word' id='word_1_496' title='bbox 1834 2708 2123 2766; x_wconf 87' lang='lat' dir='ltr'><strong><em>Clementis</em></strong></span> <span class='ocrx_word' id='word_1_497' title='bbox 2154 2726 2344 2767; x_wconf 65' lang='lat' dir='ltr'><strong><em>uror.»</em></strong></span> <span class='ocrx_word' id='word_1_498' title='bbox 2384 2710 2662 2766; x_wconf 85' lang='lat' dir='ltr'><strong><em>Hactenus</em></strong></span> <span class='ocrx_word' id='word_1_499' title='bbox 2719 2709 2969 2765; x_wconf 89' lang='lat' dir='ltr'><strong><em>eruditus</em></strong></span> <span class='ocrx_word' id='word_1_500' title='bbox 3018 2707 3300 2765; x_wconf 75' lang='lat' dir='ltr'><strong><em>Venema:</em></strong></span> <span class='ocrx_word' id='word_1_501' title='bbox 3345 2718 3401 2765; x_wconf 88' lang='lat' dir='ltr'><strong><em>et</em></strong></span> 
     </span>
    </p>
   </div>
   <div class='ocr_carea' id='block_1_71' title="bbox 1834 2803 2517 2874">
    <p class='ocr_par' dir='ltr' id='par_1_71' title="bbox 1834 2803 2517 2874">
     <span class='ocr_line' id='line_1_71' title="bbox 1834 2803 2517 2874; baseline 0.003 -16"><span class='ocrx_word' id='word_1_502' title='bbox 1834 2803 2054 2874; x_wconf 86' lang='lat' dir='ltr'><strong><em>quidem</em></strong></span> <span class='ocrx_word' id='word_1_503' title='bbox 2092 2805 2227 2861; x_wconf 86' lang='lat' dir='ltr'><strong><em>satis</em></strong></span> <span class='ocrx_word' id='word_1_504' title='bbox 2253 2804 2413 2861; x_wconf 88' lang='lat' dir='ltr'><strong><em>belle.</em></strong></span> <span class='ocrx_word' id='word_1_505' title='bbox 2512 2804 2517 2811; x_wconf 81' lang='grc'><em>”</em></span> 
     </span>
    </p>
   </div>
   <div class='ocr_carea' id='block_1_72' title="bbox 1904 2894 3399 2969">
    <p class='ocr_par' dir='ltr' id='par_1_72' title="bbox 1904 2894 3399 2969">
     <span class='ocr_line' id='line_1_72' title="bbox 1904 2894 3399 2969; baseline -0.001 -18"><span class='ocrx_word' id='word_1_506' title='bbox 1904 2896 2079 2952; x_wconf 88' lang='lat' dir='ltr'><strong><em>Nolim</em></strong></span> <span class='ocrx_word' id='word_1_507' title='bbox 2123 2899 2374 2969; x_wconf 89' lang='lat' dir='ltr'><strong><em>equidem</em></strong></span> <span class='ocrx_word' id='word_1_508' title='bbox 2403 2897 2585 2953; x_wconf 89' lang='lat' dir='ltr'><strong><em>virum</em></strong></span> <span class='ocrx_word' id='word_1_509' title='bbox 2612 2900 2747 2952; x_wconf 88' lang='lat' dir='ltr'><strong><em>clar.</em></strong></span> <span class='ocrx_word' id='word_1_510' title='bbox 2778 2898 2833 2954; x_wconf 90' lang='lat' dir='ltr'><strong><em>in</em></strong></span> <span class='ocrx_word' id='word_1_511' title='bbox 2889 2896 3197 2953; x_wconf 68' lang='lat' dir='ltr'><strong><em>cmlibatum</em></strong></span> <span class='ocrx_word' id='word_1_512' title='bbox 3224 2894 3399 2951; x_wconf 58' lang='lat' dir='ltr'><strong><em>eccle.</em></strong></span> 
     </span>
    </p>
   </div>
   <div class='ocr_carea' id='block_1_73' title="bbox 1836 2986 3402 3061">
    <p class='ocr_par' dir='ltr' id='par_1_73' title="bbox 1836 2986 3402 3061">
     <span class='ocr_line' id='line_1_73' title="bbox 1836 2986 3402 3061; baseline -0.003 -14"><span class='ocrx_word' id='word_1_513' title='bbox 1836 2990 2120 3047; x_wconf 87' lang='lat' dir='ltr'><strong><em>siasticum</em></strong></span> <span class='ocrx_word' id='word_1_514' title='bbox 2153 2991 2400 3061; x_wconf 89' lang='lat' dir='ltr'><strong><em>iniquum</em></strong></span> <span class='ocrx_word' id='word_1_515' title='bbox 2433 2990 2725 3061; x_wconf 87' lang='lat' dir='ltr'><strong><em>suspicari.</em></strong></span> <span class='ocrx_word' id='word_1_516' title='bbox 2778 2989 2847 3043; x_wconf 80' lang='lat' dir='ltr'><strong><em>At</em></strong></span> <span class='ocrx_word' id='word_1_517' title='bbox 2896 2988 3031 3043; x_wconf 89' lang='lat' dir='ltr'><strong><em>illud</em></strong></span> <span class='ocrx_word' id='word_1_518' title='bbox 3061 2987 3166 3058; x_wconf 90' lang='lat' dir='ltr'><strong><em>ipsi</em></strong></span> <span class='ocrx_word' id='word_1_519' title='bbox 3195 2986 3402 3044; x_wconf 88' lang='lat' dir='ltr'><strong><em>condo-</em></strong></span> 
     </span>
    </p>
   </div>
   <div class='ocr_carea' id='block_1_74' title="bbox 1834 3081 3399 3154">
    <p class='ocr_par' dir='ltr' id='par_1_74' title="bbox 1834 3081 3399 3154">
     <span class='ocr_line' id='line_1_74' title="bbox 1834 3081 3399 3154; baseline -0.002 -16"><span class='ocrx_word' id='word_1_520' title='bbox 1834 3086 2074 3139; x_wconf 87' lang='lat' dir='ltr'><strong><em>nandum</em></strong></span> <span class='ocrx_word' id='word_1_521' title='bbox 2112 3084 2335 3138; x_wconf 88' lang='lat' dir='ltr'><strong><em>minime</em></strong></span> <span class='ocrx_word' id='word_1_522' title='bbox 2382 3098 2529 3148; x_wconf 90' lang='lat' dir='ltr'><strong><em>reor,</em></strong></span> <span class='ocrx_word' id='word_1_523' title='bbox 2595 3083 2741 3154; x_wconf 92' lang='lat' dir='ltr'><strong><em>quod</em></strong></span> <span class='ocrx_word' id='word_1_524' title='bbox 2794 3098 2907 3139; x_wconf 69' lang='lat' dir='ltr'><strong><em>sua:</em></strong></span> <span class='ocrx_word' id='word_1_525' title='bbox 2954 3081 3238 3137; x_wconf 68' lang='lat' dir='ltr'><strong><em>sententia:</em></strong></span> <span class='ocrx_word' id='word_1_526' title='bbox 3289 3081 3399 3136; x_wconf 86' lang='lat' dir='ltr'><strong><em>vim</em></strong></span> 
     </span>
    </p>
   </div>
   <div class='ocr_carea' id='block_1_75' title="bbox 1831 3174 3401 3246">
    <p class='ocr_par' dir='ltr' id='par_1_75' title="bbox 1831 3174 3401 3246">
     <span class='ocr_line' id='line_1_75' title="bbox 1831 3174 3401 3246; baseline -0.001 -16"><span class='ocrx_word' id='word_1_527' title='bbox 1831 3175 2032 3231; x_wconf 89' lang='lat' dir='ltr'><strong><em>addere</em></strong></span> <span class='ocrx_word' id='word_1_528' title='bbox 2080 3176 2328 3246; x_wconf 90' lang='lat' dir='ltr'><strong><em>cupiens,</em></strong></span> <span class='ocrx_word' id='word_1_529' title='bbox 2369 3177 2529 3233; x_wconf 88' lang='lat' dir='ltr'><strong><em>nobis</em></strong></span> <span class='ocrx_word' id='word_1_530' title='bbox 2585 3174 2846 3231; x_wconf 88' lang='lat' dir='ltr'><strong><em>obtrudat</em></strong></span> <span class='ocrx_word' id='word_1_531' title='bbox 2893 3175 3041 3230; x_wconf 89' lang='lat' dir='ltr'><strong><em>velut</em></strong></span> <span class='ocrx_word' id='word_1_532' title='bbox 3104 3174 3401 3230; x_wconf 88' lang='lat' dir='ltr'><strong><em>Clementis</em></strong></span> 
     </span>
    </p>
   </div>
   <div class='ocr_carea' id='block_1_76' title="bbox 1830 3265 3401 3339">
    <p class='ocr_par' dir='ltr' id='par_1_76' title="bbox 1830 3265 3401 3339">
     <span class='ocr_line' id='line_1_76' title="bbox 1830 3265 3401 3339; baseline 0.001 -19"><span class='ocrx_word' id='word_1_533' title='bbox 1830 3265 2062 3322; x_wconf 82' lang='lat' dir='ltr'><strong><em>Romani</em></strong></span> <span class='ocrx_word' id='word_1_534' title='bbox 2092 3268 2401 3333; x_wconf 86' lang='lat' dir='ltr'><strong><em>lectionem,</em></strong></span> <span class='ocrx_word' id='word_1_535' title='bbox 2441 3284 2562 3339; x_wconf 71' lang='lat' dir='ltr'><strong><em>qua:</em></strong></span> <span class='ocrx_word' id='word_1_536' title='bbox 2624 3267 2995 3323; x_wconf 79' lang='lat' dir='ltr'><strong><em>Alexandrino</em></strong></span> <span class='ocrx_word' id='word_1_537' title='bbox 3040 3274 3160 3322; x_wconf 88' lang='lat' dir='ltr'><strong><em>erat</em></strong></span> <span class='ocrx_word' id='word_1_538' title='bbox 3187 3265 3401 3322; x_wconf 81' lang='lat' dir='ltr'><strong><em>adscri-</em></strong></span> 
     </span>
    </p>
   </div>
   <div class='ocr_carea' id='block_1_77' title="bbox 1829 3357 3398 3432">
    <p class='ocr_par' dir='ltr' id='par_1_77' title="bbox 1829 3357 3398 3432">
     <span class='ocr_line' id='line_1_77' title="bbox 1829 3357 3398 3432; baseline -0.001 -17"><span class='ocrx_word' id='word_1_539' title='bbox 1829 3358 2029 3415; x_wconf 88' lang='lat' dir='ltr'><strong><em>benda.</em></strong></span> <span class='ocrx_word' id='word_1_540' title='bbox 2067 3357 2205 3415; x_wconf 82' lang='lat' dir='ltr'><strong><em>Rem</em></strong></span> <span class='ocrx_word' id='word_1_541' title='bbox 2245 3360 2438 3430; x_wconf 90' lang='lat' dir='ltr'><strong><em>paucis</em></strong></span> <span class='ocrx_word' id='word_1_542' title='bbox 2469 3360 2787 3432; x_wconf 85' lang='lat' dir='ltr'><strong><em>attingimus</em></strong></span> <span class='ocrx_word' id='word_1_543' title='bbox 2820 3359 2962 3415; x_wconf 89' lang='lat' dir='ltr'><strong><em>infra</em></strong></span> <span class='ocrx_word' id='word_1_544' title='bbox 3012 3358 3169 3431; x_wconf 78' lang='lat' dir='ltr'><strong><em>(il);</em></strong></span> <span class='ocrx_word' id='word_1_545' title='bbox 3235 3372 3398 3430; x_wconf 88' lang='lat' dir='ltr'><strong><em>quam</em></strong></span> 
     </span>
    </p>
   </div>
   <div class='ocr_carea' id='block_1_78' title="bbox 1828 3450 3401 3520">
    <p class='ocr_par' dir='ltr' id='par_1_78' title="bbox 1828 3450 3401 3520">
     <span class='ocr_line' id='line_1_78' title="bbox 1828 3450 3401 3520; baseline 0.001 -16"><span class='ocrx_word' id='word_1_546' title='bbox 1828 3455 2009 3504; x_wconf 91' lang='lat' dir='ltr'><strong><em>tamen</em></strong></span> <span class='ocrx_word' id='word_1_547' title='bbox 2056 3450 2147 3504; x_wconf 90' lang='lat' dir='ltr'><strong><em>hic</em></strong></span> <span class='ocrx_word' id='word_1_548' title='bbox 2177 3451 2637 3520; x_wconf 86' lang='lat' dir='ltr'><strong><em>pertractandam,</em></strong></span> <span class='ocrx_word' id='word_1_549' title='bbox 2696 3458 3063 3507; x_wconf 89' lang='lat' dir='ltr'><strong><em>commentum</em></strong></span> <span class='ocrx_word' id='word_1_550' title='bbox 3114 3451 3401 3507; x_wconf 79' lang='lat' dir='ltr'><strong><em>Venemia-</em></strong></span> 
     </span>
    </p>
   </div>
   <div class='ocr_carea' id='block_1_79' title="bbox 1829 3541 3400 3616">
    <p class='ocr_par' dir='ltr' id='par_1_79' title="bbox 1829 3541 3400 3616">
     <span class='ocr_line' id='line_1_79' title="bbox 1829 3541 3400 3616; baseline 0.001 -19"><span class='ocrx_word' id='word_1_551' title='bbox 1829 3557 1961 3597; x_wconf 89' lang='lat' dir='ltr'><strong><em>num</em></strong></span> <span class='ocrx_word' id='word_1_552' title='bbox 1988 3541 2216 3615; x_wconf 84' lang='lat' dir='ltr'><strong><em>ﬂagitat,</em></strong></span> <span class='ocrx_word' id='word_1_553' title='bbox 2252 3560 2361 3598; x_wconf 91' lang='lat' dir='ltr'><strong><em>non</em></strong></span> <span class='ocrx_word' id='word_1_554' title='bbox 2390 3546 2633 3614; x_wconf 88' lang='lat' dir='ltr'><strong><em>postulat</em></strong></span> <span class='ocrx_word' id='word_1_555' title='bbox 2688 3544 2781 3601; x_wconf 88' lang='lat' dir='ltr'><strong><em>Sic</em></strong></span> <span class='ocrx_word' id='word_1_556' title='bbox 2810 3546 2977 3616; x_wconf 82' lang='lat' dir='ltr'><strong><em>igitur</em></strong></span> <span class='ocrx_word' id='word_1_557' title='bbox 3028 3543 3087 3601; x_wconf 94' lang='lat' dir='ltr'><strong><em>S.</em></strong></span> <span class='ocrx_word' id='word_1_558' title='bbox 3147 3542 3400 3600; x_wconf 88' lang='lat' dir='ltr'><strong><em>Clemens</em></strong></span> 
     </span>
    </p>
   </div>
   <div class='ocr_carea' id='block_1_80' title="bbox 1830 3633 3397 3708">
    <p class='ocr_par' dir='ltr' id='par_1_80' title="bbox 1830 3633 3397 3708">
     <span class='ocr_line' id='line_1_80' title="bbox 1830 3633 3397 3708; baseline 0 -18"><span class='ocrx_word' id='word_1_559' title='bbox 1830 3633 1964 3707; x_wconf 72' lang='lat'><strong><em>(12):</em></strong></span> <span class='ocrx_word' id='word_1_560' title='bbox 1984 3636 2094 3698; x_wconf 84' lang='grc' dir='ltr'><strong><em>Τὰς</em></strong></span> <span class='ocrx_word' id='word_1_561' title='bbox 2108 3638 2367 3704; x_wconf 83' lang='grc' dir='ltr'><strong><em>γυναῖκας</em></strong></span> <span class='ocrx_word' id='word_1_562' title='bbox 2386 3635 2541 3706; x_wconf 82' lang='grc' dir='ltr'><strong><em>ἡμῶν</em></strong></span> <span class='ocrx_word' id='word_1_563' title='bbox 2566 3638 2657 3689; x_wconf 78' lang='grc' dir='ltr'><strong><em>ἐπὶ</em></strong></span> <span class='ocrx_word' id='word_1_564' title='bbox 2668 3637 2727 3689; x_wconf 83' lang='grc' dir='ltr'><strong><em>τὸ</em></strong></span> <span class='ocrx_word' id='word_1_565' title='bbox 2743 3637 2944 3706; x_wconf 80' lang='grc' dir='ltr'><strong><em>ἀγαθὸν</em></strong></span> <span class='ocrx_word' id='word_1_566' title='bbox 2957 3634 3397 3708; x_wconf 78' lang='grc' dir='ltr'><strong><em>διορθωσὼμεθα.</em></strong></span> 
     </span>
    </p>
   </div>
   <div class='ocr_carea' id='block_1_81' title="bbox 1827 3727 3400 3801">
    <p class='ocr_par' dir='ltr' id='par_1_81' title="bbox 1827 3727 3400 3801">
     <span class='ocr_line' id='line_1_81' title="bbox 1827 3727 3400 3801; baseline 0 -20"><span class='ocrx_word' id='word_1_567' title='bbox 1827 3759 1897 3771; x_wconf 91' lang='lat'><strong><em>-—</em></strong></span> <span class='ocrx_word' id='word_1_568' title='bbox 1924 3727 2003 3781; x_wconf 83' lang='grc' dir='ltr'>Τὰ</span> <span class='ocrx_word' id='word_1_569' title='bbox 2022 3727 2184 3781; x_wconf 80' lang='grc' dir='ltr'><strong>τέκνα</strong></span> <span class='ocrx_word' id='word_1_570' title='bbox 2206 3727 2356 3798; x_wconf 82' lang='grc' dir='ltr'><strong><em>ὑμῶν</em></strong></span> <span class='ocrx_word' id='word_1_571' title='bbox 2378 3728 2478 3798; x_wconf 82' lang='grc' dir='ltr'><strong><em>τῆς</em></strong></span> <span class='ocrx_word' id='word_1_572' title='bbox 2508 3729 2565 3781; x_wconf 80' lang='grc' dir='ltr'>ἐν</span> <span class='ocrx_word' id='word_1_573' title='bbox 2586 3729 2804 3800; x_wconf 81' lang='grc' dir='ltr'>Χριστῷ</span> <span class='ocrx_word' id='word_1_574' title='bbox 2842 3730 3089 3794; x_wconf 78' lang='grc' dir='ltr'><strong><em>παιδείας</em></strong></span> <span class='ocrx_word' id='word_1_575' title='bbox 3123 3729 3400 3801; x_wconf 75' lang='grc' dir='ltr'><strong><em>μεταλαμ-</em></strong></span> 
     </span>
    </p>
   </div>
   <div class='ocr_carea' id='block_1_82' title="bbox 1829 3817 3398 3889">
    <p class='ocr_par' dir='ltr' id='par_1_82' title="bbox 1829 3817 3398 3889">
     <span class='ocr_line' id='line_1_82' title="bbox 1829 3817 3398 3889; baseline 0.002 -18"><span class='ocrx_word' id='word_1_576' title='bbox 1829 3818 2157 3872; x_wconf 77' lang='grc' dir='ltr'><strong><em>ϐανέτωσαν.</em></strong></span> <span class='ocrx_word' id='word_1_577' title='bbox 2178 3818 2236 3873; x_wconf 88' lang='lat' dir='ltr'><strong><em>Id</em></strong></span> <span class='ocrx_word' id='word_1_578' title='bbox 2254 3826 2338 3875; x_wconf 90' lang='lat' dir='ltr'><strong><em>est</em></strong></span> <span class='ocrx_word' id='word_1_579' title='bbox 2365 3838 2379 3874; x_wconf 90' lang='lat'>:</span> <span class='ocrx_word' id='word_1_580' title='bbox 2428 3817 2627 3874; x_wconf 73' lang='lat' dir='ltr'><strong><em>Uxores</em></strong></span> <span class='ocrx_word' id='word_1_581' title='bbox 2655 3830 2864 3874; x_wconf 89' lang='lat' dir='ltr'><strong><em>nostras</em></strong></span> <span class='ocrx_word' id='word_1_582' title='bbox 2882 3820 2950 3873; x_wconf 89' lang='lat' dir='ltr'><strong><em>ad</em></strong></span> <span class='ocrx_word' id='word_1_583' title='bbox 2969 3819 3023 3873; x_wconf 92' lang='lat' dir='ltr'><strong><em>id</em></strong></span> <span class='ocrx_word' id='word_1_584' title='bbox 3052 3820 3189 3889; x_wconf 84' lang='lat' dir='ltr'><strong><em>quod</em></strong></span> <span class='ocrx_word' id='word_1_585' title='bbox 3207 3819 3398 3874; x_wconf 72' lang='lat' dir='ltr'><strong><em>bonum</em></strong></span> 
     </span>
    </p>
   </div>
   <div class='ocr_carea' id='block_1_83' title="bbox 1828 3908 3398 3981">
    <p class='ocr_par' dir='ltr' id='par_1_83' title="bbox 1828 3908 3398 3981">
     <span class='ocr_line' id='line_1_83' title="bbox 1828 3908 3398 3981; baseline -0.001 -14"><span class='ocrx_word' id='word_1_586' title='bbox 1828 3918 1905 3967; x_wconf 81' lang='lat' dir='ltr'><strong><em>est</em></strong></span> <span class='ocrx_word' id='word_1_587' title='bbox 1916 3910 2237 3981; x_wconf 84' lang='lat' dir='ltr'><strong><em>corrigamus</em></strong></span> <span class='ocrx_word' id='word_1_588' title='bbox 2247 3908 2385 3965; x_wconf 85' lang='lat' dir='ltr'><strong><em>.—F</em></strong></span> <span class='ocrx_word' id='word_1_589' title='bbox 2387 3910 2467 3965; x_wconf 88' lang='lat' dir='ltr'><strong><em>ilii</em></strong></span> <span class='ocrx_word' id='word_1_590' title='bbox 2487 3913 2643 3966; x_wconf 88' lang='lat' dir='ltr'><strong><em>vestri</em></strong></span> <span class='ocrx_word' id='word_1_591' title='bbox 2658 3911 2951 3981; x_wconf 71' lang='lat' dir='ltr'><strong><em>disciplinae</em></strong></span> <span class='ocrx_word' id='word_1_592' title='bbox 2965 3910 3165 3965; x_wconf 61' lang='lat' dir='ltr'><strong><em>Christi</em></strong></span> <span class='ocrx_word' id='word_1_593' title='bbox 3175 3911 3398 3980; x_wconf 87' lang='lat' dir='ltr'><strong><em>partici-</em></strong></span> 
     </span>
    </p>
   </div>
   <div class='ocr_carea' id='block_1_84' title="bbox 1828 4003 3398 4074">
    <p class='ocr_par' dir='ltr' id='par_1_84' title="bbox 1828 4003 3398 4074">
     <span class='ocr_line' id='line_1_84' title="bbox 1828 4003 3398 4074; baseline 0.001 -15"><span class='ocrx_word' id='word_1_594' title='bbox 1828 4020 1916 4073; x_wconf 86' lang='lat' dir='ltr'><strong><em>pes</em></strong></span> <span class='ocrx_word' id='word_1_595' title='bbox 1942 4004 2068 4057; x_wconf 87' lang='lat' dir='ltr'><strong><em>sint.</em></strong></span> <span class='ocrx_word' id='word_1_596' title='bbox 2103 4004 2181 4057; x_wconf 80' lang='lat' dir='ltr'><strong><em>ita</em></strong></span> <span class='ocrx_word' id='word_1_597' title='bbox 2212 4010 2531 4060; x_wconf 89' lang='lat' dir='ltr'><strong><em>constanter</em></strong></span> <span class='ocrx_word' id='word_1_598' title='bbox 2562 4003 2730 4060; x_wconf 84' lang='lat' dir='ltr'><strong><em>codex</em></strong></span> <span class='ocrx_word' id='word_1_599' title='bbox 2764 4020 2867 4059; x_wconf 91' lang='lat' dir='ltr'><strong><em>ms.</em></strong></span> <span class='ocrx_word' id='word_1_600' title='bbox 2907 4018 2969 4059; x_wconf 79' lang='lat' dir='ltr'><strong><em>ex</em></strong></span> <span class='ocrx_word' id='word_1_601' title='bbox 3002 4019 3111 4074; x_wconf 91' lang='lat' dir='ltr'><strong><em>quo</em></strong></span> <span class='ocrx_word' id='word_1_602' title='bbox 3132 4018 3242 4058; x_wconf 88' lang='lat' dir='ltr'><strong><em>uno</em></strong></span> <span class='ocrx_word' id='word_1_603' title='bbox 3270 4003 3398 4061; x_wconf 79' lang='lat' dir='ltr'><strong><em>Cle-</em></strong></span> 
     </span>
    </p>
   </div>
   <div class='ocr_carea' id='block_1_85' title="bbox 1830 4092 3399 4163">
    <p class='ocr_par' dir='ltr' id='par_1_85' title="bbox 1830 4092 3399 4163">
     <span class='ocr_line' id='line_1_85' title="bbox 1830 4092 3399 4163; baseline 0.004 -19"><span class='ocrx_word' id='word_1_604' title='bbox 1830 4092 2069 4146; x_wconf 89' lang='lat' dir='ltr'><strong><em>mentina</em></strong></span> <span class='ocrx_word' id='word_1_605' title='bbox 2128 4092 2360 4161; x_wconf 89' lang='lat' dir='ltr'><strong><em>epistola</em></strong></span> <span class='ocrx_word' id='word_1_606' title='bbox 2410 4092 2511 4147; x_wconf 85' lang='lat' dir='ltr'><strong><em>fuit</em></strong></span> <span class='ocrx_word' id='word_1_607' title='bbox 2562 4093 2869 4163; x_wconf 89' lang='lat' dir='ltr'><strong><em>desumpta.</em></strong></span> <span class='ocrx_word' id='word_1_608' title='bbox 2920 4092 3076 4148; x_wconf 86' lang='lat' dir='ltr'><strong><em>Haud</em></strong></span> <span class='ocrx_word' id='word_1_609' title='bbox 3128 4108 3261 4149; x_wconf 87' lang='lat' dir='ltr'><strong><em>sane</em></strong></span> <span class='ocrx_word' id='word_1_610' title='bbox 3310 4110 3399 4151; x_wconf 88' lang='lat' dir='ltr'><strong><em>me</em></strong></span> 
     </span>
    </p>
   </div>
   <div class='ocr_carea' id='block_1_86' title="bbox 1830 4180 3397 4256">
    <p class='ocr_par' dir='ltr' id='par_1_86' title="bbox 1830 4180 3397 4256">
     <span class='ocr_line' id='line_1_86' title="bbox 1830 4180 3397 4256; baseline 0.004 -22"><span class='ocrx_word' id='word_1_611' title='bbox 1830 4180 1987 4251; x_wconf 82' lang='lat' dir='ltr'><strong><em>fugit,</em></strong></span> <span class='ocrx_word' id='word_1_612' title='bbox 2023 4182 2165 4251; x_wconf 90' lang='lat' dir='ltr'><strong><em>apud</em></strong></span> <span class='ocrx_word' id='word_1_613' title='bbox 2211 4182 2544 4239; x_wconf 90' lang='lat' dir='ltr'><strong><em>Clementem</em></strong></span> <span class='ocrx_word' id='word_1_614' title='bbox 2584 4184 3011 4240; x_wconf 77' lang='lat' dir='ltr'><strong><em>Alexandrinum</em></strong></span> <span class='ocrx_word' id='word_1_615' title='bbox 3043 4184 3156 4255; x_wconf 81' lang='grc'><strong><em>(15)</em></strong></span> <span class='ocrx_word' id='word_1_616' title='bbox 3184 4186 3304 4256; x_wconf 69' lang='lat' dir='ltr'><strong><em>&#39;qui</em></strong></span> <span class='ocrx_word' id='word_1_617' title='bbox 3331 4201 3397 4241; x_wconf 82' lang='lat' dir='ltr'><strong><em>ex</em></strong></span> 
     </span>
    </p>
   </div>
   <div class='ocr_carea' id='block_1_87' title="bbox 1832 4270 3395 4347">
    <p class='ocr_par' dir='ltr' id='par_1_87' title="bbox 1832 4270 3395 4347">
     <span class='ocr_line' id='line_1_87' title="bbox 1832 4270 3395 4347; baseline 0.005 -24"><span class='ocrx_word' id='word_1_618' title='bbox 1832 4270 2076 4327; x_wconf 83' lang='lat' dir='ltr'><strong><em>Romano</em></strong></span> <span class='ocrx_word' id='word_1_619' title='bbox 2109 4274 2379 4344; x_wconf 86' lang='lat' dir='ltr'><strong><em>integrum</em></strong></span> <span class='ocrx_word' id='word_1_620' title='bbox 2414 4290 2563 4344; x_wconf 63' lang='lat' dir='ltr'><strong><em>paene</em></strong></span> <span class='ocrx_word' id='word_1_621' title='bbox 2597 4284 2763 4346; x_wconf 89' lang='lat' dir='ltr'><strong><em>caput</em></strong></span> <span class='ocrx_word' id='word_1_622' title='bbox 2816 4276 2948 4330; x_wconf 89' lang='lat' dir='ltr'><strong><em>illud</em></strong></span> <span class='ocrx_word' id='word_1_623' title='bbox 2992 4274 3056 4330; x_wconf 75' lang='grc'><strong>21</strong></span> <span class='ocrx_word' id='word_1_624' title='bbox 3084 4277 3395 4347; x_wconf 83' lang='lat' dir='ltr'><strong><em>exscripsit,</em></strong></span> 
     </span>
    </p>
   </div>
   <div class='ocr_carea' id='block_1_88' title="bbox 1832 4361 3399 4435">
    <p class='ocr_par' dir='ltr' id='par_1_88' title="bbox 1832 4361 3399 4435">
     <span class='ocr_line' id='line_1_88' title="bbox 1832 4361 3399 4435; baseline 0.004 -21"><span class='ocrx_word' id='word_1_625' title='bbox 1832 4361 1934 4432; x_wconf 87' lang='lat' dir='ltr'><strong><em>legi</em></strong></span> <span class='ocrx_word' id='word_1_626' title='bbox 1980 4362 2047 4415; x_wconf 79' lang='grc' dir='ltr'><strong><em>τὰ</em></strong></span> <span class='ocrx_word' id='word_1_627' title='bbox 2092 4364 2257 4417; x_wconf 85' lang='grc' dir='ltr'>τέκνα</span> <span class='ocrx_word' id='word_1_628' title='bbox 2288 4364 2466 4435; x_wconf 81' lang='grc' dir='ltr'><strong>ἡμῶν.</strong></span> <span class='ocrx_word' id='word_1_629' title='bbox 2498 4363 2603 4420; x_wconf 89' lang='lat' dir='ltr'><strong><em>Sed</em></strong></span> <span class='ocrx_word' id='word_1_630' title='bbox 2635 4380 2743 4419; x_wconf 89' lang='lat' dir='ltr'><strong><em>non</em></strong></span> <span class='ocrx_word' id='word_1_631' title='bbox 2775 4374 2860 4421; x_wconf 91' lang='lat' dir='ltr'><strong><em>est</em></strong></span> <span class='ocrx_word' id='word_1_632' title='bbox 2906 4366 3124 4421; x_wconf 88' lang='lat' dir='ltr'><strong><em>demum</em></strong></span> <span class='ocrx_word' id='word_1_633' title='bbox 3148 4382 3250 4421; x_wconf 89' lang='lat' dir='ltr'><strong><em>cur</em></strong></span> <span class='ocrx_word' id='word_1_634' title='bbox 3274 4364 3399 4421; x_wconf 79' lang='lat' dir='ltr'><strong><em>Cle-</em></strong></span> 
     </span>
    </p>
   </div>
   <div class='ocr_carea' id='block_1_89' title="bbox 200 4448 3394 4537">
    <p class='ocr_par' dir='ltr' id='par_1_89' title="bbox 200 4448 3394 4537">
     <span class='ocr_line' id='line_1_89' title="bbox 200 4448 3394 4537; baseline 0.003 -35"><span class='ocrx_word' id='word_1_635' title='bbox 200 4448 287 4509; x_wconf 83' lang='lat' dir='ltr'><strong><em>dia,</em></strong></span> <span class='ocrx_word' id='word_1_636' title='bbox 315 4457 580 4521; x_wconf 88' lang='lat' dir='ltr'><strong><em>contentio,</em></strong></span> <span class='ocrx_word' id='word_1_637' title='bbox 616 4457 727 4519; x_wconf 87' lang='lat' dir='ltr'><strong><em>ira,</em></strong></span> <span class='ocrx_word' id='word_1_638' title='bbox 763 4458 901 4522; x_wconf 69' lang='lat' dir='ltr'><strong><em>rixa,</em></strong></span> <span class='ocrx_word' id='word_1_639' title='bbox 959 4458 1172 4527; x_wconf 85' lang='lat' dir='ltr'><strong><em>divisio,</em></strong></span> <span class='ocrx_word' id='word_1_640' title='bbox 1205 4459 1378 4522; x_wconf 78' lang='lat' dir='ltr'><strong><em>zelus,</em></strong></span> <span class='ocrx_word' id='word_1_641' title='bbox 1407 4468 1512 4516; x_wconf 89' lang='lat' dir='ltr'><strong><em>etc.</em></strong></span> <span class='ocrx_word' id='word_1_642' title='bbox 1538 4459 1731 4515; x_wconf 83' lang='lat' dir='ltr'><strong><em>Nonne</em></strong></span> <span class='ocrx_word' id='word_1_643' title='bbox 1764 4469 1806 4523; x_wconf 82' lang='grc' dir='ltr'><strong><em>ι)</em></strong></span> <span class='ocrx_word' id='word_1_644' title='bbox 1834 4464 2072 4509; x_wconf 88' lang='lat' dir='ltr'><strong><em>mentem</em></strong></span> <span class='ocrx_word' id='word_1_645' title='bbox 2118 4453 2423 4510; x_wconf 85' lang='lat' dir='ltr'><strong><em>Romanum</em></strong></span> <span class='ocrx_word' id='word_1_646' title='bbox 2469 4472 2536 4511; x_wconf 86' lang='lat' dir='ltr'><strong><em>ex</em></strong></span> <span class='ocrx_word' id='word_1_647' title='bbox 2589 4457 2965 4537; x_wconf 78' lang='lat' dir='ltr'><strong><em>Alexandrino</em></strong></span> <span class='ocrx_word' id='word_1_648' title='bbox 3017 4459 3394 4523; x_wconf 89' lang='lat' dir='ltr'><strong><em>emendemus,</em></strong></span> 
     </span>
    </p>
   </div>
   <div class='ocr_carea' id='block_1_90' title="bbox 199 4540 1729 4623">
    <p class='ocr_par' dir='ltr' id='par_1_90' title="bbox 199 4540 1729 4623">
     <span class='ocr_line' id='line_1_90' title="bbox 199 4540 1729 4623; baseline 0.01 -30"><span class='ocrx_word' id='word_1_649' title='bbox 199 4540 409 4601; x_wconf 80' lang='lat' dir='ltr'><strong><em>Clemens</em></strong></span> <span class='ocrx_word' id='word_1_650' title='bbox 433 4550 730 4619; x_wconf 82' lang='lat' dir='ltr'><strong><em>utrobique</em></strong></span> <span class='ocrx_word' id='word_1_651' title='bbox 778 4565 837 4604; x_wconf 89' lang='lat' dir='ltr'><strong><em>se</em></strong></span> <span class='ocrx_word' id='word_1_652' title='bbox 885 4552 1061 4621; x_wconf 90' lang='lat' dir='ltr'><strong><em>ipsum</em></strong></span> <span class='ocrx_word' id='word_1_653' title='bbox 1108 4551 1330 4622; x_wconf 86' lang='lat' dir='ltr'><strong><em>prodit?</em></strong></span> <span class='ocrx_word' id='word_1_654' title='bbox 1378 4553 1579 4623; x_wconf 89' lang='lat' dir='ltr'><strong><em>quippe</em></strong></span> <span class='ocrx_word' id='word_1_655' title='bbox 1600 4552 1729 4609; x_wconf 88' lang='lat' dir='ltr'><strong><em>Cle-</em></strong></span> 
     </span>
    </p>
   </div>
   <div class='ocr_carea' id='block_1_91' title="bbox 200 4640 1730 4712">
    <p class='ocr_par' dir='ltr' id='par_1_91' title="bbox 200 4640 1730 4712">
     <span class='ocr_line' id='line_1_91' title="bbox 200 4640 1730 4712; baseline 0.01 -26"><span class='ocrx_word' id='word_1_656' title='bbox 200 4649 344 4701; x_wconf 87' lang='lat' dir='ltr'><strong><em>mens,</em></strong></span> <span class='ocrx_word' id='word_1_657' title='bbox 396 4640 642 4711; x_wconf 81' lang='lat' dir='ltr'><strong><em>inquam,</em></strong></span> <span class='ocrx_word' id='word_1_658' title='bbox 696 4643 1011 4712; x_wconf 82' lang='lat' dir='ltr'><strong><em>scriptionis</em></strong></span> <span class='ocrx_word' id='word_1_659' title='bbox 1061 4643 1301 4700; x_wconf 73' lang='lat' dir='ltr'><strong><em>Paulina:</em></strong></span> <span class='ocrx_word' id='word_1_660' title='bbox 1356 4646 1730 4701; x_wconf 86' lang='lat' dir='ltr'><strong><em>characterem</em></strong></span> 
     </span>
    </p>
   </div>
   <div class='ocr_carea' id='block_1_92' title="bbox 201 4732 1731 4809">
    <p class='ocr_par' dir='ltr' id='par_1_92' title="bbox 201 4732 1731 4809">
     <span class='ocr_line' id='line_1_92' title="bbox 201 4732 1731 4809; baseline 0.008 -28"><span class='ocrx_word' id='word_1_661' title='bbox 201 4732 366 4799; x_wconf 87' lang='lat' dir='ltr'><strong><em>ubique</em></strong></span> <span class='ocrx_word' id='word_1_662' title='bbox 388 4735 496 4789; x_wconf 78' lang='lat' dir='ltr'><strong><em>fere</em></strong></span> <span class='ocrx_word' id='word_1_663' title='bbox 527 4736 800 4797; x_wconf 84' lang='lat' dir='ltr'><strong><em>imitatus,</em></strong></span> <span class='ocrx_word' id='word_1_664' title='bbox 834 4753 958 4790; x_wconf 91' lang='lat' dir='ltr'><strong><em>cum</em></strong></span> <span class='ocrx_word' id='word_1_665' title='bbox 991 4737 1079 4794; x_wconf 90' lang='lat' dir='ltr'><strong><em>hic</em></strong></span> <span class='ocrx_word' id='word_1_666' title='bbox 1123 4746 1235 4792; x_wconf 89' lang='lat' dir='ltr'><strong><em>tum</em></strong></span> <span class='ocrx_word' id='word_1_667' title='bbox 1281 4740 1391 4793; x_wconf 91' lang='lat' dir='ltr'><strong><em>illic</em></strong></span> <span class='ocrx_word' id='word_1_668' title='bbox 1424 4740 1731 4809; x_wconf 87' lang='lat' dir='ltr'><strong><em>respexisse</em></strong></span> 
     </span>
    </p>
   </div>
   <div class='ocr_carea' id='block_1_93' title="bbox 200 4819 1727 4897">
    <p class='ocr_par' dir='ltr' id='par_1_93' title="bbox 200 4819 1727 4897">
     <span class='ocr_line' id='line_1_93' title="bbox 200 4819 1727 4897; baseline 0.009 -26"><span class='ocrx_word' id='word_1_669' title='bbox 200 4819 376 4878; x_wconf 70' lang='lat' dir='ltr'><strong><em>videtur</em></strong></span> <span class='ocrx_word' id='word_1_670' title='bbox 400 4824 547 4883; x_wconf 89' lang='lat' dir='ltr'><strong><em>Rom.</em></strong></span> <span class='ocrx_word' id='word_1_671' title='bbox 597 4844 639 4891; x_wconf 85' lang='grc' dir='ltr'><strong><em>ι,</em></strong></span> <span class='ocrx_word' id='word_1_672' title='bbox 695 4826 903 4895; x_wconf 75' lang='grc'><strong><em>29-51;</em></strong></span> <span class='ocrx_word' id='word_1_673' title='bbox 942 4828 1061 4885; x_wconf 84' lang='lat' dir='ltr'><strong><em>Gal.</em></strong></span> <span class='ocrx_word' id='word_1_674' title='bbox 1094 4848 1145 4896; x_wconf 75' lang='grc' dir='ltr'><strong><em>ν,</em></strong></span> <span class='ocrx_word' id='word_1_675' title='bbox 1180 4830 1377 4897; x_wconf 73' lang='grc' dir='ltr'><strong>19-21ς</strong></span> <span class='ocrx_word' id='word_1_676' title='bbox 1414 4831 1443 4884; x_wconf 86' lang='grc'><strong><em>1</em></strong></span> <span class='ocrx_word' id='word_1_677' title='bbox 1476 4832 1615 4887; x_wconf 89' lang='lat' dir='ltr'><strong><em>Tim.</em></strong></span> <span class='ocrx_word' id='word_1_678' title='bbox 1652 4846 1727 4897; x_wconf 87' lang='lat' dir='ltr'><strong><em>vt,</em></strong></span> 
     </span>
    </p>
   </div>
   <div class='ocr_carea' id='block_1_94' title="bbox 200 4908 870 4981">
    <p class='ocr_par' dir='ltr' id='par_1_94' title="bbox 200 4908 870 4981">
     <span class='ocr_line' id='line_1_94' title="bbox 200 4908 870 4981; baseline 0.019 -21"><span class='ocrx_word' id='word_1_679' title='bbox 200 4908 276 4963; x_wconf 70' lang='grc'><strong>«1-5</strong></span> <span class='ocrx_word' id='word_1_680' title='bbox 298 4920 344 4966; x_wconf 87' lang='lat' dir='ltr'><strong><em>et</em></strong></span> <span class='ocrx_word' id='word_1_681' title='bbox 366 4914 425 4968; x_wconf 86' lang='lat' dir='ltr'><strong><em>II</em></strong></span> <span class='ocrx_word' id='word_1_682' title='bbox 456 4917 596 4975; x_wconf 88' lang='lat' dir='ltr'><strong><em>Tim.</em></strong></span> <span class='ocrx_word' id='word_1_683' title='bbox 639 4933 725 4981; x_wconf 83' lang='lat' dir='ltr'><strong><em>tu,</em></strong></span> <span class='ocrx_word' id='word_1_684' title='bbox 754 4919 870 4973; x_wconf 71' lang='lat'><strong><em>2-5.</em></strong></span> 
     </span>
    </p>
   </div>
   <div class='ocr_carea' id='block_1_95' title="bbox 256 5002 1730 5083">
    <p class='ocr_par' dir='ltr' id='par_1_95' title="bbox 256 5002 1730 5083">
     <span class='ocr_line' id='line_1_95' title="bbox 256 5002 1730 5083; baseline 0.007 -27"><span class='ocrx_word' id='word_1_685' title='bbox 256 5002 336 5061; x_wconf 86' lang='lat' dir='ltr'><strong><em>His</em></strong></span> <span class='ocrx_word' id='word_1_686' title='bbox 368 5008 529 5064; x_wconf 81' lang='lat' dir='ltr'><strong><em>addas</em></strong></span> <span class='ocrx_word' id='word_1_687' title='bbox 581 5011 745 5064; x_wconf 84' lang='lat' dir='ltr'><strong><em>velim</em></strong></span> <span class='ocrx_word' id='word_1_688' title='bbox 800 5011 1129 5081; x_wconf 78' lang='grc' dir='ltr'><strong><em>δοξολογίαν,</em></strong></span> <span class='ocrx_word' id='word_1_689' title='bbox 1176 5014 1405 5068; x_wconf 91' lang='lat' dir='ltr'><strong><em>mediam</em></strong></span> <span class='ocrx_word' id='word_1_690' title='bbox 1439 5014 1580 5069; x_wconf 87' lang='lat' dir='ltr'><strong><em>inter</em></strong></span> <span class='ocrx_word' id='word_1_691' title='bbox 1614 5013 1730 5083; x_wconf 86' lang='lat' dir='ltr'><strong><em>epi-</em></strong></span> 
     </span>
    </p>
   </div>
   <div class='ocr_carea' id='block_1_96' title="bbox 202 5096 1727 5174">
    <p class='ocr_par' dir='ltr' id='par_1_96' title="bbox 202 5096 1727 5174">
     <span class='ocr_line' id='line_1_96' title="bbox 202 5096 1727 5174; baseline 0.01 -29"><span class='ocrx_word' id='word_1_692' title='bbox 202 5096 382 5161; x_wconf 79' lang='lat' dir='ltr'><strong><em>stolam,</em></strong></span> <span class='ocrx_word' id='word_1_693' title='bbox 412 5118 563 5155; x_wconf 86' lang='lat' dir='ltr'><strong><em>more</em></strong></span> <span class='ocrx_word' id='word_1_694' title='bbox 613 5103 799 5155; x_wconf 88' lang='lat' dir='ltr'><strong><em>itidem</em></strong></span> <span class='ocrx_word' id='word_1_695' title='bbox 852 5102 1099 5167; x_wconf 84' lang='lat' dir='ltr'><strong><em>Paulino,</em></strong></span> <span class='ocrx_word' id='word_1_696' title='bbox 1131 5116 1485 5174; x_wconf 87' lang='lat' dir='ltr'><strong><em>usurpatam:</em></strong></span> <span class='ocrx_word' id='word_1_697' title='bbox 1532 5106 1727 5160; x_wconf 85' lang='lat' dir='ltr'><strong><em>verbo-</em></strong></span> 
     </span>
    </p>
   </div>
   <div class='ocr_carea' id='block_1_97' title="bbox 204 5193 1723 5266">
    <p class='ocr_par' dir='ltr' id='par_1_97' title="bbox 204 5193 1723 5266">
     <span class='ocr_line' id='line_1_97' title="bbox 204 5193 1723 5266; baseline 0.01 -29"><span class='ocrx_word' id='word_1_698' title='bbox 204 5198 297 5239; x_wconf 84' lang='lat' dir='ltr'><strong><em>rum</em></strong></span> <span class='ocrx_word' id='word_1_699' title='bbox 319 5193 519 5262; x_wconf 88' lang='lat' dir='ltr'><strong><em>copiam</em></strong></span> <span class='ocrx_word' id='word_1_700' title='bbox 544 5210 608 5249; x_wconf 85' lang='lat' dir='ltr'><strong><em>ex</em></strong></span> <span class='ocrx_word' id='word_1_701' title='bbox 639 5194 839 5250; x_wconf 88' lang='lat' dir='ltr'><strong><em>divinis</em></strong></span> <span class='ocrx_word' id='word_1_702' title='bbox 878 5196 1100 5252; x_wconf 89' lang='lat' dir='ltr'><strong><em>Litteris</em></strong></span> <span class='ocrx_word' id='word_1_703' title='bbox 1144 5200 1346 5266; x_wconf 90' lang='lat' dir='ltr'><strong><em>passim</em></strong></span> <span class='ocrx_word' id='word_1_704' title='bbox 1378 5198 1679 5253; x_wconf 77' lang='lat' dir='ltr'><strong><em>derivatum</em></strong></span> <span class='ocrx_word' id='word_1_705' title='bbox 1710 5216 1723 5252; x_wconf 91' lang='lat'>:</span> 
     </span>
    </p>
   </div>
   <div class='ocr_carea' id='block_1_98' title="bbox 256 5364 755 5427">
    <p class='ocr_par' dir='ltr' id='par_1_98' title="bbox 256 5364 755 5427">
     <span class='ocr_line' id='line_1_98' title="bbox 256 5364 755 5427; baseline 0.018 -9"><span class='ocrx_word' id='word_1_706' title='bbox 256 5364 291 5394; x_wconf 71' lang='grc' dir='ltr'><strong><em>δ’</em></strong></span> <span class='ocrx_word' id='word_1_707' title='bbox 320 5365 474 5423; x_wconf 88' lang='lat' dir='ltr'><strong><em>Hebr.</em></strong></span> <span class='ocrx_word' id='word_1_708' title='bbox 501 5388 553 5424; x_wconf 80' lang='lat' dir='ltr'><strong><em>xl</em></strong></span> <span class='ocrx_word' id='word_1_709' title='bbox 580 5378 637 5425; x_wconf 88' lang='lat' dir='ltr'><strong><em>et</em></strong></span> <span class='ocrx_word' id='word_1_710' title='bbox 664 5387 755 5427; x_wconf 78' lang='lat' dir='ltr'><strong><em>xu.</em></strong></span> 
     </span>
    </p>
   </div>
   <div class='ocr_carea' id='block_1_99' title="bbox 258 5516 1138 5597">
    <p class='ocr_par' dir='ltr' id='par_1_99' title="bbox 258 5516 1138 5597">
     <span class='ocr_line' id='line_1_99' title="bbox 258 5516 1138 5597; baseline 0.008 -21"><span class='ocrx_word' id='word_1_711' title='bbox 360 5519 604 5597; x_wconf 47' lang='lat' dir='ltr'><strong><em>fenemq</em></strong></span> <span class='ocrx_word' id='word_1_712' title='bbox 639 5526 793 5597; x_wconf 81' lang='lat' dir='ltr'><strong><em>epist.</em></strong></span> <span class='ocrx_word' id='word_1_713' title='bbox 819 5526 874 5591; x_wconf 73' lang='grc'><strong><em>2,</em></strong></span> <span class='ocrx_word' id='word_1_714' title='bbox 907 5528 1138 5597; x_wconf 83' lang='lat' dir='ltr'><strong><em>pag.87.</em></strong></span> 
     </span>
    </p>
   </div>
   <div class='ocr_carea' id='block_1_100' title="bbox 276 5587 1389 5668">
    <p class='ocr_par' dir='ltr' id='par_1_100' title="bbox 276 5587 1389 5668">
     <span class='ocr_line' id='line_1_100' title="bbox 276 5587 1389 5668; baseline 0.009 -25"><span class='ocrx_word' id='word_1_715' title='bbox 356 5587 733 5668; x_wconf 46' lang='lat' dir='ltr'><strong><em>Elemnepist.</em></strong></span> <span class='ocrx_word' id='word_1_716' title='bbox 758 5596 800 5668; x_wconf 51' lang='grc' dir='ltr'>ἓ</span> <span class='ocrx_word' id='word_1_717' title='bbox 853 5587 926 5651; x_wconf 81' lang='lat' dir='ltr'><strong><em>ad</em></strong></span> <span class='ocrx_word' id='word_1_718' title='bbox 964 5587 1129 5668; x_wconf 45' lang='lat' dir='ltr'><strong><em>Virg”</em></strong></span> <span class='ocrx_word' id='word_1_719' title='bbox 1155 5612 1274 5667; x_wconf 86' lang='lat' dir='ltr'><strong><em>cap.</em></strong></span> <span class='ocrx_word' id='word_1_720' title='bbox 1306 5597 1389 5653; x_wconf 84' lang='grc'><strong><em>16.</em></strong></span> 
     </span>
    </p>
   </div>
   <div class='ocr_carea' id='block_1_101' title="bbox 279 5656 1157 5738">
    <p class='ocr_par' dir='ltr' id='par_1_101' title="bbox 279 5656 1157 5738">
     <span class='ocr_line' id='line_1_101' title="bbox 279 5656 1157 5738; baseline 0.014 -27"><span class='ocrx_word' id='word_1_721' title='bbox 279 5656 524 5738; x_wconf 48' lang='grc' dir='ltr'><strong><em>ᾖᾙρὶεῐ.</em></strong></span> <span class='ocrx_word' id='word_1_722' title='bbox 655 5666 719 5717; x_wconf 85' lang='lat' dir='ltr'><strong><em>ad</em></strong></span> <span class='ocrx_word' id='word_1_723' title='bbox 743 5664 889 5731; x_wconf 86' lang='lat' dir='ltr'><strong><em>Cor.,</em></strong></span> <span class='ocrx_word' id='word_1_724' title='bbox 922 5656 1157 5738; x_wconf 53' lang='lat' dir='ltr'><strong><em>cap.v?l.</em></strong></span> 
     </span>
    </p>
   </div>
   <div class='ocr_carea' id='block_1_102' title="bbox 262 5725 1161 5809">
    <p class='ocr_par' dir='ltr' id='par_1_102' title="bbox 262 5725 1161 5809">
     <span class='ocr_line' id='line_1_102' title="bbox 262 5725 1161 5809; baseline 0.006 -20"><span class='ocrx_word' id='word_1_725' title='bbox 262 5725 357 5799; x_wconf 76' lang='grc'><strong>(10)</strong></span> <span class='ocrx_word' id='word_1_726' title='bbox 384 5725 529 5789; x_wconf 79' lang='lat' dir='ltr'><strong><em>I’ast.</em></strong></span> <span class='ocrx_word' id='word_1_727' title='bbox 560 5735 658 5789; x_wconf 89' lang='lat' dir='ltr'><strong><em>lib.</em></strong></span> <span class='ocrx_word' id='word_1_728' title='bbox 695 5751 730 5799; x_wconf 93' lang='lat' dir='ltr'><strong><em>I,</em></strong></span> <span class='ocrx_word' id='word_1_729' title='bbox 761 5725 937 5802; x_wconf 36' lang='lat' dir='ltr'><strong><em>visi,</em></strong></span> <span class='ocrx_word' id='word_1_730' title='bbox 962 5725 1083 5809; x_wconf 68' lang='lat' dir='ltr'><strong><em>cap.</em></strong></span> <span class='ocrx_word' id='word_1_731' title='bbox 1108 5739 1161 5794; x_wconf 77' lang='grc'><strong><em>4.</em></strong></span> 
     </span>
    </p>
   </div>
   <div class='ocr_carea' id='block_1_103' title="bbox 1835 4547 3392 4618">
    <p class='ocr_par' dir='ltr' id='par_1_103' title="bbox 1835 4547 3392 4618">
     <span class='ocr_line' id='line_1_103' title="bbox 1835 4547 3392 4618; baseline 0.004 -17"><span class='ocrx_word' id='word_1_732' title='bbox 1835 4549 2053 4618; x_wconf 91' lang='lat' dir='ltr'><strong><em>vimque</em></strong></span> <span class='ocrx_word' id='word_1_733' title='bbox 2082 4547 2381 4605; x_wconf 80' lang='lat' dir='ltr'><strong><em>inferamus</em></strong></span> <span class='ocrx_word' id='word_1_734' title='bbox 2432 4549 2637 4607; x_wconf 90' lang='lat' dir='ltr'><strong><em>codicis</em></strong></span> <span class='ocrx_word' id='word_1_735' title='bbox 2691 4567 2794 4607; x_wconf 88' lang='lat' dir='ltr'><strong><em>ms.</em></strong></span> <span class='ocrx_word' id='word_1_736' title='bbox 2854 4552 3073 4607; x_wconf 88' lang='lat' dir='ltr'><strong><em>lectioni</em></strong></span> <span class='ocrx_word' id='word_1_737' title='bbox 3102 4566 3227 4606; x_wconf 90' lang='lat' dir='ltr'><strong><em>cum</em></strong></span> <span class='ocrx_word' id='word_1_738' title='bbox 3258 4552 3392 4607; x_wconf 85' lang='lat' dir='ltr'><strong><em>clar.</em></strong></span> 
     </span>
    </p>
   </div>
   <div class='ocr_carea' id='block_1_104' title="bbox 1834 4638 3395 4712">
    <p class='ocr_par' dir='ltr' id='par_1_104' title="bbox 1834 4638 3395 4712">
     <span class='ocr_line' id='line_1_104' title="bbox 1834 4638 3395 4712; baseline 0.001 -18"><span class='ocrx_word' id='word_1_739' title='bbox 1834 4638 2041 4695; x_wconf 89' lang='lat' dir='ltr'><strong><em>editore</em></strong></span> <span class='ocrx_word' id='word_1_740' title='bbox 2070 4640 2307 4704; x_wconf 87' lang='lat' dir='ltr'><strong><em>Pottero,</em></strong></span> <span class='ocrx_word' id='word_1_741' title='bbox 2342 4657 2404 4697; x_wconf 89' lang='lat' dir='ltr'><strong><em>ac</em></strong></span> <span class='ocrx_word' id='word_1_742' title='bbox 2436 4641 2651 4698; x_wconf 87' lang='lat' dir='ltr'><strong><em>Davisio</em></strong></span> <span class='ocrx_word' id='word_1_743' title='bbox 2700 4644 2877 4712; x_wconf 92' lang='lat' dir='ltr'><strong><em>ipsum</em></strong></span> <span class='ocrx_word' id='word_1_744' title='bbox 2920 4650 3108 4697; x_wconf 91' lang='lat' dir='ltr'><strong><em>secuto</em></strong></span> <span class='ocrx_word' id='word_1_745' title='bbox 3142 4660 3157 4696; x_wconf 92' lang='lat'>:</span> <span class='ocrx_word' id='word_1_746' title='bbox 3200 4658 3266 4697; x_wconf 92' lang='lat' dir='ltr'><strong><em>eo</em></strong></span> <span class='ocrx_word' id='word_1_747' title='bbox 3311 4643 3395 4697; x_wconf 84' lang='lat' dir='ltr'><strong><em>vel</em></strong></span> 
     </span>
    </p>
   </div>
   <div class='ocr_carea' id='block_1_105' title="bbox 1836 4732 3395 4804">
    <p class='ocr_par' dir='ltr' id='par_1_105' title="bbox 1836 4732 3395 4804">
     <span class='ocr_line' id='line_1_105' title="bbox 1836 4732 3395 4804; baseline 0.003 -19"><span class='ocrx_word' id='word_1_748' title='bbox 1836 4732 2071 4787; x_wconf 88' lang='lat' dir='ltr'><strong><em>maxime</em></strong></span> <span class='ocrx_word' id='word_1_749' title='bbox 2095 4733 2240 4802; x_wconf 88' lang='lat' dir='ltr'><strong><em>quod</em></strong></span> <span class='ocrx_word' id='word_1_750' title='bbox 2270 4749 2431 4789; x_wconf 91' lang='lat' dir='ltr'><strong><em>nemo</em></strong></span> <span class='ocrx_word' id='word_1_751' title='bbox 2458 4734 2666 4789; x_wconf 88' lang='lat' dir='ltr'><strong><em>nesciat</em></strong></span> <span class='ocrx_word' id='word_1_752' title='bbox 2694 4735 2746 4788; x_wconf 89' lang='lat' dir='ltr'><strong><em>in</em></strong></span> <span class='ocrx_word' id='word_1_753' title='bbox 2779 4750 2927 4789; x_wconf 91' lang='lat' dir='ltr'><strong><em>more</em></strong></span> <span class='ocrx_word' id='word_1_754' title='bbox 2963 4734 3200 4804; x_wconf 90' lang='lat' dir='ltr'><strong><em>positum</em></strong></span> <span class='ocrx_word' id='word_1_755' title='bbox 3225 4732 3395 4789; x_wconf 89' lang='lat' dir='ltr'><strong><em>fuisse</em></strong></span> 
     </span>
    </p>
   </div>
   <div class='ocr_carea' id='block_1_106' title="bbox 1834 4818 3396 4891">
    <p class='ocr_par' dir='ltr' id='par_1_106' title="bbox 1834 4818 3396 4891">
     <span class='ocr_line' id='line_1_106' title="bbox 1834 4818 3396 4891; baseline 0.003 -16"><span class='ocrx_word' id='word_1_756' title='bbox 1834 4818 2096 4877; x_wconf 90' lang='lat' dir='ltr'><strong><em>Clementi</em></strong></span> <span class='ocrx_word' id='word_1_757' title='bbox 2145 4823 2535 4891; x_wconf 86' lang='lat' dir='ltr'><strong><em>Alexandrino,</em></strong></span> <span class='ocrx_word' id='word_1_758' title='bbox 2579 4826 2633 4880; x_wconf 86' lang='lat' dir='ltr'><strong><em>in</em></strong></span> <span class='ocrx_word' id='word_1_759' title='bbox 2683 4834 2968 4879; x_wconf 89' lang='lat' dir='ltr'><strong><em>auctorum</em></strong></span> <span class='ocrx_word' id='word_1_760' title='bbox 3022 4826 3161 4883; x_wconf 85' lang='lat' dir='ltr'><strong><em>locis</em></strong></span> <span class='ocrx_word' id='word_1_761' title='bbox 3187 4824 3396 4881; x_wconf 87' lang='lat' dir='ltr'><strong><em>descri-</em></strong></span> 
     </span>
    </p>
   </div>
   <div class='ocr_carea' id='block_1_107' title="bbox 1836 4915 3389 4988">
    <p class='ocr_par' dir='ltr' id='par_1_107' title="bbox 1836 4915 3389 4988">
     <span class='ocr_line' id='line_1_107' title="bbox 1836 4915 3389 4988; baseline 0.001 -19"><span class='ocrx_word' id='word_1_762' title='bbox 1836 4915 2029 4972; x_wconf 86' lang='lat' dir='ltr'><strong><em>bendis</em></strong></span> <span class='ocrx_word' id='word_1_763' title='bbox 2061 4917 2165 4970; x_wconf 86' lang='lat' dir='ltr'><strong><em>alia</em></strong></span> <span class='ocrx_word' id='word_1_764' title='bbox 2204 4918 2545 4982; x_wconf 88' lang='lat' dir='ltr'><strong><em>contrahere,</em></strong></span> <span class='ocrx_word' id='word_1_765' title='bbox 2599 4917 2703 4971; x_wconf 91' lang='lat' dir='ltr'><strong><em>alia</em></strong></span> <span class='ocrx_word' id='word_1_766' title='bbox 2754 4918 2960 4980; x_wconf 85' lang='lat' dir='ltr'><strong><em>tollere,</em></strong></span> <span class='ocrx_word' id='word_1_767' title='bbox 3006 4917 3113 4970; x_wconf 89' lang='lat' dir='ltr'><strong><em>alia</em></strong></span> <span class='ocrx_word' id='word_1_768' title='bbox 3153 4916 3389 4988; x_wconf 55' lang='lat' dir='ltr'><strong><em>interpo.</em></strong></span> 
     </span>
    </p>
   </div>
   <div class='ocr_carea' id='block_1_108' title="bbox 1833 5008 3394 5078">
    <p class='ocr_par' dir='ltr' id='par_1_108' title="bbox 1833 5008 3394 5078">
     <span class='ocr_line' id='line_1_108' title="bbox 1833 5008 3394 5078; baseline 0.003 -18"><span class='ocrx_word' id='word_1_769' title='bbox 1833 5022 1966 5062; x_wconf 90' lang='lat' dir='ltr'><strong><em>nere</em></strong></span> <span class='ocrx_word' id='word_1_770' title='bbox 1993 5016 2152 5076; x_wconf 91' lang='lat' dir='ltr'><strong><em>atque</em></strong></span> <span class='ocrx_word' id='word_1_771' title='bbox 2183 5024 2282 5078; x_wconf 89' lang='lat' dir='ltr'><strong><em>pro</em></strong></span> <span class='ocrx_word' id='word_1_772' title='bbox 2320 5009 2547 5063; x_wconf 89' lang='lat' dir='ltr'><strong><em>arbitrio</em></strong></span> <span class='ocrx_word' id='word_1_773' title='bbox 2578 5018 2808 5069; x_wconf 88' lang='lat' dir='ltr'><strong><em>mutare,</em></strong></span> <span class='ocrx_word' id='word_1_774' title='bbox 2857 5008 3040 5062; x_wconf 87' lang='lat' dir='ltr'><strong><em>omnia</em></strong></span> <span class='ocrx_word' id='word_1_775' title='bbox 3082 5024 3191 5064; x_wconf 90' lang='lat' dir='ltr'><strong><em>uno</em></strong></span> <span class='ocrx_word' id='word_1_776' title='bbox 3229 5011 3394 5064; x_wconf 89' lang='lat' dir='ltr'><strong><em>verbo</em></strong></span> 
     </span>
    </p>
   </div>
   <div class='ocr_carea' id='block_1_109' title="bbox 1834 5099 3396 5175">
    <p class='ocr_par' dir='ltr' id='par_1_109' title="bbox 1834 5099 3396 5175">
     <span class='ocr_line' id='line_1_109' title="bbox 1834 5099 3396 5175; baseline 0.001 -20"><span class='ocrx_word' id='word_1_777' title='bbox 1834 5099 1938 5155; x_wconf 88' lang='lat' dir='ltr'><strong><em>sibi</em></strong></span> <span class='ocrx_word' id='word_1_778' title='bbox 1968 5102 2280 5169; x_wconf 89' lang='lat' dir='ltr'><strong><em>permittere</em></strong></span> <span class='ocrx_word' id='word_1_779' title='bbox 2306 5120 2319 5155; x_wconf 87' lang='lat'><strong>:</strong></span> <span class='ocrx_word' id='word_1_780' title='bbox 2346 5099 2487 5171; x_wconf 89' lang='lat' dir='ltr'><strong><em>quod</em></strong></span> <span class='ocrx_word' id='word_1_781' title='bbox 2525 5109 2577 5156; x_wconf 89' lang='lat' dir='ltr'><strong><em>et</em></strong></span> <span class='ocrx_word' id='word_1_782' title='bbox 2606 5101 2707 5155; x_wconf 91' lang='lat' dir='ltr'><strong><em>hoc</em></strong></span> <span class='ocrx_word' id='word_1_783' title='bbox 2738 5101 2856 5169; x_wconf 87' lang='lat' dir='ltr'><strong><em>ipso</em></strong></span> <span class='ocrx_word' id='word_1_784' title='bbox 2890 5106 2944 5153; x_wconf 86' lang='lat' dir='ltr'><strong><em>in</em></strong></span> <span class='ocrx_word' id='word_1_785' title='bbox 2971 5101 3149 5175; x_wconf 92' lang='lat' dir='ltr'><strong><em>capite</em></strong></span> <span class='ocrx_word' id='word_1_786' title='bbox 3169 5102 3396 5158; x_wconf 88' lang='lat' dir='ltr'><strong><em>licenter</em></strong></span> 
     </span>
    </p>
   </div>
   <div class='ocr_carea' id='block_1_110' title="bbox 1833 5191 3322 5263">
    <p class='ocr_par' dir='ltr' id='par_1_110' title="bbox 1833 5191 3322 5263">
     <span class='ocr_line' id='line_1_110' title="bbox 1833 5191 3322 5263; baseline 0.003 -18"><span class='ocrx_word' id='word_1_787' title='bbox 1833 5192 1996 5247; x_wconf 92' lang='lat' dir='ltr'><strong><em>nimis</em></strong></span> <span class='ocrx_word' id='word_1_788' title='bbox 2022 5193 2359 5263; x_wconf 88' lang='lat' dir='ltr'><strong><em>exsequitur,</em></strong></span> <span class='ocrx_word' id='word_1_789' title='bbox 2389 5202 2447 5247; x_wconf 90' lang='lat' dir='ltr'><strong><em>ut</em></strong></span> <span class='ocrx_word' id='word_1_790' title='bbox 2479 5193 2621 5263; x_wconf 86' lang='lat' dir='ltr'><strong><em>apud</em></strong></span> <span class='ocrx_word' id='word_1_791' title='bbox 2659 5191 2977 5247; x_wconf 85' lang='lat' dir='ltr'><strong><em>Wottonum</em></strong></span> <span class='ocrx_word' id='word_1_792' title='bbox 3009 5194 3192 5249; x_wconf 89' lang='lat' dir='ltr'><strong><em>videre</em></strong></span> <span class='ocrx_word' id='word_1_793' title='bbox 3216 5204 3322 5254; x_wconf 85' lang='lat' dir='ltr'><strong><em>est.</em></strong></span> 
     </span>
    </p>
   </div>
   <div class='ocr_carea' id='block_1_111' title="bbox 1890 5526 3249 5598">
    <p class='ocr_par' dir='ltr' id='par_1_111' title="bbox 1890 5526 3249 5598">
     <span class='ocr_line' id='line_1_111' title="bbox 1890 5526 3249 5598; baseline 0.001 -18"><span class='ocrx_word' id='word_1_794' title='bbox 1890 5528 2002 5598; x_wconf 82' lang='lat' dir='ltr'><strong><em>(ll)</em></strong></span> <span class='ocrx_word' id='word_1_795' title='bbox 2036 5527 2157 5598; x_wconf 66' lang='lat' dir='ltr'><strong><em>Yid.</em></strong></span> <span class='ocrx_word' id='word_1_796' title='bbox 2189 5535 2302 5581; x_wconf 90' lang='lat' dir='ltr'><strong><em>not.</em></strong></span> <span class='ocrx_word' id='word_1_797' title='bbox 2335 5527 2389 5581; x_wconf 92' lang='lat' dir='ltr'><strong><em>in</em></strong></span> <span class='ocrx_word' id='word_1_798' title='bbox 2411 5540 2533 5597; x_wconf 90' lang='lat' dir='ltr'><strong><em>cap.</em></strong></span> <span class='ocrx_word' id='word_1_799' title='bbox 2557 5526 2619 5581; x_wconf 74' lang='lat'><strong><em>21</em></strong></span> <span class='ocrx_word' id='word_1_800' title='bbox 2666 5526 2825 5596; x_wconf 89' lang='lat' dir='ltr'><strong><em>epist.</em></strong></span> <span class='ocrx_word' id='word_1_801' title='bbox 2854 5527 2877 5580; x_wconf 90' lang='grc'><strong><em>1</em></strong></span> <span class='ocrx_word' id='word_1_802' title='bbox 2916 5526 2984 5579; x_wconf 88' lang='lat' dir='ltr'><strong><em>ad</em></strong></span> <span class='ocrx_word' id='word_1_803' title='bbox 3008 5526 3249 5583; x_wconf 81' lang='lat' dir='ltr'><strong><em>Corinth.</em></strong></span> 
     </span>
    </p>
   </div>
   <div class='ocr_carea' id='block_1_112' title="bbox 1894 5596 3395 5741">
    <p class='ocr_par' dir='ltr' id='par_1_112' title="bbox 1894 5596 3395 5741">
     <span class='ocr_line' id='line_1_112' title="bbox 1894 5596 3395 5741; baseline 0.004 -17"><span class='ocrx_word' id='word_1_804' title='bbox 2308 5668 2401 5723; x_wconf 90' lang='lat' dir='ltr'><strong><em>lib.</em></strong></span> <span class='ocrx_word' id='word_1_805' title='bbox 2435 5683 2510 5733; x_wconf 79' lang='grc' dir='ltr'><strong><em>ιν,</em></strong></span> <span class='ocrx_word' id='word_1_806' title='bbox 2542 5684 2661 5741; x_wconf 89' lang='lat' dir='ltr'><strong><em>cap.</em></strong></span> <span class='ocrx_word' id='word_1_807' title='bbox 2692 5669 2778 5735; x_wconf 83' lang='grc'><strong><em>16,</em></strong></span> <span class='ocrx_word' id='word_1_808' title='bbox 2805 5685 2859 5741; x_wconf 91' lang='lat' dir='ltr'><strong><em>p.</em></strong></span> <span class='ocrx_word' id='word_1_809' title='bbox 2880 5668 3006 5733; x_wconf 70' lang='grc'><strong><em>612,</em></strong></span> <span class='ocrx_word' id='word_1_810' title='bbox 3040 5671 3172 5727; x_wconf 86' lang='lat' dir='ltr'><strong><em>edit.</em></strong></span> <span class='ocrx_word' id='word_1_811' title='bbox 3214 5669 3395 5730; x_wconf 72' lang='lat' dir='ltr'><strong><em>Oxon.</em></strong></span> 
     </span>
    </p>
   </div>
  </div>
