3870 6356
423 295 526 350 119

1539 303 1627 357 AD
1663 305 1719 360 S.
1760 298 2175 365 CLEMENTEM
2213 307 2235 364 l
2272 305 2537 366 PAPAM.’

3544 309 3648 364 120

489 410 633 479 Quid
658 410 1111 483 quaris,'inquies
1127 413 1151 467 ?
1167 411 1296 469 Esto
1314 431 1327 467 :
1348 409 1894 483 scripseritClemens
1908 415 1976 469 τὰ
2005 421 2052 478 Α
2079 420 2260 474 αὐτόν.
2288 420 2454 487 «Quis
2481 436 2610 491 ergo
2639 422 2778 478 inter
2800 436 2896 479 vos
2920 424 3252 495 generosus?
3277 424 3400 495 quis
3441 425 3654 481 miseri-

418 502 584 557 τικνα
613 502 794 572 ὑμῶνε
821 509 876 554 at
904 502 1080 572 ipsum
1109 502 1207 566 τὰς
1234 505 1492 572 γυναῖκας
1518 506 1551 574 ἡ
1561 503 1674 574 μῶν
1698 505 1988 575 scripsisse

426 595 597 664 liquet
630 614 644 648 :
675 593 824 663 quod
860 596 1048 666 utique
1092 600 1162 649 ad
1198 593 1449 651 Venema
1496 597 1823 652 sententiam
1853 612 1988 652 con-

419 687 747 739 ﬁrmandam
797 686 935 743 satis
987 693 1094 742 est.
1149 685 1262 749 Na,
1311 685 1404 755 qui
1447 686 1528 742 sic
1563 688 1780 749 sentiat,
1807 689 1988 745 minus

422 781 630 829 attente
659 774 992 830 Clementem
1045 775 1254 845 legerit.
1307 774 1609 846 Siquidem,
1653 777 1799 848 quod
1849 779 1990 835 scri-

423 867 594 936 pserit
627 864 685 921 S.
714 865 872 923 Pater
889 867 987 930 τὰς
1013 869 1271 935 γυναῖκας
1286 869 1462 939 ἡμῶν,
1485 869 1540 924 in
1557 885 1721 926 causa
1746 870 1846 925 fuit
1867 888 1989 927 ver-

423 957 552 1012 bum
580 956 1036 1030 διορθωσὼμεθα;
1071 965 1131 1012 ut
1168 960 1405 1014 sermoni
1439 962 1602 1031 paulo
1647 971 1770 1017 ante
1791 963 1847 1018 in
1877 964 1990 1035 pri-

423 1067 514 1106 ma
541 1066 775 1121 persona
807 1051 1080 1114 instituto,
1115 1049 1490 1123 ὲντραπῶμεν,
1521 1054 1874 1126 αἱδεσθῶμεν,
1902 1073 1987 1109 τι-

425 1141 706 1213 μήσωμεν,
739 1138 1134 1211 παιδεύσωμεν,
1166 1145 1436 1197 sententia
1473 1155 1816 1216 congrueret.
1851 1145 1988 1200 Cum

423 1243 603 1289 autem
635 1249 758 1290 mox
781 1231 927 1286 aliud
958 1233 1215 1303 loquendi
1238 1249 1411 1306 genus
1432 1246 1678 1308 usurpet,
1703 1239 1989 1309 scripsisse

423 1327 646 1382 omnino
665 1325 969 1382 censendus
990 1333 1073 1383 est
1093 1326 1162 1380 τὰ
1189 1327 1352 1381 τέκνα
1380 1329 1532 1400 ὑμῶν
1559 1349 1576 1384 :
1601 1331 1826 1399 perinde
1851 1346 1913 1385 ac
1941 1331 1990 1386 si

424 1419 493 1472 ab
529 1416 792 1473 orationis
819 1432 984 1472 cursu
1016 1418 1303 1488 abreptus,
1332 1419 1480 1490 quod
1507 1421 1670 1476 modo
1697 1423 1990 1492 scripserat

424 1507 608 1562 minus
638 1505 743 1562 sibi
773 1513 1158 1571 consentanee,
1188 1523 1376 1562 uxores
1401 1518 1610 1563 nostras
1641 1512 1987 1581 corrigamus,

422 1593 713 1652 emendare
745 1596 1008 1660 voluerit;
1030 1595 1276 1666 adeoque
1299 1599 1498 1669 stylum
1543 1600 1728 1655 statim
1764 1602 1992 1672 castiga-

423 1687 532 1742 tius
558 1701 855 1752 exacuens,
916 1687 1274 1757 docentisque
1317 1687 1571 1759 dignitati
1622 1693 1987 1762 prospiciens,

421 1779 725 1836 orationem
772 1787 1067 1852 permutat,
1100 1786 1284 1849 atque,
1338 1780 1441 1851 ﬁlii
1492 1784 1648 1836 uestri
1676 1785 1987 1855 suscipiant,
2021 1769 2063 1823 Β

424 1872 837 1930 convenientius
863 1873 1132 1928 rescribit.
1171 1871 1472 1928 Retinenda
1514 1875 1680 1945 igitur
1712 1877 1881 1946 proba
1913 1879 1993 1934 le-

425 1968 537 2022 ctio
565 1980 669 2022 ms.
700 1965 912 2022 codicis
942 1966 1318 2031 Alexandrini,
1341 1981 1404 2020 ac
1429 1969 1619 2036 procul
1653 1971 1994 2025 amandanda

427 2061 495 2115 de
517 2059 716 2130 Grapte
743 2058 1040 2115 Clementis
1099 2073 1272 2113 uxore
1321 2058 1452 2114 hinc
1499 2069 1652 2114 eruta
1680 2063 1995 2132 conjectura

427 2152 530 2206 viri
554 2152 784 2216 eruditi;
811 2153 903 2222 qui
925 2148 1326 2207 Cotelerianam
1382 2154 1688 2208 versionem
1714 2169 1744 2207 a
1783 2153 1995 2210 Clerico

428 2245 757 2299 recensitam
791 2245 907 2299 sive
931 2242 1248 2299 mendosam
1280 2245 1395 2299 sive
1424 2244 1642 2299 inﬁdam
1683 2246 1996 2302 exscribere

427 2337 643 2404 maluit,
673 2351 836 2406 quam
871 2345 1076 2391 textum
1110 2335 1288 2406 ipsum
1315 2337 1622 2392 consulere.

502 2427 610 2483 Sed
657 2428 898 2482 nondum
945 2427 1300 2482 dimittendus
1345 2427 1690 2486 Hermannus
1742 2429 1993 2488 Venema.

428 2518 610 2590 Pergit
643 2521 724 2574 vir
746 2520 1003 2574 criticus!
1037 2529 1110 2585 et,
1145 2534 1253 2588 quo
1274 2520 1464 2588 probet
1503 2521 1664 2575 allata
1692 2522 1855 2576 verba
1877 2538 1999 2578 esse

429 2612 744 2681 accipienda
778 2612 922 2665 velut
955 2626 986 2665 a
1013 2608 1289 2668 Clemente
1304 2614 1372 2668 de
1392 2629 1450 2669 se
1473 2614 1591 2685 ipso
1613 2615 1852 2684 prolata,
1884 2616 1999 2670 hac

429 2701 664 2758 subdit:
701 2719 722 2752 ι
777 2700 928 2756 Licet
983 2703 1204 2759 nomine
1245 2703 1503 2759 Ecclesia
1552 2701 1833 2770 Romana,
1883 2705 2000 2775 ipse

429 2797 614 2847 tamen
646 2791 932 2860 epistolam
965 2793 1208 2864 scripsit,
1239 2803 1293 2850 et
1316 2795 1382 2849 ad
1411 2812 1468 2851 se
1488 2795 1723 2851 subinde
1744 2812 2002 2866 expresse

430 2880 660 2951 digitum
683 2867 912 2936 intendit
935 2923 950 2947 ,
986 2885 1068 2938 uti
1096 2885 1150 2940 in
1181 2886 1362 2941 verbis
1388 2887 1498 2956 (M)
1531 2907 1545 2942 :
1581 2886 1640 2942 Si
1672 2898 1881 2958 propter
1921 2904 2001 2942 me

431 2974 642 3040 seditio,
697 2985 746 3028 et
777 2975 1063 3042 discordia,
1115 2986 1165 3032 et
1217 2979 1524 3048 schismata,
1559 2981 1789 3046 discedo,
1830 2983 1955 3038 abeo
1979 2997 1999 3036 :

437 3068 575 3137 ﬁeri,
622 3068 957 3169 Epiphanius
998 3072 1190 3126 statuit
1215 3070 1381 3142 (15).»
1415 3071 1650 3142 Operam
1708 3075 1847 3129 ludit
1873 3091 2002 3130 cen-
2029 3112 2071 3169 Ο

437 3177 533 3216 sor
571 3162 693 3216 iste.
744 3161 810 3216 Et
864 3179 1004 3234 aegre
1051 3163 1272 3233 quidem
1323 3163 1644 3232 ferendum,
1697 3166 1841 3237 quod
1893 3182 2003 3222 non

435 3254 771 3325 perspexerit
822 3256 906 3310 vir
948 3258 1172 3312 oculeus
1246 3264 1416 3322 totus,
1467 3257 1827 3328 Epiphanium
1877 3259 2003 3316 Cle-

438 3346 640 3400 mentis
707 3347 1032 3402 sententiam
1085 3363 1193 3403 non
1247 3364 1316 3403 ex
1365 3349 1539 3419 ipsius
1587 3350 1846 3419 epistola,
1909 3350 2004 3406 sed

435 3451 504 3493 ex
531 3438 856 3508 quibusdam
889 3441 1299 3497 commentariis
1326 3441 1380 3496 in
1404 3443 1606 3512 quibus
1635 3443 1839 3498 dictum
1871 3442 2004 3498 illud

438 3527 744 3596 invenerat,
770 3532 1153 3604 descripsisse.
1187 3533 1280 3589 Sic
1310 3535 1454 3589 enim
1485 3535 1576 3591 ille
1599 3535 1636 3590 l.
1688 3551 1738 3590 c.
1771 3555 1785 3590 :
1844 3536 2005 3604 Λέγει

436 3624 548 3696 γὰρ
573 3627 630 3679 ἐν
663 3627 761 3698 μιᾷ
786 3626 892 3680 τῶν
920 3625 1214 3680 ἐπιστολῶν
1241 3625 1427 3680 αὑτοῦ·
1460 3621 1770 3699 Ἀναχωρῶ,
1791 3629 2004 3700 ἄπειμι.

439 3721 785 3793 εὕρομεν
834 3722 942 3794 γὰρ
996 3723 1052 3776 ἐν
1103 3740 1244 3777 τισιν
1297 3724 1806 3795 ὑπομνηματισμοῖς
1848 3723 2007 3779 τοῦτο

437 3817 777 3888 ἐγκείμενον.
841 3836 859 3869 ‹
889 3816 1034 3877 Dicit
1085 3819 1229 3874 enim
1281 3816 1572 3890 (Clemens)
1631 3818 1686 3872 in
1733 3835 1839 3873 una
1875 3817 2003 3888 Epi-

441 3910 708 3965 stolarum
725 3923 970 3964 suarum:
991 3907 1590 3974 Recedo,abeo:...nam
1609 3909 1662 3963 in
1679 3910 2006 3979 quibusdam

439 3999 854 4054 commentariis
880 3999 954 4052 ita
977 4001 1243 4071 scriptum
1274 4000 1637 4071 reperimus.»
1689 3998 1830 4064 Quid
1859 3999 2008 4068 quod

444 4095 678 4161 ipsemet
709 4089 1050 4161 Epiphanius
1076 4091 1381 4146 luculenter
1425 4098 1681 4153 testatur,
1712 4090 1855 4158 quod
1887 4086 2008 4143 Cle-

442 4195 598 4234 mens
628 4180 720 4232 illa
765 4179 1070 4248 proferens,
1118 4180 1384 4234 nonnullis
1416 4180 1511 4232 hoc
1564 4178 1717 4232 modo
1768 4179 2006 4233 consulev

441 4269 530 4324 bat
548 4274 574 4326 ?
604 4272 715 4323 τισὶ
741 4270 900 4323 τοῦτο
928 4270 1335 4341 συμϐουλεύωνε
1369 4277 1576 4324 tantum
1605 4270 1778 4333 abest,
1801 4277 1860 4322 ut
1882 4283 2009 4322 san-

442 4369 566 4418 ctus
591 4361 1032 4417 Constantiensis
1058 4361 1350 4432 episcopus
1389 4361 1664 4415 memoria
1699 4359 2005 4423 tradiderit,

2087 512 2240 566 cors?
2252 514 2376 582 quis
2401 514 2684 570 charitatis
2700 516 2917 584 plenus?
2934 516 3079 570 dicat
3097 534 3111 570 :
3139 513 3194 569 Si
3208 524 3430 585 propter
3452 531 3540 571 me
3555 532 3647 571 se-

2087 602 2243 664 ditio.
2267 611 2323 659 et
2346 603 2642 670 discordia,
2667 615 2719 661 et
2744 607 3043 662 schismata
3063 623 3078 672 ;
3097 605 3339 664 discedo.
3355 607 3490 662 abeo
3511 624 3652 678 quo.

2087 705 2304 761 cunque
2344 693 2699 749 volueritis...
2727 693 2833 761 Qui
2872 695 2976 748 hoc
3015 696 3236 758 fecerit,
3261 697 3364 751 sibi
3393 712 3651 768 magnum

2087 783 2254 838 decus
2285 783 2340 838 in
2379 783 2610 839 Domino
2637 787 2994 856 comparabit,
3037 789 3326 856 omnisque
3353 789 3503 844 locus
3523 805 3651 844 eum

2087 875 2368 946 suscipiet.
2406 896 2425 930 ›
2477 877 2686 943 Quibus
2740 893 2871 933 sane
2909 879 3090 935 verbis
3121 894 3282 933 nemo
3329 896 3437 934 non
3481 881 3652 947 videt,

2087 963 2295 1021 hortari
2323 966 2652 1023 Clementem
2705 966 3042 1033 Corinthios,
3092 979 3152 1022 ut
3211 970 3428 1024 etiamsi
3466 971 3654 1039 justus

2086 1057 2212 1126 quis
2235 1059 2377 1113 inter
2405 1074 2499 1114 eos
2523 1058 2708 1124 fuerit,
2747 1067 2910 1130 atque
2958 1059 3221 1114 immunis
3259 1076 3289 1115 a
3329 1062 3653 1126 schismate,

2087 1149 2218 1221 quin
2245 1159 2299 1205 et
2327 1151 2475 1206 omni
2499 1152 2764 1206 virtutum
2798 1167 2995 1222 genere
3034 1160 3295 1219 ornatus;
3318 1154 3431 1223 juri
3463 1161 3652 1209 tamen

2088 1256 2191 1297 suo
2238 1242 2416 1306 cedat,
2459 1250 2520 1318 ut
2561 1243 2820 1298 Ecclesia
2878 1243 3246 1300 Corinthiaca
3286 1244 3655 1317 tranquillitas

2089 1332 2216 1388 inde
2245 1341 2563 1404 consurgat.
2588 1335 2668 1389 An
2692 1351 2801 1389 non
2843 1335 3007 1406 igitur
3035 1335 3299 1392 Clementi
3349 1338 3487 1392 mire
3516 1354 3655 1393 con-

2088 1426 2224 1480 cinit
2252 1425 2610 1497 Epiphanius,
2662 1428 2790 1482 dum
2844 1430 2921 1482 ait
2953 1429 3128 1499 ipsum
3163 1431 3237 1485 ita
3276 1430 3449 1486 fuisse
3494 1432 3656 1486 locu-

2088 1522 2244 1582 tum,
2301 1518 2412 1570 τισὶ
2459 1517 2618 1571 τοῦτο
2673 1519 3144 1589 συμϐουλεύονταῖ
3202 1519 3340 1574 Hinc
3386 1523 3659 1576 immerito

2091 1606 2414 1662 insimulant
2442 1615 2690 1661 sanetum
2743 1609 2895 1662 illum
2938 1609 3412 1666 Constantiensem
3439 1613 3658 1681 episco-

2090 1713 2222 1769 pum
2249 1696 2617 1753 Thorndicius
2650 1698 2762 1770 (16)
2794 1707 2848 1754 et
2873 1699 3151 1757 Burtonus
3202 1702 3337 1773 (17),
3368 1704 3512 1774 quod
3537 1703 3662 1759 Cle-

2092 1788 2390 1844 mentinam
2427 1790 2752 1846 sententiam
2801 1791 2946 1845 haud
3000 1793 3071 1846 sit
3109 1802 3415 1849 assecutus.
3464 1793 3660 1848 Imme-

2090 1879 2197 1933 rito
2222 1880 2350 1934 item
2380 1896 2446 1935 ex
2469 1879 2714 1949 ejusdem
2757 1879 2814 1933 S.
2866 1879 3048 1936 Patris
3098 1883 3281 1937 verbis
3303 1924 3319 1948 ,
3353 1882 3656 1940 Clementis

2093 1969 2490 2025 abdicationem
2523 1969 2846 2025 conﬁrmare
2877 1972 3128 2027 nituntur
3151 1974 3243 2028 alii
3268 1976 3449 2045 magni
3478 1975 3663 2029 nomi-

2093 2061 2180 2115 nis
2207 2061 2333 2117 viri.

2163 2156 2231 2209 At
2257 2156 2450 2227 potiori
2478 2155 2602 2226 jure
2624 2156 2897 2213 notandus
2940 2156 3004 2213 Η.
3056 2156 3316 2224 Venema,
3353 2175 3443 2229 qm
3472 2175 3537 2214 eo
3565 2175 3665 2230 po-

2095 2248 2367 2304 tissimum
2415 2249 2634 2304 nomine
2687 2248 2974 2319 Epiphanii
3026 2253 3348 2306 auctoritate
3393 2252 3661 2318 abutitur,

2095 2356 2204 2412 quo
2234 2340 2488 2394 nimirum
2525 2348 2832 2396 commento
2874 2359 2975 2398 suo
3014 2343 3081 2398 de
3124 2341 3325 2414 Grapte
3371 2345 3668 2402 Clementis

2096 2446 2266 2486 uxore
2297 2430 2705 2485 fundamentum
2729 2432 3029 2502 prajaciat,
3073 2435 3223 2489 nullo
3263 2435 3482 2491 innixus
3515 2445 3666 2491 veteo

2097 2538 2219 2577 rum
2245 2522 2577 2588 testimonio,
2633 2524 2763 2592 quin
2813 2540 2843 2579 e
2878 2533 3069 2579 contra
3108 2510 3389 2580 obnitente
3425 2527 3666 2596 scripto-

2098 2630 2218 2669 rum
2251 2615 2602 2684 antiquorum
2631 2615 2752 2669 ﬁde.
2785 2615 2941 2680 Nam,
2971 2625 3029 2670 ut
3076 2616 3262 2688 lgnatii
3297 2617 3668 2689 Epistolarum

2100 2705 2545 2774 interpolatorem
2586 2707 2904 2764 omittamus
2953 2707 3089 2779 (18),
3139 2725 3300 2779 quem
3357 2725 3524 2764 unum
3562 2725 3669 2766 no-

2098 2796 2177 2852 vit
2221 2797 2310 2850 bic
2336 2811 2550 2861 censor,
2588 2798 2944 2854 vetustiorem
2985 2799 3163 2853 adhuc
3207 2799 3470 2856 habemus
3506 2801 3673 2855 Reco-

2104 2890 2390 2959 gnitionum
2433 2890 2779 2959 scriptorem,
2811 2892 3010 2945 saculo
3054 2907 3092 2943 ιι
3141 2892 3454 2957 desinente,
3507 2892 3673 2962 cujus

2101 2982 2216 3036 hac
2238 2988 2366 3036 sunt
2392 2982 2555 3035 verba
2600 2982 2716 3054 (19)
2753 3001 2766 3037 :
2805 2982 2915 3052 Ego
2970 2983 3208 3038 Clemens
3257 2985 3310 3037 in
3341 2984 3468 3038 urbe
3501 2983 3674 3039 Roma

2103 3081 2282 3136 natus,
2312 3087 2376 3125 ea:
2404 3073 2577 3140 prima
2607 3083 2761 3127 atate
2797 3074 3063 3142 pudicitia
3091 3074 3327 3128 studium
3361 3076 3517 3146 gessi.
3539 3075 3676 3140 Qua

2105 3172 2293 3234 postea
2323 3170 2437 3216 tum
2483 3161 2924 3219 Clementinorum
2964 3165 3099 3237 (20),
3121 3175 3237 3220 tum
3266 3164 3532 3235 Epitomes
3557 3167 3674 3238 (21)

2105 3263 2357 3311 auctores
2377 3253 2840 3324 exscripsere.llis
2862 3257 3072 3310 accedit
3094 3256 3420 3323 Althelmus,
3444 3257 3536 3326 qui
3551 3256 3679 3311 Cle-

2107 3347 2307 3404 mentis
2334 3347 2701 3416 virginitatem
2732 3345 2848 3401 sive
2894 3362 3056 3416 prosa
3102 3347 3214 3401 sive
3253 3347 3494 3401 carmine
3535 3347 3676 3402 cele-

2104 3441 2296 3497 brasse
2339 3439 2836 3511 comperitur(22).
2883 3439 3134 3495 Clemens
3187 3441 3369 3512 itaque
3423 3442 3598 3511 virgo,
3625 3440 3678 3496 si

2105 3534 2240 3590 ﬁdes
2264 3535 2349 3588 his
2377 3536 2716 3590 auctoribus.
2752 3534 2816 3589 Et
2845 3535 3036 3606 quidni
3080 3534 3253 3591 ﬁdes?
3303 3534 3378 3587 ait
3415 3532 3673 3589 doctissi-

2107 3644 2230 3683 mus
2249 3625 2548 3682 Cotelerius
2573 3628 2708 3697 (23).

2178 3719 2401 3786 Verum,
2442 3721 2572 3792 quid
2605 3737 2765 3791 porro
2787 3720 2854 3776 de
2882 3721 3083 3792 Grapte
3103 3721 3433 3776 dicendum?
3464 3719 3521 3776 Si
3538 3719 3680 3775 Her-

2106 3829 2209 3870 ma
2232 3814 2451 3884 quidem
2479 3814 2644 3870 verba
2673 3816 2894 3885 penitus
2940 3815 3312 3885 introspicias,
3332 3813 3538 3868 sentias
3567 3812 3681 3867 uti-

2108 3924 2216 3979 que
2239 3923 2363 3962 cum
2393 3906 2528 3962 viris
2569 3907 2800 3962 eruditis
2831 3907 2944 3977 (24)
2995 3915 3228 3976 oportet,
3279 3907 3452 3976 ipsam
3503 3904 3682 3960 fuisse

2109 4000 2365 4055 feminam
2422 4007 2679 4069 spectata
2719 3999 2958 4070 pietatis,
3015 3998 3241 4053 forsitan
3278 3996 3678 4060 diaconissam,

2109 4091 2222 4146 sive
2243 4090 2499 4145 Ecclesia
2534 4088 2790 4143 Romana
2819 4088 3168 4159 πρεσϐύτιδα,
3192 4088 3408 4141 viduam
3441 4086 3680 4150 scilicet,

2109 4181 2197 4236 cui
2221 4181 2462 4250 reliquas
2485 4180 2668 4234 viduas
2703 4180 2951 4250 juniores
2981 4186 3144 4248 atque
3179 4178 3437 4246 orphanos
3470 4176 3575 4230 sub
3599 4176 3685 4228 vi-

2108 4277 2338 4332 duarum
2357 4292 2487 4331 cura
2505 4277 2731 4346 positos,
2751 4276 2972 4346 optimis
2993 4273 3283 4344 praceptis
3304 4271 3685 4339 institutisque

2110 4370 2387 4425 imbuendi
2444 4385 2646 4424 munus
2692 4368 3044 4422 commissum
3093 4365 3274 4419 fuerit.
3318 4363 3452 4418 Cum
3511 4364 3683 4433 igitur

442 4454 776 4510 Clementem
809 4455 1032 4527 eo_loci
1079 4454 1148 4508 ad
1177 4470 1235 4510 se
1281 4454 1509 4524 digitum
1545 4469 1801 4523 expresse
1833 4454 1999 4507 inten-

2116 4464 2230 4518 s-ive
2255 4478 2320 4517 ex
2356 4461 2534 4516 verbis
2576 4460 2893 4527 Clementis,
2924 4461 3040 4515 sive
3074 4474 3140 4512 ex
3171 4456 3461 4526 Epiphanii
3489 4463 3677 4508 aucto-

443 4548 614 4610 disse,
629 4547 1092 4617 quemadmodum
1117 4555 1446 4616 prapostere
1465 4546 1742 4600 contendit
1769 4545 1854 4598 vir
1872 4545 2005 4600 clar.

446 4639 834 4694 Verumtamen
846 4638 1178 4693 Clementem
1202 4637 1379 4707 ipsum
1395 4637 1469 4689 ita
1487 4637 1794 4706 loquentem
1821 4636 2011 4689 audia-

443 4749 604 4788 mus:
643 4733 739 4796 Τίς
765 4729 860 4786 οὖν
879 4732 938 4784 ὲν
965 4734 1098 4802 ἡμῖν
1119 4734 1362 4798 γενναῖος
1382 4747 1396 4795 ;
1414 4730 1496 4792 τίς
1510 4728 1875 4799 εὖσπλαγχνος
1895 4745 1910 4792 ;
1929 4728 2012 4791 τίς

443 4824 1013 4896 πεπληροφορημένος.
1063 4823 1330 4893 ἀγάπης;
1392 4821 1617 4874 εἰπάτω
1672 4822 1720 4874 si
1779 4820 1843 4872 δι’
1913 4820 2012 4890 ἐμὲ

448 4917 656 4980 στάσις,
689 4918 782 4970 καὶ
808 4917 944 4988 ἔρις,
995 4916 1090 4970 καὶ
1150 4916 1444 4985 σχίσματα,
1502 4912 1749 4984 ὲκχωρῶ,
1797 4911 2009 4980 ἄπειμι,

444 5001 509 5062 οὗ
537 5007 631 5063 ἐὰν
671 5008 951 5081 βούλησθε.
998 5039 1069 5051 —-
1102 5007 1274 5062 Τοῦτο
1305 5008 1333 5059 ὁ
1361 5007 1613 5077 ποιήσας,
1662 5002 1837 5074 ἑαυτῷ
1872 5002 2012 5072 μέγα.

448 5105 602 5169 κλέος
622 5106 679 5158 ἐν
699 5105 885 5176 Κυρίῳ
900 5104 1335 5176 περιποιήσεται,
1365 5101 1458 5154 καὶ
1485 5101 1592 5163 πᾶς
1618 5100 1779 5162 τόπος
1807 5095 2011 5162 δέξεται

517 5301 632 5373 (14)
660 5301 830 5373 Epist.
869 5304 894 5357 1
936 5304 1003 5357 ad
1029 5302 1293 5365 Corinlh.,
1327 5315 1448 5370 cap.
1477 5297 1564 5352 54.

522 5372 638 5444 (15)
671 5374 874 5431 llares.
911 5390 1143 5430 xxxvm.
1175 5374 1280 5444 §6.

518 5443 633 5514 (16)
663 5444 869 5513 Origin.
901 5445 1108 5509 eccles.,
1141 5441 1264 5514 pag.
1290 5441 1416 5497 586.

550 5515 637 5569 17)
669 5514 723 5567 in
761 5524 874 5568 not.
899 5515 964 5567 ad
995 5515 1166 5569 Clem.
1201 5515 1236 5567 ι.
1261 5531 1309 5568 c.

546 5578 634 5654 18)
655 5583 825 5654 lgnat.
850 5585 1021 5654 Epist.
1050 5585 1117 5637 ad
1141 5583 1474 5652 Philadelph.
1513 5582 1763 5654 interpol.
1808 5595 1929 5651 cap.
1956 5578 2010 5634 1.

550 5654 636 5724 19)
667 5655 827 5710 Auct.
857 5655 1126 5724 Recognit.
1155 5655 1251 5711 lib.
1283 5671 1322 5719 ι,
1360 5670 1479 5724 cap.
1514 5655 1565 5708 1.

544 5725 636 5798 30)
663 5726 822 5782 Auct.
848 5725 1104 5782 Clement.
1138 5725 1284 5780 hom.
1325 5740 1366 5789 ι,
1396 5739 1515 5794 cap.
1542 5726 1591 5779 1.

2110 4557 2294 4620 ritate,
2327 4571 2440 4611 sua
2469 4571 2649 4611 causa
2686 4555 3001 4625 praesidium
3030 4552 3234 4606 frustra
3267 4557 3473 4620 quarat
3494 4549 3686 4602 erudi-

2112 4657 2201 4706 tus
2251 4649 2510 4714 Venema,
2561 4649 2695 4719 quin
2745 4656 2800 4703 et
2852 4648 2960 4718 ipsi
3001 4646 3220 4700 obstent
3268 4650 3385 4697 tum
3422 4640 3686 4696 Ecclesia

2114 4742 2440 4812 scriptorum
2476 4740 2861 4804 vetustissimi,
2897 4747 3010 4793 tum
3062 4737 3427 4792 recentiorum
3472 4735 3687 4789 doctis-

2115 4834 2236 4889 simi
2261 4849 2276 4897 ;
2317 4849 2494 4903 neque
2524 4834 2695 4886 ullum
2721 4832 2944 4885 omnino
2969 4831 3162 4885 vadem
3211 4829 3439 4898 ipsemet
3456 4841 3558 4896 pro
3583 4840 3686 4881 sua

2115 4927 2383 4982 sententia
2438 4926 2493 4979 in
2541 4925 2778 4979 medium
2821 4923 3054 4976 adducat
3097 4940 3111 4981 :
3148 4921 3203 4974 in
3245 4919 3478 4974 nihilum
3523 4919 3687 4972 abeat

2114 5034 2340 5074 necesse
2382 5026 2466 5073 cst
2505 5016 2708 5086 Grapte
2729 5014 3026 5070 Clementis
3081 5027 3239 5079 uxor,
3266 5026 3428 5081 quam
3451 5010 3686 5063 commi-

2115 5111 2348 5168 niscitur
2387 5128 2402 5177 ;
2454 5124 2688 5179 cumque
2750 5107 3057 5162 istiusmodi
3106 5105 3361 5175 ﬁgmento
3403 5100 3688 5156 evanescit

2189 5319 2301 5386 (21)
2328 5318 2486 5372 Auct.
2516 5315 2745 5384 Epitom.
2771 5331 2893 5386 cap.
2926 5315 2978 5368 1.

2185 5379 2296 5455 (22)
2333 5387 2406 5441 De
2437 5379 2583 5442 laud;
2608 5388 2738 5455 virg.
2758 5396 2806 5439 et
2845 5379 2910 5438 'de
2940 5383 3142 5455 laudib.
3174 5381 3404 5452 virginit.
3434 5394 3557 5455 cap.
3587 5379 3682 5433 22.

2186 5389 2274 5453 (2‘2
2333 5388 2406 5441 De
2437 5388 2583 5442 laud.
2608 5388 2738 5455 virg.
2758 5396 2806 5439 et
2847 5388 2910 5438 de
2940 5388 3139 5438 laudib.
3174 5388 3404 5452 virginit.
3434 5394 3554 5434 can.

2186 5388 2298 5525 (23)
2326 5457 2496 5512 Cotel.
2526 5458 2579 5510 in
2617 5467 2712 5510 not
2761 5457 2827 5510 ad
2868 5455 3038 5509 Clem.
3063 5454 3296 5525 epistJ,
3321 5467 3438 5520 cap.
3466 5439 3554 5525 '58.

2189 5521 2300 5599 (2.1)
2335 5528 2583 5599 ϐοίδια
2606 5526 2763 5599 Fell_.,
2792 5526 2858 5580 ad
2909 5521 3230 5579 Hcrm.7vis.
3271 5523 3327 5599 ἓ,
3355 5535 3478 5590 cap.
3532 5521 3687 5599 Quae

2117 5588 2303 5654 Dodw'.
2340 5602 2393 5654 in
2425 5598 2597 5653 addit.
2626 5599 2692 5651 ad
2715 5588 2977 5651 P'earson.
3001 5610 3126 5663 opp.
3154 5588 3458 5664 posthumi,
3482 5588 3685 5664 p.196,

2117 5678 2170 5727 et
2201 5671 2359 5735 ibid.,
2385 5673 2438 5726 in
2463 5671 2682 5724 dissert.
2703 5668 2901 5739 singul.
2927 5682 2981 5738 p.
3015 5665 3137 5721 158.
