3870 6356
223 333 307 391 ιιι

1470 344 1811 403 ΡιιοαεΜιΑ
1850 347 2233 412 VARIORUM.

3345 354 3446 412 122

216 465 418 523 quoque
446 451 584 508 illud
632 466 1013 526 argumentum
1055 459 1187 515 hinc
1236 459 1606 532 desumptum,
1660 479 1761 535 quo

1870 467 1972 524 ciis
2002 468 2145 524 haud
2177 468 2430 527 obscuris
2457 469 2747 526 verborum
2780 470 3117 543 φιλαδελφία,
3149 470 3443 542 φιλοξενία,

215 545 556 615 epistolarum
630 546 702 601 ad
748 550 970 620 virgines
1027 552 1401 608 sinceritatem
1457 568 1772 625 oppugnare

214 652 489 709 aggressus
516 648 626 695 est.
661 640 733 694 At
756 642 823 697 de
848 644 934 699 his
956 645 1116 700 satis.

272 728 535 785 Caeterum
563 733 787 790 easdem
807 733 1077 805 Epistolas
1099 733 1286 791 Grzece
1307 734 1565 805 primitus
1586 748 1779 788 exara-

210 819 468 876 tasl’uisse
498 823 716 893 colligit
766 825 837 880 cl.
881 824 1222 881 Wetstenius
1263 836 1377 881 tum
1408 841 1473 881 ex
1522 826 1771 891 vocibus,

209 913 531 983 εὐχαριστία,
562 915 812 981 ἀσωτία,
868 917 1128 980 κίνδυνος,
1183 916 1353 982 τάξις,
1414 916 1619 987 σχῆμα,
1661 915 1776 971 δια-

208 1003 357 1078 θήκη,
385 1006 557 1075 ἀγὼν,
596 1007 875 1074 αὑτολεξεε
901 1010 1344 1077 occurrentibus;
1403 1016 1518 1063 tum
1544 1024 1606 1064 ex
1637 1008 1779 1064 indi—

1876 560 2229 634 φιλαργυρία,
2258 562 2641 635 φιλοπρωτεια,
2672 564 3197 634 παραιτεῖσθαι,εῑο.
3216 563 3280 618 Et
3307 563 3445 618 scri-

1874 660 1979 724 ptze
2015 653 2232 724 quidem
2278 654 2508 710 fortasse
2558 653 2761 711 fuerint
2812 672 2921 711 non
2966 657 3124 727 longe
3152 673 3183 711 a
3212 655 3447 712 Neronis

1875 746 2048 809 obitu,
2078 744 2205 799 dum
2248 744 2492 801 Ecclesia
2542 748 2836 817 tranquilla
2868 763 3000 821 pace
3028 748 3341 803 frueretur:
3388 749 3445 802 in

1876 836 1946 891 iis
1974 837 2119 894 enim
2158 838 2366 893 nullius
2396 840 2724 895 calamitatis
2748 846 2841 894 aut
2861 840 3162 895 vexationis
3179 838 3447 895 Christia-

1878 945 2073 986 norum
2107 930 2333 987 mentio.

1684 1363 1933 1477 ιν.

732 1598 951 1723 ΕΧ
1079 1599 1213 1722 Ρ.
1302 1600 1761 1728 LUMP]

1863 1598 2005 1723 RI
2104 1596 2908 1725 HISTORIA.

258 1851 491 1919 (Historia
514 1851 990 1920 theologica-critica
1009 1855 1071 1907 de
1090 1852 1206 1916 vita,
1229 1852 1426 1918 scriptis
1446 1860 1588 1919 atque
1608 1853 1830 1904 doctrina
1850 1855 1946 1903 SS.
1970 1854 2192 1914 Patrum,
2217 1858 2339 1913 etc.;
2364 1858 2400 1902 t.
2422 1853 2464 1914 Ι,
2490 1853 2617 1917 Aug.
2642 1853 2910 1915 Vindelic,
2932 1851 3071 1915 1³185,
3092 1855 3142 1903 in
3156 1856 3372 1907 octavo.‘

1322 2147 1699 2238 CAPUT
1765 2147 2290 2238 PRIMUM.

834 2338 1233 2395 ARTICULUS
1274 2336 1555 2395 UNICUS.
1594 2367 1662 2377 —-
1702 2336 1889 2393 ἾΙΤᾹΞ
1931 2337 1990 2396 S.
2031 2337 2429 2395 CLEMENTIS
2467 2338 2814 2396 HISTORIA.

256 2610 309 2668 S.
336 2610 628 2667 Clementis
680 2608 857 2681 patria
907 2614 956 2664 et
995 2610 1195 2680 generis
1243 2609 1512 2667 nobilitas.
1540 2641 1610 2651 —-
1632 2609 1755 2666 Cle—
1787 2619 1831 2674 Β
1857 2623 1988 2664 vero
2009 2608 2479 2680 Recognitionum,
2497 2609 2587 2679 qui
2613 2610 2714 2664 sub
2733 2610 3028 2667 Clementis
3050 2610 3213 2681 hujus
3229 2610 3445 2667 nomine

197 2720 331 2761 mens
378 2704 673 2761 Romanus
722 2712 1037 2760 sanctorum
1087 2702 1334 2770 Patrum,
1368 2713 1633 2775 quotquot
1668 2720 1763 2760 ex-

195 2807 323 2854 stant
370 2797 833 2861 vetustissimus,
880 2810 1055 2864 neque
1116 2810 1226 2849 uno
1280 2795 1499 2850 nomine
1530 2796 1759 2865 primus,

194 2887 345 2943 lloma
385 2905 417 2944 e
463 2889 761 2945 senatorio
796 2902 990 2958 genere
1018 2886 1131 2957 (25)
1165 2894 1319 2940 ortus
1347 2894 1450 2942 est.
1485 2886 1671 2941 Graeca
1701 2886 1758 2941 S.

194 2976 318 3034 Pari
345 2980 484 3051 apud
531 2979 951 3035 llenschenium
1001 2986 1122 3032 acta
1175 2978 1337 3032 etiam
1381 2978 1640 3047 Augustis
1669 2991 1761 3031 co-

193 3080 388 3141 gnatum
419 3071 629 3133 fuisse,
662 3070 1060 3140 Neronemque,
1096 3070 1225 3124 dum
1269 3068 1612 3124 Christianos
1638 3083 1763 3139 per-

193 3164 532 3235 sequebatur,
596 3164 671 3218 ab
712 3164 805 3218 illo
852 3169 1136 3234 eapropter
1186 3161 1519 3217 abstinuisse
1553 3167 1763 3242 testan-

192 3265 285 3313 tur.

249 3353 419 3408 Annus
465 3350 801 3415 nativitatis,
830 3358 879 3404 et
908 3349 1019 3418 ejus
1065 3348 1354 3402 conversio.
1377 3376 1448 3385 —
1469 3344 1589 3410 Quo
1618 3358 1762 3399 anno

191 3443 398 3513 primam
448 3445 640 3499 lucem
690 3440 982 3511 aspexerit,
1016 3454 1197 3503 nemo,
1227 3437 1373 3508 quod
1418 3438 1607 3501 sciam,
1632 3452 1762 3507 pro-

189 3532 336 3601 didit;
363 3535 409 3590 si
440 3544 637 3590 tamen
668 3532 977 3602 conjectare
1024 3532 1206 3594 liceat,
1237 3530 1456 3587 Christo
1497 3530 1552 3584 in
1598 3529 1761 3585 terris

189 3624 348 3680 adhuc
365 3624 599 3697 degente
632 3632 799 3679 natus
829 3639 859 3678 e
878 3623 1085 3693 reliqua
1114 3622 1239 3678 vita:
1264 3622 1405 3677 serie
1430 3620 1640 3677 censeri
1664 3636 1763 3691 po-

190 3715 300 3764 test.
331 3709 570 3767 Sanctus
618 3710 829 3766 Paulus
874 3713 930 3766 in
976 3725 1060 3775 ea,
1088 3725 1249 3780 quam
1282 3710 1348 3763 ad
1381 3710 1761 3781 Philippenses

188 3798 339 3867 dedit,
362 3805 599 3873 epistola
634 3801 824 3856 laudat
861 3801 1194 3857 Clementem
1233 3808 1480 3855 nostrum
1504 3817 1603 3856 ceu
1630 3816 1763 3872 apo-

188 3892 398 3948 stolatus
420 3893 506 3949 sui
536 3892 763 3949 socium
793 3901 847 3947 et
888 3891 1259 3961 coadjutorem
1286 3890 1463 3959 ⁵³·¹⁰⁰;
1497 3890 1553 3945 in
1608 3891 1761 3947 libris

246 4026 381 4061 “'m
399 4029 484 4084 Ad
517 4028 793 4099 Pbilipp.,
820 4044 940 4099 cap.
968 4045 1045 4094 rv,
1078 4045 1130 4084 v.
1162 4026 1196 4083 3
1222 4036 1275 4085 et
1316 4043 1431 4099 seq-

1862 2703 2343 2769 circumferuntur,
2376 2720 2407 2758 a
2442 2704 2567 2761 divo
2600 2704 2762 2759 Petro
2793 2706 3165 2775 apostolorum
3197 2706 3443 2776 principe

1861 2794 1929 2849 ad
1968 2795 2245 2851 Christum
2297 2811 2600 2852 conversus
2646 2813 2789 2859 esse,
2830 2799 2990 2868 eique
3029 2809 3216 2867 postea
3259 2812 3445 2854 comes

1863 2886 2037 2942 ﬁdelis
2081 2887 2377 2942 adhaesisse
2427 2896 2704 2942 narratur.
2750 2886 2993 2953 Quorum
3039 2888 3300 2942 librorum
3338 2889 3443 2944 etsi

1862 2994 1972 3036 non
2012 2981 2301 3037 admodum
2335 2981 2489 3035 ﬁrma
2535 2982 2607 3037 sit
2657 2981 2978 3043 auctoritas,
3012 2981 3114 3035 hac
3157 2990 3335 3036 tamen
3376 2997 3443 3037 ex

1862 3074 2015 3139 parte
2058 3068 2133 3123 nil
2176 3084 2507 3140 magnopere
2563 3084 2624 3125 se
2671 3068 2850 3134 oll'ert,
2887 3085 2988 3124 cur
3027 3069 3324 3139 rejicienda
3365 3071 3429 3125 vi-

1862 3159 2076 3215 deatur.
2416 3220 2421 3225 _

1932 3251 1975 3307 Α
2012 3251 2130 3305 divo
2171 3251 2331 3309 Petro
2362 3254 2635 3322 episcopus
2665 3251 2993 3322 designatur.
3022 3282 3093 3293 —-
3114 3251 3252 3309 Cum
3294 3260 3435 3307 utro-

1862 3356 1967 3412 que
1994 3350 2140 3396 certe
2168 3343 2541 3411 apostolorum
2578 3342 2826 3412 principe
2874 3343 3209 3398 Clementem
3258 3344 3351 3398 diu
3390 3349 3446 3397 et

1862 3433 2204 3487 familiariter
2241 3434 2440 3502 egisse,
2472 3448 2502 3486 a
2530 3432 2691 3487 Petro
2724 3443 2903 3490 autem
2948 3435 3111 3489 etiam
3156 3449 3446 3490 successo-

1861 3541 1976 3581 rem
2008 3525 2063 3579 in
2094 3525 2367 3593 pascendo
2410 3540 2572 3595 grege
2619 3524 2836 3584 Domini
2870 3526 3211 3598 designatum
3252 3525 3443 3596 fuisse,

1863 3616 2110 3687 plerique
2140 3616 2378 3669 fatentur
2408 3614 2544 3686 (26).

1935 3708 2083 3767 Cleto
2116 3712 2170 3765 in
2200 3711 2513 3780 pontiﬁcatu
2543 3710 2811 3777 “succedit,
2844 3729 2981 3766 anno
3020 3710 3219 3766 Christi
3249 3710 3339 3765 9i.
3371 3738 3444 3753 --

1863 3803 2073 3870 Quotus
2093 3804 2285 3859 ordine
2313 3802 2614 3858 Romanam
2642 3804 2954 3861 cathedram
2979 3804 3257 3866 insederit,
3284 3810 3441 3860 vetus

1863 3904 1919 3954 et
1947 3895 2125 3951 adhuc
2147 3895 2250 3951 sub
2269 3894 2455 3965 judice
2482 3894 2550 3950 lis
2580 3904 2690 3962 est;
2725 3910 2834 3950 non
2865 3895 3074 3950 sedisse
3101 3903 3280 3948 tamen
3313 3901 3441 3951 ante

249 4143 353 4216 (25)
379 4144 753 4216 Receptiores
810 4143 1005 4210 critici,
1050 4143 1327 4216 levissima
1368 4142 1520 4196 ducti
1566 4142 1749 4212 conje—
1777 4149 1819 4208 C
1853 4150 2005 4216 atque
2025 4142 2184 4196 etiam
2228 4141 2715 4216 stirpeCwsarum,
2752 4140 3154 4216 omniscientia
3188 4140 3434 4216 re[ertus,

189 4213 345 4278 ctura,
370 4231 481 4269 non
519 4213 931 4283 Romanum_et
976 4214 1394 4281 praeclarissimo
1434 4222 1620 4266 natum
1657 4229 1750 4283 ge-

188 4299 322 4347 nere,
361 4285 455 4339 sed
502 4300 574 4338 ex
623 4283 796 4349 stirpe
844 4280 1069 4337 Juda’ica
1121 4292 1460 4352 procreatum
1509 4280 1754 4339 censent.

188 4354 383 4409 Primus
409 4355 504 4419 qui
536 4367 670 4407 eam
702 4353 904 4419 invexit
930 4354 1218 4419 novitatem
1249 4352 1736 4419 luitATillemontiqg

193 4370 383 4409 l’l'lmllS
409 4370 504 4419 qui
536 4370 670 4407 eam
702 4370 904 4405 invexit
930 4370 1218 4406 novuatem
1252 4370 1353 4406 ιιιιι
1389 4370 1736 4408 uuemonuu.

193 4419 370 4476 insuis
401 4419 774 4475 Monumentis
795 4417 1032 4472 historice
1077 4415 1445 4469 ecclesiastica:
1464 4454 1479 4478 ,
1527 4420 1679 4465 tomo
1704 4370 1768 4478 Ιῖ,

191 4507 301 4561 pag.
334 4492 457 4546 H9.
484 4489 710 4545 Exinde
733 4504 859 4543 vero
886 4489 1027 4561 idem
1054 4487 1231 4561 visum
1260 4484 1550 4561 Coutantio
1580 4489 1770 4535 nostro

193 4554 241 4615 in
256 4554 623 4627 celeberrimo
659 4574 763 4615 suo
791 4574 952 4627 opere
988 4556 1352 4627 Epistolarum
1396 4554 1767 4610 Romanorum

197 4626 530 4709 pontiﬁcum,
554 4642 721 4709 torno
744 4627 788 4692 Ι,
826 4626 945 4709 μειβ.
980 4626 1070 4709 ll,
1095 4628 1219 4681 licet
1248 4634 1434 4709 postea
1465 4640 1629 4709 suam.
1654 4639 1769 4709 mu-

191 4693 305 4756 tarit
328 4693 667 4774 sententiam
703 4693 1058 4774 loco-citato,
1091 4714 1212 4774 pag.
1250 4693 1363 4774 ἀμ.-
1390 4695 1635 4774 Accessit
1673 4693 1768 4774 de-

190 4786 324 4826 mum
358 4771 863 4827 reverendissimns
888 4764 1142 4822 dominus
1160 4766 1437 4837 Remigius
1464 4764 1766 4837 Ceillierius

188 4852 382 4912 noster,
412 4842 509 4912 qui
540 4842 782 4912 lidenter
811 4840 974 4894 nimis
1010 4841 1061 4893 id
1086 4834 1340 4894 asserere
1361 4853 1470 4891 non
1499 4834 1767 4912 dubitavit

190 4910 236 4963 in
272 4905 515 4967 Historia
544 4910 784 4982 generali
812 4921 1087 4982 auctorum
1110 4924 1397 4982 sacrorum
1439 4915 1487 4960 et
1520 4905 1766 4982 ecclesia-

186 4982 448 5050 sticarum,
479 4974 642 5037 toino
664 4981 708 5044 l,
736 4996 851 5050 pag.
881 4980 1006 5033 598.
1028 4979 1217 5050 Colligi
1254 4979 1502 5050 idgposse
1530 4974 1762 5050 exrejus-

192 5048 300 5102 dem
312 5047 487 5104 sancti
517 5047 825 5105 Clementis
838 5050 903 5104 ad
919 5047 1229 5103 Corinthios
1248 5048 1475 5117 epistola
1496 5049 1670 5117 capite
1700 5066 1750 5101 ιν

189 5118 550 5171 arbitrabatur
570 5160 587 5181 ,
624 5118 717 5171 ubi
748 5128 822 5170 alt
853 5137 868 5174 :
907 5119 1128 5186 Propter
1163 5116 1754 5186 aemulationemg'gPater

190 5200 353 5258 noster
376 5187 552 5242 Jacob
581 5188 788 5257 aufugit
814 5205 847 5240 a
870 5184 1179 5258 facie‘Esau
1207 5188 1392 5256 fratris
1415 5188 1517 5240 sui.
1551 5184 1751 5258 Yerum

190 5255 292 5326 haec
319 5260 487 5313 verba
543 5255 824 5326 nequeunt
870 5255 1136 5313 vetustam
1184 5255 1491 5326 Opinionem
1531 5256 1749 5312 elidere.

191 5324 321 5397 Sane
374 5330 526 5383 illam
582 5324 770 5381 auctor
804 5328 951 5384 Libri
980 5324 1294 5397 pontiﬁcalis
1322 5333 1572 5397 Asecutus
1621 5326 1695 5380 ait
1735 5347 1748 5382 :

190 5395 413 5451 Clemens
441 5399 665 5451 natione
696 5397 962 5453 Romanus
981 5395 1051 5453 ide
1076 5398 1282 5466 regione
1304 5395 1464 5451 Caelio
1494 5406 1668 5450 monte
1690 5412 1754 5451 ea:

188 5478 324 5534 patre
351 5467 646 5538 Faustino.
680 5467 885 5523 Similia
929 5469 1195 5538 habentur
1238 5468 1291 5519 in
1334 5468 1607 5538 Catalogis
1642 5466 1752 5520 Ro-

190 5550 466 5607 manorum
517 5537 844 5607 Pgntilicum
896 5537 1283 5593 vetustioribus
1318 5556 1354 5607 7:7
1381 5537 1757 5607 consentitquc

190 5603 520 5669 Breviarium
557 5605 861 5665 Romanum
909 5608 977 5663 ad
1015 5609 1157 5661 diem
1197 5606 1268 5660 25
1310 5603 1757 5676 Νονειιιῐιιὶείᾶθ

190 5676 428 5750 inuitem
446 5677 1011 5750 gsanctusEuchcrius
1041 5676 1419 5748 Lugdunensis
1447 5678 1503 5731 in
1530 5679 1759 5750 epistola

194 5746 254 5800 ad
290 5746 562 5804 Valerium
600 5766 614 5803 :
645 5746 879 5814 Clemens
921 5746 1395 5822 vetusta'prosapia
1434 5746 1756 5815 studiorum,

1853 4211 2187 4281 omniumque
2223 4212 2521 4265 liberalium
2567 4212 2764 4263 artium
2805 4212 3159 4280 peritissimus
3191 4211 3260 4265 ad
3302 4213 3439 4268 hanc

1846 4284 2117 4353 justorurn
2149 4283 2286 4335 viam
2317 4284 2563 4345 transiit;
2594 4283 2767 4351 itaque
2789 4283 2853 4353 in
2896 4297 2958 4334 ea
2995 4282 3308 4336 excellenter
3335 4284 3439 4352 ﬂo—

1854 4351 1982 4416 ruit,
2006 4362 2065 4422 ut
2084 4351 2345 4421 Principis
2370 4368 2569 4422 quoque
2591 4352 2951 4421 apostolorum
2972 4369 3243 4406 successor
3269 4351 3439 4407 etsti-

1856 4424 1996 4479 terit.
2028 4421 2124 4476 His
2155 4422 2311 4476 ﬁdem
2338 4421 2561 4476 minime
2586 4423 2935 4491 dcrogamus,
2961 4438 3083 4476 cum
3109 4424 3282 4492 ipsius
3309 4424 3438 4479 Cle-

1854 4492 2049 4546 mentis
2080 4491 2132 4544 in
2174 4494 2507 4547 contrarium
2545 4492 2807 4561 producta
2858 4493 3084 4562 intelligi
3126 4491 3336 4562 possint
3366 4493 3435 4550 de

1854 4562 1975 4617 ﬁdei
2020 4562 2226 4632 gratia,
2272 4570 2493 4632 propter
2538 4578 2723 4632 quam,
2766 4572 2825 4617 ut
2874 4561 3051 4632 inquit
3096 4561 3163 4615 ad
3213 4561 3434 4619 Galatas

1852 4648 1970 4701 cap.
2004 4630 2055 4685 νί
2084 4630 2287 4686 Paulus
2317 4630 2616 4702 apostolus,
2650 4631 2795 4702 Filii
2823 4630 3187 4700 promissionis
3218 4648 3434 4700 compu-

1854 4700 2036 4754 tantur
2062 4703 2116 4753 in
2140 4700 2367 4774 semine:
2394 4702 2534 4816 (ἧψά
2565 4702 2707 4768 quod
2756 4700 3088 4769 Theophilus
3133 4702 3185 4754 in
3217 4702 3332 4756 suis
3363 4703 3429 4759 ad
3532 4750 3539 4755 .

1854 4762 2176 4816 Autolvcum
2210 4761 2392 4816 libris.
2448 4763 2518 4816 ιι).
2554 4778 2637 4816 ιιι.
2660 4772 2792 4816 sect.
2822 4764 2913 4816 25.
2943 4761 3199 4816 Davidem
3227 4774 3434 4816 natrem

1852 4762 2176 4833 Autolycum
2210 4761 2392 4827 libris,
2417 4761 2518 4817 lib.
2554 4761 2637 4827 ιῑι,
2660 4772 2792 4817 sect.
2822 4761 3199 4823 25,‘Davidem
3226 4774 3434 4831 patrem

1852 4849 1947 4888 seu
1974 4834 2355 4903 progenitorem
2388 4842 2632 4887 nostrum
2666 4834 2933 4901 appellat?
2961 4834 3193 4888 Ἔπειτα
3222 4833 3387 4887 Δαὸὶδ
3407 4837 3437 4890 ὁ

1852 4901 2111 4975 πρόγονός
2132 4901 2799 4975 ήμῶν(ἐ6ασίλευσεν)ἕτη
2822 4910 2895 4973 μ’·
2924 4903 3118 4975 Deinde
3137 4903 3305 4956 David
3335 4920 3432 4972 pa-

1851 4973 1930 5045 ter
1951 4983 2125 5028 noster
2154 4973 2386 5044 regnavit
2417 4990 2584 5027 annos
2606 4974 2987 5045 guadraginta.
3022 4973 3280 5045 Nunquid
3310 4976 3429 5031 ideo

1849 5043 2109 5099 Hebraeus
2130 5043 2419 5114 episcopus
2444 5045 2547 5099 iste
2574 5043 2989 5114 Antiochenus?
3014 5044 3217 5099 Eodem
3268 5046 3428 5114 plane

1846 5130 2013 5185 sensu
2037 5113 2451 5185 cum_Clemente
2468 5116 2777 5185 locutisunt
2809 5113 3032 5185 Patrum
3052 5113 3426 5185 antiquissimi

1846 5183 2097 5256 {ustinus
2123 5183 2196 5256 Μ.
2230 5184 2498 5256 (Dialogo
2541 5200 2664 5256 cunt
2707 5182 2981 5253 Tryp/tone
3004 5228 3019 5249 ,
3054 5182 3199 5242 secl.
3242 5186 3421 5253 £54);

1847 5254 2099 5327 Clemens
2145 5252 3080 5327 Ale'xandrinus_(Stromatumlib.
3114 5272 3167 5311 γι
3188 5297 3204 5323 ,
3231 5272 3280 5310 c.
3314 5252 3375 5327 7}
3405 5252 3421 5324 ς

1848 5324 2216 5381 Tertullianus
2261 5326 2511 5379 adversus
2551 5324 2911 5391 Marcionem,
2948 5326 3045 5382 lib.
3089 5343 3174 5392 Iv,
3226 5341 3275 5381 c.
3311 5324 3418 5393 21;

1844 5405 2035 5467 auctor
2067 5396 2532 5467 Expositionisin
2580 5393 2783 5467 Evang.
2828 5395 2961 5453 Luc.
3014 5414 3135 5467 quae
3182 5398 3285 5452 sub
3310 5396 3418 5453 Titi
3474 5424 3477 5435 ι

1784 5464 2807 5550 D[Bostrensi‘snomin'e'circurnfertur.
2823 5467 2954 5550 (Tit.
2986 5464 3139 5550 Best.
3152 5468 3220 5550 in
3248 5483 3368 5535 cap.
3393 5485 3411 5524 ι

1845 5535 2042 5610 Quem)
2083 5538 2307 5593 Bibliot.
2339 5534 2495 5610 PP.,_
2520 5537 2651 5610 edit.
2687 5534 2886 5606 Paris.,
2924 5549 3057 5610 tom.
3098 5538 3249 5610 Xlll,
3286 5534 3411 5610 pag.

1844 5608 1983 5675 767;
2010 5609 2155 5680 Aug.
2184 5623 2347 5680 serm.
2381 5610 2433 5673 5,
2474 5607 2579 5679 ἑά,
2609 5608 2746 5680 Opp.
2768 5619 2900 5664 tom.
2944 5607 3020 5680 ν,
3060 5626 3183 5679 pag.
3213 5607 3305 5680 '50.

1936 5679 2049 5752 (26)
2072 5679 2207 5736 Vide
2236 5679 2516 5752 Irerimum,
2549 5681 2583 5733 Ι.
2610 5679 2778 5752 nnc.
2804 5683 2863 5747 3;
2899 5679 3099 5735 Zozim.
3138 5679 3279 5751 apud
3303 5680 3408 5737 Ba-

1860 5748 1980 5809 ron.
2013 5748 2080 5809 ad
2107 5767 2235 5807 ann.
2265 5748 2389 5821 M7,
2420 5766 2571 5806 num.
2600 5750 2689 5809 20.
