3832 6242
242 310 363 364 {25

1516 328 1848 388 PROCEMIA
1890 334 2260 392 VARIORUM.

3350 348 3449 403 126

237 430 413 526 ξιιιε,
448 419 650 475 “emus
693 422 801 487 (57)
836 440 967 482 vero
1010 430 1321 497 Pontiﬁces
1345 459 1514 514 usque
1557 448 1626 502 ad
1666 449 1824 504 Eleu-
1853 462 1898 515 Α
1992 449 2397 508 Observandum
2427 462 2599 508 autem
2629 464 2710 510 est
2735 470 2856 510 cum
2880 456 3446 526 CLRemigio'Ceillie-

236 511 416 567 theri
432 526 502 563 uin
540 525 826 607 recense-ns,
870 530 1070 573 eorum
1118 511 1454 600 quemquam
1496 539 1817 607 martyrium

232 614 484 669 Passum
511 604 686 667 Praeter
726 597 1133 670 Te'esphorum
1178 597 1329 672 haud
1371 597 1664 687 signiﬁcat:
1709 625 1822 680 Ruu

226 688 523 757 ﬁnus(58)
539 696 725 785 tantum
752 702 1005 746 sanctum
1034 698 1385 762 Clementem
1412 720 1706 783 martyrem
1735 732 1822 785 ap-

214 778 450 867 pellat,
470 778 626 847 aitque
657 778 720 832 de
755 795 819 833 eo
860 781 1133 845 Zozimus
1186 795 1303 865 (59)
1333 778 1600 867 Pontifer,
1638 778 1819 863 tantos

209 882 397 921 curn
434 866 476 919 in
515 867 718 920 veritate
770 876 1058 957 noscenda
1112 897 1453 955 progressus
1505 866 1717 957 fecisse,
1748 900 1815 950 ἰη

208 956 333 1008 ﬁde
352 966 427 1003 In
453 968 476 1005 a
505 962 674 1007 sancto
700 954 857 1009 Petro
896 954 1200 1033 acceptam
1236 954 1301 1029 iet
1327 981 1527 1047 populo
1562 954 1812 1036 traditam

202 1047 506 1112 martyrio
527 1047 930 1117 consignaverit.

1923 542 2003 595 rio
2029 542 2159 611 (40),
2197 540 2450 610 martyris
2478 545 2879 612 appellationem
2908 561 3045 614 sape
3088 547 3152 602 iis
3192 548 3440 603 tributam

1925 629 2108 697 fuisse,
2136 631 2226 698 qui
2258 629 2460 697 aliquid
2496 646 2594 700 pro
2621 632 2836 685 Christo
2873 636 3015 701 passi
3053 634 3289 699 fuerunt,
3319 635 3443 692 licet

1920 720 2245 775 cruciatibus
2299 719 2599 787 interempti
2654 736 2761 774 non
2816 721 3071 787 fuissent;
3126 731 3285 793 atque
3329 725 3440 779 hac

1922 805 2088 861 fuisse
2124 807 2261 860 ratio
2289 808 2516 871 videtur,
2557 823 2663 877 qua
2693 807 2915 863 Ruﬁnus
2944 819 2996 863 et
3039 809 3285 865 Zozimus
3316 827 3434 866 san-

1919 902 2060 949 ctum
2106 902 2389 965 martyrem
2430 898 2781 966 appellarunt,
2822 900 2934 967 qui,
2977 915 3097 953 cum
3148 900 3437 955 Ecclesiam

1918 984 2167 1038 savientc
2196 983 2479 1037 Domitiani
2500 988 2867 1053 persecutione
2894 990 3201 1043 moderatus
3227 990 3436 1052 fuisset,

1919 1073 1984 1125 ab
2004 1086 2065 1126 ea
2094 1072 2346 1126 immunis
2372 1076 2589 1127 omnino
2616 1089 2719 1127 non
2747 1076 2925 1131 fuerit.

1828 1230 1898 1243 —

651 1535 752 1594 DE
788 1536 1160 1604 SCRIPTIS
1225 1548 1289 1609 S.
1341 1546 1785 1613 CLEMENTIS
1816 1555 2039 1615 PRIMI
2098 1555 2407 1616 ROMANI
2469 1557 2923 1618 PONTIFICIS.

776 1820 1183 1882 ARTICULUS
1218 1832 1263 1887 1.

248 1916 320 1958 I2
352 1920 491 1959 HUIA
532 1922 659 1962 EJUS
691 1926 759 1963 AD
797 1927 1127 1970 COBINTHIOS
1167 1934 1491 1976 PERSCRIPTA
1528 1938 1799 1979 EPISTOLA.

324 1994 525 2051 Sanctus
580 1997 823 2056 Clemens
854 2003 1110 2060 Romana
1158 2009 1408 2065 Ecclesia
1448 2015 1649 2067 nomine
1675 2018 1803 2069 scri-

244 2083 438 2149 psit.—
461 2086 612 2141 later
643 2091 838 2153 multa,
867 2108 988 2162 qua
1012 2094 1283 2152 Clementi
1313 2109 1493 2155 nostro
1524 2103 1686 2156 tribui
1715 2120 1802 2158 so-

245 2170 349 2223 ient
370 2177 655 2242 opuscula,
701 2195 811 2233 una
851 2191 935 2235 est
980 2183 1244 2239 Ecclesia
1288 2187 1541 2243 Romana
1586 2192 1801 2246 nomine

243 2262 313 2313 ab
329 2278 383 2317 eo
409 2265 476 2318 ad
497 2265 830 2325 Corinthios
866 2275 1120 2341 epistola,
1145 2292 1266 2346 qua
1290 2294 1385 2346 pro
1398 2264 1634 2348 genuino
1657 2282 1799 2337 illius

242 2349 344 2403 fetu
380 2362 535 2409 certo
572 2358 799 2413 laudari
841 2365 1036 2432 possit.
1080 2365 1232 2420 Illam
1271 2370 1644 2423 commendant
1685 2372 1799 2426 Ire-

239 2454 375 2495 naus
396 2443 533 2513 (41),
561 2446 866 2519 Dionysius
906 2455 1107 2507 saculo
1138 2457 1374 2511 secundo
1401 2456 1795 2514 Corinthiorum

236 2529 513 2616 episcopus
558 2538 618 2590 in
663 2554 769 2592 sua
796 2542 863 2593 ad
905 2540 1151 2598 Soterem
1192 2546 1416 2614 epistola
1447 2548 1581 2616 (42),
1629 2548 1797 2604 Euse-

233 2614 346 2708 bius
374 2622 512 2693 (45),
552 2623 805 2695 Cyrillus
838 2628 1354 2703 Hierosolymitanus
1392 2614 1522 2705 (44),
1561 2637 1795 2708 Epipha-

227 2705 343 2762 nius
361 2710 473 2780 (45)
494 2713 708 2782 aliique
729 2719 1043 2786 complures
1064 2720 1197 2789 (46).
1219 2720 1481 2791 Scriptam
1504 2705 1789 2793 Epistulam

224 2793 363 2851 illam
389 2803 622 2857 nomine
652 2805 918 2861 Romana
952 2810 1205 2865 Ecclesia
1241 2813 1394 2867 docet
1420 2813 1574 2869 divus
1603 2814 1792 2869 lliero—

218 2898 411 2952 nymus
443 2892 586 2962 (47).
627 2894 711 2947 Ea
756 2896 1027 2965 siquidem
1073 2910 1227 2954 atate
1263 2903 1497 2972 episc0pi
1532 2904 1667 2958 nihil
1706 2907 1790 2959 ιη..

215 2980 468 3033 consulta
521 2981 786 3038 Ecclesia
850 3000 949 3038 sua
1013 2989 1475 3057 aggrediebantur.
1526 2991 1786 3048 Praterea

212 3075 340 3121 cum
369 3071 642 3136 schisma,
671 3074 823 3142 quod
857 3076 1257 3131 Corinthiorum
1284 3080 1577 3136 Ecclesiam
1606 3088 1786 3156 exagi-

1830 1844 2023 1901 Bnam
2088 1840 2379 1895 Ecclesiam
2441 1844 2739 1913 scripsere,
2790 1849 3047 1918 quasdam
3108 1855 3428 1921 quastiones

1902 1939 2275 1998 proponentes.
2319 1931 2375 1986 S.
2402 1930 2692 1990 Clementis
2735 1938 2973 1993 animum
3012 1942 3243 1998 schisma
3285 1947 3427 2001 istud

1898 2017 2161 2087 afﬂigebat
2208 2021 2525 2089 plurimum,
2571 2025 2921 2096 cupiebatque
2968 2036 3116 2084 tanto
3164 2034 3426 2090 maloob-

1898 2108 2036 2161 viam
2073 2108 2180 2162 ire:
2210 2124 2391 2163 verum
2422 2127 2543 2165 cum
2573 2114 2800 2168 Romani
2844 2117 2946 2185 ipsi
2988 2120 3108 2174 aliis
3148 2123 3303 2177 malis
3336 2125 3424 2192 ja-

1896 2205 2189 2262 ctarentur,
2234 2210 2533 2270 promptam
2588 2204 2695 2259 illis
2754 2222 2908 2275 opem
2964 2208 3103 2263 ferre
3163 2214 3422 2281 nequivit.

1896 2281 2193 2338 Domitiano
2218 2295 2393 2341 autem
2422 2290 2687 2343 exstincto
2725 2308 2865 2347 anno
2917 2294 2985 2347 95
3025 2296 3292 2366 rebusque
3316 2297 3425 2351 Bo-

1896 2372 2067 2426 manis
2113 2374 2296 2441 majori
2347 2377 2411 2438 in,
2444 2381 2829 2448 tranquillitate
2859 2384 3169 2445 collocatis.
3205 2398 3422 2445 sanctus

1892 2458 2135 2515 Clemens
2188 2470 2424 2532 tempore
2488 2484 2647 2532 usus,
2704 2468 2997 2528 Corinthiis
3056 2476 3273 2530 tandem
3328 2492 3410 2532 re-

1892 2551 2126 2619 scripsit.

1957 2635 2035 2690 De
2083 2638 2180 2692 hac
2222 2641 2438 2707 epistola
2474 2643 2755 2711 judicium.
2788 2675 2859 2687 -
2902 2644 3258 2705 Celeberrima
3298 2662 3419 2719 est,

1888 2727 2030 2793 quod
2068 2742 2252 2783 omnes
2294 2742 2491 2785 norunt
2534 2734 2750 2797 eruditi,
2792 2751 2912 2804 qua
2952 2738 3099 2805 prior
3124 2738 3419 2796 Corinthiis

1887 2814 2214 2885 inscribitur,
2226 2819 2473 2885 epistola:
2501 2821 2796 2891 ἱκανωτάτη
2819 2826 3023 2895 γραφή,
3044 2827 3416 2892 potentissima,

1886 2918 1980 2958 seu
1996 2916 2051 2959 ut
2067 2904 2308 2961 Valesius
2328 2910 2506 2968 vertit,
2531 2910 2938 2964 luculentissima
2964 2915 3247 2982 scriptura,
3274 2915 3417 2970 dicta

1884 3006 1913 3045 a
1934 2991 1989 3047 S.
2015 2993 2218 3049 Irenao
2247 2996 2392 3067 (48);
2421 2999 2670 3069 ἐπιστολὴ
2707 3000 2908 3069 μεγάλη
2922 3018 2977 3053 τε
3005 3004 3095 3055 καὶ
3122 3003 3413 3073 θαυμασία,

1882 3097 2070 3151 magna
2093 3090 2142 3135 et
2169 3082 2515 3149 admirabilis,
2536 3088 2601 3139 ab
2634 3086 2861 3141 Eusebio
2893 3089 3024 3159 (49),
3079 3098 3237 3158 atque
3280 3092 3413 3145 adeo

208 3155 384 3222 tabat,
428 3162 630 3217 tollere
677 3164 978 3218 consilium
1029 3175 1191 3229 esset,
1241 3170 1489 3225 universa
1548 3172 1786 3228 Romana
1812 3165 1854 3222 C
1887 3175 2090 3222 tantum
2131 3186 2236 3223 non
2266 3174 2548 3227 canonica.
2577 3173 2703 3226 Eam
2737 3174 2876 3242 apud
2911 3191 3096 3231 omnes
3124 3179 3412 3233 auctorita-

208 3239 459 3303 Ecclesia
488 3253 678 3321 majus
709 3255 950 3323 pondus,
976 3271 1135 3324 quam
1163 3260 1310 3313 solus
1328 3260 1621 3331 Episcopus
1644 3265 1784 3333 apud

202 3346 310 3392 eos
336 3340 590 3396 habitura
620 3359 756 3399 esse
789 3346 1094 3401 videbatur.

281 3428 413 3496 Qua:
440 3435 558 3501 ejus
591 3434 900 3491 scribenda
930 3440 1178 3494 occasio?
1195 3469 1264 3478 —
1292 3438 1527 3509 Epistula
1557 3441 1691 3505 hac,
1728 3451 1787 3496 ut

184 3523 294 3572 BSt
320 3535 351 3573 a
380 3523 540 3578 nobis
573 3523 951 3592 admonitum,
975 3528 1258 3582 occasione
1284 3529 1612 3593 schismatis,
1638 3529 1781 3599 quod

176 3615 305 3671 per
342 3626 407 3665 ea
455 3620 719 3683 tempora
751 3612 1163 3669 Corinthiorum
1197 3616 1493 3671 Ecclesiam
1536 3621 1780 3684 vexabat,

172 3703 523 3771 c-onscripta
558 3704 695 3759 fuit.
726 3704 984 3759 Schisma
1013 3722 1144 3760 vero
1170 3706 1301 3760 illud
1334 3724 1398 3762 ex
1428 3708 1626 3762 invidia
1656 3723 1785 3778 quo-

183 3791 455 3844 mmdam
502 3794 557 3845 in
590 3810 696 3848 eos
765 3796 861 3863 qui
911 3795 1199 3863 dignitates
1225 3804 1277 3850 et
1311 3811 1530 3851 munera
1571 3799 1781 3853 obtine-

211 3875 359 3943 hant,
399 3884 710 3937 conﬂatum
752 3884 885 3951 fuit;
922 3886 1062 3939 unde
1093 3885 1396 3942 inﬁdelibus
1425 3886 1554 3941 Jesu
1582 3887 1780 3943 Christi

243 3969 529 4039 religionem
575 3973 1008 4044 blasphemandi
1055 3990 1189 4029 ansa
1236 3977 1357 4030 data
1404 3986 1505 4033 est.
1548 3979 1616 4030 At
1658 3995 1779 4032 cum

241 4049 521 4114 Corinthios
552 4062 715 4129 ipsos
751 4062 1065 4117 schismatis
1107 4062 1188 4115 sui
1221 4064 1460 4131 puderet,
1498 4065 1563 4118 ad
1594 4064 1782 4119 Roma-

300 4250 390 4321 ζ57)
426 4251 491 4307 L.
522 4268 611 4313 Ill,
650 4269 702 4307 c.
728 4255 783 4307 5.

292 4262 391 4388 liti;
428 4262 625 4374 'bt'é's
728 4262 871 4373 ῗὸιη.
891 4321 938 4399 ει,
966 4337 1084 4390 pag.
1114 4321 1231 4400 778.

292 4389 392 4441 l59l
428 4387 594 4441 Tom.
626 4338 692 4441 iv
739 4389 941 4441 Cancri.
995 4391 1188 4441 Mansr.
1220 4406 1231 4440 ι

291 4387 392 4455 (59)
428 4387 594 4444 Tom.
626 4387 692 4441 IV
739 4389 941 4443 Concil.
967 4387 1188 4450 'M'ansi,
1220 4390 1321 4443 col.
1360 4390 1478 4442 550.

1885 3264 1990 3311 tem
2032 3260 2280 3324 obtinuit,
2328 3269 2384 3313 ut
2424 3262 2643 3328 perinde
2678 3278 2740 3317 ac
2780 3265 3000 3333 reliqua
3049 3267 3410 3335 apostolorum

1884 3347 2120 3414 epistola
2148 3350 2357 3417 publice
2399 3351 2666 3419 aliquibus
2692 3353 2744 3405 in
2772 3354 3013 3409 ecclesiis
3041 3355 3177 3410 lecta
3206 3355 3368 3410 fuerit
3391 3376 3405 3413 :

1882 3434 2023 3501 quod
2082 3434 2292 3502 quidem
2365 3444 2557 3504 praeter
2614 3435 2931 3501 Eusebium,
2993 3437 3405 3510 Hieronymum,

1881 3521 2120 3591 aliosque
2144 3531 2351 3577 veteres
2381 3526 2688 3593 scriptores,
2722 3535 2948 3579 testatur
2978 3528 3247 3596 antiquior
3282 3528 3407 3581 Dio-

1881 3612 2066 3681 nysius
2094 3611 2487 3666 Corinthiorum
2517 3615 2796 3683 episcopus
2821 3616 2952 3685 (50).
2986 3615 3108 3671 Hac
3133 3633 3263 3671 sane
3300 3617 3407 3686 pri-

1881 3714 2032 3753 scum
2063 3699 2337 3769 Evangelii
2365 3703 2599 3770 vigorem
2644 3705 2808 3771 spirat
2836 3723 2848 3757 :
2882 3706 3051 3774 stylus
3086 3721 3242 3773 quam
3278 3720 3403 3772 pro-

1881 3791 2019 3845 xime
2053 3792 2119 3845 ad
2160 3790 2361 3845 Novum
2393 3792 2784 3847 Testamentum
2816 3797 3055 3849 accedit:
3102 3812 3187 3848 res
3214 3798 3402 3850 verba—

1878 3896 1979 3949 que
2022 3881 2135 3948 ipsa
2174 3882 2449 3951 desumpta
2489 3884 2542 3935 in
2575 3883 2759 3950 primis
2807 3899 2871 3936 ex
2921 3883 3170 3952 Epistolis
3221 3885 3400 3939 Pauli-

1878 3970 1962 4022 nis
1991 3969 2120 4037 (51).
2152 3968 2388 4037 Denique
2431 3971 2564 4022 nihil
2597 3969 2707 4022 fere
2745 3970 2800 4022 in
2827 3986 2889 4024 ea
2929 3973 3150 4040 reperiri
3184 3976 3396 4028 contin-

1877 4056 1971 4125 git,
2011 4058 2151 4125 quod
2180 4059 2429 4125 primava
2462 4059 2727 4111 nascentis
2771 4058 3023 4115 Ecclesiae
3075 4063 3395 4118 incunabula

1876 4254 1912 4308 l.
1948 4270 2020 4315 iv,
2052 4270 2099 4308 c.
2124 4255 2212 4308 25.

1944 4323 2052 4391 (44)
2090 4323 2361 4391 Catechesi
2388 4324 2472 4387 18,
2498 4340 2548 4378 c.
2574 4325 2624 4378 8.

1943 4390 2051 4465 (45)
2090 4390 2288 4465 llaresi
2334 4394 2428 4465 50,Δ
2465 4394 2633 4465 allii,
2668 4410 2786 4465 pag.
2816 4394 2940 4461 159;
2986 4406 3037 4450 et
3074 4396 3260 4452 hares.
3292 4399 3379 4465 27,

289 4458 393 4526 (40)
434 4458 643 4513 Tom.l
668 4459 769 4513 des
799 4462 1026 4511 Auteurs
1048 4458 1443 4525 ecclesiastiques
1462 4497 1476 4520 ,
1501 4472 1621 4525 pag.
1650 4458 1768 4513 599.
1803 4463 1845 4515 D
1876 4475 1931 4514 ιι.
1958 4459 2008 4523 6,
2034 4458 2157 4525 pag.
2193 4461 2309 4522 107,
2351 4461 2476 4514 edit.
2504 4458 2719 4515 Petavii.

290 4542 393 4612 (41)
434 4545 545 4598 Sub
562 4547 662 4597 hoc
680 4562 807 4614 ergo
833 4545 1091 4598 Clemente
1109 4545 1424 4614 dissensione
1447 4562 1545 4597 non
1568 4546 1770 4601 modica

238 4606 346 4663 inter
376 4606 495 4675 reos,
525 4616 617 4682 qui
640 4606 884 4668 Corinthi
906 4623 1093 4674 essent,
1134 4614 1322 4682 fratres
1346 4613 1506 4679 facta,
1541 4616 1766 4680 scripsit,

237 4691 327 4796 ἵκω
355 4692 433 4735 est
460 4682 664 4745 Roma,
708 4682 947 4735 Ecclesia
995 4682 1450 4736 luculentissimam
1479 4683 1765 4750 epistolam.

258 4761 470 4796 renuens-
505 4753 541 4796 l-
579 4767 668 4796 ιιι-
707 4768 758 4796 ρ-
792 4753 842 4796 3.
877 4768 932 4796 n-
961 4752 1013 4796 5-

258 4761 471 4811 renaus,
505 4753 542 4805 I.
579 4767 671 4818 ιιι,
707 4768 758 4807 c.
792 4753 845 4817 5,
876 4768 933 4804 ιι.
961 4752 1014 4803 5.

290 4840 393 4910 (42)
432 4842 607 4894 Hodie
641 4860 853 4896 sacrum
883 4843 1022 4895 diem
1056 4841 1375 4895 Dominicum
1406 4843 1761 4910 transegimus,

242 4904 282 4957 in
300 4904 394 4975 quo
421 4913 694 4975 epistolam
726 4923 959 4966 vestram
988 4912 1225 4977 legimus.
1245 4927 1398 4976 quam
1430 4904 1629 4979 quidem
1656 4904 1764 4975 per;

245 4985 368 5051 petito
413 4979 643 5051 deinceps
676 4984 930 5051 legentes,
982 4979 1195 5051 perinde
1246 4994 1307 5051 ac
1349 4979 1572 5051 priorem
1613 4979 1759 5032 illam

249 5044 365 5117 nobis
390 5065 420 5100 a
448 5044 703 5106 Clemente
725 5044 1018 5117 'scriptam
1062 5047 1370 5117 Epistulam,
1398 5049 1599 5117 op_tinzis
1626 5062 1760 5117 pra;-

247 5116 370 5183 tfptis
393 5136 453 5172 ac
465 5122 790 5176 documentis
821 5114 1238 5174 abundabimus.
1262 5116 1413 5183 Apud
1444 5114 1657 5179 Euseb,
1685 5116 1755 5170 Η.

244 5175 292 5239 E.’
319 5187 346 5240 ι.
371 5205 439 5253 ιν,
466 5175 513 5247 c.
540 5194 629 5249 25.

282 5277 371 5353 (45)
408 5284 581 5355 Hujus
626 5285 797 5355 igitur
826 5271 1129 5355 Clementis
1164 5279 1351 5355 exstat
1382 5270 1627 5355 Epistula.
1648 5288 1759 5355 uno

214 5338 426 5410 εοὼεῆδα
480 5338 723 5425 ﬁam},
754 5346 1012 5425 erimian
1026 5354 1267 5405 prorsus,
1299 5347 1449 5425 (itque
1476 5338 1757 5425 mirabilis;

296 5405 915 5488 ιίιτῖοηᾱιξέτῑεειεείεε
957 5409 1222 5488 Remum.”
1262 5407 1333 5485 9“
1377 5405 1756 5488 C°""-‘"‘-‘<'“"‘

296 5443 336 5476 ιη
380 5418 602 5481 ηοηιίιιε’
636 5418 915 5479 Ecclesia:
957 5418 1222 5489 [fontana
1262 5418 1333 5485 ad
1377 5418 1756 5488 Corinthiorum

189 5418 454 5565 ἕειεδίαπι
500 5496 743 5565 scripsit
813 5484 876 5540 Η
880 5473 1758 5565 “"‘i,1”£537.“?E.fff“if¥if‘

178 5540 454 5633 inim};
768 5547 1096 5638 memLoria"
1105 5540 1285 5638 pa‘l‘amI
1308 5541 1515 5638 recitari
1531 5559 1755 5638 ﬁngite-

207 5605 995 5700 IEiiseb”
1043 5611 1120 5664 Η.
1151 5605 1244 5674 Ε.,
1270 5609 1305 5661 1.
1332 5622 1415 5672 ιιι,
1452 5623 1498 5663 c.
1531 5611 1609 5675 16,
1647 5614 1747 5670 58;

1940 4527 2069 4599 (46)
2087 4527 2216 4582 Vide
2259 4528 2555 4599 Origenem,
2582 4538 2709 4599 tom.
2736 4531 2783 4591 1,
2828 4530 2954 4584 edit.
2987 4531 3182 4592 Paris..
3224 4535 3378 4599 1755,

1869 4609 1988 4664 pag.
2012 4596 2265 4669 82;}Om.
2294 4596 2400 4669 lll_,_
2428 4612 2547 4666 pag.
2575 4598 2709 4669 422;
2739 4607 2792 4652 et
2839 4607 2965 4669 tom.
3002 4601 3077 4669 rlX
3101 4640 3113 4657 .
3148 4610 3283 4669 part.
3312 4596 3380 4666 Ir,

1870 4678 1988 4731 pag.
2029 4666 2149 4728 145,
2182 4665 2310 4718 edit.
2358 4665 2529 4719 lluetii
2575 4665 2838 4727 Colonia,
2878 4668 3029 4720 1685.
3060 4665 3227 4721 Clem.
3257 4665 3377 4724 Alc;

1867 4733 2050 4802 sani,
2099 4735 2133 4787 l.
2175 4748 2189 4785 ι
2246 4733 2462 4795 Strom.,
2503 4750 2551 4787 c.
2583 4734 2631 4797 7,
2661 4744 2787 4788 tom.
2814 4736 2865 4795 l,
2914 4751 3030 4802 pag.
3077 4737 3197 4799 559,
3248 4740 3376 4793 edit.

1869 4798 2159 4874 gruiriens.
2211 4803 2369 4874 1715;
2403 4809 2461 4874 et
2504 4803 2539 4855 l.
2562 4818 2634 4864 ιν,
2667 4804 2797 4874 c._1_.
2844 4798 3065 4874 tomfl,
3102 4798 3219 4874 pag.
3251 4806 3371 4867 609;

1867 4866 2081 4940 Hieron.
2116 4870 2188 4922 De
2228 4866 2361 4921 viris
2396 4868 2615 4940 illustri
2637 4872 2980 4940 c.15;ptom.
3026 4866 3258 4939 ΙΙ,’βιῖι·ι.
3301 4866 3371 4940 ιι,

1864 4951 1985 5003 pag.
2012 4938 2167 4998 8505.
2194 4940 2320 4991 edit.
2349 4939 2547 4992 noviss.
2575 4937 2783 4991 Veneta
2811 4938 2876 4991 de
2905 4954 3043 4993 anno
3073 4937 3225 4996 1767.

1933 5006 2043 5126 (47g
2080 5006 2223 5060 ldcm
2268 5008 2305 5060 l.
2352 5022 2401 5061 ρ.
2450 5005 2577 5061 Vide
2621 5008 2780 5061 etiam
2836 5006 3089 5061 lrenaum
3132 5011 3222 5065 lib.
3272 5026 3367 5076 ιιι,
3476 5063 3481 5067 .

1933 5088 1978 5126 ι).
2050 5116 2061 5126 .

1861 5085 1978 5140 cap.
2011 5085 2061 5127 5.

1953 5142 2042 5211 48)
2082 5142 2300 5211 LibLm,
2328 5158 2443 5211 cap.
2468 5144 2519 5206 5,
2550 5158 2604 5195 ιι.
2636 5143 2685 5194 5.

1953 5142 2042 5206 48)
2082 5142 2194 5194 Lib.
2221 5157 2300 5204 ιιι,
2328 5158 2443 5211 cap.
2468 5144 2519 5206 5,
2550 5158 2604 5195 ιι.
2636 5143 2685 5194 5.

1930 5142 2039 5288 ibi?)
2082 5210 2150 5263 Il.
2175 5210 2265 5273 E.,
2296 5212 2386 5265 lib.
2414 5214 2500 5275 nn,
2523 5226 2640 5277 cap.
2665 5210 2751 5273 16,
2778 5226 2897 5280 pag.
2926 5211 3159 5276 95,edit.
3178 5213 3367 5267 Tauri-

1859 5293 2062 5332 nensrs.

1950 5346 2015 5398 50
2071 5346 2222 5412 Apud
2250 5346 2465 5406 Euseb.,
2497 5346 2565 5399 Η.
2592 5346 2682 5409 E.,
2712 5346 2747 5400 1.
2773 5363 2846 5411 Iv,
2873 5364 2923 5404 c.
2950 5349 3036 5402 25.

1947 5346 2036 5484 51)
2071 5413 2200 5484 Hac
2224 5415 2337 5484 ipsa
2361 5414 2669 5484 similitudo,
2698 5423 2832 5470 teste
2857 5417 2919 5472 D.
2945 5418 3260 5484 Hieronymo
3286 5415 3363 5484 (in

1858 5482 2021 5553 cata];
2043 5496 2090 5553 c.
2122 5481 2231 5553 15),
2264 5481 2315 5553 in
2340 5496 2498 5553 causa
2529 5482 2646 5553 fuit,
2678 5499 2774 5537 cur
2795 5487 3006 5553 quidam
3038 5484 3093 5538 S.
3116 5481 3359 5553 Clemen-

1856 5559 1960 5604 tem
1982 5548 2229 5617 Epistula
2253 5550 2317 5601 ad
2350 5547 2598 5623 llebraos
2627 5547 2986 5623 interpretem,
3010 5562 3165 5623 atque
3196 5551 3356 5605 etiam
3414 5564 3427 5577 ’

1853 5625 2120 5675 auctorem
2155 5632 2272 5672 esse
2296 5617 2664 5675 existimarint.

2071 5345 2222 5412 Apud
2250 5345 2465 5406 Euseb.,
2497 5344 2565 5399 Η.
2592 5344 2682 5409 E.,
2712 5346 2747 5400 1.
2773 5363 2846 5411 Iv,
2873 5364 2923 5404 c.
2950 5349 3036 5402 25.
