3870 6414
414 313 519 369 H7

1537 315 1626 369 AD
1666 314 1722 369 S.
1763 311 2183 371 CLEMENTEM
2221 310 2240 365 l
2283 309 2512 368 PAPAM

3529 304 3631 360 128

413 446 523 484 non
555 429 780 497 referat;
817 429 1082 500 nihilque,
1121 431 1265 504 quod
1301 430 1475 487 virum
1505 430 1664 500 plane
1714 430 1968 499 apostoli-
2002 433 2049 491 Α
2079 429 2224 481 (ειειί
2255 428 2558 481 vicinorum
2582 422 2693 487 vix,
2720 438 2785 479 ac
2807 439 2875 478 ne
2902 422 2988 477 vix
3019 421 3236 492 quidem
3266 420 3379 474 ﬁeri
3410 420 3632 492 potest),

412 537 537 579 cum
568 537 674 575 non
707 523 942 578 maxime
972 525 1179 582 deceat.

482 611 870 676 Dubitationes,
901 630 1014 681 qua;
1046 614 1108 667 de
1137 615 1233 667 hac
1260 613 1484 682 epistola
1513 622 1888 668 moventur.—
1907 611 1975 664 At

411 703 658 773 quamvis
688 702 1001 771 hujusmodi
1036 703 1401 757 venerandum
1432 717 1602 758 sacrae
1633 700 1973 771 antiquitatis

412 799 824 846 monumentum
857 806 888 844 a
936 791 1210 860 plerisque
1258 791 1487 845 vetustis
1529 787 1973 858 locupletissimis

412 883 660 946 testibus,
689 898 1075 953 usquequaque
1095 889 1402 948 astruatur;
1435 891 1596 951 atque
1623 881 1786 936 simul
1808 895 1871 933 ac
1904 895 1971 932 ex

410 975 793 1044 antiquissimo
847 990 948 1029 ms.
976 973 1167 1027 codice
1200 972 1572 1026 Alexandrino
1616 972 1761 1027 istud
1800 973 1855 1025 in
1886 971 1972 1024 lu-

409 1080 527 1120 cem
563 1065 665 1119 fuit
703 1065 935 1130 editum,
967 1078 1182 1118 summo
1219 1063 1556 1117 eruditorum
1588 1061 1698 1117 fere
1726 1061 1968 1119 omnimn

408 1171 700 1218 consensu,
741 1155 1015 1209 sincerum
1045 1154 1290 1215 omnino,
1329 1162 1815 1225 quantumcunque
1860 1161 1965 1215 est,

409 1246 650 1314 agnitum
682 1245 860 1307 fuerit,
908 1252 1209 1314 receptum,
1247 1245 1766 1315 comprobatumque
1801 1262 1815 1297 :
1858 1258 1967 1297 non

407 1333 630 1389 defuere
660 1341 840 1388 tamen
871 1333 974 1388 hoc
1001 1341 1057 1389 et
1101 1335 1386 1404 superiore
1418 1335 1641 1398 sreculo,
1685 1335 1778 1405 qui
1809 1333 1969 1388 vitia-

407 1432 522 1477 tum
557 1424 718 1487 idem,
754 1425 1002 1495 mireque
1035 1424 1418 1494 interpolatum
1444 1425 1726 1480 obfirmate
1749 1433 1968 1480 conten-

405 1515 602 1570 derint.
652 1515 759 1571 Eos
813 1517 958 1571 inter
1001 1516 1206 1592 primas
1241 1523 1385 1572 tenet
1426 1515 1709 1572 Gisbertus
1744 1513 1964 1570 Voetius

407 1605 687 1676 theologia:
743 1607 1021 1680 professor
1050 1608 1103 1662 in
1129 1607 1425 1663 Academia
1465 1607 1842 1678 Ultrajectina,
1871 1607 1965 1679 qui

402 1697 580 1753 varias
616 1698 727 1771 (52)
772 1699 1036 1754 adversus
1084 1699 1226 1752 hanc
1269 1699 1554 1770 epistolam
1583 1699 1764 1754 movit
1807 1699 1964 1769 obje-

402 1789 633 1854 ctiones,
665 1789 759 1844 sed
810 1791 970 1859 plane
1017 1788 1261 1852 frivolas,
1291 1797 1345 1843 et
1373 1791 1622 1860 supinam
1655 1789 1963 1846 redolentes

402 1881 820 1950 negligentiam;
871 1882 950 1934 uti
998 1881 1146 1936 clare
1191 1881 1432 1936 ostendit
1477 1881 1794 1936 Joacbimus
1845 1881 1961 1934 Ma-

400 1972 565 2026 derus
595 1973 647 2024 in
682 1971 995 2041 praefatione
1027 1972 1094 2026 ad
1134 1973 1422 2036 lectorem,
1474 1971 1964 2028 Helmenstadiensi

400 2060 624 2115 editioni
674 2062 926 2131 Epistolre
977 2063 1270 2118 Clementis
1311 2064 1611 2132 praemissa.
1656 2063 1755 2118 Ast
1816 2063 1963 2118 nihil

400 2152 623 2215 mirum,
668 2155 846 2207 virum
881 2153 1067 2218 istum,
1101 2154 1283 2208 multae
1328 2155 1568 2224 alioquin
1617 2154 1865 2210 lectionis
1907 2155 1964 2209 in

399 2241 820 2301 recentioribus,
867 2242 1151 2311 epistolam
1183 2245 1360 2298 sancti
1390 2243 1707 2309 Clementis,
1749 2245 1965 2316 aliaque

397 2332 666 2397 ejusmodi
702 2333 772 2386 ob
800 2339 1128 2389 vetustatem
1165 2335 1474 2390 veneranda
1518 2346 1871 2392 monumenta
1907 2338 1963 2393 in

396 2420 621 2475 dubium
653 2437 910 2490 vocasse;
966 2439 1090 2478 cum
1128 2424 1359 2494 ipse,ex
1403 2426 1544 2480 male
1588 2435 1964 2497 praeconcepta

395 2511 652 2580 Opinione
681 2527 744 2566 ac
770 2513 898 2567 odio
929 2513 1191 2569 adversus
1230 2515 1507 2585 antiquam
1536 2517 1819 2572 catholica:
1861 2518 1964 2573 Ec-

394 2601 573 2657 clesiae
603 2603 1264 2674 traditionem,optaverit,
1291 2606 1500 2660 nullum
1527 2607 1687 2676 plane
1720 2611 1964 2662 virorum

395 2695 820 2764 apostolieorum
854 2696 1117 2766 scriptum
1146 2711 1455 2767 superesse,
1480 2708 1540 2752 ut
1565 2699 1658 2754 illo
1690 2701 1810 2769 ipso
1842 2701 1963 2755 loco

392 2787 594 2841 indicat
620 2787 969 2857 sequentibus
1002 2788 1181 2844 verbis
1209 2807 1222 2843 :
1255 2788 1606 2844 Admiramur
1637 2793 1962 2863 singularem

391 2877 491 2931 Dei
519 2879 921 2946 providentiam,
965 2895 1082 2948 quae
1131 2880 1330 2933 curavit
1400 2889 1456 2933 ut
1502 2881 1566 2934 ab
1610 2885 1965 2951 apostolorum

391 2967 686 3036 discipulis,
749 2969 971 3039 virisque
1037 2971 1394 3039 apostolorum
1444 2973 1638 3027 steculo
1681 2977 1959 3043 proximis,

395 3068 487 3111 aut
520 3059 653 3113 nihil
683 3059 1015 3124 scriberetur,
1062 3071 1154 3113 aut
1185 3061 1316 3113 nihil
1345 3074 1757 3129 conservaretur,
1801 3076 1851 3119 et
1892 3065 1960 3119 ad
1986 3097 2031 3154 ο

392 3161 626 3220 posteros
676 3162 942 3217 manaret,
984 3162 1073 3204 aut
1115 3153 1301 3206 saltent
1346 3153 1476 3206 nihil
1525 3154 1590 3207 ab
1645 3156 1799 3210 initio
1856 3157 1959 3212 Ec-

393 3243 565 3295 clesia:
607 3258 767 3312 usque
814 3245 868 3296 in
913 3243 1050 3297 hunc
1093 3243 1229 3298 diem
1270 3254 1576 3315 superesset,
1623 3246 1686 3301 de
1715 3265 1817 3319 quo
1856 3267 1958 3303 non

391 3333 760 3399 dubitaretur;
807 3343 899 3388 aut
953 3334 1090 3405 quod
1137 3352 1228 3405 per
1278 3339 1446 3392 tineas
1498 3338 1823 3411 blattasque,
1866 3350 1961 3396 aut

394 3425 560 3478 alium
600 3427 828 3495 quemvis
866 3427 964 3482 Dei
989 3431 1280 3483 exercitum
1315 3432 1617 3485 mutilatum
1647 3450 1749 3487 non
1787 3445 1956 3488 esset:

393 3525 451 3569 ut
479 3515 580 3570 soli
598 3515 890 3586 Scriptura:
924 3527 1069 3573 tanto
1096 3519 1382 3575 evidentius
1419 3538 1517 3575 sua
1557 3532 1820 3577 constaret
1861 3542 1958 3578 au-

393 3606 634 3670 ctoritas,
669 3606 849 3677 illique
871 3607 972 3660 soli
999 3618 1133 3663 esset
1160 3610 1377 3679 propria
1406 3610 1879 3680 incorruptibilitas
1907 3623 1956 3668 et

393 3698 687 3753 wternitas.
720 3696 919 3753 Verum
949 3700 1062 3764 alii,
1088 3700 1328 3755 melioris
1351 3701 1406 3755 in
1437 3702 1520 3757 his
1548 3703 1712 3760 rebus
1739 3705 1953 3774 judicii,

394 3789 596 3845 talibus
621 3791 825 3846 directe
862 3791 1322 3856 contradicentes,
1365 3793 1631 3848 mirantur
1664 3797 1868 3865 potius,
1893 3812 1957 3850 ac

395 3879 589 3934 merito
636 3879 999 3947 depraedicant
1048 3878 1250 3948 (judice
1299 3879 1417 3934 viro
1467 3880 1775 3937 clarissimo
1819 3882 1954 3937 Gra-

396 3969 485 4025 bio
529 3971 661 4041 (53),
696 3971 1025 4042 singularem
1055 3970 1294 4025 divinam
1329 3969 1750 4038 Providentiam,
1789 3992 1808 4026 ι
1837 3989 1957 4045 quae

396 4064 627 4127 curavit,
653 4071 711 4117 ut
739 4079 770 4116 a
799 4071 1113 4119 sanctorum
1147 4063 1518 4132 apostolorum
1549 4063 1852 4136 discipulis,
1877 4067 1959 4122 vi-

395 4153 581 4221 risque
607 4153 939 4222 apostolicis,
962 4160 1016 4207 et
1044 4153 1412 4222 apostolorum
1441 4154 1639 4208 saeculo
1667 4156 1952 4224 proximis,

397 4244 555 4313 plura
593 4245 984 4307 scriberentur,
1010 4259 1308 4313 eorumque
1339 4243 1519 4313 aliqua
1557 4253 1745 4300 sancte
1776 4262 1957 4302 asser-

395 4341 520 4388 vata
547 4335 614 4388 ab
647 4335 798 4388 initio
825 4333 1082 4389 Ecclesiae
1113 4335 1169 4388 in
1210 4334 1357 4388 hunc
1387 4351 1559 4405 usque
1583 4337 1726 4392 diem
1763 4354 1955 4410 super-

2076 519 2307 588 denique
2354 526 2414 572 ut
2446 531 2600 571 sacer
2645 515 2815 569 codex
2856 530 2886 568 a
2933 513 3281 581 corruptione
3326 525 3391 565 ac
3429 510 3631 579 injuria

2075 624 2183 662 non
2227 618 2335 662 tam
2388 616 2719 677 temporum,
2763 620 2925 675 quam
2977 603 3240 656 malorum
3266 601 3627 671 ingeniorum,

2073 697 2467 761 vindicaretur,
2500 706 2551 751 et
2583 695 2851 766 genuinus
2879 692 2998 762 ejus
3036 706 3230 746 sensus
3262 691 3317 743 in
3361 689 3632 758 aliquibus

2075 790 2209 844 locis
2257 787 2656 860 quodammodo
2697 787 2987 848 obscurus,
3033 782 3312 853 magisque
3355 781 3424 834 ab
3463 781 3633 834 heare-

2073 880 2195 936 ticis
2225 881 2572 942 obscuratus,
2597 877 2809 948 egregie
2844 876 3244 940 illustraretur;
3277 873 3462 942 sicque
3502 886 3631 940 pro-

2071 971 2189 1041 pria
2214 971 2363 1026 verbi
2395 970 2566 1026 divini
2597 969 2799 1023 veritas
2831 965 3025 1020 contra
3057 964 3223 1019 falsas
3269 961 3628 1036 quorumdam

2073 1063 2353 1118 hominum
2383 1062 2686 1132 opiniones,
2731 1058 2848 1114 heri
2881 1063 3057 1118 natas,
3100 1071 3223 1111 cras
3276 1071 3407 1109 vero
3456 1054 3629 1107 inter-

2071 1147 2267 1214 ituras,
2301 1148 2630 1213 ﬁrmaretur,
2655 1148 2709 1201 in
2737 1153 2999 1201 alternum
3022 1145 3333 1199 duratura.)
3356 1143 3630 1198 Hactenus

2067 1239 2151 1293 vir
2183 1237 2534 1308 gravissimus
2562 1236 2814 1292 Grahius.

2139 1329 2387 1388 Voetium
2416 1346 2606 1400 presso
2650 1329 2787 1399 pede
2836 1336 3129 1398 sequentes
3168 1327 3453 1384 Eduardus
3498 1327 3632 1384 Ber-

2067 1422 2291 1487 nardus,
2333 1430 2495 1492 atque
2523 1419 2762 1476 Joannes
2796 1421 3042 1476 Clericus
3079 1420 3190 1491 (54)
3235 1421 3377 1474 hanc
3420 1422 3628 1491 episto-

2068 1513 2173 1567 lam
2205 1528 2236 1568 a
2271 1514 2430 1583 plane
2461 1512 2730 1583 improbo,
2770 1512 2862 1582 qui
2895 1511 3159 1569 Clementi
3191 1510 3437 1566 Romano
3466 1513 3630 1566 innu-

2067 1618 2244 1659 meras
2274 1603 2567 1660 Clementis
2595 1603 2944 1658 Alexandrini
2971 1603 3204 1658 lacinias
3220 1603 3484 1668 adsuerit,
3525 1603 3628 1657 mi-

2068 1709 2191 1751 sere
2243 1694 2498 1750 fmdatam
2557 1694 2788 1751 suadere
2854 1695 3056 1748 conati.
3107 1694 3408 1764 Utrumque
3458 1709 3626 1765 porro

1996 1759 2238 1843 Bsolide
2292 1787 2551 1842 refutavit
2604 1787 2688 1842 Cl.
2757 1785 3025 1842 Henricus
3103 1759 3396 1841 Wotton-us
3458 1759 3624 1856 ’(55).

2061 1877 2221 1933 Juvat
2264 1879 2554 1948 ipsummet
2605 1879 2750 1933 hunc
2794 1877 3168 1934 doctissimum
3220 1877 3396 1930 virum
3427 1876 3530 1929 hac
3561 1876 3630 1932 de

2063 1985 2122 2024 re
2169 1968 2524 2024 disserentem
2560 1970 2784 2025 audire:
2817 1987 2836 2021 ς
2868 1967 3011 2024 lrriti
3034 1974 3195 2033 sunt,
3227 1968 3431 2037 inquit,
3463 1966 3629 2034 hujus

2064 2058 2369 2130 (Bernardi)
2411 2068 2640 2114 conatus
2667 2080 2679 2115 :
2711 2060 2804 2129 qui
2835 2061 2978 2114 enim
3025 2059 3129 2112 hoc
3179 2057 3339 2112 modo
3385 2074 3448 2113 ex
3499 2057 3627 2112 Cle-

2063 2157 2244 2205 mente
2295 2149 2665 2205 Alexandrino
2709 2150 2920 2219 arguit,
2967 2158 3059 2203 aut
3111 2166 3234 2204 eum
3294 2165 3404 2203 non
3456 2149 3626 2218 probe

2064 2242 2236 2308 novit,
2277 2249 2371 2296 aut
2401 2241 2542 2296 mala
2571 2241 2677 2296 ﬁde
2714 2242 2855 2311 agit;
2887 2241 3074 2297 eadem
3118 2242 3260 2295 enim
3293 2242 3502 2295 ratione
3535 2255 3629 2294 ac-

2066 2341 2179 2387 tum
2221 2333 2324 2388 erit
2370 2333 2437 2388 de
2483 2333 2764 2388 authentia
2811 2344 2864 2388 et
2903 2333 3007 2388 fide
3053 2349 3263 2400 eorum,
3306 2333 3461 2403 quia
3503 2334 3630 2388 Cle-

2063 2432 2246 2479 mente
2272 2423 2638 2479 Alexandrino
2689 2439 2918 2494 usquam
2962 2424 3220 2488 citantur,
3272 2424 3622 2494 scriptorum.

2063 2515 2236 2573 Nemo
2289 2516 2433 2572 enim
2478 2515 2699 2569 Patrum
2749 2516 2953 2585 majore
3001 2516 3224 2570 licentia
3261 2523 3343 2570 est
3390 2531 3523 2572 usus
3573 2519 3628 2570 in

2063 2609 2301 2665 citandis
2330 2607 2667 2673 auctoribus,
2691 2609 2804 2662 sive
2835 2609 3030 2670 sacris,
3056 2609 3169 2662 sive
3193 2607 3431 2662 ethnicis
3454 2624 3466 2659 :
3501 2623 3626 2662 cum

2062 2700 2111 2756 ei
2143 2700 2199 2754 in
2229 2714 2381 2755 more
2410 2699 2502 2765 sit,
2527 2714 2636 2752 non
2662 2699 2869 2769 integra
2896 2706 3180 2753 auctorum
3220 2699 3387 2753 verba
3406 2714 3624 2769 semper

2062 2791 2328 2856 recitare,
2368 2791 2465 2846 sed
2514 2805 2614 2860 pro
2663 2790 2892 2844 arbitrio
2940 2805 3041 2844 suo
3083 2804 3228 2843 nunc
3281 2791 3624 2853 contrahere,

2064 2897 2211 2936 nunc
2245 2882 2314 2936 de
2359 2895 2461 2936 suo
2504 2881 2776 2948 inserere,
2822 2881 2926 2934 alia
2979 2881 3261 2945 omittere,
3310 2879 3413 2933 alia
3460 2881 3628 2937 variis

2064 2971 2243 3027 modis
2280 2978 2514 3025 mutare.
2539 2989 2558 3023 ι

2140 3081 2161 3115 ‹
2205 3060 2263 3116 Si
2291 3062 2358 3116 ad
2392 3063 2505 3118 haec
2542 3061 2730 3117 sedulo
2775 3059 3043 3126 attendas,
3086 3075 3369 3133 agnosces,
3403 3062 3489 3131 pie
3531 3059 3628 3117 Le-

2059 3162 2214 3220 ctor,
2260 3168 2508 3217 mecum,
2556 3168 2621 3207 ex
2663 3151 3034 3207 Alexandrino
3080 3166 3190 3206 non
3245 3153 3626 3224 interpolatam

2059 3241 2249 3307 fuisse,
2277 3243 2439 3300 toties
2477 3242 2546 3297 ab
2580 3242 2823 3298 Ecclesia
2859 3243 3113 3312 primzeva
3143 3243 3469 3297 celebratam
3505 3244 3626 3298 lau-

2058 3333 2239 3397 dibus,
2272 3333 2381 3387 imo
2410 3342 2464 3387 et
2493 3348 2616 3387 cum
2649 3334 2824 3388 sacris
2855 3331 3153 3402 Scripturis
3183 3334 3398 3404 publice
3427 3334 3623 3389 lectam

2058 3423 2216 3482 Rom.
2257 3424 2556 3480 Clementis
2601 3425 2954 3495 epistolam.»
3009 3422 3134 3479 Haec
3182 3423 3476 3479 Wottonus
3535 3425 3625 3479 cui

2053 3525 2235 3572 tamen
2252 3516 2790 3587 praziveratJoannes
2821 3515 3074 3572 Potterus
3093 3517 3176 3570 vir
3198 3516 3266 3572 cl.
3293 3517 3347 3570 in
3378 3518 3627 3572 animad-

2055 3608 2398 3665 versionibus
2414 3609 2480 3663 ad
2493 3606 3116 3664 ClementemAlexandr.
3135 3607 3246 3680 (56)
3269 3607 3357 3662 ubi
3382 3623 3625 3663 sumina-

2057 3702 2152 3755 tim
2167 3700 2509 3770 quidem,sed
2523 3701 2721 3754 acriter
2736 3699 2995 3754 Bernardi
3012 3699 3620 3769 conjectationeselisit.

2124 3793 2364 3864 Longius
2402 3793 2580 3847 adhuc
2622 3807 2947 3863 progressus
2990 3799 3075 3847 est
3117 3790 3354 3846 Joannes
3399 3791 3623 3846 Moshe-

2054 3885 2199 3942 mius
2227 3885 2338 3957 (57)
2367 3885 2458 3955 qui
2490 3884 2783 3939 Clementis
2825 3883 3112 3953 epistolam
3149 3885 3379 3955 primam
3422 3891 3626 3954 quarta

2055 3976 2140 4032 sui
2183 3983 2333 4046 parte
2363 3974 2730 4030 mulctandam
2764 3983 2971 4038 censet,
3009 3991 3039 4027 a
3069 3975 3253 4045 capite
3291 3975 3550 4029 nimirum
3587 3975 3624 4031 9

2054 4067 2123 4123 ad
2149 4067 2245 4134 55;
2278 4066 2375 4122 sed
2414 4082 2482 4121 ne
2511 4066 2696 4135 priora
2740 4065 2959 4135 quidem
2997 4065 3183 4121 decem
3226 4066 3406 4136 capita
3434 4082 3499 4121 eo
3522 4067 3620 4136 ju-

2052 4157 2173 4213 dice
2200 4157 2268 4214 ab
2309 4157 2728 4227 interpolatione
2775 4164 2903 4210 sunt
2944 4171 3171 4224 prorsus
3218 4156 3502 4211 immuriia.
3548 4156 3624 4215 At.

2053 4247 2237 4302 inania
2267 4263 2411 4308 esse.
2436 4262 2500 4300 ac
2530 4244 2711 4300 iutilia
2744 4245 3025 4300 Moshemii
3054 4253 3370 4316 argumenta
3399 4245 3453 4298 in
3484 4260 3621 4300 ocu-

2055 4339 2124 4393 lis
2154 4339 2334 4408 posuit
2360 4336 2600 4392 Joannes
2647 4336 2952 4390 Ludovicus
2985 4336 3121 4408 Frcy
3157 4335 3290 4408 (58).
3337 4335 3620 4407 Siquidem

394 4432 609 4486 essent,
659 4440 759 4480 nec
803 4439 832 4478 a
880 4425 1067 4480 blattis
1121 4426 1418 4498 lineisque,
1462 4428 1636 4482 aliove
1683 4428 1950 4497 ejusmodi
1985 4435 2027 4488 ι)
2057 4430 2256 4484 invicte
2284 4430 2368 4483 vir
2394 4429 2642 4484 eruditus
2675 4428 2898 4493 evincit,
2924 4443 3046 4482 cum
3076 4443 3142 4481 ex
3174 4428 3502 4498 antiquitate
3527 4443 3626 4482 co-

395 4515 658 4578 excrcitu,
694 4513 786 4568 sed
825 4514 1062 4569 strenuis
1089 4516 1141 4568 in
1167 4518 1412 4571 ordinata
1442 4516 1535 4573 Dei
1563 4518 1678 4573 acie
1703 4519 1952 4587 prostatis

395 4605 481 4662 vel
518 4606 806 4674 parastatis
855 4605 1166 4669 ederentur,
1222 4607 1395 4678 deque
1441 4608 1510 4662 iis
1556 4610 1739 4664 nullus
1796 4609 1956 4663 dubi—

395 4697 548 4750 tandi
592 4698 743 4751 locus
785 4697 1007 4752 relictus
1037 4705 1211 4766 esset;
1259 4709 1318 4752 ut
1356 4700 1614 4754 nimirum
1664 4700 1956 4769 Scriptura;

397 4797 550 4843 tanto
589 4788 893 4843 evidentius
944 4803 1042 4843 sua
1078 4797 1355 4844 constaret
1394 4790 1818 4854 auctoritas,.ac
1863 4805 1956 4844 ca-

398 4882 595 4935 nonica
628 4879 939 4951 Evangelia,
971 4880 1186 4950 aliaque
1231 4866 1435 4950 scripta
1473 4889 1784 4936 sanctorum
1828 4898 1957 4954 apo-

399 4976 660 5030 stolorum
684 4983 735 5028 et
760 4973 1151 5041 discipulorum
1185 4988 1215 5027 a
1249 4973 1424 5035 falsis,
1449 4989 1571 5042 quae
1609 4975 1822 5029 illorum
1857 4991 1955 5030 no-

401 5065 642 5120 minibus
673 5065 951 5135 supposita
994 5071 1150 5130 sunt,
1193 5064 1653 5128 discernerentur,
1696 5065 1771 5134 (id
1811 5067 1954 5136 quod

402 5157 607 5227 absque
630 5155 1020 5210 catholicorum
1050 5154 1272 5209 Patrum
1300 5156 1612 5222 traditione,
1644 5157 1954 5227 apostolicae

625 5327 814 5410 Part2!
872 5328 1122 5410 Selectar.
1167 5331 1458 5410 disputat”
1490 5347 1611 5410 pag.
1638 5333 1758 5387 105.

400 5401 588 5523 26(155)
637 5398 877 5468 Spieileg.
931 5399 1032 5455 SS.
1069 5398 1330 5467 Patrum,
1384 5398 1512 5457 toni.
1553 5398 1605 5466 Iv,
1649 5419 1773 5474 pag.
1821 5404 1950 5470 260,

476 5512 587 5611 (ξξι)
615 5539 672 5593 In
697 5539 841 5592 notis
860 5539 993 5611 edit.
1023 5539 1127 5595 PP.
1161 5541 1443 5611 apostolis.
1462 5540 1954 5599 CotelerianaaAm-

410 5608 712 5670 statlodam.,
745 5610 872 5662 anni
896 5609 1051 5663 1724.

479 5678 590 5747 (55)
627 5676 683 5734 ln
720 5682 863 5737 notis
902 5679 969 5734 ad
1000 5681 1168 5736 Clem.
1197 5679 1366 5750 Epist.
1399 5682 1447 5752 l,
1481 5697 1599 5754 cap.
1627 5684 1680 5751 9,
1709 5698 1830 5756 pag.
1857 5685 1946 5740 40.

2055 4521 2192 4576 dicis
2230 4519 2619 4584 Alexandrini,
2657 4526 2769 4573 tum
2799 4534 2868 4573 ex
2910 4525 3154 4574 veterum
3199 4516 3420 4573 Patrum
3462 4517 3623 4573 testi-

2055 4610 2285 4675 moniis,
2329 4625 2431 4664 nos
2488 4608 2736 4664 eamdem
2785 4610 3006 4664 omnino
3057 4610 3342 4678 epistolam
3393 4609 3618 4677 habere,

2054 4718 2217 4773 quam
2245 4702 2434 4756 habuit
2464 4708 2678 4756 vetusta
2724 4699 2990 4766 Ecclesia,
3033 4715 3194 4773 quam
3225 4699 3514 4754 audierunt
3561 4700 3620 4755 in

2055 4795 2228 4850 sacris
2249 4794 2479 4848 coetibus
2507 4792 2747 4862 primaevi
2778 4792 3099 4858 Christiani,
3128 4793 3255 4846 dum
3289 4791 3467 4845 adhuc
3492 4790 3616 4860 ejus

2055 4883 2304 4938 lectionis
2350 4899 2484 4938 usus
2528 4883 2763 4952 vigeret;
2815 4898 2976 4952 quam
3022 4883 3266 4954 legerunt
3316 4881 3615 4952 Dionysius

2054 4974 2391 5040 Corinthius,
2423 4975 2672 5029 Clemens
2704 4973 3123 5037 Alexandrinus,
3163 4973 3395 5043 Cyrillus
3425 4973 3618 5028 Hiero-

2055 5066 2433 5136 solymitanus,
2467 5063 2860 5134 Hieronymus,
2895 5063 3214 5132 creterique;
3255 5077 3416 5131 quam
3456 5063 3618 5118 deni-

2055 5172 2159 5228 que
2197 5153 2550 5226 Polycarpum
2595 5152 2976 5224 Smyrnensem
3020 5153 3337 5223 episcopum
3380 5162 3434 5208 et
3465 5169 3615 5207 mar—

2127 5332 2239 5404 (56)
2274 5332 2475 5404 Putter.
2508 5329 2572 5384 ad
2618 5329 2787 5404 Clem.
2827 5325 3090 5402 Alexand.
3143 5325 3342 5382 Strom.
3377 5327 3413 5381 l.
3445 5343 3520 5392 IV,
3553 5343 3608 5386 c.

2058 5400 2145 5466 i8.
2175 5417 2297 5470 pag.
2325 5403 2448 5462 610,
2480 5409 2602 5454 nota
2618 5400 2682 5470 74.

2127 5467 2237 5542 (57)
2254 5471 2430 5527 Instit.
2449 5471 2570 5526 hist.
2591 5469 2785 5525 Christ.
2804 5469 3164 5539 majoressrcc.
3183 5483 3220 5528 ι,
3238 5467 3411 5535 ρ.,212
3435 5484 3612 5541 usque

2053 5544 2237 5679 $338)
2276 5609 2490 5667 Prmfat.
2533 5607 2599 5662 ad
2642 5603 2804 5676 epist.
2847 5600 2949 5660 SS.
2983 5602 3088 5662 PP.
3143 5607 3607 5676 apostolic.,circa

2057 5683 2316 5739 medium.
