3832 6274
240 366 364 423 12.9

1537 401 1866 457 PROOEMIA
1906 382 2280 460 VARlORUM.

3393 409 3493 464 150

236 487 462 590 ῘΪΨΠΙ
498 514 647 555 manu
676 513 953 567 νθτδθδεθς
995 504 1137 572 quin
1167 514 1225 563 et
1256 516 1531 569 nonnulla
1558 533 1624 571 ex
1664 535 1724 573 ea
1752 535 1866 574 ver—
1893 521 1934 578 Α
1965 518 2034 571 sti
2069 519 2248 581 verba,
2272 533 2389 586 qua:
2421 518 2474 570 in
2506 517 2793 585 Evangelio
2818 534 2924 573 non
2948 520 3209 590 leguntur,
3235 519 3489 588 proferre,

230 570 528 677 ξδυιεῐιυε
563 599 799 660 excerpta
828 590 889 644 in
919 570 1085 648 suam
1118 597 1192 651 ad
1239 597 1627 673 Philippenses

232 660 376 723 13m
448 680 811 742 transtulisse,
855 681 1098 737 suadent
1146 685 1279 742 loca
1330 660 1778 748 ex'IClementiiia
1816 660 1868 749 et

228 750 682 854 ξὀιῐοειι-ρὶειηει
726 771 953 839 epistola
997 773 1329 847 desumpta,
1374 783 1428 835 in
1474 785 1703 837 medium
1745 800 1869 854 pro.

232 842 411 917 1³η,
478 869 633 929 atque
683 862 914 917 invicem
956 864 1163 919 collata
1210 842 1354 939 (59).
1403 870 1551 925 Hanc
1596 842 1763 926 unani
1799 876 1868 929 ob

230 950 538 1038 gausam,
584 950 873 1016 Bernardi,
912 953 1119 1011 Clerici
1165 971 1235 1011 ac
1267 958 1568 1024 Moshemii,
1600 964 1869 1029 conjecta-

232 1033 474 1096 “ones
497 1041 559 1095 de
587 1043 756 1112 bujus
800 1045 1016 1100 laciniis
1061 1060 1131 1100 ex
1174 1047 1452 1103 Clemente
1494 1051 1850 1106 Alexandrino

233 1118 423 1182 desu
434 1135 590 1200 mptis
615 1136 850 1189 omnino
874 1144 1210 1192 evanescant
1241 1147 1471 1207 oportet.

338 1214 546 1292 Neque
574 1225 672 1278 alii
707 1226 960 1294 profecto
988 1226 1210 1292 desunt,
1243 1229 1335 1297 qui
1372 1230 1609 1295 ejusdem
1634 1231 1868 1299 epistolae

244 1301 661 1365 Sinceritatem
716 1314 776 1366 in
820 1313 1045 1367 dubium
1086 1323 1367 1379 revocant,
1428 1316 1568 1384 quod
1617 1318 1866 1371 nimirum

247 1399 550 1451 nonnulla
580 1398 847 1456 fabulosa
883 1417 994 1470 pne
1018 1416 1077 1455 se
1106 1404 1275 1467 lerat;
1328 1404 1469 1472 quod
1506 1405 1680 1473 aliqua
1706 1405 1758 1457 in
1805 1422 1867 1459 ea

252 1476 677 1542 desiderentur
721 1504 755 1542 a
800 1492 1029 1545 vetustis
1055 1489 1312 1547 Patribus
1336 1494 1590 1562 allegata,
1627 1501 1729 1547 etc.
1765 1493 1867 1548 Sed

247 1566 393 1626 hos
427 1579 774 1634 morosiores
806 1581 1030 1635 criticos
1062 1582 1263 1635 missos
1293 1581 1551 1637 facimus:
1584 1590 1693 1636 tum
1727 1585 1866 1652 quod

237 1671 471 1719 Porum
522 1667 885 1735 objectiones
925 1668 1068 1722 ﬂuxo
1093 1671 1228 1724 adeo
1256 1672 1364 1725 talo
1391 1671 1647 1735 nitantur,
1692 1680 1747 1725 ut
1778 1684 1866 1741 pe-

239 1746 401 1806 dem
441 1770 573 1809 cum
614 1758 863 1826 singulis
893 1758 1142 1812 conferre.
1174 1758 1316 1811 baud
1347 1759 1610 1827 expediat,
1642 1768 1752 1813 tum
1785 1762 1867 1812 in-

237 1842 498 1907 primis,
535 1846 697 1913 quod
734 1861 765 1898 a
791 1847 1069 1915 plerisque
1099 1848 1231 1901 viris
1268 1848 1492 1902 eruditis
1520 1864 1604 1903 res
1656 1849 1865 1903 abunde

244 1934 416 1988 satis
458 1933 634 1989 fuerit
668 1943 1037 2004 pertractata.
1078 1935 1319 1990 Firmum
1363 1938 1543 2006 igitur,
1589 1948 1865 2008 ratumque

242 2019 348 2086 ﬁt,
384 2041 720 2095 germanam
766 2028 990 2080 omnino
1024 2028 1256 2095 priorem
1284 2043 1403 2082 esse
1432 2027 1719 2084 Clementis
1757 2031 1867 2097 epi-

248 2116 517 2168 stolam:
560 2116 844 2184 quidquid
875 2116 1023 2169 enini
1055 2116 1109 2168 in
1139 2132 1201 2170 ea
1248 2117 1570 2181 continetur,
1626 2124 1864 2187 tempora

249 2202 445 2267 plane
473 2206 793 2274 apostolica
821 2204 1025 2270 refert;
1070 2220 1244 2274 neque
1271 2206 1437 2258 ullum
1462 2221 1525 2259 ex
1553 2206 1694 2259 omni
1722 2215 1866 2261 retro

254 2295 613 2362 antiquitate
667 2294 952 2363 quispiam
1010 2302 1202 2347 testem
1255 2294 1591 2363 produxerit,
1628 2297 1718 2364 qui
1770 2297 1865 2351 ho-

257 2381 461 2437 mines
495 2385 769 2437 cordatos
796 2383 866 2437 de
893 2384 1038 2437 illius
1068 2384 1376 2438 sinceritate
1396 2384 1584 2438 merito
1610 2386 1865 2454 ancipites

260 2473 514 2527 reddere
540 2474 753 2527 valeat.

846 2560 1246 2615 ARTICULUS
1283 2562 1353 2619 Π.

527 2665 596 2702 DE
622 2664 873 2703 SECUNDA
908 2664 975 2701 AD
1008 2662 1323 2702 CORINTHIOS
1358 2663 1629 2703 EPISTOLA.

360 2738 742 2792 Dubitationes
790 2749 1022 2792 veterum
1063 2738 1125 2791 de
1165 2739 1331 2791 altera
1379 2741 1546 2792 sancti
1589 2739 1863 2795 Clementis

238 2829 529 2895 epistola.
572 2860 649 2868 —
680 2828 903 2882 Praeter
931 2828 1105 2883 sancti
1135 2826 1420 2883 Clementis
1465 2830 1529 2883 ad
1562 2828 1863 2887 Corinthios

239 2918 598 2986 Epistolam,
653 2917 727 2971 de
762 2932 874 2985 qua
912 2917 1175 2970 hactenus
1214 2916 1440 2984 egimus,
1484 2918 1647 2971 altera
1691 2919 1861 2973 eidem

240 3009 359 3061 ab
404 3007 635 3062 Eusebii
670 3006 793 3076 (60)
820 3014 981 3060 aetate
1007 3005 1284 3069 tribuitur,
1333 3021 1449 3075 qua:
1477 3015 1671 3069 tamen,
1703 3016 1759 3061 ut
1782 3018 1863 3063 est

270 3098 361 3150 ab
381 3113 445 3151 eo
467 3098 839 3155 adnotatum,
862 3095 997 3148 adeo
1017 3095 1244 3149 celebris
1266 3105 1323 3147 ut
1340 3094 1482 3162 prior
1498 3112 1600 3147 non
1626 3104 1862 3157 erat,ue-
1891 3127 1931 3180 η

284 3203 395 3255 que
414 3203 443 3238 a
460 3186 755 3240 veteribus
780 3185 1133 3238 recitabatur.
1151 3183 1261 3237 Imo
1277 3191 1492 3238 sanctus
1510 3184 1862 3255 Hieronymus

295 3284 502 3330 veteres
533 3289 665 3328 eam
687 3272 950 3340 rejecisse
982 3272 1146 3325 refert
1174 3271 1315 3341 (6i);
1356 3270 1577 3325 Photius
1605 3272 1712 3342 (62)
1738 3289 1863 3327 vero

294 3374 447 3419 aetate
477 3380 582 3418 suo
614 3378 719 3432 pro
766 3361 1120 3430 supposititia
1152 3362 1387 3415 habitam
1426 3361 1592 3416 fuisse
1618 3370 1859 3418 testatur.

366 3456 635 3521 Queritur
681 3453 775 3505 hic
822 3462 1084 3520 praeterea
1127 3450 1235 3521 (65)
1281 3452 1506 3506 humiles
1553 3454 1860 3516 sententias,

300 3562 474 3615 neque
502 3547 643 3600 satis
662 3552 792 3612 apte
822 3543 1058 3596 invicem
1085 3556 1250 3595 nexas
1278 3541 1331 3593 in
1357 3556 1420 3595 ea
1450 3550 1679 3605 exstare,
1708 3552 1865 3610 atque

304 3637 593 3691 alieniores
622 3632 1111 3702 interpretationes
1146 3629 1451 3700 Scriptum,
1481 3641 1532 3686 et
1557 3631 1679 3687 Jesu
1710 3632 1863 3686 Chri-

372 3790 484 3859 (59)
525 3787 741 3841 Confer
783 3790 950 3859 caput
994 3783 1033 3859 i_
1073 3781 1309 3859 epistolae
1357 3780 1734 3859 S._C|e_m.ma_d.
1761 3782 1865 3839 Co-

304 3848 479 3912 ritith
511 3872 641 3911 cum
692 3848 914 3921 capt-4
951 3848 1120 3921 epist.
1163 3848 1449 3921 Polycarpi
1488 3848 1553 3901 ad
1601 3848 1862 3921 Philipp.;

305 3936 422 3989 cap.
456 3922 491 3975 5
511 3936 643 3974 cum
677 3918 803 3989 cap.
830 3918 893 3981 9;
924 3918 1045 3985 cap.
1079 3919 1254 3989 7_cum
1283 3935 1397 3989 cap.
1435 3920 1498 3984 7;
1529 3936 1646 3989 cap.
1689 3921 1721 3974 9
1744 3918 1875 3975 cum

301 3987 424 4058 cap.
460 3989 496 4042 2
517 4005 684 4058 Lcap.
724 3988 793 4041 15
816 4003 941 4041 cum
973 4001 1093 4055 cap.
1117 3987 1189 4049 2;
1221 4002 1337 4058 cap.
1365 3988 1427 4042 2i
1458 3987 1729 4058 cum'cap.
1754 3991 1806 4043 4.

372 4056 483 4126 (60)
514 4056 837 4126 Sciendum
862 4065 1036 4126 autem
1082 4065 1155 4107 est
1183 4056 1417 4126 alteram
1467 4056 1693 4126 quoque
1712 4058 1883 4113 sancti

316 4121 591 4182 Clementis
643 4123 941 4193 epistolam,
975 4121 1331 4193 circumferri;
1373 4121 1542 4174 verum
1580 4121 1731 4193 ἸιαηυΔ
1765 4140 1864 4193 non

315 4197 520 4265 perinde
563 4189 837 4265 cognitam
866 4192 1047 4258 fuisse,
1081 4206 1141 4265 ac
1166 4190 1403 4265 primam,
1431 4204 1525 4255 pro
1548 4198 1685 4241 certo
1712 4189 1864 4243 Imbe-

318 4258 459 4327 inus,‘
482 4258 1719 4335 quandqquidanvetu_stiores'jltaﬂnequaquam
1745 4274 1863 4335 usas

317 4324 847 4400 esse‘cbmperimus.
901 4326 1187 4390 Eusebius,
1238 4325 1310 4380 11.
1358 4324 1422 4393 Ε.
1473 4324 1508 4379 ι.
1560 4341 1641 4389 ιιι,
1697 4341 1744 4380 c.
1776 4327 1861 4391 58,

318 4417 433 4473 pag.
468 4403 592 4473 HZ.

383 4441 736 4539 (ξύιίῗξνιω-
757 4462 1188 4539 et_secund_a_ejus
1216 4460 1418 4539 nomine
1452 4461 1699 4539 epistola,
1748 4479 1863 4539 qua:
1893 4441 1934 4493 Ῐ)

319 4557 348 4591 a
369 4529 621 4593 ueteribus
646 4534 983 4600 reprobatur.
1016 4530 1252 4593 Hieron.,
1284 4530 1336 4600 in
1368 4529 1635 4600 Catalog.,
1663 4546 1714 4600 c._
1741 4531 1825 4583 15.

387 4609 498 4676 (62)
536 4608 672 4676 Qum
702 4597 935 4676 secunda
958 4600 1025 4651 ad
1058 4599 1260 4652 eosdem
1283 4597 1491 4659 dicitur,
1517 4597 1578 4648 ut
1605 4597 1761 4650 notha
1784 4615 1865 4651 re-

312 4669 509 4744 jicitur.
540 4669 706 4727 Ριιοι.
735 4669 862 4744 cod.
884 4684 1033 4723 cxm.

385 4746 495 4815 (6'5)
533 4740 785 4815 Secunda
821 4735 1207 4815 veronepiistola
1240 4743 1293 4815 et
1321 4734 1438 4815 ipsa
1489 4734 1864 4815 institutionem

322 4801 821 4865 ac‘ad'monitionem
849 4801 1078 4858 melioris
1107 4805 1222 4856 vita:
1244 4802 1457 4866 inducit,
1478 4810 1627 4867 atque
1648 4802 1699 4853 in
1723 4802 1865 4868 prin-

324 4883 449 4949 cipio
474 4882 749 4935 Christum
780 4875 949 4949 Deum
995 4871 1290 4949 pra’dicat.n
1316 4870 1497 4949 Verum
1537 4868 1676 4949 dicta
1720 4886 1863 4949 quq:-

326 4937 440 5000 dam
462 4948 762 5016 peregrina,
806 4942 944 5016 velut
979 4937 1006 4993 e
1041 4950 1232 5016 sancta
1253 4938 1530 5016 Scriptura
1551 4937 1861 5016 subinducit,

330 5006 501 5085 quibus
522 5006 777 5083 ne'prima
802 5010 1011 5079 quidem
1038 5008 1267 5085 cpistola
1290 5016 1453 5085 vacat,
1485 5014 1533 5058 et
1563 5006 1866 5085 interpreta-

333 5074 484 5138 tiones
514 5074 748 5138 locorum
785 5074 1137 5148 quorumdam
1178 5076 1445 5148 alieniores
1475 5074 1702 5140 profert:
1734 5075 1865 5126 alio-

335 5156 447 5222 quin
496 5156 632 5222 ipsa,
678 5145 807 5221 quas
830 5152 886 5201 in
925 5146 1008 5198 his
1036 5145 1505 5222 epistolisinsunt,
1553 5158 1701 5194 sensa
1737 5158 1865 5194 non-

337 5212 454 5274 nihil
481 5212 860 5290 abjec’za'sum.
898 5231 992 5290 nec
1028 5212 1604 5290 ροιξῄρειξέᾳηξβετίενη,
1647 5225 1706 5261 ac
1740 5225 1864 5262 con--

340 5277 630 5369 sequentium
659 5277 910 5369 serpant.
930 5282 1077 5369 Cod;
1101 5279 1224 5369 12.6,

419 5359 499 5428 64)
527 5345 775 5428 Clemen's
824 5354 993 5423 epist.
1119 5349 1184 5399 ad
1238 5347 1586 5428 Corinthvmn.
1613 5346 1668 5409 4,
1700 5345 1861 5410 5,12.

417 5413 498 5533 65)
530 5413 639 5485 Τί]
663 5413 787 5482 '13P.
833 5413 1278 5495 a'postolicorum,
1316 5429 1433 5533 pag).
1468 5413 1581 5467 182.

417 5500 473 5533 ut:
524 5498 719 5533 ρηεηηι
779 5495 939 5533 nam-
997 5486 1208 5533 mnttf..
1242 5497 1359 5533 nae.
1427 5482 1476 5533 4.

516 5482 736 5567 Ερἱειήι.
770 5482 1220 5567 Ιίᾳίηκλζοηιὶίη⁹
1242 5497 1369 5567 pag;

1965 623 2190 677 quorum
2220 608 2395 675 aliqua
2423 622 2485 659 ex
2517 608 2820 675 apocrypho
2856 606 3224 677 Egyptiorum
3257 607 3494 676 Evange-

1967 696 2036 751 lio
2056 698 2222 765 petita
2248 704 2372 751 sunt
2400 695 2531 765 (64).
2820 754 2825 759 _

2034 784 2129 840 His
2167 799 2294 840 vero
2324 785 2645 853 posthabitis
2696 784 3023 838 contendunt
3062 782 3495 856 Cotelerius(65),

1964 876 2279 931 Coutantius
2311 874 2440 943 (66),
2469 873 2779 927 Gallandius
2818 872 2954 943 (67),
2982 882 3032 927 et
3072 873 3254 925 Bullus
3281 872 3413 942 (68),
3440 880 3494 926 et

1966 968 2076 1030 alii,
2116 965 2394 1035 epistolam
2428 965 2564 1017 hanc
2588 978 2772 1017 revera
2819 964 2989 1017 sancti
3031 963 3318 1016 Clementis
3349 977 3489 1016 esse.

1964 1057 2242 1112 Cernimus
2262 1054 2402 1108 enim
2430 1069 2544 1106 eam
2571 1052 2678 1123 (69)
2704 1061 2970 1121 postremo
3008 1054 3369 1120 apostolorum
3401 1066 3491 1104 ca-

1965 1158 2103 1197 none
2153 1156 2259 1195 non
2302 1141 2459 1195 modo
2500 1148 2686 1193 sancto
2729 1140 2984 1194 Clementi
3045 1139 3301 1192 tributam
3351 1153 3489 1201 esse,

1964 1247 2145 1286 verum
2186 1231 2345 1285 etiam
2378 1230 2573 1297 prioris
2598 1229 2765 1282 instar
2798 1230 2936 1282 inter
2966 1227 3273 1296 Scripturas
3309 1242 3492 1281 sacras

1966 1321 2251 1375 reccnseri.
2305 1318 2535 1373 Sanctus
2575 1317 2900 1387 Epiphanius
2946 1320 3055 1387 (70)
3115 1333 3230 1371 eam
3282 1332 3493 1385 quoque

1966 1410 2021 1464 S.
2054 1408 2341 1462 Clementis
2370 1409 2583 1461 nomine
2617 1409 2826 1469 recitat,
2854 1408 2936 1460 cui
2960 1416 3010 1459 et
3038 1422 3065 1459 a
3090 1416 3275 1460 sancto
3308 1406 3494 1459 Hiero-

1964 1513 2123 1567 nymo
2173 1495 2281 1566 (71)
2333 1503 2491 1565 atque
2538 1496 2697 1550 etiam
2757 1511 2786 1549 a
2826 1494 3015 1548 Photio
3073 1495 3179 1563 (72)
3216 1495 3488 1547 tribuitur.

1964 1587 2168 1653 Quibus
2206 1586 2284 1648 ﬁt,
2338 1593 2415 1648 ut,
2454 1601 2575 1638 cum
2631 1600 2746 1639 eam
2800 1595 3048 1653 tanquam
3096 1584 3489 1652 supposititiam

1966 1679 2201 1733 habitam
2231 1676 2501 1737 dixerunt,
2530 1693 2637 1729 non
2661 1692 2723 1729 ex
2755 1690 2869 1736 sua,
2904 1676 2995 1728 sed
3027 1676 3249 1728 aliorum
3275 1682 3490 1728 senten-

1966 1772 2039 1823 tia
2064 1770 2225 1823 locuti
2262 1768 2476 1822 fuerint.
2505 1766 2766 1821 Eusebius
2798 1779 2923 1818 vero
2952 1764 3091 1817 inter
3112 1780 3223 1825 eos.
3255 1766 3347 1833 qui
3370 1766 3487 1834 epi-

1968 1859 2157 1912 stolam
2189 1858 2328 1910 hanc
2350 1864 2407 1908 ut
2429 1855 2821 1924 supposititiam
2853 1853 3138 1914 duxerunt,
3163 1853 3379 1906 minime
3408 1860 3491 1906 est

1966 1946 2347 2009 numerandus,
2385 1960 2506 1998 cum
2537 1944 2668 1997 nihil
2701 1944 2765 1995 de
2796 1958 2854 1996 ea
2887 1942 3213 2009 pronuntiet,
3244 1941 3347 1995 nisi
3380 1941 3489 2010 (75)

1964 2052 2080 2090 eam
2110 2052 2215 2091 non
2254 2035 2385 2089 adeo
2419 2042 2476 2088 ut
2501 2034 2731 2103 priorem
2762 2032 3044 2093 celebrem,
3070 2041 3225 2100 atque
3246 2047 3277 2083 a
3298 2031 3492 2085 veteri-

1964 2124 2063 2177 bus
2092 2132 2431 2178 memoratam
2461 2123 2645 2175 fuisse.
2676 2120 2729 2173 ld
2761 2128 2935 2172 autem
2967 2121 3159 2172 mirum
3188 2120 3357 2173 videri
3384 2134 3491 2173 non

1965 2215 2140 2277 debet,
2191 2228 2310 2266 cum
2350 2220 2550 2273 non,ut
2596 2208 3036 2279 prior,Romanae
3076 2208 3346 2272 Ecclesiae,
3395 2209 3489 2264 sed

1965 2302 2233 2369 pontificis
2253 2308 2457 2353 tantum
2490 2299 2702 2352 nomine
2734 2298 2953 2367 scripta,
2994 2312 3167 2366 neque
3202 2297 3413 2365 publice
3435 2298 3489 2350 in

1963 2389 2200 2443 Ecclesia
2252 2389 2387 2441 lecta
2438 2386 2628 2439 fuerit:
2667 2383 2805 2437 unde
2852 2383 3073 2444 factum,
3122 2390 3180 2435 ut
3228 2383 3490 2449 conjectat

1963 2477 2147 2531 Bullus
2176 2476 2283 2547 (74)
2318 2483 2378 2529 ιιι
2404 2474 2543 2543 quod
2573 2474 2847 2543 paulatim,
2883 2474 3035 2538 quasi
3078 2469 3368 2524 Clementis
3400 2486 3487 2525 re-

1961 2547 2084 2620 vera
2116 2580 2220 2617 non
2247 2571 2408 2626 esset,
2438 2561 2702 2629 neglectui
2731 2561 2909 2613 habita
2933 2558 3122 2623 fuerit;
3149 2575 3304 2627 quam
3328 2561 3487 2613 etiam

1961 2656 2029 2709 ob
2074 2668 2290 2708 causam
2326 2653 2439 2705 aliae
2461 2649 2747 2703 Clementis
2794 2650 3031 2717 epistolae
3079 2648 3220 2715 (nam
3262 2656 3315 2702 et
3353 2649 3487 2702 alias

1962 2741 2241 2810 scripsisse
2272 2739 2442 2792 virum
2470 2744 2711 2792 sanctum
2742 2736 2872 2788 mihi
2904 2736 3178 2787 indubium
3206 2734 3306 2803 εει)
3336 2750 3488 2802 pror-

1962 2845 2055 2884 sus
2092 2828 2497 2883 interciderunt.
2540 2824 2799 2879 Carterum
2829 2825 2884 2877 in
2926 2825 3131 2892 exiguis
3172 2824 3281 2877 illis
3327 2825 3487 2892 hujus

1960 2918 2194 2988 epistolae
2219 2915 2458 2983 reliquiis
2496 2914 2659 2967 multa
2698 2929 2816 2966 cum
2850 2913 3027 2980 priore
3062 2912 3352 2965 similitudo
3374 2914 3488 2966 elu-

1963 3017 2081 3060 cet:
2112 3006 2249 3059 idem
2298 3020 2507 3073 quoque
2542 3002 2822 3057 vetustatis
2852 3003 3019 3063 color,
3053 3002 3245 3055 eaedem
3276 3002 3486 3057 dicendi

1968 3096 2149 3149 formae
2168 3102 2221 3148 et
2244 3095 2423 3163 plures
2438 3094 2538 3147 loci
2562 3094 2669 3163 (75)
2688 3109 2751 3147 ex
2770 3092 3087 3162 apocryphis
3117 3092 3269 3147 libris
3293 3093 3487 3161 prolati

1965 3187 2017 3239 in
2047 3192 2271 3253 utraque
2299 3190 2625 3252 spectantur.

2031 3274 2309 3328 Corinthiis
2330 3274 2577 3339 inscripta
2604 3270 3086 3339 fuit—Eusebius,
3108 3268 3172 3321 ad
3201 3284 3335 3337 quos
3363 3269 3487 3322 data

1961 3363 2030 3417 sit
2042 3363 2151 3415 haec
2161 3362 2403 3430 epistola,
2420 3376 2523 3413 non
2546 3368 2948 3423 commemorat;
2967 3358 3323 3431 Pbotiusvero
3338 3373 3487 3427 aper-

1966 3463 2014 3507 te
2049 3455 2122 3506 ait
2153 3452 2284 3523 (76),
2322 3467 2435 3505 eam
2454 3452 2518 3503 ad
2542 3450 2844 3504 Corinthios
2860 3450 3034 3502 datam
3056 3448 3241 3509 fuisse,
3261 3449 3401 3515 quod
3420 3462 3486 3501 ex

1967 3543 2218 3596 Dorothei
2256 3540 2695 3595 Archimandritae
2726 3539 2940 3592 Niconis
2964 3537 3209 3590 monachi
3236 3547 3395 3604 atque
3419 3553 3484 3591 ex

1961 3632 2339 3686 Parallelorum
2382 3631 2613 3684 auctoris
2647 3629 2947 3682 testimonio
2975 3628 3082 3699 (77)
3136 3630 3273 3682 inter
3317 3630 3486 3683 sancti

2031 3781 2142 3861 (69)
2173 3779 2504 3861 διέπει-αυτοῖς(
2542 3777 2681 3861 uobis
2705 3778 2829 3858 libri
2849 3778 3173 3861 .venerabi'les
3198 3787 3268 3857 ,ει
3318 3782 3487 3833 sancti

1973 3846 2161 3928 Veteris
2194 3849 2504 3928 Testamenti
2539 3847 2741 3928 'l'i‘loysis
2773 3848 3053 3928 quinque...
3089 3846 3208 3928 libri
3236 3863 3348 3898 vero
3390 3863 3485 3901 no-

1961 3920 2079 3982 stri,
2126 3919 2216 3969 hoc
2243 3927 2317 3969 est
2361 3915 2492 3968 Novi
2538 3916 2845 3967 Tcstamenti
2876 3914 3153 3982 Evangelia
3198 3926 3483 3983 quatuor...

1963 3986 2234 4040 Clementis
2257 3985 2486 4050 epistola:
2513 3983 2645 4035 dum.
2678 3984 2813 4036 Can.
2844 3990 3012 4049 apost.
3048 3984 3135 4036 85.

2032 4055 2142 4133 (76)
2167 4054 2302 4133 Dicit
2319 4053 2548 4133 Clemens
2577 4052 2626 4102 in
2648 4066 2750 4133 una
2772 4051 3105 4133 epistularum
3118 4067 3353 4114 suarum,
3376 4064 3484 4133 etc.

1962 4117 2220 4191 Epiphan.
2251 4122 2438 4191 haeres.
2469 4120 2659 4191 77,hn.
2710 4120 2763 4191 6.
2811 4117 2941 4191 Ipse
2971 4119 3201 4191 Clemens
3253 4120 3487 4175 omnibus

1961 4185 2079 4269 illos
2108 4187 2429 4269 (Ebionitas)
2454 4187 2616 4269 modis
2644 4188 2903 4267 redarguit
2924 4188 2986 4269 iri
2998 4185 3246 4269 Epistolis
3265 4192 3487 4244 circum-

1962 4256 2126 4328 ribus,
2152 4274 2279 4327 quas
2322 4256 2544 4328 scripsit,
2570 4272 2795 4328 qumque
2845 4257 2897 4308 in
2940 4256 3183 4311 Ecclesiis
3229 4260 3483 4328 leguntur.

1962 4273 2122 4321 ribus,
2152 4274 2279 4327 quas
2322 4273 2544 4323 scrtpstt,
2587 4273 2643 4377 qu

1961 4326 2100 4381 idem
2133 4328 2319 4379 haeres.
2351 4325 2438 4387 30,
2471 4341 2525 4377 η.
2560 4327 2581 4377 1
2631 4366 2643 4378 ,

2032 4395 2142 4462 (71)
2172 4394 2253 4445 Ad
2282 4395 2375 4447 Iros
2396 4393 2693 4462 (eunuchos)
2729 4402 2777 4446 et
2807 4391 3038 4448 Clemens
3066 4413 3330 4450 successor
3359 4412 3485 4461 apo-

1962 4461 2080 4518 stoli
2111 4462 2275 4525 Petri,
2306 4463 2450 4529 cujus
2497 4461 2695 4514 Paulus
2744 4464 3005 4529 apostolus
3036 4467 3281 4526 meminit,
3308 4466 3485 4516 scribit

1960 4532 2224 4601 epistolas,
2245 4547 2535 4592 omnemque
2547 4531 2649 4597 fere
2665 4547 2946 4583 sermonem
2974 4549 3120 4585 suum
3139 4535 3199 4586 de
3220 4537 3313 4585 virt
3330 4534 3487 4582 inita-

1964 4604 2028 4651 tis
2075 4602 2297 4651 puritate
2338 4601 2615 4651 contexuit.
2648 4598 2889 4651 Hieron..
2926 4602 2961 4651 l.
2992 4615 3009 4651 ι
3057 4603 3257 4651 advers.
3286 4549 3482 4651 J/ovinu

1964 4598 2028 4655 tis
2075 4602 2297 4720 pqritate
2338 4601 2615 4653 contexuit.
2648 4598 2889 4665 Hieron.,
2926 4602 2961 4653 l.
2992 4615 3009 4652 ι
3057 4603 3257 4655 advers.
3286 4598 3482 4666 Ionian,

1964 4685 2078 4720 can.
2145 4712 2157 4720 .

1962 4685 2078 4725 €30.
2117 4685 2157 4725 Ι.

2028 4686 2402 4799 θὴςῬιιοιὶιιε,
2432 4735 2551 4791 cod.
2577 4749 2750 4787 cxxvr.

2055 4806 2139 4871 75)
2169 4806 2453 4868 Eusebius,
2477 4812 2533 4856 ut
2558 4818 2738 4871 supra.

2030 4870 2149 4946 (74)
2172 4875 2264 4928 Est
2296 4874 2346 4926 id
2382 4870 2988 4946 a_Photioobservatum
3016 4870 3199 4946 codice
3230 4871 3355 4946 125.
3384 4872 3482 4925 Vc-

1964 4940 2076 4995 γαίη
2119 4940 2257 4995 dicta
2284 4941 2516 5010 quwdam
2573 4940 2856 5010 peregrina,
2892 4940 3198 5010 inquithic
3239 4942 3481 5001 eriticus,

1963 5014 2094 5065 velut
2123 5028 2149 5064 e
2178 5006 2447 5075 Scriptura
2473 5006 2623 5061 sacra
2653 5006 2967 5068 subinducit,
3005 5007 3188 5075 quibus
3218 5024 3277 5061 ne
3317 5011 3482 5075 prima

1961 5081 2161 5146 quidem
2189 5079 2404 5146 epistola
2433 5081 2635 5131 omnino
2656 5084 2822 5127 vacat.
2849 5075 2978 5146 Vide
3008 5092 3155 5146 num.
3173 5076 3242 5129 23
3271 5078 3481 5144 prioris,

1962 5144 2014 5202 et
2044 5149 2108 5201 l2
2151 5144 2223 5199 ac‘
2254 5147 2320 5199 15
2384 5161 2635 5200 numeros
2662 5144 2975 5211 posterioris
3016 5144 3303 5199 Clementis
3365 5147 3481 5214 epi~

1964 5219 2128 5270 stolte.

2055 5286 2139 5353 75)
2166 5283 2399 5345 Defensio
2422 5282 2539 5353 [ιάεὶ
2565 5281 2813 5353 Nicaeum,
2839 5281 3069 5353 pag.A5_0.

2057 5349 2140 5421 76)
2174 5353 2351 5405 Lectus
2381 5362 2455 5404 est
2489 5351 2791 5421 libellus,qin
2829 5349 2926 5417 quo
2946 5349 3483 5421 Clementiscpistola

1961 5418 2077 5473 duo,
2101 5418 2482 5480 adWCorinthios
2506 5419 2915 5480 continebantur.
2945 5420 3184 5480 Photius,
3217 5418 3345 5471 ibid.

2015 5483 2123 5551 (77)
2153 5479 2223 5536 Ut
2251 5482 2390 5551 enim
2418 5480 2490 5531 ait
2532 5478 2587 5531 S.
2618 5477 2866 5534 Clemens
2892 5496 2905 5532 :
2945 5477 3180 5535 Etiamsi
3213 5485 3351 5550 quis'
3376 5500 3475 5535 non

417 5432 479 5483 65
530 5432 639 5485 ΤΛ
668 5432 787 5482 PP.
833 5432 1278 5489 αρθδιοιῖεοτανηο
1316 5432 1377 5481 Pa
1421 5453 1433 5465 .
1468 5432 1581 5467 ιδΖ.
1961 5432 2077 5473 ante
2101 5432 2164 5473 ad
2194 5432 2482 5473 Corinthios
2506 5432 2915 5473 continebantur.
2946 5432 3184 5480 Photius,
3217 5432 3345 5471 mm.

391 5432 473 5566 (66
516 5498 736 5567 Epistol.
770 5495 939 5549 Rom.
995 5486 1208 5553 pontii”
1242 5497 1359 5549 pag.
1385 5432 1476 5534 ἑά.
2015 5483 2123 5551 (77)
2153 5479 2223 5536 Ut
2251 5482 2389 5535 enim
2418 5480 2490 5531 ait
2532 5478 2587 5531 S.
2618 5477 2905 5534 Clemens:
2945 5480 3173 5535 Etiamsi
3213 5485 3351 5550 quis'
3376 5500 3473 5535 non

387 5568 472 5637 (67
529 5568 591 5622 In
628 5561 896 5624 Biblioth.
935 5554 1059 5608 PP.
1104 5553 1295 5605 noviss.
1333 5548 1738 5616 Graeco-Latina,
1765 5551 1861 5616 t.l,
1942 5562 2233 5614 coronetur,
2274 5550 2475 5602 studeat
2503 5556 2669 5601 tamen
2701 5564 2800 5601 non
2827 5550 3007 5617 procul
3048 5552 3353 5604 acoronatis
3388 5554 3473 5603 in-

387 5652 433 5691 κ.
490 5637 542 5691 4.
566 5639 873 5691 prolegom.
1198 5682 1201 5683 ν
1381 5684 1430 5691 ,η
1945 5622 2125 5676 veniri.
2155 5618 2322 5688 Epist.
2358 5618 2413 5680 2,
2446 5631 2493 5669 c.
2521 5616 2570 5667 7.

326 5637 542 5707 pass“,
565 5639 873 5707 prolegom.

499 5682 912 5777 baiilizﬁds:
956 5682 1201 5748 Nicren.,
1226 5698 1347 5754 pag.
1369 5684 1434 5737 49
1461 5692 1510 5738 et
1542 5686 1626 5742 50.

1945 5622 2125 5676 veniri.
2155 5618 2322 5688 Epist.
2358 5618 2413 5680 2,
2446 5631 2493 5669 c.
2521 5616 2570 5667 7.
