3870 6390
428 308 519 364 1⁸51

1518 300 1607 355 AD
1647 298 1704 354 S.
1742 294 2169 353 CLEMENTEM
2210 298 2228 352 l
2269 294 2503 350 PAPAM

3559 289 3663 344 152

414 421 644 480 Joannis
675 420 997 477 Damasccni
1015 435 1181 491 Opera
1208 417 1557 487 intelligitur;
1601 421 1763 484 atque
1791 428 1855 469 ex
1877 429 1983 469 ms.
2014 419 2058 475 Α
2087 410 2392 466 Eeclesiam
2412 409 2816 464 Corinthiacam
2840 408 2990 478 prius
3015 422 3077 461 ea
3103 407 3267 461 missa
3288 405 3473 472 fuerit,
3496 422 3661 477 quam

414 515 627 579 codice,
665 530 775 583 quo
816 512 1017 569 Junius
1048 515 1116 568 ad
1162 526 1285 568 eam
1325 509 1379 563 in
1409 508 1687 578 publicum
1718 505 1983 561 edendam

413 623 548 664 usus
584 615 691 671 est,
721 623 880 677 quem
907 622 937 660 a
968 606 1128 677 primi
1159 617 1331 673 usque
1358 600 1563 655 Nicaeni
1600 594 1821 654 concilii
1848 605 1986 653 tem-

413 700 643 771 poribus
663 707 945 754 exaratum
987 698 1098 769 (78)
1124 697 1293 750 fuisse
1323 693 1626 748 existimat.
1663 691 1822 746 Prior
1858 690 1984 764 qui-

411 802 535 848 dem
571 794 796 862 epistola
821 794 874 847 in
898 791 1114 845 laudato
1130 787 1318 842 codice
1340 786 1406 840 ad
1426 786 1629 841 calcem
1652 785 1731 839 sic
1750 784 1987 857 inscrip-

414 894 469 940 ta
487 887 683 955 legitur
706 902 718 938 :
744 886 1057 957 Κλήμεντος
1088 880 1223 952 πρὸς
1254 878 1574 951 Κορινθίους
1617 876 1870 947 ἐπιστολὴ
1894 878 1982 939 Α’;

419 979 694 1049 posterior
722 993 852 1032 vero
882 976 963 1031 sic
988 990 1001 1024 :
1046 971 1365 1042 Κλήμεντος
1386 968 1869 1041 ὲπιστολὴΒ’;ὶίοει
1890 982 1986 1019 au-

416 1078 523 1124 tem
546 1069 814 1138 posterior
834 1081 897 1120 ex
929 1061 1275 1117 librariorum
1294 1059 1432 1114 forte
1450 1059 1983 1127 incuria,pra3notata

417 1160 560 1231 πρὸς
596 1157 916 1229 Κορινθίους
941 1154 1085 1208 haud
1126 1160 1470 1222 compareat;
1502 1150 1689 1221 quidni
1714 1156 1767 1203 et
1785 1148 1985 1204 eamad

410 1249 723 1305 Corinthios
750 1247 974 1299 missam
994 1246 1392 1307 existimemus,
1414 1258 1535 1296 cum
1555 1241 1754 1312 prioris
1785 1240 1984 1294 inscri-

411 1342 525 1411 ptio
550 1341 650 1394 hac
681 1339 747 1393 de
772 1353 828 1392 re
868 1339 1003 1392 satis
1034 1351 1305 1406 superque
1336 1334 1593 1389 indubios
1621 1346 1723 1387 nos
1751 1332 1986 1387 reddat?

410 1432 703 1488 Enimvero
723 1446 897 1500 neque
927 1430 1079 1501 prior
1121 1429 1321 1499 legitur
1350 1428 1405 1482 in
1447 1427 1691 1481 indiculo
1730 1424 1899 1480 fuisse
1916 1424 1982 1478 ad

407 1523 724 1579 Corinthios
771 1523 1095 1592 perscripta.
1124 1521 1258 1587 Quis
1285 1535 1449 1589 porro
1487 1535 1555 1574 ne
1583 1519 1730 1571 illam
1767 1518 1981 1587 quidem

407 1612 818 1667 Corinthiorum
851 1612 1069 1665 nomine
1096 1610 1361 1680 signatam
1389 1626 1457 1663 ex
1479 1608 1723 1677 ejusdem
1752 1606 1981 1662 lndiculi

409 1706 630 1763 silentio
655 1704 778 1773 jure
802 1703 1033 1774 arguat?
1055 1702 1241 1773 Neque
1281 1702 1407 1757 item
1436 1700 1711 1756 silentium
1736 1715 1838 1755 nos
1867 1716 1983 1756 mo-

407 1806 532 1851 veat
581 1794 823 1857 Eusebii,
857 1800 911 1848 et
952 1792 1048 1863 qui
1094 1808 1217 1848 eum
1248 1791 1441 1879 .secuti
1473 1798 1623 1853 sunt,
1668 1788 1983 1860 Hieronymi

409 1895 572 1958 atque
600 1885 803 1951 Ruﬁni,
837 1885 951 1955 qui,
980 1886 1109 1939 dum
1152 1884 1396 1955 epistola“:
1429 1881 1685 1937 secundae
1724 1881 1984 1937 memine—

408 1986 556 2041 runt,
586 1979 837 2033 Ecclesia:
862 1976 1228 2032 Corinthiaco!
1278 1975 1451 2030 fuisse
1480 1975 1627 2028 illam
1663 1973 1981 2042 inscriptam

410 2086 518 2125 non
544 2070 848 2140 perhibent.
880 2068 1015 2123 Cum
1050 2069 1196 2123 enim
1224 2065 1425 2120 laudati
1463 2066 1780 2135 scriptores,
1814 2070 1873 2117 ut
1905 2078 1985 2117 re-

407 2171 494 2216 cte
522 2160 865 2223 Coutantius,
894 2168 1195 2214 memorata
1231 2157 1411 2227 priore
1433 2155 1725 2210 Clementis
1755 2151 1981 2222 epistola

408 2254 477 2308 ad
505 2252 820 2308 Corinthios
852 2254 1034 2308 statim
1067 2250 1335 2323 subdant:
1370 2250 1539 2318 fertur
1585 2257 1632 2302 et
1661 2247 1849 2310 altera,
1887 2262 1981 2300 ne-

406 2363 514 2418 que
538 2347 604 2401 ad
628 2346 765 2401 alios
788 2345 929 2399 hanc
958 2346 1185 2399 alteram
1215 2343 1477 2410 scriptam
1509 2340 1829 2409 designent;
1859 2353 1977 2392 eam

406 2453 626 2508 quoque
648 2437 715 2491 ad
748 2436 968 2490 eosdem
1010 2432 1272 2501 scriptam
1305 2432 1607 2501 intelligere
1638 2429 1833 2483 merito
1862 2430 1978 2483 exi-

405 2533 734 2588 stimantur:
771 2529 1013 2597 alioquin
1063 2528 1111 2581 si
1144 2525 1224 2580 .ad
1275 2524 1413 2579 alios
1462 2524 1684 2578 missam
1728 2530 1974 2588 nossent,

404 2636 581 2691 neque
610 2620 662 2674 id
709 2619 1058 2682 innuissent,
1108 2616 1225 2670 hinc
1258 2615 1499 2685 ipsorum
1533 2613 1817 2669 reticentia
1854 2613 1979 2684 jure

405 2723 469 2763 ac
496 2709 690 2763 merito
715 2706 1058 2777 negligentiae
1085 2703 1354 2773 culpanda
1380 2703 1676 2758 videretur.

474 2798 712 2868 Objectio
753 2797 925 2866 prima
961 2806 1147 2849 contra
1175 2794 1503 2848 authentiam
1534 2793 1690 2863 hujus
1719 2792 1974 2863 Epistolw

403 2889 764 2944 Clementinw.
809 2918 880 2927 —
929 2886 1169 2941 Joannes
1216 2884 1458 2940 Morinos
1502 2885 1644 2938 hanc
1687 2886 1971 2955 epistolam

406 2980 798 3052 suppositionis
831 2989 1137 3048 suspectam
1167 2977 1330 3031 habet
1359 2992 1424 3031 eo
1453 2989 1796 3046 argumento,
1825 2978 1969 3046 quod

405 3072 661 3126 nimirum
695 3072 843 3125 illius
874 3071 1070 3139 stylus,
1102 3082 1210 3122 non
1257 3076 1317 3121 ut
1346 3067 1566 3137 prioris.
1612 3069 1684 3122 sit
1718 3070 1968 3139 simplex,

403 3164 497 3219 sed
528 3164 813 3232 argutulus
847 3162 982 3233 (79),
1015 3178 1122 3215 non
1154 3168 1347 3230 sponte
1378 3159 1570 3223 ﬂuens,
1604 3161 1698 3214 sed
1742 3177 1842 3231 pro
1873 3178 1969 3215 au-

400 3256 746 3324 ctoriscaptu
783 3254 1026 3308 studiose
1069 3253 1417 3319 elaboratus;
1471 3267 1578 3306 non
1627 3253 1970 3323 ἀπεριοδικὸς

399 3355 454 3401 et
506 3359 895 3413 nonnunquam
928 3342 1373 3406 ἀνανταπόδοτος,
1416 3341 1509 3397 sed
1540 3343 1825 3397 verborum
1861 3360 1971 3396 am-

398 3436 592 3499 bitum,
623 3437 944 3497 antitheses,
970 3450 1268 3504 earumque
1302 3435 1651 3503 rcpctitiones
1681 3433 1970 3489 ambitiose

399 3527 632 3583 aﬂ‘sctet.
660 3526 799 3583 Idem
828 3542 1045 3597 quoque
1070 3537 1454 3597 argumentum
1478 3535 1635 3599 urget
1661 3525 1967 3582 Richardus

401 3620 678 3676 Simonius
707 3620 840 3690 (80).

470 3718 703 3773 lnliciari
734 3718 984 3787 equidem
1016 3718 1206 3781 nolim,
1238 3717 1382 3772 haud
1408 3718 1525 3773 leve
1556 3718 1851 3787 aliquando
1880 3732 1967 3771 ar-

397 3816 713 3879 gumentum
757 3824 822 3861 ex
852 3807 1303 3863 dissimilitudine
1334 3809 1459 3880 styli
1495 3819 1803 3878 suppetere,
1858 3826 1967 3879 quo

393 3900 557 3953 alicui
581 3899 833 3969 scriptori
856 3915 993 3969 opus
1016 3899 1376 3968 abjudicctur,
1415 3900 1616 3969 aliique
1645 3901 1964 3964 addicatur;

394 3992 689 4045 dummodo
737 3999 919 4046 tamen
970 3992 1180 4061 reliqua
1231 3992 1335 4046 rite
1384 3993 1715 4048 cohaereant.
1766 3991 1965 4049 Verum

394 4096 540 4138 nunc
582 4100 843 4139 canonem
893 4086 1144 4141 criticum
1195 4103 1302 4141 non
1358 4103 1480 4143 esse
1509 4088 1737 4142 nimium
1769 4104 1965 4159 urgen-

394 4175 545 4239 dmn,
571 4192 728 4229 nemo
753 4191 858 4229 non
896 4177 1078 4244 videt;
1118 4177 1413 4247 siquidem,
1440 4180 1718 4250 utoptime
1754 4177 1964 4234 Cotele-

392 4267 533 4329 rius,
565 4282 726 4335 quem
748 4268 997 4337 sequitur
1025 4277 1079 4322 et
1115 4267 1350 4326 Grabius
1381 4271 1647 4342 (81),styli
1678 4271 1963 4326 dissimili-

394 4359 527 4413 tudo
553 4361 619 4413 ab
649 4361 838 4413 eodem
871 4360 1139 4431 scriptore
1170 4378 1268 4432 pro
1297 4364 1559 4419 varietate
1588 4374 1963 4435 temporumet

392 4467 685 4507 causarum
718 4452 846 4507 oriri
879 4454 1075 4523 potuit.

466 4541 704 4612 Objectio
726 4552 953 4596 secunda
980 4559 1043 4598 ea:
1068 4544 1319 4615 Dionysio
1344 4545 1735 4600 Corinthiorum
1756 4548 1957 4615 episcoo

388 4647 452 4699 po
472 4630 961 4701 desumpta.——Vir.
992 4632 1062 4687 cl.
1087 4630 1328 4687 Joannes
1359 4632 1593 4689 Grabius
1616 4634 1726 4703 (82)
1748 4650 1815 4689 ex
1841 4650 1960 4688 ver-

390 4725 471 4779 bis
500 4724 741 4795 Dionysii
780 4723 1188 4779 Corinthiorum
1222 4728 1459 4796 epise0pi
1494 4728 1632 4796 apud
1667 4726 1957 4780 Eusebium

387 4816 499 4888 (85)
519 4816 711 4870 confici
735 4824 910 4885 putat,
932 4830 1095 4869 unam
1125 4815 1390 4870 duntaxat
1410 4832 1438 4870 a
1465 4816 1524 4871 D.
1546 4816 1820 4871 Clemente
1839 4820 1959 4886 epi-

386 4907 579 4960 stolam
608 4922 730 4962 esse
752 4909 1037 4975 scriptam,
1070 4922 1232 4975 quam
1254 4907 1352 4977 τὴν
1385 4908 1661 4979 προτέραν
1694 4907 1781 4960 διὰ
1812 4906 1959 4977 Κλή-

388 5014 577 5067 μεντος
591 5000 891 5068 γραφεῖσαν
912 4996 1205 5068 Dionysius
1231 5000 1483 5067 appellat,
1501 5000 1643 5067 quod
1666 4998 1875 5052 scilicet
1890 5000 1953 5051 ad

380 5208 381 5211 η
454 5169 569 5241 (78)
605 5168 663 5243 S_.
690 5169 983 5243 Clementis
1003 5188 1069 5227 ex
1096 5173 1255 5243 epist.
1276 5173 1311 5227 ἓ
1348 5175 1413 5228 ad
1435 5173 1955 5240 Corinth.:cQuires

388 5241 679 5315 praesentis
709 5241 1161 5315 vitmpognoscit,
1196 5245 1467 5314 intelligit,
1506 5261 1681 5314 neque
1709 5260 1794 5308 ea,
1832 5261 1953 5315 qum

382 5310 903 5384 nonnullijucunda
934 5310 1207 5384 reputant,
1248 5310 1424 5368 aliena
1460 5310 1610 5380 esse,
1640 5322 1734 5384 aut
1760 5310 1948 5383 procul

382 5380 577 5434 dissita
613 5382 682 5435 ab
712 5382 800 5444 iis,
844 5398 966 5451 qua:
995 5380 1129 5439 odio
1152 5385 1520 5448 liabentur,il.
1555 5401 1592 5439 ιι
1653 5380 1952 5438 Parallelo-

382 5467 521 5525 rmnm,
555 5466 677 5520 cap.
709 5451 798 5506 20.
828 5450 1024 5525 Junius
1046 5454 1253 5523 pnefat.
1276 5454 1332 5508 in
1347 5454 1516 5511 Clem.
1550 5455 1735 5525 epist.,
1766 5463 1899 5510 tom.
1930 5453 1948 5507 Ι

382 5519 1071 5594 Pal-fum_;apos_tolicorum",
1100 5540 1223 5594 pag.
1258 5526 1381 5582 152.

382 5590 561 5714 lmag)
593 5590 885 5648 Exercitui.
932 5590 1145 5659 diblicl,
1176 5590 1212 5649 Ῑ.
1248 5611 1287 5659 ι,
1320 5612 1438 5666 cap.
1473 5597 1528 5661 4,
1559 5597 1612 5661 5,
1644 5595 1698 5661 9,
1739 5597 1948 5653 excrci-

405 5669 476 5713 at.
501 5669 554 5716 9.

454 5730 565 5799 (80)
600 5732 736 5787 Bibl.
771 5733 974 5797 Cltois.,
1006 5744 1043 5789 t.
1075 5734 1115 5801 1,
1148 5751 1195 5789 c.
1229 5736 1319 5799 58,
1354 5753 1475 5807 pag.
1499 5736 1626 5792 289..

2090 500 2248 557 Soter
2266 516 2419 556 suam
2448 500 2704 569 deinceps
2738 500 2915 555 eidem
2945 498 3312 567 inscripserit.

2160 594 2468 663 Responsio.
2493 623 2564 633 —-—
2592 592 2791 647 Verum
2823 600 2964 656 esto,
2998 592 3307 646 meminerit
3339 590 3430 645 hic
3460 589 3666 662 Diony-

2090 688 2206 743 sius
2230 688 2427 757 prioris
2458 694 2665 740 tantum
2702 684 3000 741 Clementis
3025 685 3298 753 epistolae:
3342 699 3516 754 neque
3547 685 3666 755 pla—

2090 787 2175 833 cet
2204 780 2348 833 enim
2371 778 2644 849 Beveregii
2678 778 2945 833 sententia
2971 778 3108 849 (84),
3141 776 3509 845 conjicientis,
3543 777 3665 847 epi-

2090 886 2312 941 scopum
2346 868 2752 924 Corinthiorum
2795 870 2998 923 omissa
3047 867 3257 921 Soteris
3303 868 3534 937 epistola
3594 867 3665 921 de

2092 971 2322 1032 utraque
2343 962 2680 1017 Clementina
2718 962 2880 1016 verba
2914 960 3132 1016 fecisse.
3175 959 3355 1014 Minus
3394 960 3520 1014 item
3566 978 3664 1013 no-

2090 1056 2174 1110 bis
2232 1057 2514 1125 probatur,
2566 1056 2711 1127 quod
2756 1056 2847 1109 alii
2920 1055 3282 1117 arbitrantur,
3345 1053 3662 1124 Dionysium

2089 1163 2280 1217 nempe
2312 1148 2456 1201 illam
2489 1147 2785 1203 Clementis
2829 1147 3137 1216 epistolam,
3171 1161 3293 1216 qua:
3337 1146 3554 1216 publice
3595 1147 3655 1200 le-

2088 1238 2335 1307 gebatur,
2362 1238 2483 1292 ideo
2526 1237 2772 1292 fortasse
2795 1237 3064 1309 προτέραν
3085 1250 3331 1300 vocasse,
3359 1245 3417 1288 ut
3444 1251 3561 1289 eam
3594 1236 3663 1289 ab

2089 1331 2255 1383 altera
2289 1329 2499 1385 Soteris
2531 1331 2597 1383 ad
2626 1328 2941 1385 Corinthios
2973 1328 3177 1400 pariter
3219 1328 3425 1398 scripta
3466 1328 3661 1381 distin-

2089 1432 2296 1493 gueret.
2322 1423 2499 1479 Athis
2531 1424 2737 1492 missis,
2778 1439 2907 1478 num
2933 1430 3217 1494 propterea
3252 1421 3357 1476 rite
3378 1436 3501 1476 cum
3528 1419 3658 1474 Gra-

2088 1518 2177 1570 bio
2204 1517 2448 1587 colligas,
2491 1524 2613 1587 post
2656 1531 2829 1571 aevum
2876 1514 3092 1570 demum
3132 1514 3377 1586 Dionysii
3417 1522 3663 1569 vertente

2089 1607 2288 1658 sarculo
2360 1621 2400 1658 ιι
2458 1606 2534 1659 ita
2598 1606 2925 1670 scribentis,
2993 1604 3390 1659 Clementinam
3464 1620 3661 1659 secun—

2087 1697 2209 1750 dam
2245 1697 2416 1752 fuisse
2467 1697 2798 1752 confictam?
2833 1697 2945 1751 lloc
2981 1713 3149 1751 unum
3199 1697 3408 1751 scilicet
3452 1712 3517 1751 ex
3567 1697 3657 1759 iis,

2022 1784 2060 1837 Β
2090 1788 2416 1843 observante
2440 1788 2735 1843 Coutantio
2768 1787 3190 1855 nostro,conlici
3224 1804 3388 1857 posse
3419 1787 3659 1851 videtur,

2088 1884 2261 1938 fuisse
2296 1885 2351 1937 in
2391 1900 2543 1938 more
2575 1885 2836 1954 positum,
2872 1883 3232 1952 institutoque
3262 1881 3518 1937 Ecclesiae
3556 1880 3664 1935 Co-

2087 1976 2435 2038 rinthiorum,
2482 1977 2719 2045 priorem
2765 1978 2982 2048 quidem
3028 1975 3326 2032 Clementis
3374 1975 3661 2045 epistolam

2085 2066 2211 2135 legi,
2241 2068 2600 2136 posteriorem
2635 2084 2739 2122 non
2789 2069 2933 2122 item.
2972 2067 3231 2136 Nunquid
3277 2067 3492 2121 demum
3528 2075 3661 2121 tunc

2082 2158 2346 2226 temporis
2365 2165 2521 2211 erant
2549 2157 2787 2228 legendae
2812 2158 2865 2213 in
2888 2160 3121 2229 publicis
3144 2158 3497 2213 ecclesiarum
3526 2174 3662 2211 con-

2083 2249 2336 2303 ventibus
2365 2263 2556 2305 omnes
2600 2266 2706 2304 non
2749 2252 3121 2319 apostolorum
3154 2248 3338 2312 modo,
3368 2249 3465 2304 sed
3494 2251 3658 2303 etiam

2084 2342 2507 2408 apostolicorum
2540 2342 2783 2394 virorum
2820 2343 3094 2412 epistolae;
3128 2350 3186 2395 ut
3214 2342 3445 2412 proinde
3475 2347 3660 2413 poste-

2082 2434 2194 2486 rim‘
2223 2433 2519 2489 Clementis
2551 2434 2823 2489 censenda
2851 2438 2922 2489 sit
2953 2434 3422 2505 pseudepigrapha
3447 2449 3513 2488 eo
3552 2449 3657 2487 no«

2084 2526 2249 2586 mine.
2284 2525 2427 2595 quod
2471 2527 2538 2580 de
2583 2526 2729 2581 illius
2774 2527 3010 2581 lectione
3048 2526 3103 2579 in
3145 2531 3416 2581 conventu
3460 2524 3659 2580 Corin-

2081 2618 2264 2671 thiaco
2290 2619 2493 2672 nullam
2538 2618 2746 2687 injiciat
2787 2619 3118 2673 mentionem
3148 2617 3480 2688 Dionysius?
3517 2615 3655 2670 Cum

2081 2708 2265 2778 itaque
2318 2711 2552 2779 priorem
2610 2711 2830 2779 quidem
2876 2709 3100 2763 minimc
3137 2724 3267 2764 vero
3296 2708 3655 2778 posteriorem

2078 2800 2133 2853 in
2164 2808 2306 2855 cmtu
2334 2801 2705 2856 ecclesiastico
2734 2802 2932 2871 perlegi
2968 2802 3320 2855 consuevisse
3345 2801 3414 2855 ab
3442 2802 3657 2871 episco-

2078 2907 2148 2961 po
2175 2892 2583 2947 Corinthiorum
2621 2892 2971 2948 addiscamus
3000 2910 3015 2959 ;
3049 2894 3176 2948 hinc
3218 2908 3349 2948 sane
3386 2892 3658 2963 perspici-

2079 2999 2218 3046 mus,
2255 2999 2353 3037 cur
2382 2983 2619 3054 priorem
2653 2985 2897 3038 eximiam
2917 3001 3134 3053 prorsus
3156 2996 3312 3055 atque
3352 2984 3655 3041 mirabilem

2080 3077 2362 3144 appellarit
2390 3078 2677 3146 episcopus
2712 3076 3109 3142 Ctesareensis;
3134 3077 3201 3131 de
3226 3076 3531 3147 posteriore
3558 3091 3650 3129 ve-

2075 3181 2136 3218 ro
2168 3167 2489 3234 scripserit:
2519 3165 2682 3219 Illam
2710 3169 2881 3220 minus
2907 3176 3086 3219 notam
3115 3166 3298 3234 fuisse,
3320 3183 3480 3237 neque
3506 3184 3538 3219 a
3572 3182 3659 3220 υθ-

2072 3256 2265 3311 teribus
2282 3268 2615 3326 usurpatam.

2143 3348 2456 3404 Occurritur
2519 3352 2688 3404 tertia:
2735 3351 3033 3416 obiectioni.
3084 3350 3387 3419 Responsio.
3429 3383 3500 3392 —
3542 3351 3657 3408 Nec

2069 3441 2215 3494 dicat
2243 3441 2325 3494 vir
2368 3441 2635 3504 eruditus,
2685 3442 3079 3509 suppositionis
3126 3442 3494 3510 suspicionem
3547 3443 3653 3497 sibi

2070 3530 2292 3601 injicere
2330 3533 2652 3587 sententiam
2677 3548 2706 3587 c
2740 3533 2877 3587 libro
2898 3535 3130 3603 quodam
3161 3540 3473 3605 apocrypho
3495 3551 3655 3591 accc-

2068 3633 2239 3693 ptam,
2271 3640 2391 3695 qum
2418 3626 2471 3679 in
2505 3625 2667 3694 hujus
2694 3626 2937 3695 epistolae
2966 3626 3142 3695 capite
3174 3627 3233 3681 ll
3283 3634 3482 3689 exstat,
3525 3643 3651 3682 cum

2064 3716 2176 3785 jam
2212 3725 2266 3771 et
2290 3721 2340 3770 in
2380 3717 2579 3785 prioris
2613 3719 2791 3787 capite
2817 3717 2908 3782 23,
2947 3720 3137 3788 paucis
3182 3720 3424 3785 niutatis,
3453 3736 3650 3776 occur-

2069 3816 2172 3862 rat.
2221 3808 2277 3863 Si
2309 3809 2453 3863 enim
2484 3819 2675 3863 contra
2704 3810 2998 3864 secundum
3040 3810 3331 3877 epistolam
3368 3810 3481 3864 hzec
3512 3812 3654 3867 ratio

2066 3902 2174 3957 vim
2206 3902 2449 3964 haberet,
2482 3900 2594 3970 jam
2627 3901 2693 3955 de
2723 3901 2909 3970 primae
2939 3916 3154 3970 quoque
3184 3902 3495 3971 integritate
3517 3917 3650 3956 conc

2068 3993 2357 4046 clamatum
2400 3993 2556 4047 foret.
2597 3992 2767 4055 Adde,
2799 3993 2943 4062 quod
2983 3993 3210 4063 repetita
3243 3993 3485 4062 ejusdem
3520 4011 3648 4050 sen-

2066 4086 2247 4141 tentize
2314 4086 2500 4141 citatio
2549 4086 2860 4139 nullatenus
2916 4084 3105 4138 idonea
3159 4085 3229 4138 sit
3282 4084 3399 4139 falsi
3462 4086 3647 4155 suspi-

2065 4177 2222 4232 candi
2253 4192 2439 4241 causa,
2473 4177 2546 4231 ita
2563 4184 2819 4233 censente
2848 4177 2963 4229 viro
2989 4176 3045 4229 in
3080 4191 3137 4230 re
3160 4178 3349 4231 critica
3375 4178 3643 4247 peritissi-

2066 4285 2155 4323 mo
2181 4268 2497 4323 Coutantio.

2138 4357 2370 4425 Objectio
2384 4366 2596 4425 quarta,
2633 4366 2681 4410 et
2730 4354 3018 4427 responsio.
3038 4356 3257 4410 —-Sunt
3283 4357 3523 4427 insuper,
3548 4358 3643 4427 qui

1994 4465 2038 4520 ι)
2064 4449 2316 4503 secunda:
2348 4448 2508 4516 hujus
2560 4448 2799 4516 epistola-3
2840 4448 3052 4501 veritati
3083 4448 3258 4501 locum
3304 4449 3566 4516 objiciant
3608 4465 3643 4503 a

2064 4538 2515 4611 pscudo-Justino
2548 4540 2922 4608 desumptum,
2955 4539 3046 4608 qui
3093 4539 3173 4593 sic
3226 4555 3284 4593 se
3332 4541 3525 4593 habet:
3580 4540 3643 4595 Si

2060 4634 2330 4701 pra'sentis
2360 4648 2532 4684 rerum
2563 4641 2735 4684 status
2774 4632 2895 4699 ﬁnis
2927 4641 3002 4684 est
3040 4632 3320 4699 impiorum
3353 4648 3442 4701 per
3465 4633 3640 4701 ignem

2052 4724 2337 4791 judicium,
2367 4732 2520 4790 prout
2558 4731 2818 4774 testantur
2849 4721 3140 4790 Scriptura:
3174 4723 3549 4792 prop/telarum
3583 4731 3639 4776 et

2061 4815 2437 4882 apostolorum,
2473 4824 2627 4883 atque
2657 4814 2869 4889 insuper
2915 4814 3149 4884 sibyllw,
3181 4823 3237 4866 ut
3280 4815 3355 4865 ait
3402 4812 3467 4868 B.
3515 4813 3638 4866 οιε-

2061 4924 2200 4960 mens
2233 4911 2285 4959 in
2309 4905 2529 4975 tplSlOla
2559 4904 2626 4958 ad
2667 4904 2992 4967 Corinthios,
3026 4906 3092 4959 ad
3122 4920 3243 4975 qua:
3273 4905 3489 4974 quidem
3511 4920 3636 4959 vcr-

2060 5001 2125 5054 ba
2173 5003 2326 5069 plura
2370 4997 2581 5052 erudite
2624 4998 2879 5051 observat
2908 4998 3233 5062 Cotelerius,
3266 5004 3429 5067 atque
3458 5013 3525 5052 ex
3565 5012 3635 5053 eo

2128 5174 2239 5244 (81)
2273 5173 2518 5243 Spicileg.
2547 5183 2585 5229 t.
2621 5173 2661 5234 1.

2127 5244 2240 5316 (82)
2266 5244 2427 5316 ιιξίάυ
2461 5261 2585 5316 pas-
2609 5245 2678 5316 26

2126 5315 2237 5385 (85)
2274 5313 2555 5386 Ηοάὶείδῖ
2595 5313 2731 5368 diem
2769 5314 3101 5386 Dominicum
3156 5316 3524 5386 transegimus,
3568 5319 3627 5372 in

2051 5401 2152 5453 quo
2183 5384 2404 5456 vestram
2451 5384 2668 5455 legimus
2709 5384 3031 5456 epistolam»:
3062 5401 3218 5453 quam
3250 5384 3457 5456 quidem
3503 5403 3626 5456 per-

2051 5466 2202 5522 petuo
2245 5455 2482 5524 deinceps
2504 5454 2763 5525 legentes,
2812 5454 3026 5520 perinde
3058 5472 3119 5508 ac
3146 5454 3372 5524 priorem
3402 5454 3555 5512 illam
3585 5474 3625 5513 σ

2051 5525 2314 5597 Clemente
2346 5528 2617 5597 scriptam,
2632 5527 2770 5597 unde
2787 5526 2997 5597 optimis
3022 5528 3237 5581 monitis
3263 5528 3623 5597 instruamur,

2052 5596 2321 5649 habemus.
2354 5596 2576 5661 Euseb,
2621 5595 2692 5648 Il.
2719 5594 2808 5661 E.,
2844 5596 2879 5650 l.
2916 5611 2992 5657 tv,
3024 5612 3073 5651 ρ.
3102 5598 3193 5651 9.3.

2121 5666 2232 5736 (84)
2264 5665 2392 5723 Cod.
2415 5683 2625 5731 canon.,
2656 5666 2695 5721 l.
2724 5679 2784 5732 tl,
2809 5680 2928 5737 cap.
2954 5666 3009 5731 9,
3044 5666 3070 5737 §
3105 5668 3188 5732 10,
3226 5684 3349 5739 pag.
3382 5670 3505 5729 ΗΒ.

2682 5190 2812 5297 ἕως.
2840 5174 2967 5231 268.
