3832 6258
217 306 326 362 ⁸53

1503 327 1836 391 PROOEMIA
1875 305 2248 387 van‘ronvu.

3329 334 3429 387 13-5

210 419 544 485 Contantius
561 429 766 520 aliique.
803 425 1014 482 Verum
1053 429 1130 489 iis
1155 436 1378 505 missis,
1405 444 1597 512 conjici
1629 446 1799 514 primo
1827 449 1875 507 Α
1970 444 2196 513 Objectio
2236 453 2402 505 sexta,
2447 452 2495 496 et
2544 447 2910 520 responsi0.-—
2933 445 3096 499 Instat
3143 461 3301 515 porro
3351 448 3431 501 vir

205 522 438 584 Posset,
462 519 694 574 nimirum
722 515 870 570 hunc
899 520 1250 590 scriptorem
1273 533 1536 585 memoria
1567 533 1809 588 emuente

205 601 588 670 existimasse,
616 606 717 660 hoc
735 604 948 674 sibyllae
976 611 1394 683 testimonium,
1415 621 1553 687 quod
1584 621 1639 674 in
1676 617 1812 674 Con-

207 692 587 750 stitutionibus
641 693 938 764 apostolicis
965 698 1213 769 legerat,
1260 707 1316 760 in
1344 708 1568 777 epistola
1598 709 1664 762 ad
1696 709 1805 764 Co-

208 782 470 844 rinthios
490 798 722 845 exstare.
757 788 820 844 Si
861 792 1052 848 minus
1085 796 1305 864 placeat
1334 799 1445 854 haec
1479 801 1806 868 conjectura,

207 871 368 932 illud
417 883 603 936 saltem
637 897 763 936 cum
808 881 1158 941 doctissimis
1183 890 1316 944 viris
1348 906 1653 946 asseverare
1702 906 1810 945 non

205 961 512 1034 dubitabo,
544 980 798 1026 nostrum
821 973 1151 1043 scriptorem
1186 979 1405 1032 minime
1431 994 1552 1032 cum
1580 980 1646 1034 iis
1676 979 1812 1034 face-

209 1067 304 1114 re.
351 1061 447 1130 qui
491 1061 612 1128 ejus
646 1063 962 1118 testimonio
1013 1073 1270 1131 utuntur,
1323 1073 1382 1120 ut
1426 1068 1702 1137 epistolam
1750 1067 1806 1123 S.

209 1140 525 1204 Clementis
544 1153 854 1204 Secundam
884 1153 1108 1206 minime
1131 1157 1417 1222 genuinam
1433 1171 1552 1210 esse
1565 1155 1808 1224 probent,

213 1235 325 1286 sed
366 1237 601 1293 hominis
628 1238 830 1302 fetum,
869 1241 957 1294 cui
986 1241 1101 1295 noti
1125 1250 1284 1295 erant
1323 1243 1558 1311 Sibyllini
1603 1243 1668 1294 de
1707 1257 1800 1294 ex-

217 1329 649 1397 tremojudieio
679 1345 903 1389 versus,
947 1331 1120 1384 multo
1144 1333 1458 1386 reccntioris
1489 1341 1672 1386 sancto
1693 1333 1811 1386 Cle-

221 1428 453 1486 mente;
483 1429 539 1474 ut
558 1424 827 1475 omittam
866 1423 1369 1490 pseudo-iustitium
1386 1426 1436 1478 in
1461 1426 1706 1493 ambiguo
1727 1441 1811 1476 re-

221 1503 476 1576 liquisse,
503 1519 701 1563 utram
722 1512 900 1566 sancti
920 1511 1216 1566 Clementis
1244 1512 1518 1580 epistolam
1547 1513 1806 1567 citaverit.

209 1590 301 1648 Ita
343 1599 453 1654 fere
495 1600 742 1654 disserit
769 1602 856 1653 vir
896 1599 1252 1658 doctissimus
1279 1601 1600 1656 Prudentius
1629 1611 1809 1656 noster

205 1681 412 1744 “utan
440 1692 584 1760 (85).

287 1779 542 1849 Objectio
593 1784 791 1851 quinta
833 1783 1075 1838 diluitur.
1103 1815 1171 1824 —
1198 1781 1534 1837 Hermannus
1575 1782 1808 1838 Venema

202 1875 621 1936 argumentum
675 1879 872 1922 contra
921 1871 1255 1924 authentiam
1301 1871 1546 1924 secundm
1577 1871 1813 1939 epistolae

201 1967 276 2007 eo
307 1959 498 2021 ducit,
531 1961 694 2028 quod
725 1971 918 2014 auctor
946 1961 1188 2029 epistolae
1215 1961 1526 2028 posterioris
1549 1976 1665 2015 sese
1703 1961 1813 2014 ori-

201 2044 354 2110 gine
389 2048 662 2115 gentilem
700 2056 888 2116 aperte
918 2049 1112 2116 prodat
1135 2049 1265 2117 (86),
1297 2063 1418 2101 cum
1444 2063 1473 2102 e
1505 2061 1688 2102 contra
1717 2064 1813 2102 na-

206 2133 378 2190 tione
401 2135 667 2190 Judaaum
705 2136 882 2191 fuisse
907 2136 1236 2192 Clementem
1267 2137 1499 2192 clamare
1535 2147 1815 2193 censeatur

206 2219 385 2280 locus
417 2226 510 2279 ille
540 2227 760 2294 prioris
790 2227 1062 2294 epistolae,
1095 2227 1184 2279 ubi
1250 2226 1420 2284 Iacob
1495 2235 1693 2294 patrem
1722 2245 1815 2280 no-

213 2318 400 2365 strum
429 2314 680 2382 appellat
709 2313 924 2382 (87).At
953 2315 1168 2367 clumbe
1192 2313 1426 2381 profecto
1447 2323 1814 2382 argumentum

214 2398 546 2458 istiusmodi
576 2445 593 2468 ,
652 2419 770 2472 quo
811 2404 1176 2457 Corinthiacae
1226 2404 1535 2471 posterioris
1577 2406 1813 2471 epistolae

214 2489 456 2546 tollatur
479 2493 807 2557 integritas.
831 2491 1034 2555 Quidni
1064 2492 1222 2546 sodes
1245 2492 1487 2546 Clemens
1517 2491 1664 2545 Pauli
1698 2511 1817 2545 συν-

208 2581 412 2648 εργός,
511 2582 699 2636 Jacob
765 2590 974 2648 patrem
1023 2588 1259 2632 nostrum
1307 2594 1371 2632 eo
1413 2595 1573 2632 sensu
1627 2595 1816 2634 vocare

204 2671 486 2731 Potuerit,
518 2684 638 2737 quo
670 2671 822 2723 idem
855 2669 1146 2738 Apostolus
1186 2668 1556 2735 promissionis
1596 2669 1730 2724 ﬁlios
1763 2671 1816 2723 in

200 2762 439 2813 semine
469 2759 718 2813 Abrahae
771 2767 827 2812 et
853 2757 1023 2812 lsrael
1054 2759 1350 2826 computari
1379 2758 1555 2822 docet,
1589 2769 1646 2813 ut
1675 2768 1816 2814 recte.

193 2835 562 2902 Coumntius
590 2846 714 2917 (88)
746 2852 936 2898 noster
964 2845 1244 2898 observat?
1290 2845 1404 2899 Non
1447 2849 1599 2909 enim,
1647 2848 1818 2916 inquit

189 2927 222 2978 (ί
245 2933 677 3006 ivinusprzeco,
699 2952 904 2998 omnes,
922 2936 1012 3001 qui
1029 2949 1092 2987 ea:
1115 2933 1282 2987 Israel
1301 2945 1438 2998 sunt,
1455 2938 1492 2988 ii
1508 2936 1816 2988 suntlsrae-

188 3016 260 3070 ιε
277 3038 550 3096 sameque
568 3028 668 3095 qui
680 3042 858 3078 semen
875 3023 1104 3076 Abrahae
1119 3033 1260 3084 sunt,
1293 3040 1462 3078 omnes
1485 3025 1614 3090 ﬁlii;
1633 3024 1720 3076 sed
1750 3025 1802 3075 in

183 3101 224 3152 Γ
249 3132 392 3167 acac
408 3119 694 3169 vocabitur
711 3115 810 3166 tibi
829 3127 1024 3174 semen;
1038 3111 1091 3163 id
1107 3121 1203 3176 est,
1221 3128 1319 3163 non
1338 3115 1422 3181 qui
1441 3113 1540 3180 ﬁlii
1554 3113 1745 3172 carnis,
1764 3111 1816 3161 lli

178 3198 339 3256 Filii
358 3205 485 3266 Dei;
515 3205 612 3258 sed
633 3205 728 3273 qui
760 3201 1390 3270 filiisuntpromissionis,
1410 3203 1732 3254 testimantur
1761 3201 1814 3252 in

176 3298 428 3348 t-emine
449 3297 523 3334 ¹-⁹
542 3313 561 3348 :
588 3296 717 3346 hinc
737 3292 867 3345 alibi
885 3292 1099 3344 loetiam
1131 3291 1337 3358 ipsemet
1362 3289 1636 3357 Apostolus
1651 3287 1818 3340 Israel

197 3383 336 3436 φά
363 3393 510 3437 vacat
534 3384 754 3435 easdem
775 3378 1140 3448 promissionis
1162 3377 1320 3444 ﬁlios,
1343 3378 1446 3430 sive
1472 3392 1534 3429 ex
1553 3375 1817 3428 circumci-

193 3477 384 3527 ⁷κίοιτε
406 3476 512 3528 sive
543 3489 613 3526 ea:
647 3471 914 3540 prwputio
928 3477 1158 3521 vocatos.
1173 3466 1321 3519 Hanc
1341 3467 1502 3534 igitur
1523 3466 1822 3518 doctrinam

215 3560 773 3627 Enstitutiouemque
795 3558 1032 3626 primum
1056 3554 1268 3622 quidem
1290 3561 1567 3607 assecutus
1592 3567 1620 3603 a
1654 3550 1818 3602 Paulo

231 3653 493 3704 Clemens
523 3648 840 3706 Romanus,
863 3644 1126 3709 deinceps
1157 3657 1280 3693 vero
1311 3642 1492 3694 volens
1521 3649 1572 3694 et
1594 3641 1706 3709 ipse
1728 3640 1819 3692 iis-

251 3740 369 3793 dem
396 3737 728 3808 apostolicis
759 3735 1009 3788 imbuere
1044 3732 1326 3800 przecrptis
1370 3731 1695 3793 Corinthios,
1723 3729 1808 3782 Ja-

255 3829 440 3884 cobutn
459 3838 668 3895 patrem
690 3835 933 3878 nostrum
955 3824 1182 3886 vocavit;
1201 3821 1642 3889 quemadmodum
1661 3824 1817 3876 etiam

262 3919 474 3980 ibidem,
493 3915 784 3969 nonnullis
803 3906 1325 3978 interjectis,patrem
1341 3921 1568 3963 nostrum
1590 3915 1822 3980 appella-

263 4007 331 4057 vit
357 4005 737 4058 Abrahamum
765 4001 903 4068 (89).
936 4001 1106 4064 Quam
1139 3999 1352 4067 quidem
1383 4000 1677 4052 doctrinam
1695 4015 1816 4054 cum

263 4097 445 4150 deinde
468 4095 782 4164 accepisset
804 4081 1049 4143 Ecclesia
1073 4089 1310 4142 Romana
1338 4091 1449 4142 sive
1476 4091 1541 4141 ab
1553 4089 1818 4157 Apostolo,

267 4192 370 4240 sive
392 4187 458 4240 ab
479 4189 602 4254 ipso
625 4186 796 4238 etiam
820 4181 1117 4242 Clemente,
1143 4186 1380 4232 sanctam
1402 4179 1540 4231 inter
1562 4178 1818 4231 actionem

269 4279 623 4344 precationem
654 4271 970 4340 hujusmodi
1001 4267 1173 4322 sacris
1201 4265 1462 4319 ministris
1492 4266 1817 4320 recitandam

1905 536 2144 594 criticus,
2174 541 2331 602 atque
2359 549 2423 587 ex
2443 534 2525 588 his
2553 536 2727 590 verbis
2759 533 2996 602 ejusdem
3024 537 3263 605 epistola:
3284 537 3427 604 (92l:

1907 623 2091 676 Plures
2125 623 2251 692 facti
2295 639 2470 676 sumus
2503 624 2585 684 iis,
2615 625 2702 692 qui
2747 623 2907 677 Deum
2936 626 3119 679 habere
3165 642 3432 680 censentur

1907 711 2120 782 (Judaeis
2147 711 2312 782 scil.),
2345 713 2563 779 colligit,
2587 720 2853 768 auctorem
2875 729 2938 767 eo
2956 715 3165 769 demum
3196 723 3433 785 tempore

1905 802 2120 864 vixisse,
2151 801 2713 870 quo-Christianismus
2737 803 2874 856 inter
2902 812 3082 868 gentes
3107 806 3433 859 numerosis-

1907 890 2074 944 simus
2097 873 2389 956 erat‘supra
2408 888 2646 952 Iudaeos.
2671 892 2810 959 quod
2833 891 3044 959 quidem
3067 931 3082 953 ,
3125 893 3317 960 inquit,
3345 908 3431 947 re-

1907 978 2064 1040 ctius,
2087 993 2244 1047 quam
2275 980 2328 1033 in
2355 977 2663 1042 Clementis,
2691 979 2982 1047 quadratin
3013 980 3251 1047 Trajani,
3273 990 3324 1034 et
3351 997 3436 1036 se-

1907 1068 2180 1135 quentium
2232 1068 2606 1134 imperatorum
2654 1076 2910 1136 tempora,
2958 1069 3152 1137 quibus
3198 1069 3434 1123 Ecclesia

1919 1159 2149 1225 gentium
2167 1158 2319 1225 longe
2347 1158 2552 1224 lateque
2581 1167 2860 1226 propagata
2892 1168 2993 1212 cst.

1975 1244 2110 1310 Quid
2157 1247 2337 1300 multis
2372 1263 2505 1314 opus
2549 1250 2662 1300 est?
2710 1264 2884 1301 nonne
2932 1247 3125 1301 Paulus
3172 1248 3234 1300 ad
3280 1247 3434 1305 Rom.

1909 1337 2149 1390 scribens
2176 1338 2373 1405 gratias
2400 1337 2505 1390 Deo
2534 1339 2739 1406 agebat,
2771 1339 2908 1406 quod
2955 1339 3081 1391 ﬁdes
3111 1353 3293 1391 eorum
3342 1353 3438 1391 an-

1909 1425 2242 1479 nuntiaretur
2270 1427 2322 1479 in
2353 1428 2601 1481 universo
2627 1429 2822 1480 mundo
2847 1428 2919 1479 “?
2939 1427 3124 1480 Nonne
3151 1427 3356 1480 diccbat
3383 1429 3434 1481 in

1909 1531 2104 1566 omnem
2137 1523 2325 1567 terram
2355 1517 2542 1568 exiisse
2570 1515 2720 1568 verba
2744 1531 2916 1568 eorum
2941 1517 3014 1569 ἠ
3061 1516 3244 1569 Nonne
3274 1516 3434 1570 Deum

1910 1603 2236 1672 gloriﬁcabat
2264 1604 2397 1671 quod
2433 1607 2733 1673 mysterium
2775 1608 3083 1673 temporibus
3117 1610 3320 1661 arternis
3358 1619 3439 1662 ta-

1909 1696 2105 1755 citum,
2155 1695 2470 1761 patefactum
2516 1705 2646 1747 esset
2692 1696 2756 1748 ad
2810 1696 3146 1748 obeditionem
3213 1696 3333 1764 ﬁdei
3379 1699 3433 1750 in

1909 1781 2107 1832 cunctis
2154 1780 2384 1849 gentibus
2430 1780 2503 1832 "1’
2544 1780 2737 1835 Eodem
2783 1783 3027 1851 loquendi
3078 1799 3267 1852 genere
3315 1786 3438 1837 alibi

1907 1883 2119 1935 quoque
2145 1868 2311 1919 utitur
2351 1867 2485 1920 idem
2517 1868 2803 1936 Apostolus
2851 1872 2913 1923 ad
2961 1871 3306 1925 Colossenses
3336 1893 3345 1924 :
3379 1873 3440 1924 In

1911 1954 2053 2030 verbo
2080 1955 2306 2007 veritatis
2335 1954 2617 2024 Evangelii,
2647 1960 2869 2026 qttod....
2904 1961 2954 2012 in
2988 1964 3216 2016 universo
3254 1964 3442 2016 nmmlo

1907 2055 2001 2106 est,
2030 2053 2076 2096 et
2123 2044 2403 2110 fructi/Scal
2446 2055 2492 2096 et
2541 2048 2717 2098 crescit
2751 2046 2811 2098 “.
2842 2046 2904 2100 Et
2954 2049 3180 2104 iterum:
3213 2051 3443 2118 Evange-

1913 2133 2127 2187 lium....
2176 2133 2511 2200 prwdicatuttt
2558 2144 2634 2187 est
2678 2137 2730 2187 in
2775 2139 3015 2191 universa
3045 2152 3298 2203 creatura,
3333 2157 3443 2208 qua:

1909 2221 2001 2273 sub
2016 2221 2136 2272 cmlo
2156 2232 2229 2273 est
2256 2221 2317 2282 ιδ,
2334 2221 2397 2273 ad
2413 2219 2746 2276 Timodteum
2773 2225 2898 2278 item
2918 2241 2929 2276 :
2949 2220 3096 2285 Quod
3107 2230 3443 2294 pra’dicatum

1910 2319 1983 2361 est
2011 2311 2261 2377 gentibus.
2294 2311 2540 2363 creditum
2570 2323 2644 2365 est
2675 2315 2726 2365 in
2758 2315 2945 2368 mundo
2977 2317 3021 2347 ¹⁶
3049 2316 3309 2387 (magnum
3341 2321 3446 2373 sci-

1910 2397 2032 2450 licet
2076 2398 2278 2460 pietatis
2325 2400 2748 2468 sacramentum).
2797 2400 2904 2456 Nec.
2949 2404 3137 2456 mirum
3185 2421 3340 2472 sane;
3390 2413 3446 2458 ut

1911 2489 2050 2540 enim
2095 2490 2228 2542 alios
2275 2501 2647 2558 prmtereamus
2694 2496 2990 2561 apostolos,
3042 2511 3178 2549 unus
3223 2512 3446 2565 magnus

1911 2574 2127 2638 Paulus,
2163 2587 2296 2632 teste
2323 2589 2506 2633 nostro
2529 2581 2797 2635 Clemente
2819 2583 2947 2651 (95),
2981 2599 3152 2651 prmco
3183 2583 3355 2640 factus
3384 2587 3438 2640 in

1912 2663 2126 2720 Oriente
2151 2677 2202 2720 et
2231 2666 2605 2722 Occidente...
2631 2686 2744 2720 cum
2773 2671 3062 2722 universum
3084 2672 3329 2723 mundum
3352 2673 3448 2725 do-

1912 2756 2096 2807 cuisset
2114 2755 2397 2821 justitiam.
2428 2765 2476 2808 et
2509 2756 2574 2807 ad
2606 2757 2890 2810 Occidentis
2924 2760 3189 2811 terminum
3212 2762 3444 2825 venisset,

1914 2859 1974 2894 ac
2005 2843 2096 2894 sub
2125 2845 2375 2910 praefectis
2407 2847 2708 2914 martyrium
2731 2863 2913 2914 passus
2935 2859 3086 2911 esset,
3113 2850 3184 2902 ita
3211 2866 3237 2902 e
3259 2852 3449 2902 mundo

1912 2932 2194 2998 emigravit.
2227 2933 2357 2986 Cum
2384 2934 2494 2987 haec
2518 2936 2586 2986 ita
2619 2935 2745 2996 sint,
2771 2937 2952 3004 quidni
2983 2951 3108 3006 ergo
3129 2954 3250 2992 vere
3279 2941 3435 3008 scrip-

1915 3021 2042 3074 serit
2071 3021 2121 3081 in
2149 3023 2442 3090 posteriore
2471 3025 2692 3090 epistola
2708 3025 2951 3079 Clemens
2980 3025 3284 3082 Romanus:
3316 3029 3449 3082 Plu-

1916 3127 1995 3164 res
2024 3111 2152 3177 facti
2195 3127 2383 3164 sumus:
2417 3111 2617 3166 Juda'is
2638 3151 2652 3174 ,
2711 3115 2798 3181 qui
2829 3113 2988 3166 Deum
3016 3115 3200 3169 habere
3237 3134 3448 3170 censen-

1915 3209 1996 3251 tur
2019 3200 2044 3253 ?

1980 3285 2213 3337 Diluitur
2259 3285 2472 3353 objectio
2525 3288 2758 3352 septima.
2794 3316 2862 3324 —
2899 3285 3090 3339 Verum
3136 3287 3200 3340 ad
3253 3291 3448 3343 nodum

1915 3375 2204 3442 graviorem
2249 3375 2556 3428 solvendum
2587 3376 2826 3427 studiose
2859 3390 3226 3443 prOperemus;
3268 3379 3453 3430 statuit

1913 3466 2053 3518 enim
2069 3465 2148 3516 vir
2169 3464 2237 3516 cl.
2260 3463 2490 3518 Venema
2517 3464 2622 3532 (94)
2645 3467 2880 3532 epistolze
2909 3467 3154 3520 secunda:
3176 3475 3447 3521 auctorem

1916 3569 1971 3608 se
2018 3568 2047 3605 a
2090 3554 2360 3607 Clemente
2405 3554 2672 3607 diversum
2722 3570 2785 3607 eo
2839 3555 2954 3623 ipso
3001 3555 3256 3623 proﬁteri,
3305 3556 3448 3625 quod

1915 3644 2109 3697 Christi
2133 3643 2462 3696 divinitatem
2488 3659 2740 3712 expresse
2761 3645 3010 3706 inculcet,
3033 3653 3084 3697 et
3108 3645 3315 3698 Domini
3345 3662 3450 3698 non

1917 3743 2140 3791 tantum,
2173 3733 2264 3786 sed
2299 3731 2388 3784 Dei
2414 3733 2571 3784 etiam
2603 3733 2811 3785 titulum
2839 3734 2885 3786 ei
2912 3735 3143 3786 dandum
3176 3749 3295 3787 esse
3321 3750 3451 3787 con-

1916 3823 2120 3885 tendat;
2152 3837 2269 3873 cum
2316 3837 2476 3874 verus
2512 3821 2753 3874 Clemens
2776 3822 2883 3889 (95)
2930 3822 2978 3872 id
3025 3837 3284 3889 nusquam
3326 3823 3448 3875 data

1917 3925 2074 3977 opera
2108 3909 2308 3966 fecerit,
2337 3924 2435 3961 nec
2474 3909 2576 3961 alio
2606 3924 2666 3960 ac
2709 3908 2915 3960 Domini
2946 3909 3096 3960 titulo
3139 3925 3258 3962 eum
3286 3926 3448 3963 orna-

1916 3999 2068 4059 verit,
2101 3997 2218 4049 licet
2245 3997 2330 4048 hic
2359 3997 2466 4048 illic
2497 4012 2554 4048 se
2577 3995 2777 4049 Christi
2805 3995 3133 4048 divinitatem
3160 4011 3449 4066 agnoscere

1917 4087 2167 4140 insinuet.
2195 4085 2388 4137 Verum
2441 4085 2599 4136 unico
2642 4099 2707 4137 ex
2757 4085 2978 4152 cpistola
3027 4088 3196 4153 prima
3243 4089 3450 4154 prolato

1916 4179 2034 4230 loco
2064 4184 2171 4228 tota
2220 4175 2435 4228 eliditur
2467 4173 2713 4227 Venemze
2761 4175 3008 4242 objectio.
3057 4174 3145 4230 Sic
3172 4185 3344 4229 autem
3393 4195 3450 4232 se

1919 4268 2076 4321 habet
2101 4286 2112 4319 :
2161 4267 2282 4326 Τοῖς
2304 4265 2527 4333 ἐφοδίοις
2553 4264 2643 4316 τοῦ
2665 4264 2794 4316 Θεοῦ
2824 4265 3139 4335 ἀρκούμενοι
3167 4266 3257 4316 καὶ
3286 4284 3451 4336 προσ-

270 4365 448 4417 indixit
471 4363 582 4433 (90)
612 4381 625 4415 :
654 4361 800 4412 Deus
826 4357 1062 4424 ﬁdelium
1090 4355 1247 4408 Pater
1271 4369 1488 4414 summe,
1517 4356 1604 4422 qui
1629 4357 1681 4407 in
1711 4367 1813 4409 toto

1917 4357 2121 4426 ἔχοντες
2146 4357 2266 4415 τοὺς
2309 4354 2492 4422 λόγους
2520 4352 2680 4406 αὐτοῦ
2711 4353 2975 4422 ἐπιμελῶς
2994 4393 3007 4414 ,
3059 4355 3448 4424 ἐστερνισμένοι

269 4451 381 4503 orbe
419 4460 688 4502 terrarum
729 4444 1096 4512 promissionis
1125 4443 1259 4510 ﬁlios
1293 4443 1486 4508 diﬂ'usa
1524 4443 1809 4510 adoptionis

265 4541 429 4607 gratia
473 4538 851 4603 multiplicas,
903 4543 954 4586 et
1001 4548 1090 4600 per
1137 4531 1392 4583 Pascltale
1437 4543 1811 4584 sacramentum

268 4626 525 4678 Abraham
562 4638 793 4693 puerum
833 4631 980 4673 tuum
1022 4620 1395 4683 universarum,
1429 4619 1561 4672 sicut
1591 4619 1810 4685 jurasti,

270 4718 486 4783 gentium
507 4715 666 4783 efﬁcis
688 4709 1215 4775 Patrem,etc.';alibi
1241 4723 1450 4776 quoque
1493 4708 1688 4762 clarius
1723 4710 1816 4762 ad-

277 4804 372 4857 huc
390 4806 497 4875 (9i)
524 4825 538 4858 :
564 4803 734 4856 Pater
755 4800 882 4869 ﬁdei
904 4807 1096 4852 nostra:
1119 4796 1380 4849 Abraham
1401 4811 1648 4861 summus,
1672 4797 1818 4849 obtu-

282 4892 336 4944 lit
359 4894 717 4946 holocaustum
744 4904 904 4958 super
931 4887 1099 4940 altare
1126 4901 1220 4953 pro
1249 4885 1376 4952 ﬁlio.

345 5002 417 5032 "'
442 5001 596 5055 Rom.
632 5017 711 5064 ix,
738 5000 792 5059 6,
825 4999 880 5052 8.

289 5069 394 5133 1,6.
483 5061 846 5136 "ibid.',25.
956 5063 1220 5116 "l'l‘im.
1254 5077 1334 5124 ιιι,
1363 5061 1448 5114 tv.

356 5173 455 5248 (85)
473 5181 527 5235 In
542 5181 745 5236 noviss.
767 5178 908 5246 Opp.
930 5174 1063 5230 edit.
1093 5172 1150 5226 S.
1195 5169 1390 5223 Justin.
1416 5168 1508 5232 M.,
1542 5168 1722 5222 adnot.
1747 5169 1813 5223 ad

299 5242 421 5295 buuc
445 5249 628 5295 locum-

330 5259 421 5299 unc
444 5249 628 5303 locum.

357 5315 454 5384 (86)
485 5317 749 5379 Clemens,
783 5315 952 5384 epist.
981 5308 1017 5361 2
1068 5304 1428 5384 ad_Corint|i.,
1466 5318 1579 5372 cap.
1614 5305 1638 5356 1
1676 5312 1728 5358 et
1756 5305 1811 5358 2.

358 5374 456 5453 (87)
493 5386 652 5449 Idem,
681 5374 846 5454 epist.
887 5382 943 5444 1,
976 5390 1098 5454 cap.
1132 5374 1185 5426 4.

369 5439 451 5522 88)
485 5439 652 5522 Epist:
676 5439 828 5506 Illam.
883 5439 1104 5523 pontii—2,
1138 5454 1260 5523 pag.
1290 5439 1377 5491 M.

367 5510 446 5592 89)
481 5510 747 5592 Clemens;
779 5510 972 5592 epit.»
1004 5510 1248 5592 992.5}:

345 5571 445 5662 illiti
478 5571 892 5649 gignit-liam;
923 5571 1172 5636 Sabbato
1195 5571 1464 5637 sancto,ad
1481 5573 1711 5641 propnat.
1759 5575 1810 5628 4,

959 4997 1002 5027 ¹⁰
1024 4994 1197 5048 Galat.
1229 5009 1304 5053 vt,
1332 4992 1412 5051 15,
1446 4993 1529 5045 16.
1596 4993 1632 5022 ¹¹
1666 4991 1820 5046 Rom.
1847 5011 1882 5060 ι,
1905 4995 1955 5048 8.

1911 4442 2005 4515 ἦτε
2031 4448 2140 4506 τοῖς
2168 4443 2504 4513 σπλάγχνοις,
2535 4444 2626 4495 καὶ
2652 4443 2717 4494 τὰ
2747 4443 3036 4510 παθήματα
3063 4443 3224 4494 αὐτοῦ
3255 4441 3319 4512 ἦν
3343 4443 3446 4513 πρὸ

1913 4533 2194 4603 ὀφθαλμῶν
2226 4533 2392 4602 ὑμῶν.
2428 4531 2537 4584 Hoc
2564 4539 2645 4584 est
2671 4551 2683 4584 :
2705 4531 2798 4582 Dei
2828 4531 3011 4582 viatico
3042 4532 3260 4582 contenti
3287 4540 3332 4582 et
3351 4547 3444 4582 ser-

1916 4623 2147 4676 monibus
2176 4623 2320 4675 illius
2365 4622 2631 4692 diligenter
2655 4619 2986 4681 attendentes,
3037 4619 3244 4671 dilatati
3288 4622 3444 4673 eratis

1917 4713 1969 4764 in
1996 4712 2287 4774 visceribus,
2313 4721 2360 4764 et
2382 4712 2642 4780 passiones
2665 4709 2775 4777 ejus
2803 4725 2909 4777 pra:
2936 4709 3095 4760 oculis
3126 4707 3261 4761 vobis
3277 4720 3442 4765 erant.

1991 4798 2092 4853 Ubi
2118 4799 2346 4867 primum
2390 4797 2802 4858 observandum,
2846 4796 3119 4849 relativum
3148 4795 3309 4847 αὐτοῦ
3363 4809 3448 4849 re-

1920 4885 2114 4955 spicere
2128 4889 2313 4956 procul
2342 4887 2502 4941 dubio
2530 4886 2766 4956 proxime
2792 4883 3106 4936 antecedens
3129 4881 3280 4938 Θεοῦ.
3310 4884 3443 4940 Cum

2035 4997 2073 5027 ¹¹
2100 4997 2249 5051 Rom.
2277 4997 2435 5066 x,18.
2513 4997 2554 5028 ⁸³
2594 4996 2744 5049 Rom.
2766 5010 2872 5057 xvr,
2893 4993 2982 5055 25,
3004 4993 3092 5047 26.
3167 4993 3208 5025 “
3233 4993 3440 5048 Coloss.

1986 5174 2094 5242 (9i)
2133 5170 2450 5227 Breviarium
2477 5172 2646 5234 Rom.,
2674 5171 2902 5223 Sabbato
2919 5177 3040 5227 ante
3059 5169 3433 5241 Quinquagesi.
3453 5173 3484 5186 '

1914 5256 2076 5312 mam,
2108 5243 2172 5312 ad
2204 5242 2518 5312 Magniﬁcat.

1983 5310 2092 5372 (92)
2128 5306 2316 5378 Clem;
2344 5306 2497 5377 epist.
2529 5307 2727 5378 2,_cap.
2759 5306 2814 5361 2.

1982 5378 2090 5447 (93)
2128 5375 2309 5447 EpistI
2327 5375 2392 5439 1;
2410 5392 2525 5447 cap.
2569 5375 2621 5428 5.

1982 5392 2090 5447 (νο)
2128 5392 2294 5446 ιῡῃιει.
2327 5392 2377 5439 t,
2410 5392 2525 5494 cap.
2569 5392 2621 5428 ξ).

1982 5444 2096 5514 (94)
2134 5445 2300 5514 Epist.
2331 5447 2385 5507 2,
2417 5444 2442 5512 §
2509 5450 2558 5506 υ,
2579 5444 2821 5514 ξρεεᾎἹΊ.

1984 5512 2094 5584 (95)
2135 5512 2299 5583 Epist.
2330 5514 2383 5578 2,
2421 5525 2538 5580 cap.
2574 5512 2595 5563 ι
2631 5522 2683 5566 et
2719 5512 2770 5566 ὅ.
