3832 6244
424 302 522 357 155

424 504 551 565 sint,
581 503 843 571 reliquum
872 489 954 556 est
1010 514 1064 555 ut
1105 502 1189 553 hic
1226 499 1404 552 Jesum
1450 493 1719 549 Christum
1758 487 1949 541 Filium

423 590 539 655 Dei,
570 592 733 646 Deum
758 592 823 646 de
852 592 977 653 Deo,
1012 591 1172 644 Deum
1209 601 1389 642 verum
1416 584 1482 639 de
1509 583 1616 637 Deo
1643 594 1768 635 vero
1796 578 1952 631 intel-

426 682 613 736 lexerit
640 688 858 735 sanctus
890 681 1149 733 Clemens.

938 763 1323 821 ARTICULUS
1358 762 1454 818 “Ir

495 875 561 913 DE
599 874 837 913 TEIPORE
875 872 973 918 QUO
1008 868 1247 914 UTBAQUE
1288 865 1541 905 EPISTOLA
1589 857 1884 902 (ΞὉΒΙΝΤΕΙΙΒ

991 938 1205 977 SCRIPTA
1242 936 1387 974 FUIT.

499 1036 575 1088 De
604 1046 840 1102 tempore,
868 1049 964 1101 quo
993 1033 1159 1099 prima
1188 1032 1285 1099 [uit
1312 1037 1549 1091 exarata,
1581 1027 1838 1095 opiniones
1875 1022 1956 1075 di-

430 1141 604 1178 versw.
631 1154 699 1163 —
720 1123 971 1192 Superest
1000 1136 1144 1175 nunc
1174 1130 1381 1189 tempus
1426 1117 1817 1187 inquirendum,
1850 1126 1957 1180 quo

432 1221 652 1281 utraque
695 1212 918 1279 epistola
948 1212 1118 1265 sancti
1146 1210 1433 1263 Clementis
1474 1206 1634 1260 fuerit
1667 1202 1957 1257 Corinthiis

430 1302 648 1370 scripta.
697 1301 758 1353 Et
807 1301 872 1356 de
933 1302 1109 1370 priore
1151 1299 1360 1367 quidem
1392 1312 1581 1365 magna
1620 1296 1755 1348 inter
1782 1292 1960 1347 erudi-

428 1400 511 1460 tos
541 1392 679 1446 viros
708 1391 1068 1445 controversia
1090 1397 1191 1443 est.
1221 1388 1296 1441 Ac
1325 1389 1445 1441 licet
1471 1387 1639 1456 prima
1668 1385 1810 1437 illius
1838 1398 1959 1437 ver-

426 1480 494 1535 ba
522 1480 586 1535 de
617 1482 985 1549 persecutione
1010 1480 1151 1533 dicta
1189 1494 1308 1533 esse
1334 1477 1571 1547 plerique
1609 1489 1793 1527 omnes
1833 1488 1962 1526 con-

428 1571 691 1634 sentiant,
725 1585 785 1623 ea
817 1578 993 1623 tamen
1025 1570 1113 1621 alii
1140 1569 1205 1622 de
1224 1567 1470 1629 Neronis,
1502 1565 1591 1617 alii
1617 1563 1683 1618 de
1715 1562 1965 1616 Domitia-

427 1660 483 1713 ni
512 1661 877 1729 persecutione
907 1663 1345 1727 interpretantur.
1377 1655 1442 1708 Et
1476 1656 1611 1707 hanc
1636 1653 1848 1722 quidem
1873 1650 1961 1704 alii

1514 291 1599 345 AD
1639 290 1693 344 S.
1733 282 2139 344 CLEMENTEM
2181 282 2199 335 l
2236 276 2459 333 PAPAM

422 414 891 485 autemnatiﬁpam
922 415 1065 467 nullo
1094 420 1246 482 pacto
1260 411 1367 464 Deo
1385 405 1530 461 Patri
1568 401 1782 455 attribui
1803 401 1942 467 lpos—
1970 403 2015 459 Α
2041 410 2101 449 ea
2130 408 2250 447 cum
2278 391 2414 445 idem
2452 389 2682 441 lrenzeus
2725 377 3014 485 apo‘stolor

3589 240 3688 295 ηε

3017 386 3113 426 um
3151 356 3554 430 temporibus
3583 359 3691 404 tam

2046 484 2254 536 vicinus
2283 480 2609 532 Clementem
2639 439 2799 525 tertio
2827 469 2954 520 loco
2986 463 3060 515 ab
3092 449 3410 541 apostolis
3439 450 3576 515 post
3606 439 3691 541 Li-

2048 588 2173 627 num
2194 569 2480 625 etCletum,
2498 580 2613 628 seu,
2642 565 2899 619 utvocat,
2929 550 3321 605 Anacletum,
3348 538 3563 591 Romae
3581 538 3694 600 epi-

2049 667 2319 728 sc0patum
2366 654 2613 709 sortitum
2662 661 2785 701 esse
2821 642 3063 701 scribat,
3120 633 3447 698 reliquum
3488 628 3695 728 e'st,.ut

2048 712 2169 803 eum
2194 745 2433 814 pluribus
2465 747 2586 809 post
2614 737 2884 791 Neronem
2923 727 3097 781 annis
3143 723 3455 814 Romanae
3504 712 3695 814 [Eccle-

2051 837 2144 891 sia:
2189 802 2699 886 administrationem
2750 820 3078 888 suscepisse
3129 805 3500 867 crediderit.
3541 802 3697 855 l'lunc

2051 934 2226 980 autem
2254 938 2316 978 ea
2360 924 2415 976 in
2443 937 2502 975 re
2535 919 2731 972 falsum
2777 928 2927 973 esse,
2962 908 3097 977 quis
3128 902 3248 957 sibi
3306 894 3697 967 persuadeat?

2053 1012 2234 1066 Eidem
2263 1010 2622 1077 suffragantur
2648 1011 2699 1057 et
2734 1000 2995 1071 plerique
3052 994 3300 1051 Patres,
3340 986 3452 1054 qui
3492 982 3688 1035 Roma.

2054 1115 2241 1154 norum
2268 1097 2574 1167 pontiﬁcum
2605 1094 2801 1147 seriem
2837 1094 3065 1150 texunt,
3103 1092 3291 1150 atque
3327 1078 3449 1145 ipsi
3482 1082 3699 1129 veteres

2056 1164 2303 1256 catalogi,
2331 1188 2385 1239 in
2420 1186 2613 1253 quibus
2642 1182 2802 1235 Petro
2831 1179 3037 1236 Linus,
3077 1173 3229 1225 Lino
3283 1168 3526 1229 Cletus,
3574 1164 3701 1217 huic

2056 1279 2300 1333 Clemens
2329 1277 2655 1330 successisse
2682 1273 2903 1341 legitur.
2934 1270 3069 1335 Ipsa
3101 1275 3351 1332 quoque
3388 1257 3701 1311 Clementis

2056 1368 2215 1421 verba
2251 1366 2423 1434 capite
2451 1364 2517 1417 44
2546 1362 2708 1430 hujus
2740 1358 2997 1428 epistola:
3030 1348 3433 1407 occurrentia
3473 1345 3575 1412 qui
3607 1359 3700 1397 ex—

2058 1433 2331 1526 penderit,
2353 1455 2440 1508 ubi
2470 1453 2682 1507 laudata
2717 1448 3117 1519 apostolorum
3153 1436 3545 1511 providentia
3578 1433 3700 1488 sub-

2059 1547 2165 1601 dit:
2187 1544 2287 1610 Qui
2303 1544 2460 1613 igitur
2486 1542 2546 1594 ab
2573 1542 2702 1604 illis,
2728 1548 2819 1591 aut
2848 1537 3111 1602 deinceps
3142 1532 3210 1584 ab
3246 1531 3391 1583 aliis
3422 1528 3560 1581 viris
3589 1528 3700 1579 exi-

2062 1635 2180 1688 miis
2214 1633 2477 1687 constituti
2505 1640 2712 1684 sunt....
2751 1645 2813 1681 ac
2857 1628 3025 1695 longo
3060 1632 3315 1689 tempore
3360 1616 3694 1686 praclarum

513 1710 874 1729 ,ν--ν-ρν-η-
909 1710 940 1712 η
976 1710 1011 1713 ν-
1049 1710 1069 1727 τ
1122 1710 1211 1712 -η
1334 1710 1341 1712 ς
1653 1710 1669 1722 .

427 1748 736 1813 ferventem,
774 1748 864 1801 alii
912 1749 1241 1802 desinentem
1287 1747 1617 1813 intelligunt;
1649 1742 1773 1795 hinc
1816 1741 1961 1794 circa

2112 1741 2120 1770 ι
2158 1721 2390 1775 omnibus
2434 1720 2785 1775 testimonium
2825 1721 3212 1783 reportarunt,
3253 1710 3365 1762 hos
3416 1723 3695 1760 censemus

430 1848 657 1909 tempus,
689 1855 795 1909 quo
824 1840 1047 1908 epistola
1076 1839 1166 1890 illa
1193 1846 1411 1891 exarata
1443 1842 1544 1896 est,
1576 1833 1765 1901 triplex
1791 1829 1961 1883 maxi-

427 1943 513 1981 me
547 1929 736 1982 existit
767 1929 971 1997 opinio.
1011 1925 1189 1979 Prima
1229 1932 1312 1978 est
1348 1921 1568 1976 Joannis
1595 1919 1801 1972 Ernesti
1829 1916 1963 1970 Gra-

428 2016 501 2070 bii
523 2016 653 2086 (96),
685 2017 828 2086 Pagii
854 2016 983 2086 (97),
1012 2014 1133 2069 Orsi
1157 2013 1266 2085 (98)
1289 2051 1305 2075 ,
1343 2020 1395 2067 et
1429 2009 1685 2065 Gallandii
1708 2006 1838 2078 (99),
1871 2006 1961 2074 qui

429 2122 543 2161 eam
573 2104 799 2160 Neronis
829 2105 1197 2174 persecutione
1225 2102 1519 2161 desinente,
1565 2098 1804 2167 proxime
1842 2103 1964 2165 post

430 2197 789 2265 apostolorum
807 2194 949 2247 Petri
971 2202 1021 2247 et
1038 2192 1188 2245 Pauli
1212 2190 1545 2260 martyrium,
1571 2189 1669 2241 hoc
1695 2195 1800 2251 est,
1824 2201 1964 2240 anno

427 2284 629 2338 Christi
657 2283 723 2336 68
756 2284 836 2336 vel
866 2282 1024 2336 etiam
1059 2280 1125 2334 65
1145 2286 1391 2340 exeunte,
1418 2277 1669 2344 scriptam
1698 2288 1816 2330 esse
1842 2288 1967 2326 con-

430 2374 681 2441 tendunt;
720 2374 888 2426 altera
917 2370 1186 2425 Godefridi
1234 2368 1526 2430 Vendelini,
1557 2366 1795 2419 eamdem
1826 2377 1965 2416 anno

430 2461 629 2517 Christi
658 2461 725 2515 95
762 2459 999 2514 fervente
1036 2458 1318 2511 Domitiani
1346 2454 1714 2524 persecutione
1744 2453 1966 2519 alligan-

431 2549 524 2604 tis.
555 2548 828 2603 Postrema
858 2547 1106 2602 Cotelerii
1136 2556 1294 2614 atque
1321 2543 1661 2605 'l‘illemontii,
1690 2542 1779 2610 qui
1819 2539 1965 2593 illam

431 2641 707 2695 desinente
740 2638 981 2706 ejusdem
1026 2636 1363 2705 imperatoris
1412 2633 1783 2704 persecutione
1822 2632 1964 2685 circa

432 2742 631 2781 annum
672 2722 871 2779 Christi
907 2724 974 2778 97
1011 2725 1262 2792 scriptam
1314 2723 1661 2775 arbitrantur.
1709 2719 1965 2784 Quartam

431 2816 516 2871 vir
558 2814 891 2887 clarissimus
933 2811 1188 2866 Claudius
1231 2810 1421 2879 Fleury
1446 2810 1588 2880 (100)
1627 2808 1964 2874 excogitavit,

432 2918 552 2973 qute
594 2901 659 2955 ad
688 2900 867 2954 Grabii
908 2899 1226 2953 sententiam
1254 2899 1474 2966 prOpius
1504 2896 1729 2950 accedit.
1769 2894 1967 2963 Nempe

436 2991 504 3045 ad
530 2991 583 3046 id
625 2997 854 3058 tempus,
881 2988 1023 3057 quod
1055 2986 1279 3040 Neronis
1326 2985 1596 3038 interitum
1644 2984 1869 3052 excepit,
1914 2990 1967 3035 et

436 3079 936 3149 Jerosolymitanum
966 3076 1252 3131 antecessit
1280 3074 1565 3137 excidium,
1593 3073 1780 3128 referri
1809 3086 1968 3141 posse

439 3171 704 3240 opinatur,
748 3174 799 3222 et
827 3182 985 3221 casus
1024 3165 1296 3225 adversos,
1344 3164 1398 3215 in
1427 3163 1662 3230 epistolae
1707 3160 1968 3229 principio

440 3265 781 3319 memoratos,
813 3257 879 3311 de
906 3256 1045 3310 bello
1073 3252 1388 3322 civili,quod
1415 3251 1639 3306 Neronis
1667 3265 1810 3304 mors
1833 3248 1972 3304 exci-

441 3348 593 3411 tavit,
617 3347 1013 3414 interpretatur.

511 3434 662 3490 Circa
693 3450 879 3486 annum
910 3432 1102 3488 Christi
1129 3431 1216 3495 97,
1246 3430 1577 3499 probabiliter
1605 3429 1799 3498 scripta
1835 3427 1969 3480 dici-

444 3535 548 3581 tur.
570 3555 636 3565 —
659 3524 955 3579 Obscurum
990 3538 1097 3576 non
1128 3529 1229 3584 est,
1255 3520 1577 3575 Clementem
1608 3519 1678 3572 ibi
1700 3519 1764 3572 de
1786 3532 1973 3573 terum-

444 3617 550 3679 nis,
579 3616 772 3685 quibus
814 3627 1068 3683 Oppressa
1115 3618 1228 3666 erat
1269 3609 1508 3664 Romana
1549 3608 1805 3671 Ecclesia,
1850 3622 1973 3660 cum

446 3703 843 3760 Corinthiorum
868 3700 1148 3770 epistolam
1196 3699 1419 3767 accepit,
1448 3697 1540 3751 sed
1582 3712 1612 3749 a
1640 3696 1833 3765 quibus
1885 3708 1975 3749 re-

442 3797 695 3868 spirabat,
716 3809 837 3847 cum
878 3793 1016 3847 hanc
1058 3791 1358 3860 rescripsit,
1408 3790 1604 3843 habere
1653 3800 1971 3849 sermonem,

447 3883 683 3953 adeoque
707 3880 990 3936 Vendelini
1019 3880 1085 3935 de
1110 3880 1479 3950 persecutione
1508 3878 1739 3931 fervente
1763 3884 1976 3931 senten-

446 3973 575 4026 tiam
601 3972 819 4026 minime
844 3970 1169 4040 probandam
1198 3984 1337 4023 esse.
1368 3966 1547 4036 Neque
1572 3966 1747 4019 minus
1776 3971 1976 4018 certum

448 4072 515 4110 ex
543 4056 728 4110 eodem
754 4056 973 4110 exordio
1001 4055 1303 4121 conﬁcitur,
1330 4069 1595 4108 aerumnas
1625 4054 1742 4107 illas
1766 4053 1833 4106 de
1858 4066 1978 4122 per-

451 4145 723 4199 secutione
742 4144 965 4200 Neronis
987 4145 1321 4214 interpretari
1350 4160 1453 4197 non
1476 4145 1654 4198 licere.
1677 4143 1819 4196 Nihil
1838 4144 1979 4196 enim

451 4242 586 4298 erat,
618 4248 714 4287 cur
739 4233 793 4286 in
825 4232 1119 4286 litterarum
1147 4232 1390 4285 tarditate
1411 4230 1697 4284 Corinthiis
1720 4244 1980 4284 excusan-

2058 1814 2212 1880 oﬂicio
2244 1812 2433 1878 injuste
2482 1810 2651 1877 dejici.
2686 1807 2833 1870 Haac,
2863 1808 3134 1874 inquam,
3170 1802 3272 1871 qui
3333 1796 3693 1867 expeudcrit,

2057 1916 2371 1971 persuasum
2404 1900 2503 1954 sibi
2534 1898 2771 1959 habebit,
2804 1896 3116 1965 epistolam
3153 1892 3335 1945 istam
3371 1896 3517 1941 tunc
3553 1894 3693 1941 tem-

2059 1992 2204 2060 poris
2235 1991 2589 2058 conscriptam
2618 2003 2763 2052 esse,
2794 2002 2920 2039 cum
2957 1985 3034 2037 ab
3090 1980 3290 2035 ollicio
3331 1992 3448 2033 suo
3498 1974 3690 2029 remoti

2061 2081 2286 2134 fuissent
2332 2080 2660 2149 presbyteri;
2694 2078 2785 2146 qui
2846 2091 2962 2129 non
3018 2073 3216 2128 solum
3250 2071 3334 2124 ab
3391 2068 3689 2137 apostolis,

2062 2170 2153 2224 sed
2180 2170 2336 2223 etiam
2366 2169 2432 2222 ab
2460 2168 2579 2221 aliis
2607 2169 2884 2234 deinceps,
2919 2166 3033 2218 hoc
3061 2171 3157 2216 est
3188 2161 3266 2214 ab
3302 2174 3516 2213 eorum
3565 2170 3691 2210 suc-

2061 2258 2365 2312 cessoribus
2407 2257 2655 2319 ordinati,
2702 2270 2905 2307 munus
2958 2268 3137 2307 suum
3202 2251 3389 2318 longo
3442 2259 3689 2315 tempore

2063 2349 2324 2402 obierant.
2358 2345 2616 2399 Standum
2645 2346 2807 2414 igitur
2841 2350 2929 2398 est
2961 2342 3280 2397 sententia).
3343 2337 3605 2401 Eusebii,
3636 2338 3685 2390 in

2063 2438 2216 2505 cujus
2239 2436 2503 2490 Chronico
2527 2436 2601 2504 (5)
2640 2434 2999 2503 pontiﬁcatus
3036 2430 3377 2485 Clementis
3431 2429 3595 2483 initia
3624 2428 3685 2481 ad

2063 2534 2358 2597 postremos
2431 2524 2718 2577 Domitiani
2768 2523 3139 2593 imperatoris
3180 2537 3381 2575 annos
3435 2522 3687 2574 referun-

2062 2625 2168 2670 tur.
2196 2614 2346 2670 Unde
2376 2614 2506 2667 nihil
2533 2614 2727 2666 rationi
2752 2615 2929 2683 magis
2963 2620 3447 2667 consentaneum
3494 2625 3685 2665 occur-

2063 2708 2154 2770 rit,
2186 2720 2339 2772 quam
2371 2710 2427 2755 ut
2463 2702 2867 2756 Corinthiorum
2905 2704 3223 2773 epistolam
3257 2702 3547 2757 saeviente
3590 2700 3687 2753 Do-

2063 2797 2263 2850 mitiani
2289 2794 2655 2864 persecutione
2694 2792 2921 2845 Romam
2968 2795 3349 2862 pervenisse,
3384 2802 3559 2863 atque
3584 2794 3687 2847 illis

2064 2886 2243 2941 eadem
2273 2885 2637 2953 persecutione
2658 2883 2944 2937 desinente
2975 2899 3007 2935 a
3042 2884 3360 2939 Clemente
3403 2886 3562 2939 circa
3596 2900 3688 2936 an-

2065 2991 2189 3027 num
2219 2974 2414 3027 Christi
2445 2973 2511 3050 9.7
2543 2975 2867 3041 rescriptum
2902 2990 3033 3028 esse
3064 2990 3454 3029 censeamus.

2129 3063 2621 3132 Jerosolymitanum
2671 3064 2918 3131 templum
2969 3065 3196 3118 stetisse
3253 3081 3328 3119 ea:
3361 3082 3432 3119 ea
3478 3064 3687 3118 minimc

2065 3155 2352 3220 conﬁcitur.
2395 3183 2462 3191 —
2493 3151 2676 3220 Neque
2706 3154 2793 3207 his
2822 3154 3165 3208 adversatur
3200 3156 3350 3208 illud
3383 3154 3684 3209 Clementis

2066 3243 2231 3296 nostri
2256 3244 2364 3312 (4):
2398 3243 2515 3295 Non
2544 3244 2746 3311 ubique,
2779 3244 2998 3310 fratres,
3034 3246 3365 3312 offeruntur
3413 3247 3687 3313 sacriﬁcia

2059 3334 2231 3402 jugia,
2264 3333 2337 3385 vel
2383 3334 2567 3396 votiva,
2600 3340 2673 3386 vel
2700 3350 2794 3402 pro
2818 3346 3040 3402 peccato
3074 3346 3128 3388 et
3177 3336 3421 3400 delicto,
3457 3337 3553 3391 sed
3597 3335 3687 3389 Je-

2067 3424 2335 3490 rosolymis
2360 3432 2579 3475 tantum.
2609 3421 2756 3475 Licet
2779 3422 3022 3478 Grabius
3057 3426 3199 3477 hinc
3224 3436 3398 3481 certo
3427 3428 3537 3482 sibi
3568 3443 3687 3479 con-

2070 3522 2211 3566 stare
2240 3512 2402 3571 dicat.
2432 3514 2686 3581 templum
2721 3513 3276 3584 Jerosolymitanum
3312 3527 3459 3572 tunc
3503 3520 3684 3573 stetis-

2070 3618 2145 3665 se,
2172 3610 2327 3669 atque
2351 3602 2613 3656 excidium
2644 3604 2808 3667 illius,
2838 3607 2982 3673 quod
3016 3607 3075 3660 in
3109 3623 3341 3661 annum
3372 3611 3444 3663 70
3476 3609 3683 3671 incidit,

2070 3691 2292 3742 necdum
2326 3690 2645 3758 contigisse;
2668 3692 2907 3759 alioquin
2937 3710 3051 3747 non
3080 3698 3438 3767 offeruntur,
3472 3702 3527 3754 in
3558 3715 3687 3769 prte-

2070 3780 2228 3841 senti,
2259 3779 2350 3833 sed
2382 3780 2505 3832 olim
2540 3780 2913 3847 o/jerebantur,
2949 3784 3161 3839 fuisset
3192 3787 3541 3845 dicendum.

2146 3867 2335 3922 Verum
2376 3883 2481 3921 non
2513 3870 2644 3922 satis
2687 3872 2916 3923 attendit
2958 3874 3044 3925 vir
3075 3877 3363 3932 eruditus
3410 3882 3683 3935 sermonis

2072 3974 2250 4021 usum,
2287 3973 2392 4027 quo
2436 3975 2520 4013 res
2549 3961 2847 4027 praeteritas
2874 3964 3046 4016 veluti
3080 3978 3420 4031 przesentes
3453 3970 3527 4025 ob
3556 3987 3688 4025 ocu-

2075 4049 2154 4102 los
2182 4063 2397 4115 ponere,
2429 4055 2481 4102 ct
2511 4063 2604 4116 per
2630 4064 2867 4116 praesens
2899 4059 3127 4119 tempus
3184 4060 3511 4112 enuntiare
3560 4073 3685 4113 nar-

2075 4138 2217 4190 ranti
2245 4138 2384 4191 licet.
2415 4136 2550 4201 Quid
2582 4139 2721 4190 enim
2754 4137 2810 4191 in
2842 4139 2944 4191 hac
2975 4143 3226 4208 epistola
3264 4148 3387 4202 sibi
3418 4149 3559 4212 vult,
3596 4166 3679 4201 sa-

2078 4229 2272 4296 criﬁcia
2298 4244 2397 4279 non
2425 4228 2477 4279 in
2501 4229 2639 4279 omni
2667 4227 2803 4292 loco,
2832 4229 2920 4283 sed
2948 4229 3337 4303 Jerosolymis
3372 4248 3587 4292 tantum
3612 4239 3688 4307 of-

456 4324 526 4379 da
585 4324 695 4377 hoc
731 4330 1020 4387 taceretur,
1077 4320 1290 4375 Petrum
1340 4320 1618 4398 videlicet,
1660 4318 1815 4386 cujus
1860 4325 1975 4371 erat
2009 4316 2049 4370 D
2078 4319 2332 4386 feruntur,
2369 4317 2472 4370 nisi
2521 4317 2679 4380 illud,
2710 4332 2775 4371 ex
2822 4322 3151 4390 prmscripto
3206 4326 3366 4395 legis
3409 4331 3682 4385 sacriﬁcia

453 4416 692 4485 ipsorum
714 4413 1023 4469 satisfacere
1041 4412 1445 4483 questionibus,
1467 4412 1532 4464 iis
1548 4411 1774 4479 acceptis
1797 4409 1983 4462 deten-

454 4519 588 4568 tum.
620 4523 837 4570 casum,
864 4515 918 4560 et
955 4522 984 4560 e
1026 4506 1161 4560 vivis
1193 4505 1358 4558 fuisse
1390 4504 1677 4559 sublatum;
1704 4501 1900 4556 lleinde
1927 4503 1981 4557 in

454 4607 569 4654 toto
606 4597 859 4667 Epistolas
883 4602 1135 4649 contextu
1170 4594 1302 4647 illud
1332 4593 1593 4655 innuitur,
1623 4606 1745 4645 eum
1785 4592 1980 4660 ipsum,

457 4688 547 4755 qui
576 4701 718 4740 nunc
756 4684 1029 4747 rescribit,
1058 4682 1209 4751 prius
1239 4681 1635 4735 Corinthiorum
1662 4681 1857 4749 scripta
1894 4694 1983 4733 ac-

460 4778 683 4845 cepisse.
712 4776 974 4841 Quocirca
1004 4773 1070 4826 ad
1100 4773 1329 4826 litteram
1364 4771 1687 4841 intelligendi
1716 4778 1840 4825 sunt
1873 4777 1983 4823 tum

462 4862 689 4917 lrenaaus
710 4864 807 4931 (t),
831 4872 943 4916 tum
973 4862 1296 4930 Hegesippus
1318 4860 1412 4931 (2),
1433 4876 1553 4914 cum
1574 4860 1981 4927 dissensionem,

464 4965 623 5019 quam
652 4951 837 5005 sedare
880 4967 1023 5004 nunc
1061 4962 1282 5004 conatur
1310 4950 1571 5013 Clemens,
1602 4964 1708 5002 non
1738 4950 1839 5003 sub
1885 4949 1985 5003 Pe-

466 5047 570 5102 tro,
589 5037 681 5092 sed
707 5038 1080 5094 subClemente
1102 5048 1273 5095 ortam
1302 5054 1421 5094 esse
1446 5047 1729 5093 testantur.
1758 5037 1988 5092 Praeter-

538 5189 649 5261 (96)
685 5189 921 5261 .S_picileg.
956 5190 1211 5256 Patrum,
1239 5202 1367 5247 tom.
1396 5192 1436 5259 l,
1461 5206 1592 5261 pag:
1615 5188 1718 5261 254
1739 5197 1791 5242 et
1817 5188 1939 5241 255.

522 5257 653 5326 '(97)
693 5257 757 5327 In
787 5257 900 5311 crit.
933 5261 1163 5323 Baronii,
1193 5264 1257 5315 ad
1289 5257 1429 5314 ann.
1450 5257 1598 5327 7'8,'§

542 5324 664 5400 {98)
693 5325 891 5380 Hister.
917 5330 1063 5395 eccl.,
1093 5330 1184 5385 lib.
1214 5347 1272 5394 ll,
1306 5330 1333 5400 ς
1364 5329 1450 5391 52,
1481 5324 1611 5380 toni.
1644 5326 1685 5387 l,
1715 5339 1832 5393 pag.
1862 5324 1986 5385 411,

473 5396 601 5452 edit.
631 5394 785 5447 Rom.

545 5463 653 5532 (99)
695 5462 758 5514 In
790 5463 974 5517 noviss.
1012 5464 1249 5521 Biblioth.
1285 5465 1419 5532 PP.,
1448 5474 1578 5520 tom.
1608 5461 1650 5527 1,
1680 5460 1733 5514 in
1764 5462 1988 5531 prolcg.,

478 5549 598 5607 pag.
635 5532 717 5598 19,
754 5547 901 5588 nam.
928 5534 979 5586 9.

2076 4406 2418 4475 Jerosolymis
2450 4415 2647 4458 tantum
2692 4408 3021 4474 offeruntur?
3050 4415 3206 4481 quod
3256 4419 3507 4486 quidem
3548 4436 3684 4491 pne-

2079 4499 2333 4566 scriptum
2358 4510 2478 4548 cum
2507 4496 2798 4548 etiamnum
2829 4499 2885 4552 in
2917 4499 3036 4568 lege
3076 4515 3355 4572 maneat,
3396 4509 3520 4577 ipsa
3566 4510 3681 4563 Cle-

2081 4586 2273 4640 mentis
2295 4584 2453 4637 verba
2483 4583 2639 4635 etiam
2668 4584 2823 4640 nobis
2858 4586 3056 4641 eﬁ'erre
3106 4606 3225 4645 non
3284 4596 3491 4666 inepte
3539 4612 3683 4652 nunc

2080 4677 2279 4729 liceret.
2310 4670 2508 4739 Nempe
2532 4670 2779 4727 Clemens
2807 4679 3233 4746 comparatione
3281 4700 3363 4739 ac
3391 4704 3552 4742 more
3589 4687 3681 4741 Ju.

2081 4766 2335 4825 decorum,
2365 4761 2557 4829 quibus
2598 4762 2989 4818 sacriﬁciorum
3024 4767 3177 4838 leges
3225 4787 3263 4825 a
3304 4778 3509 4848 Moyse
3548 4794 3682 4848 prae-

2083 4854 2408 4912 scribuntur,
2439 4849 2758 4905 Christianis
2789 4862 2981 4908 auctor
3011 4866 3117 4920 est,
3156 4868 3221 4911 ut
3258 4871 3326 4916 et
3363 4866 3475 4935 ipsi
3506 4875 3673 4922 stam.

2084 4955 2194 4998 tum
2226 4942 2292 4995 ab
2317 4941 2571 5010 apostolis
2601 4942 2934 4998 oblationum
2962 4954 3017 5000 et
3046 4947 3384 5009 ciliciorum
3432 4958 3674 5011 Ordinem

2088 5041 2384 5087 reverenter
2409 5028 2671 5097 accipiant
2701 5045 2764 5085 ac
2791 5043 3025 5089 servent.
3061 5036 3175 5091 Hoc
3206 5050 3445 5110 autem,
3477 5054 3540 5099 ιιι
3564 5046 3671 5115 ipso

2153 5181 2512 5259 (g90_)__'l‘om.l
2535 5181 2686 5259 _E_ccl.
2719 5185 2867 5259 hist,
2897 5203 3018 5259 pag.
3048 5189 3175 5251 265,
3211 5196 3377 5252 edit.
3423 5198 3612 5257 Latin.

2087 5250 2724 5382 segalkbjl'lgqllﬁlger:
2749 5255 2966 5381 (tanges,
3007 5275 3124 5328 cap.
3161 5261 3218 5324 5,
3260 5272 3331 5318 et
3373 5270 3522 5339 apud
3566 5268 3670 5326 Eu.

2266 5386 2414 5467 épud
2435 5386 2660 5467 Euseb"
2695 5394 2787 5448 lib.
2821 5410 2894 5459 ιν,
2925 5413 3043 5467 cap.
3073 5396 3160 5452 22.

2156 5453 2230 5533 (ξ’)
2267 5453 2402 5533 9³1)οῄ
2431 5456 2517 5533 ‘5-

2156 5524 2229 5593 μ)
2268 5522 2429 5595 Epist.
2461 5525 2483 5591 1
2516 5525 2709 5602 Clem.,
2741 5548 2859 5618 cap.
2889 5536 2978 5603 4|.
