3832 6236
138 290 216 347 ibi

1394 292 1772 361 ΡηοαῖΜιΑ
1810 309 2107 365 VABIORU
2117 306 2191 362 Μ.

3290 320 3386 374 138

132 407 199 457 vir
217 399 597 455 celeberrimus
630 398 914 455 Claudius
948 399 1145 473 FIeury
1178 403 1391 460 fatetur
1419 410 1537 481 (5),
1574 415 1635 471 in
1662 435 1748 475 ex.-

1864 425 1951 492 qui
1982 430 2205 493 propter
2234 424 2531 488 exordium,
2562 427 2617 477 ia
2638 439 2751 493 quo
2776 427 3028 479 salutatio
3065 441 3183 480 cum
3233 442 3389 496 prece

133 489 355 562 ponendis
382 491 914 559 comparationibus
943 505 1045 544 usu
1074 494 1252 557 venit,
1287 504 1354 550 ut
1391 515 1497 556 res
1521 521 1763 575 praeter-

131 585 201 635 ita
240 580 449 649 perinde
481 596 548 635 ac
574 582 625 635 si
652 589 969 652 praesentes
996 581 1287 648 adessent,
1315 587 1399 642 ob
1432 598 1649 655 oculos
1670 617 1768 671 po-

130 679 312 727 nantur.

185 762 277 816 Nec
299 763 529 832 sequitur
559 779 629 817 ea:
678 781 773 828 ea,
812 775 872 820 ut
898 763 1043 819 Petri
1069 773 1121 818 et
1173 765 1361 824 Pauli
1414 786 1764 853 martyrium

130 854 317 920 proxime
334 854 935 921 exceptam—Frustra
956 855 1120 907 etiam
1146 856 1547 924 Clementem
1581 877 1764 943 ρτοιί-

132 960 198 997 me
222 951 326 1013 post
347 942 484 997 Petri
514 951 571 998 et
620 943 793 1000 Pauli
832 946 1152 1015 martyrium
1204 953 1563 1024 scripsisse
1584 942 1658 1021 fex
1699 981 1763 1021 eo

132 1034 375 1127 colligitur,
391 1034 536 1127 quod
558 1036 755 1105 capite
777 1038 823 1092 4
842 1036 943 1107 (6),
976 1036 1195 1103 Abelis,
1216 1040 1695 1127 Jacob,;Moysis
1712 1063 1765 1111 et

136 1124 331 1186 Davidis,
367 1123 456 1192 qui
499 1139 599 1192 per
636 1128 1054 1180 aemulationem
1114 1141 1189 1182 ac
1254 1123 1763 1199 invidiamvmuna

135 1215 250 1285 passi
274 1220 405 1275 sunt,
437 1215 742 1281 pra'missis
777 1216 1050 1283 exemplis,
1088 1222 1323 1287 capitis
1364 1228 1413 1284 5
1443 1232 1607 1288 initio
1637 1237 1761 1289 sub-

135 1308 250 1374 jicit:
277 1322 293 1353 ι
321 1303 412 1358 Sed
442 1304 625 1358 missis
668 1306 934 1360 veteribus
974 1311 1265 1375 exemplis
1336 1324 1640 1380 veniam“
1695 1327 1763 1380 ad

140 1392 362 1462 proximos
382 1392 617 1447 athletas
645 1404 700 1447 et
738 1395 915 1448 (etatis
942 1403 1154 1449 nostra:
1186 1415 1509 1468 generosa
1530 1415 1763 1482 exempla

145 1482 474 1573 innumero),
511 1502 529 1533 ι
559 1497 626 1536 ac
672 1482 878 1538 deinde
905 1481 1053 1536 Petri
1082 1492 1148 1539 et
1202 1488 1412 1551 Pauli
1444 1481 1761 1573 martyrium

150 1579 337 1624 enarrat.
359 1571 520 1625 Nemo
550 1573 705 1627 enim
730 1589 843 1627 non
868 1572 1035 1637 videt,
1063 1590 1277 1644 quam
1317 1598 1496 1645 recte
1518 1571 1761 1647 Clemens

157 1662 269 1714 circa
292 1676 474 1714 annuat
502 1661 716 1719 Christi
743 1665 813 1719 97
837 1663 980 1751 Petri
1032 1679 1108 1717 ac.
1138 1666 1353 1729 Pauli
1415 1684 1756 1751 martyrium,

155 1763 250 1801 cum
280 1750 593 1819 temporibus
640 1752 882 1815 Davidis,
931 1749 1198 1823 Moysis,
1245 1758 1459 1821 Iacob
1487 1776 1542 1822 et
1568 1749 1762 1824 ‘Abelis

162 1847 492 1908 comparatum,
530 1844 835 1912 proximum
865 1859 928 1896 ac
978 1845 1269 1904 uicinum
1336 1861 1525 1913 ωιαιὶδ
1572 1871 1761 1915 nostra:

161 1931 331 1985 dixerit.
357 1933 461 1985 lmo
487 1948 667 2004 neque
700 1935 1011 2004 proximum
1047 1938 1135 1993 ab
1172 1956 1263 1997 eo
1303 1946 1523 2003 dicitur
1550 1950 1756 2015 diebus,

168 2021 319 2089 quibus
344 2022 535 2085 scribit,
561 2023 660 2078 sed
692 2024 836 2078 aetati
868 2024 1091 2097 (γενεᾷ)
1131 2046 1349 2100 quam
1402 2039 1531 2109 agit,
1563 2055 1655 2094 seu
1704 2043 1758 2097 in

168 2126 249 2178 qua
285 2113 425 2182 degit.
471 2113 695 2168 Demum
728 2117 903 2185 capite
955 2119 1462 2193 quadragesimo
1511 2131 1756 2197 septimo,

172 2201 241 2255 ubi
259 2201 313 2256 ad
353 2205 645 2274 evangeliea
692 2213 945 2276 tempora
996 2209 1314 2269 animum
1362 2216 1550 2280 refert,
1592 2234 1759 2288 eaque

174 2304 267 2341 cum
305 2290 383 2343 illo
409 2293 659 2361 temporis
708 2294 888 2363 spatio
922 2296 1216 2363 confert,
1255 2317 1382 2371 quo
1417 2304 1625 2369 scribit,
1655 2306 1759 2358 C0-

175 2379 436 2435 rintbiorum
463 2381 764 2438 Ecclesiam
798 2385 1116 2454 antiquam
1152 2405 1403 2457 vocare,
1434 2400 1489 2448 et
1527 2394 1755 2463 primum

175 2486 317 2523 eorum
341 2472 621 2535 dissidium,
652 2472 723 2528 de
749 2488 861 2543 quo
890 2473 1144 2533 Paulus
1205 2481 1464 2550 loquitur
1486 2483 1546 2549 ⁸⁷,
1595 2491 1655 2536 ut
1701 2485 1757 2536 in

177 2561 372 2629 principio
400 2561 656 2633 Evangelii
683 2577 864 2618 ortum
892 2581 1294 2635 memorare,
1327 2572 1601 2643 ipsamque
1628 2589 1757 2643 apo-

178 2652 271 2705 stoli
290 2652 424 2720 hujus
454 2656 754 2723 epistolam,
783 2658 1040 2711 tametsi
1080 2662 1526 2728 quatuordecim
1548 2671 1753 2720 tantum

180 2744 296 2800 annis
334 2746 579 2799 excidium
631 2745 1237 2819 Jerosolymitanum
1291 2756 1645 2822 pmcesserit,
1699 2758 1754 2809 in

179 2835 375 2904 principio
418 2836 675 2907 Evangelii
737 2840 1041 2907 scriptam
1099 2841 1311 2897 dicere
1357 2858 1463 2896 non
1523 2844 1751 2900 dubitat.

180 2925 295 2990 Quod
335 2943 445 2983 sane
472 2930 702 2985 evidenti
756 2938 1157 3001 argumento
1193 2938 1303 2995 est,
1333 2948 1477 2997 eum,
1527 2948 1646 2988 cum
1680 2937 1773 2989 ita-

185 3019 401 3083 scriberet,
429 3021 626 3090 longius
676 3022 749 3075 ab
794 3024 1038 3078 eodem
1105 3023 1394 3092 principio
1422 3027 1749 3080 recessisse:
1777 3046 1829 3103 ο,

183 3121 257 3160 nec
293 3109 456 3166 abhinc
481 3113 776 3167 recessisse
834 3114 1119 3182 longius
1144 3112 1442 3177 videretur,
1471 3115 1615 3179 si,ut
1644 3118 1755 3171 vult

185 3196 377 3265 Grabius,
399 3203 632 3272 pmdicta
660 3203 832 3257 Pauli
870 3204 1167 3273 epistola
1202 3202 1304 3257 hac
1332 3202 1617 3260 Clementis
1658 3223 1756 3260 no-

184 3302 269 3341 vem
291 3290 527 3355 duntaxat,
559 3294 638 3347 vel
672 3293 745 3345 ad
782 3307 1137 3348 summurn
1168 3291 1451 3347 duodecim
1479 3293 1634 3349 annis
1659 3280 1756 3363 po-

187 3380 332 3431 sterior
355 3378 488 3435 foret.

236 3464 534 3534 Detempore,
593 3483 691 3538 quo
750 3468 981 3522 altera
1029 3467 1276 3534 epistola
1329 3467 1540 3533 scripto.
1570 3497 1639 3508 -—
1680 3469 1753 3524 De

188 3557 382 3624 temporis
401 3566 559 3613 autem
587 3560 940 3619 notatione,
976 3570 1116 3624 quo
1147 3556 1351 3623 scripta
1386 3556 1547 3610 fuerit
1573 3566 1752 3625 poste-

190 3646 271 3698 rior
291 3647 539 3704 Clementis
564 3650 843 3719 epistola,
899 3646 1089 3701 nihil
1142 3645 1361 3713 quidem
1393 3648 1526 3700 certi
1576 3664 1639 3702 ex
1687 3664 1749 3704 ea

190 3739 334 3795 elicere
350 3758 636 3810 possumus,
680 3758 835 3798 curn
884 3739 1156 3793 'mutila
1188 3738 1254 3791 ad
1283 3754 1384 3792 nos
1424 3742 1745 3809 pervenerit.

193 3829 297 3883 unde
312 3831 417 3885 illud
444 3841 721 3888 statuatur.
771 3831 912 3897 Qui
946 3843 1099 3884 eam
1128 3827 1396 3897 integram
1426 3829 1617 3897 legisse
1646 3846 1744 3897 pu-

193 3928 299 3974 tatur
320 3920 526 3987 Pbotius,
549 3925 600 3978 in
630 3924 762 3992 ejus
786 3919 1192 3977 recensione
1214 3918 1412 3970 nullam
1438 3918 1563 3973 iacit
1585 3921 1748 3975 dissi-

196 4009 249 4063 dii
271 4011 540 4069 Corinthiaci
562 4015 945 4070 mentionem
979 4027 1000 4076 ;
1046 4007 1154 4062 sed
1184 4007 1354 4075 ipsam
1380 4012 1746 4064 tantummodo

198 4101 524 4166 institutionem.
550 4114 599 4161 et
619 4103 1145 4158 admonitionem
1180 4098 1420 4153 melioris
1446 4100 1567 4153 vitae
1589 4100 1745 4153 indu--

200 4208 289 4248 cere
309 4198 461 4250 scribit
482 4198 572 4267 (8).
598 4197 743 4250 Hinc
781 4195 1000 4249 facile
1040 4189 1179 4257 quis
1215 4189 1447 4257 colligat.
1487 4190 1743 4246 Corintho

199 4279 368 4338 Romam
391 4286 562 4340 reduce
590 4285 970 4343 Fortunato.
1026 4291 1168 4332 cum
1217 4276 1338 4329 ams
1369 4277 1550 4342 εοείίε,
1596 4279 1742 4333 50-bi—

1865 513 2182 581 Cnnjuncta,
2206 522 2391 567 contra
2420 513 2783 583 apostolorum
2846 522 3008 582 atque
3046 515 3215 583 ipsius
3266 515 3390 570 Cle-

1863 604 2059 658 mentis
2087 605 2483 671 morem,deest,
2512 619 2629 659 eam
2681 606 2733 659 in
2776 605 3113 659 homiliarum
3166 620 3389 660 censum

1864 692 2193 747 referendam
2248 708 2369 748 esse
2409 694 2689 761 judicavit.
2720 693 2915 748 Verum
2975 711 3081 750 non
3119 704 3265 748 tanta
3306 702 3391 749 est

1863 783 1977 836 haec
2012 783 2170 844 ratio,
2218 794 2273 836 ut
2299 792 2560 847 veterum,
2607 785 2696 853 qui
2738 785 3007 852 epistolam
3052 793 3385 854 nuncupant,

1862 886 2073 927 summo
2098 874 2382 927 consensui
2412 889 2514 928 non
2537 875 2710 927 dicam
2733 876 3004 938 anteferri,
3036 876 3127 929 sed
3151 876 3234 929 vel
3257 890 3387 929 con-

1865 961 1991 1015 ferri
2045 960 2155 1015 ullo
2205 963 2362 1015 modo
2406 962 2593 1015 valeat.
2626 961 2859 1032 Longius
2908 962 3081 1016 adhuc
3127 964 3390 1032 processit

1862 1050 2184 1115 Dodwellus,
2219 1053 2706 1122 intemperantioris
2736 1055 2949 1108 critices
2989 1062 3224 1109 sectator
3275 1066 3389 1109 stu-

1861 1138 2221 1203 diosissimus,
2251 1141 2342 1210 qui
2364 1156 2605 1196 asserere
2635 1157 2741 1195 non
2770 1141 3054 1206 dubitavit,
3096 1144 3213 1197 loca
3253 1158 3389 1197 non-

1862 1224 2006 1277 nulla
2030 1225 2268 1293 ejusdem
2290 1227 2528 1295 epistola:
2556 1228 2750 1297 stylum
2794 1229 3119 1298 eclogarium
3149 1228 3387 1300 Hypoty-

1861 1327 2059 1381 poseon
2112 1313 2402 1369 Clementis
2446 1315 2792 1370 Alexandrini
2849 1318 3091 1382 referre,
3150 1320 3389 1388 adeoque

1862 1402 2130 1457 immistos
2160 1403 2389 1458 invicem
2419 1403 2554 1458 duos
2581 1405 2701 1458 illos
2726 1404 2891 1461 fuisse
2918 1406 3236 1462 Clementes.
3283 1407 3387 1462 Sed

1860 1506 2112 1545 censores
2130 1491 2432 1549 istiusmodi
2462 1493 2760 1559 mittamus,
2784 1495 2873 1563 qui
2919 1509 2950 1548 a
2971 1495 3194 1551 veritate
3235 1496 3405 1565 longe.

1860 1580 2105 1636 aberrare
2131 1590 2448 1637 noscuntur.

1929 1670 2044 1723 Duo
2078 1671 2293 1724 maximi
2320 1672 2562 1725 momenti
2590 1672 2897 1725 documenta
2922 1689 3014 1740 pro
3036 1673 3291 1741 ﬁdelibus.
3320 1702 3391 1714 -—

1864 1759 1937 1813 Ex
1954 1761 2256 1815 venerando
2277 1762 2379 1815 hoc
2416 1776 2583 1816 sacrae
2635 1763 2970 1831 antiquitatis
3020 1774 3384 1825 monumento,

1859 1851 2001 1918 quod
2034 1866 2296 1905 summam
2326 1851 2620 1920 primorum
2643 1850 3075 1906 Christianorum
3126 1853 3385 1921 simplici-

1861 1948 2021 1995 tatem
2049 1941 2208 2009 sapit,
2243 1942 2349 1995 duo
2390 1942 2443 1994 in
2468 1941 2657 2009 primis
2685 1943 2903 1995 maximi
2932 1943 3183 1996 momenti
3219 1943 3388 1997 docu-

1860 2037 2035 2083 menta
2082 2029 2260 2084 fideles
2304 2031 2623 2100 percipiunt.
2670 2028 2907 2083 Primum
2948 2031 3125 2093 enim,
3190 2029 3281 2083 ubi
3330 2028 3386 2083 in

1858 2119 2109 2188 primaria
2138 2118 2395 2182 Ecclesia,
2423 2126 2501 2173 tot
2523 2119 2757 2188 Spiritus
2780 2120 2955 2174 sancti
2983 2118 3141 2173 donis
3166 2126 3385 2183 ornata,

1857 2225 1921 2264 ac
1945 2211 2191 2266 maximis
2218 2213 2583 2281 apostolorum
2618 2211 2904 2267 sudoribus
2930 2211 3161 2273 exculta,
3202 2210 3386 2279 spinas

1856 2298 2251 2355 dissensionum
2271 2308 2489 2356 exortas
2517 2301 2718 2364 vident,
2760 2300 2938 2354 minus
2955 2301 3065 2368 jam
3099 2300 3383 2359 mirantur,

1857 2390 1903 2444 si
1935 2393 2073 2446 inter
2100 2392 2438 2448 Christianas
2468 2393 2775 2455 societates,
2808 2406 2927 2462 qua:
2971 2401 3115 2446 recte
3160 2405 3385 2460 compo-

1856 2481 1972 2535 sitae
1991 2481 2236 2546 audiunt,
2261 2483 2567 2552 hujusmodi
2587 2483 2837 2537 scandala
2855 2482 3057 2537 oboriri
3082 2481 3382 2550 contigerit.

1855 2568 2135 2639 Nunquam
2185 2571 2439 2624 nimirum
2477 2571 2708 2640 quiescit
2757 2571 3009 2639 antiquus
3057 2571 3383 2630 zizaniorum

1854 2661 2142 2715 seminator
2171 2668 2223 2714 et
2243 2674 2428 2729 agrum
2458 2659 2664 2713 Domini
2688 2659 2936 2715 infaustis
2962 2660 3255 2714 seminibus
3284 2658 3386 2712 fte-

1854 2750 1981 2803 dare
2032 2764 2141 2803 non
2188 2757 2387 2804 cessat.
2438 2749 2543 2803 Sed
2596 2752 2840 2820 quamvis
2870 2750 3148 2817 antiquum
3179 2750 3251 2803 sit
3279 2749 3381 2803 hoc

1852 2839 2090 2903 malum,
2128 2853 2236 2892 non
2284 2839 2404 2893 ideo
2441 2847 2616 2892 tamen
2679 2839 2856 2894 minus
2909 2838 3232 2908 lugendum;
3287 2838 3382 2892 sed

1852 2927 2055 2980 nullum
2071 2942 2210 2990 esse,
2236 2928 2323 2981 cui
2351 2928 2644 2982 remedium
2665 2928 2825 2983 citius
2883 2928 3244 2982 adhibendum
3287 2928 3379 2988 sit,

1854 3018 1977 3073 item
1998 3034 2061 3073 ex
2083 3019 2187 3074 hoc
2214 3019 2435 3087 scripto,
2466 3026 2524 3072 ut
2542 3033 2607 3072 ex
2631 3016 2782 3071 Pauli
2816 3017 3066 3087 Epistola,
3095 3017 3382 3085 docemur;

1854 3121 2043 3174 nempe
2080 3107 2225 3159 tenui
2268 3105 2657 3160 discordiarum
2688 3103 2923 3169 ﬂamma,
2946 3108 3053 3161 nisi
3081 3121 3241 3177 quam
3270 3106 3383 3176 pri-

1852 3212 1997 3251 mum
2024 3196 2414 3266 exstinguatur,
2440 3196 2806 3267 brevi'ingens
2842 3182 3145 3252 incendium
3199 3198 3383 3252 conci-

1850 3287 1977 3352 tari,
2008 3288 2248 3358 apprime
2277 3288 2561 3343 callebant.

2351 3398 2737 3454 ARTICULUS
2782 3399 2868 3455 IV.

2073 3504 2364 3552 UTRIUSQUE
2389 3505 2655 3543 EPISTOLIE
2687 3505 2870 3544 BREVIS
2901 3501 3165 3543 ANALYSIS.

1954 3576 2145 3632 Prima:
2175 3579 2242 3631 ad
2283 3578 2577 3632 Corinthios
2608 3580 2717 3653 divi
2750 3578 3026 3633 Clementis
3051 3578 3279 3645 epistola:
3356 3570 3359 3575 ί
3432 3632 3469 3653 η,

2496 3647 2747 3716 analysis.

1915 3737 2143 3791 Sanctus
2185 3736 2453 3800 Clemens,
2510 3744 2790 3806 postquam
2838 3734 3395 3804 Corinthiis,‘eodem‘

1848 3825 1956 3879 fere
1984 3834 2138 3895 pacto
2194 3842 2300 3895 quo
2347 3826 2501 3879 divus
2526 3824 2723 3879 Paulus
2752 3825 3018 3893 Epistolas
3049 3839 3175 3878 suas
3217 3838 3375 3878 exor-

1844 3914 2009 3976 ditur,
2042 3914 2264 3967 salutem
2293 3915 2538 3976 dixisset,
2583 3921 2775 3982 purgat
2825 3928 2883 3966 se
2913 3912 3052 3982 apud
3079 3927 3193 3979 eos,
3226 3914 3372 3982 quod

1842 4004 2128 4072 propositis
2158 4003 2580 4057 dubitationibus
2607 4003 2814 4060 tardius
2843 4004 3128 4060 rescribat.
3158 4004 3357 4057 Eorum

1842 4094 2032 4148 deinde
2062 4093 2286 4147 virtutes
2315 4093 2539 4157 extollit,
2559 4093 2679 4147 ﬁdei
2701 4093 2971 4163 praecipue
2990 4095 3371 4157 constantiam,

1841 4183 2055 4253 pietatis
2083 4184 2473 4249 excellentiam,
2497 4184 2878 4253 hospitalitatis
2900 4184 3371 4253 magniﬁcentiam,

1843 4274 2119 4327 scientiam
2181 4272 2654 4336 absolutissimam,
2710 4274 2980 4328 sincerum
3026 4274 3081 4327 in
3130 4282 3374 4343 pastores

202 4381 329 4427 amate
347 4374 435 4442 jam
460 4376 678 4441 sublato,
710 4382 773 4429 et
812 4367 1037 4442 quieti
1068 4363 1319 4417 Ecclesia
1358 4363 1448 4417 illa
1476 4368 1738 4435 restituta,
1770 4351 1816 4406 D
1841 4361 2178 4429 obsequium,
2209 4360 2301 4415 Dei
2330 4361 2479 4415 verbi
2511 4360 2771 4423 studium,
2800 4362 3071 4432 egregium
3126 4379 3223 4432 pro
3273 4379 3369 4417 sua

203 4460 307 4518 hanc
328 4464 483 4521 deinde
508 4467 663 4521 fuisse
692 4480 729 4519 a
754 4463 1114 4518 Clemente
1130 4454 1487 4523 perscriptam
1535 4458 1737 4525 episto-

207 4555 281 4606 lam
300 4571 407 4612 anno
430 4558 547 4613 lortc
570 4558 631 4611 98
662 4555 1071 4621 insequente
1100 4583 1115 4606 ν
1149 4558 1260 4612 quo
1283 4545 1337 4597 ίη
1387 4560 1519 4614 Pace
1571 4549 1740 4616 ωεείε

210 4645 336 4700 adhuc
362 4646 654 4701 firmarentur
681 4638 1054 4699 Corinthii.

263 4734 364 4788 Nam
389 4738 525 4790 altera
544 4733 861 4790 Clementis
882 4722 1147 4794 epistola
1169 4722 1238 4774 sit
1266 4723 1494 4776 homilia:
1516 4741 1737 4793 pars.—

212 4820 314 4881 i’irit
329 4828 592 4897 quibusdam
615 4824 863 4883 doctis,
906 4812 1242 4887 praesertim
1264 4810 1554 4867 Vendelino
1581 4822 1738 4883 atque

215 4911 430 4977 Blondello,
449 4917 599 4970 visum
627 4913 785 4975 fuit,
818 4900 1172 4964 secundam
1210 4898 1500 4955 Clementis
1542 4903 1607 4955 ad
1636 4905 1738 4958 Co-

213 5001 376 5059 rinthios
399 5005 637 5075 epistolam
700 4994 1008 5054 homilia
1038 4987 1232 5059 potius
1265 4994 1459 5056 partem
1480 5005 1618 5054 esse,
1651 4996 1736 5049 cui

218 5093 384 5160 opinioni
406 5094 595 5149 aramus
615 5100 897 5161 quoque
961 5080 1362 5132 incunctanter
1395 5077 1732 5148 subscripsit,

266 5351 444 5405 171601..
470 5370 498 5406 ι,
566 5353 601 5384 ιι
625 5349 834 5401 neut,
877 5330 1208 5393 xxxlI,15.

266 5554 314 5619 (δῖ
338 5556 396 5607 Ad
418 5571 574 5609 annum
600 5552 716 5611 69,
762 5555 934 5598 tom.
974 5534 1040 5619 1,ι
1057 5543 1186 5598 pag.
1222 5528 1340 5583 εει.
1380 5553 1383 5558 ·

276 5600 737 5693 ἧδγᾶἶεῆῖῖῥίὲιῖϊ,
782 5619 970 5666 num.
1012 5600 1067 5651 t.

377 5712 770 5784 Ριτιιοι.,ϐκ.
846 5698 905 5758 Ι·

1845 4453 2180 4519 aliorumque
2202 4451 2373 4503 salute
2388 4451 2552 4504 animi
2570 4450 2881 4515 candorem,
2912 4461 3069 4519 atque
3089 4454 3143 4506 in
3161 4452 3369 4507 Domini

1840 4539 2046 4608 legibus
2069 4539 2347 4593 servandis
2376 4539 2709 4605 ﬁdelitatem,
2738 4542 3095 4597 commendat.
3112 4541 3191 4595 Ad
3224 4543 3369 4595 schi-

1837 4642 1955 4681 sma
1991 4627 2183 4681 deinde
2202 4628 2490 4692 transiens,
2515 4642 2624 4697 quo
2649 4634 2729 4683 tot
2756 4629 2982 4684 virtutes
3004 4630 3368 4683 obscurahan-

1837 4724 1925 4769 tur
1952 4735 1963 4769 :
1996 4713 2174 4770 Omnis
2203 4716 2391 4787 gloria,
2415 4717 2608 4786 inquit,
2636 4726 2686 4771 et
2713 4720 2857 4785 copia
2894 4718 3030 4772 vobis
3068 4718 3194 4772 data
3229 4730 3363 4781 erat,

1842 4818 1990 4877 atque
2015 4808 2067 4859 in
2097 4805 2234 4861 vobis
2273 4806 2410 4859 illud
2428 4806 2707 4873 Scriptum
2733 4808 2995 4873 impletum
3016 4821 3127 4861 est:
3172 4826 3191 4857 ‹
3218 4808 3377 4872 Edil,

1839 4914 1887 4952 et
1916 4897 2064 4959 bibit,
2098 4904 2146 4949 et
2174 4895 2428 4948 dilatatus
2450 4906 2548 4960 est,
2581 4912 2641 4949 ac
2671 4896 3021 4948 incrassatus:
3048 4904 3095 4949 et
3149 4900 3366 4953 recalci-

1838 4988 1994 5041 travit
2013 4986 2229 5040 dilectus
2255 4986 2319 5040 ¹⁸.
2353 5005 2370 5038 ι
2411 4986 2545 5039 Hinc
2593 4986 2853 5040 (emutatio
2894 4994 2942 5038 et
2987 4983 3272 5055 discordia,
3318 5001 3366 5042 et

1840 5078 2043 5134 seditio.
2073 5075 2160 5131 Sic
2187 5076 2580 5131 insurrexerunt
2610 5075 2899 5130 inhonorati
2923 5086 3102 5131 contra
3142 5078 3367 5133 honora-

1907 5537 1985 5673 ?)
2023 5537 2215 5596 Clem.,
2246 5538 2419 5607 epist.
2448 5538 2496 5593 ι.
2528 5552 2670 5590 num.
2707 5536 2757 5591 5.

1932 5607 1986 5673 8)
2024 5604 2283 5669 Phntius,
2331 5607 2513 5660 codice
2538 5616 2705 5656 cxxvt.

1932 5607 1986 5675 8)
2024 5604 2308 5669 Phntiusf
2331 5607 2513 5660 codice
2538 5616 2705 5656 cxxvt.
2828 5610 2829 5613 ‘
