3870 6368
405 289 504 346 153

1535 279 1625 335 ΑΙ)
1667 280 1722 337 5.
1763 277 2184 337 αεδςεκῐειι
2223 278 2240 334 1
2277 277 2509 334 ΡΑΡΑΜ

3546 283 3648 340 uo

402 414 503 464 tos,
539 396 752 469 inglorii
784 404 968 450 contra
997 394 1279 465 gloriosos;
1328 393 1630 461 insipientes
1661 402 1845 448 contra
1875 408 1962 446 sa-
1993 397 2039 456 Α
2068 407 2267 464 parens
2296 393 2496 448 divinae
2520 392 2804 450 electionis
2827 407 2941 450 sua
2964 393 3261 467 participes
3319 408 3421 451 nos
3450 394 3652 452 eﬁ‘ece-
3709 415 3724 428 ·

398 497 616 563 pientes,
639 492 852 562 juvenes
867 489 1117 544 adversus
1142 488 1392 542 seniores.
1417 484 1543 540 Ideo
1572 485 1754 555 procul
1777 484 1968 540 absunt

393 585 607 654 justitia
629 593 676 636 et
707 597 844 652 pax;
881 578 1377 648 dumunusquisque
1417 578 1654 631 timorem
1686 576 1783 632 Dei
1820 577 1968 632 dese-

397 679 489 740 rit,
523 685 571 729 et
601 675 654 727 in
695 673 798 744 ﬁde
820 674 966 726 illius
1008 671 1237 734 cazcutit,
1272 685 1363 723 nec
1383 669 1440 723 in
1471 670 1730 723 institutis
1770 686 1966 739 praece-

394 778 602 836 ptorum
624 766 736 835 ejus
768 764 1027 826 ambulat,
1078 777 1169 815 nec
1199 760 1411 815 Christo
1434 760 1671 814 decenter
1693 778 1968 816 conversa-

398 870 512 920 tur;
557 857 646 911 sed
687 856 1038 926 unusquisque
1087 853 1373 906 secundum
1420 869 1612 922 pravas
1655 853 1966 920 cupiditates

395 969 521 1005 suas
548 949 760 1013 incedit,
784 947 1032 1001 invidiam
1057 947 1291 1016 iniquam
1315 955 1364 1000 et
1382 946 1600 1016 impiam
1629 946 1964 1011 assumenda,

394 1060 488 1112 per
514 1059 671 1112 quam
701 1051 752 1096 et
783 1057 921 1093 mors
955 1039 1170 1092 intravit
1203 1039 1258 1090 in
1295 1037 1566 1092 mund-um.

466 1135 723 1188 Pluribus
779 1129 973 1185 deinde
1015 1128 1225 1184 Veteris
1275 1127 1612 1184 Testamenti
1667 1129 1964 1199 exemplis,

392 1243 514 1299 quae
553 1222 895 1280 incommoda
920 1237 986 1276 ex
1004 1221 1206 1275 invidia
1229 1222 1498 1286 oriantur,
1520 1222 1795 1288 ostendit;
1827 1222 1969 1276 inter

393 1329 586 1375 caetera
616 1333 744 1373 vero
767 1315 948 1376 Caini,
981 1313 1164 1369 Maria:
1195 1314 1403 1368 sororis
1428 1312 1630 1384 Moysis
1656 1321 1709 1368 et
1757 1313 1962 1376 Aaron,

398 1413 609 1466 Dathan
643 1417 698 1466 et
727 1409 934 1464 Abiron
959 1408 1204 1478 exempla
1219 1415 1502 1472 recenset;
1528 1415 1692 1477 atque
1723 1415 1782 1461 ut
1827 1421 1968 1461 novo

391 1500 610 1556 invidia:
674 1500 922 1568 exemplo
973 1497 1293 1552 Corinthios
1352 1497 1536 1551 acrius
1590 1505 1962 1552 commoveat:

397 1592 623 1660 Propter
675 1591 911 1660 iniquam
943 1589 1357 1650 a’mulationem,
1392 1587 1590 1657 inquit,
1622 1588 1846 1655 apostoli
1866 1587 1968 1641 Pe-

393 1697 506 1738 trus
535 1695 584 1738 et
618 1684 821 1738 Paulus
846 1683 1162 1753 martyrium
1192 1681 1337 1749 passi
1363 1689 1505 1736 sunt.
1537 1680 1762 1749 Propter
1804 1697 1960 1734 armu-

394 1778 644 1831 lationem
689 1791 888 1846 quoque
936 1772 1205 1827 Danaides
1237 1783 1284 1826 et
1346 1770 1502 1825 Dirce
1548 1770 1623 1840 (9)
1663 1771 1968 1840 fortissimae

392 1869 501 1922 illa!
524 1869 789 1930 mulieres,
815 1883 932 1920 cum
953 1865 1134 1935 gravia
1159 1873 1207 1918 et
1241 1861 1474 1931 nefanda
1499 1862 1758 1931 supplicia
1805 1862 1970 1916 susti-

393 1960 651 2024 nuissent,
679 1974 894 2012 cursum
918 1972 1072 2010 suum
1099 1953 1203 2024 ﬁde
1225 1955 1420 2008 invicta
1467 1953 1816 2024 perfecerunt.
1849 1951 1970 2017 Quo

396 2066 522 2105 vero
551 2066 646 2105 eos
677 2050 743 2104 ad
787 2049 1092 2104 vocationis
1142 2062 1255 2101 sua:
1287 2045 1462 2100 oﬁicia
1493 2053 1656 2116 atque
1681 2046 1746 2100 ad
1793 2046 1970 2115 parui-

393 2142 617 2196 tentiam
640 2141 975 2202 hortaretur,
997 2138 1299 2194 vocationis
1321 2139 1564 2209 ipsorum
1599 2139 1968 2204 sanctitatem,

394 2231 692 2299 pretiosum
745 2229 949 2285 Christi
1021 2229 1342 2300 sanguinem
1395 2244 1494 2300 pro
1543 2237 1728 2284 nostra
1795 2229 1970 2284 salute

391 2323 625 2379 eﬁ'usum
677 2323 812 2395 (10-),
843 2323 1207 2378 Ninivitarum
1269 2323 1668 2392 pasnitentiam,
1721 2321 1965 2387 Henoch,

393 2415 528 2480 Noe,
560 2415 854 2470 Abrahami
882 2416 1219 2479 ﬁdelitatem,
1253 2423 1586 2485 caaterasque
1631 2415 1970 2484 patriarcha-

393 2525 514 2564 rum
546 2510 799 2572 virtutes,
827 2508 957 2564 Jesu
973 2507 1178 2564 Christi
1203 2508 1591 2571 humilitatem,
1639 2507 1780 2576 ejus,
1807 2521 1838 2560 a
1861 2523 1970 2577 quo

391 2602 559 2656 creati
584 2617 797 2663 sumus,
831 2600 1131 2656 bonitatem
1164 2605 1328 2670 atque
1345 2599 1750 2653 miserationem
1774 2615 1789 2665 ;
1817 2597 1970 2666 pacis

391 2703 444 2750 et
461 2693 782 2748 humilitatis
797 2691 1104 2756 commoda,
1125 2691 1548 2744 iuanimatarum
1562 2697 1965 2754 creaturarum,

393 2787 548 2850 solis,
580 2787 746 2850 lunae,
775 2785 1080 2846 stellarum,
1107 2783 1276 2839 maris
1300 2791 1354 2838 et
1375 2783 1699 2854 abyssorum
1727 2781 1970 2851 impene-

393 2879 672 2933 trabilium
735 2878 789 2932 in
841 2876 934 2932 Dei
963 2878 1110 2946 leges
1144 2877 1251 2931 sibi
1287 2877 1572 2946 impositas
1616 2877 1964 2947 obsequium,

395 2975 668 3035 postremo
705 2965 919 3019 Domini
957 2980 1084 3034 erga
1108 2981 1196 3021 res
1221 2981 1411 3022 omnes
1441 2974 1650 3022 creatas
1682 2967 1966 3035 beneﬁcia,

2073 485 2164 550 rit,
2187 494 2243 539 et
2272 485 2451 540 sancti
2482 486 2667 556 populi
2699 487 2944 543 membra
2968 487 3288 552 reddiderit,
3318 487 3454 542 nihil
3487 489 3652 545 nobis

2072 591 2382 647 superesse,
2417 579 2525 633 nisi
2566 586 2626 632 ut
2664 579 2956 650 omnigena
3005 588 3154 636 recta
3202 595 3370 650 opera
3404 581 3652 635 maximo

2068 683 2194 723 cum
2229 671 2397 724 animi
2431 670 2625 726 ardore
2647 681 3030 726 consectemur
3061 672 3126 726 ad
3157 671 3383 726 Patrum
3423 681 3653 728 nostro-

2069 776 2191 815 rum
2223 759 2546 826 Abrahami,
2579 759 2754 816 lsaaci
2782 769 2836 816 et
2855 761 3024 816 Jacob
3045 763 3375 832 exemplum,
3409 777 3649 832 quorum

2069 852 2223 916 ﬁdes,
2269 852 2577 908 obedientia
2633 864 2794 924 atque
2845 855 3120 909 humilitas
3175 863 3280 908 tam
3347 854 3652 922 grandibus

2069 945 2308 1016 praemiis
2338 945 2544 1000 allectat
2563 944 2734 1002 fuere.
2771 944 2853 1000 Sit
2893 962 3014 1016 ergo
3053 947 3224 1000 omnis
3267 947 3520 1016 gloriatio
3551 963 3653 1000 no-

2068 1047 2181 1092 stra
2199 1047 2248 1092 et
2277 1039 2475 1108 ﬁducia
2510 1038 2566 1092 in
2589 1039 2732 1108 ipso:
2758 1039 3019 1092 voluntati
3039 1038 3152 1108 ejus
3184 1039 3536 1108 subjiciamur
3558 1053 3576 1092 :
3601 1048 3654 1092 et

2069 1148 2163 1184 nos
2193 1131 2524 1185 concorditer
2539 1148 2656 1184 cum
2688 1131 2886 1200 angelis
2905 1148 3085 1185 coram
3106 1132 3218 1199 ipso
3242 1130 3501 1194 Sanctus,
3519 1146 3654 1185 san-

2069 1232 2216 1286 ctus,
2236 1231 2463 1277 sanctus
2480 1223 2856 1287 clamantibus,
2878 1224 3144 1276 communi
3159 1239 3437 1286 consensu,
3461 1231 3510 1277 et
3529 1233 3654 1276 tan-

2068 1330 2227 1384 quam
2248 1330 2354 1367 uno
2379 1330 2468 1367 ore
2488 1315 2798 1378 clamemus,
2824 1322 2880 1365 ut
2901 1314 3180 1382 participes
3203 1315 3398 1382 ﬁamus
3425 1330 3652 1384 magna-

2071 1424 2188 1461 rum
2216 1415 2265 1462 et
2285 1406 2610 1477 inclytarum
2642 1406 3060 1476 promissionum
3086 1405 3199 1474 ejus
3219 1445 3236 1468 ,
3267 1419 3501 1476 quarum
3554 1420 3654 1460 ex-

2070 1498 2382 1552 cellentiam
2403 1505 2458 1552 et
2485 1498 2848 1568 quantitatem
2886 1496 3003 1566 ipse
3032 1503 3246 1550 tantum
3279 1494 3587 1566 cognoscit.

2141 1589 2363 1644 Ordinis
2393 1605 2543 1655 vero,
2573 1596 2628 1644 et
2653 1589 2794 1643 inter
2825 1587 3152 1658 praepositos
3202 1594 3366 1659 atque
3396 1585 3650 1642 subditos

2073 1681 2412 1736 discriminis
2437 1680 2820 1736 necessitatem
2849 1681 2906 1734 in
2935 1679 3309 1734 ecclesiastico
3342 1677 3652 1740 ministerio

2001 1741 2042 1795 B
2072 1775 2574 1839 demonstraturus,
2594 1773 2803 1828 militia:
2823 1773 3130 1843 exemplum
3163 1774 3440 1843 proponit.
3470 1769 3653 1841 Neque

2069 1869 2208 1922 enim
2231 1868 2306 1920 ibi
2338 1883 2514 1920 omnes
2562 1865 2800 1936 pra'fecti
2839 1874 2983 1929 sunt,
3017 1880 3177 1934 neque
3229 1865 3457 1926 tribuni,
3487 1880 3654 1933 neque

2071 1959 2426 2022 centuriones,
2464 1956 2554 2012 sed
2580 1959 3008 2028 unusquisquein
3043 1974 3138 2012 suo
3181 1958 3362 2010 ordine
3394 1955 3457 2010 ab
3489 1957 3654 2023 impe-

2071 2061 2250 2105 ratore
2279 2060 2328 2105 et
2353 2050 2574 2104 ducibus
2629 2049 2887 2104 mandata
2934 2051 3157 2120 peragit.
3207 2049 3410 2103 Cuncta
3465 2048 3653 2117 itaque

2073 2143 2256 2196 ordine
2283 2141 2526 2195 debemus
2548 2141 2739 2210 facere,
2777 2157 2893 2209 qua:
2932 2157 3025 2194 nos
3049 2140 3306 2193 Dominus
3327 2140 3493 2208 jussit
3532 2155 3654 2208 per-

2074 2251 2246 2306 agere.
2288 2234 2596 2290 Oblationes
2623 2243 2673 2288 et
2705 2234 2872 2303 ofﬁcia
2902 2251 3008 2287 non
3037 2243 3224 2288 temere
3245 2233 3320 2286 vel
3352 2230 3654 2286 inordinate

2074 2329 2191 2397 ﬁeri
2238 2325 2507 2396 praecepit,
2561 2323 2652 2378 sed
2701 2325 2986 2394 praaﬁnitis
3019 2324 3333 2393 temporibus
3385 2341 3446 2377 ac
3467 2323 3651 2384 horis;

2071 2437 2172 2492 quo
2205 2421 2364 2474 etiam
2394 2419 2526 2486 loco,
2561 2428 2610 2472 et
2642 2435 2675 2471 a
2696 2417 2884 2488 quibus
2919 2417 3175 2472 celebrari
3203 2417 3342 2482 velit,
3397 2417 3507 2483 ipse
3559 2431 3654 2469 ea:-

2073 2513 2368 2566 celsissima
2405 2529 2502 2566 sua
2527 2511 2797 2565 voluntate
2819 2509 3081 2580 deﬁnivit,
3132 2519 3190 2562 ut
3218 2525 3345 2578 pure
3371 2518 3422 2562 et
3471 2518 3655 2563 sancte

2073 2608 2253 2661 omnia
2270 2607 2418 2675 facta
2456 2607 2620 2675 juxta
2649 2605 2762 2674 ejus
2789 2604 3203 2673 beneplacitum,
3247 2613 3460 2671 accepta
3479 2611 3654 2657 essent

2073 2698 2335 2754 voluntati
2361 2698 2496 2766 ejus.
2520 2697 2626 2765 Qui
2653 2714 2774 2770 ergo
2821 2699 3107 2768 assignatis
3147 2695 3464 2766 temporibus
3503 2695 3654 2750 obla-

2075 2791 2241 2845 tiones
2261 2806 2388 2844 suas
2430 2789 2656 2857 faciunt,
2689 2791 2888 2860 accepti
2912 2799 2963 2844 et
3003 2789 3140 2843 beati
3183 2797 3349 2851 sunt;
3391 2805 3516 2840 nam
3565 2786 3655 2858 qui

2074 2890 2362 2951 sequuntur
2388 2881 2523 2951 leges
2542 2880 2782 2947 Domini,
2807 2899 2911 2936 non
2929 2880 3197 2935 aberrant.
3219 2879 3437 2934 Summo
3467 2879 3654 2948 quippe

2075 2973 2340 3030 sacerdoti
2395 2991 2494 3028 sua
2535 2977 2718 3028 munia
2760 2973 2953 3028 tributa
2984 2983 3148 3037 sunt;
3187 2986 3236 3027 et
3291 2970 3652 3026 sacerdotibus

396 3059 668 3128 praecipue
703 3074 832 3112 vero
859 3060 912 3112 in
944 3058 1313 3120 Christianos,
1345 3058 1417 3113 ob
1444 3059 1636 3115 oculos
1690 3061 1963 3130 proponit.

2078 3067 2222 3123 locus
2253 3068 2498 3136 proprius
2525 3068 2826 3138 assignatus
2853 3077 2928 3121 est
2955 3082 2973 3130 ;
3003 3076 3051 3120 et
3092 3067 3260 3120 levitis
3284 3082 3382 3119 sua
3414 3065 3654 3118 ministe-

397 3150 606 3216 Quibus
630 3150 746 3203 llaec
805 3148 1159 3219 superaddit:
1196 3148 1432 3220 quuum
1464 3151 1627 3220 igitur
1666 3164 1765 3212 est,
1797 3161 1855 3205 ut
1903 3150 1969 3204 ab

393 3241 508 3309 ejus
539 3239 805 3294 voluntate
835 3256 939 3293 non
978 3240 1144 3294 simus
1207 3241 1530 3310 transfuga:
1569 3241 1803 3296 homines
1835 3242 1973 3295 stul-

397 3345 500 3395 tos,
526 3333 849 3401 insipientes,
883 3331 1072 3396 elatos,
1095 3341 1142 3385 et
1163 3331 1450 3402 gloriantes
1485 3333 1538 3386 in
1595 3333 1851 3387 sermonis
1888 3334 1972 3388 sui

393 3428 657 3494 iactantia
689 3425 1016 3494 offendamus
1054 3427 1251 3493 potius,
1284 3442 1440 3494 quam
1495 3424 1972 3481 Deum.Dominum

395 3518 582 3573 Iesum
613 3517 902 3578 Christum,
936 3517 1087 3586 cujus
1111 3517 1327 3588 sanguis
1357 3533 1452 3585 pro
1482 3517 1631 3571 nobis
1683 3517 1841 3572 datus
1871 3527 1970 3584 est,

400 3627 720 3666 veneremur.
757 3609 1083 3678 Prwpositos
1115 3618 1323 3663 nostros
1353 3624 1715 3673 revereamur;
1742 3610 1971 3663 seniores

353 3695 360 3706 ’
401 3713 606 3758 nostros
649 3703 996 3765 honoremus;
1028 3701 1243 3772 juvenes
1305 3701 1584 3756 doceamus
1636 3701 1973 3770 disciplinam

401 3795 605 3848 timoris
659 3794 791 3857 Dei;
844 3793 997 3848 liberi
1065 3794 1236 3848 nostri
1286 3791 1493 3847 discant
1558 3792 1684 3864 quid
1737 3793 1973 3846 charitas

398 3885 538 3953 apud
568 3885 734 3939 Deum
759 3886 950 3953 possit.

471 3977 730 4032 Hortatur
755 3977 952 4032 deinde
971 3985 1195 4033 sanctus
1231 3979 1482 4034 Clemens
1531 3978 1869 4044 Corinthios,
1913 3987 1972 4033 ut

404 4069 690 4123 Dominum
722 4072 971 4134 timeant,
1013 4079 1176 4141 atque
1207 4071 1262 4124 in
1306 4071 1426 4141 ejus
1457 4071 1701 4127 bonitate
1731 4081 1971 4142 sperent,

401 4174 516 4216 tum
543 4163 612 4216 ob
640 4165 1061 4218 resurrectionis
1086 4164 1363 4228 ﬁduciam,
1382 4165 1542 4233 cujus
1567 4166 1815 4236 exempla
1867 4166 1973 4219 ali-

403 4263 536 4323 quot
564 4253 792 4324 profert,
816 4270 844 4307 a
871 4257 1036 4309 rebus
1067 4257 1409 4311 naturalibus
1442 4258 1630 4327 petita,
1661 4258 1973 4328 cujusmodi

402 4351 488 4398 est
517 4344 646 4397 illud
674 4344 939 4414 phoenicis
963 4345 1098 4416 (Η),
1117 4354 1233 4400 tum
1259 4348 1328 4401 ob
1342 4346 1437 4402 Dei
1467 4349 1519 4402 in
1552 4350 1839 4418 promissis
1859 4363 1976 4405 ser-

2072 3161 2157 3214 ria
2182 3158 2489 3213 incumbunt
2512 3175 2530 3223 ;
2553 3159 2706 3213 homo
2725 3158 2892 3212 laicus
2912 3158 3185 3227 praxeptis
3212 3157 3363 3210 laicis
3388 3155 3651 3210 constrin-

2071 3254 2233 3324 gitur.
2259 3250 2623 3322 Unusquisque
2644 3261 2890 3316 vestrum,
2917 3252 3134 3322 fratres,
3160 3252 3215 3304 in
3237 3266 3332 3304 suo
3355 3258 3501 3303 statu
3526 3264 3652 3319 gra-

2075 3348 2176 3402 tias
2221 3345 2330 3400 Deo
2383 3344 2596 3409 habeat,
2643 3346 2697 3399 in
2729 3344 2865 3398 bona
2911 3343 3226 3397 conscientia
3274 3341 3459 3412 degens
3487 3380 3502 3405 ,
3547 3355 3652 3393 non

2074 3437 2462 3509 transgrediens
2507 3436 2875 3504 praescriptam
2906 3435 3139 3488 muneris
3191 3432 3450 3504 regulam.
3523 3427 3651 3483 Non

2074 3530 2285 3599 ubique,
2320 3529 2536 3598 fratres,
2567 3527 2862 3596 oﬂ'eruntur
2889 3527 3157 3596 sacriﬁcia
3177 3525 3354 3595 jugia,
3385 3522 3476 3577 sed
3521 3521 3654 3584 Hie-

2075 3623 2356 3692 rosolymis
2379 3631 2581 3676 tantum
2605 3621 2716 3693 (12)
2746 3630 2899 3692 atque
2929 3621 3040 3674 illic
3070 3637 3172 3674 non
3195 3620 3246 3672 in
3271 3619 3414 3674 omni
3443 3618 3558 3671 loco
3587 3617 3652 3686 ﬁt

2075 3715 2294 3779 oblatio,
2325 3713 2414 3768 sed
2443 3724 2566 3768 ante
2603 3712 2848 3780 templum
2876 3712 2944 3766 ad
2978 3712 3167 3766 altare.

2147 3805 2394 3861 Ostendit
2446 3807 2607 3862 subin
2637 3813 2868 3860 sanctus
2901 3803 3154 3859 Clemens
3187 3845 3201 3869 ,
3255 3803 3426 3858 Deum
3469 3802 3650 3871 ipsum

2074 3898 2464 3954 ecclesiasticae
2516 3895 2839 3952 hierarchizn
2908 3904 3189 3949 auctorem
3251 3909 3407 3960 esse;
3463 3891 3651 3946 Iesum

2077 3993 2344 4048 Christum
2371 4009 2404 4045 a
2445 3991 2586 4055 Deo,
2637 3991 2903 4061 apostolos
2929 4008 2960 4044 a
3003 3989 3134 4045 Iesu
3185 3987 3401 4044 Christo
3457 3990 3650 4042 missos

2077 4086 2272 4156 fuisse;
2319 4101 2404 4138 eos
2438 4084 2492 4136 in
2531 4082 2632 4152 ﬁde
2677 4098 2767 4151 per
2808 4082 3065 4152 Spiritum
3095 4093 3336 4135 sanctum
3367 4083 3654 4149 conﬁrma-

2079 4187 2178 4240 tos,
2212 4191 2426 4246 regnum
2453 4173 2546 4227 Dei
2576 4174 2918 4227 adventurum
2947 4189 3058 4226 esse
3078 4173 3267 4242 ubique
3286 4172 3652 4236 annuntiasse,

2076 4279 2230 4339 atque
2259 4267 2522 4336 primitias
2575 4282 2778 4328 eorum,
2810 4281 2937 4335 quos
2978 4263 3046 4318 ad
3079 4264 3236 4334 ﬁdem
3267 4272 3650 4330 converterant,

2077 4364 2133 4415 in
2173 4361 2438 4429 episcopos
2464 4369 2512 4412 et
2544 4358 2795 4412 diaconos
2823 4373 3026 4421 eorum,
3071 4357 3160 4428 qui
3197 4356 3449 4410 credituri
3474 4365 3651 4421 erant,

404 4435 600 4490 vandis
637 4435 821 4500 ﬁdem,
853 4444 907 4491 et
935 4437 1082 4507 quod
1107 4438 1443 4507 impossibile
1467 4439 1539 4495 sit
1571 4442 1970 4510 peccatoribus,

2081 4453 2435 4507 constituisse.
2473 4449 2651 4520 Neque
2679 4450 2775 4503 hoc
2801 4465 3022 4503 novum:
3073 4467 3104 4502 a
3131 4449 3312 4503 multis
3333 4450 3472 4502 enim
3521 4458 3657 4502 teme

404 4527 524 4597 ejus
555 4528 745 4583 oculos
771 4528 1030 4599 eﬁ‘ugere.
1063 4527 1245 4595 Addit,
1279 4544 1403 4584 cum
1449 4531 1862 4588 miserationum
1888 4533 1978 4588 ille

479 4772 552 4842 (93
595 4771 724 4825 Duae
779 4772 861 4826 hae
911 4772 1168 4828 mulieres
1213 4770 1522 4842 Eeroniana
1594 4773 1979 4842 persecutione

407 4841 661 4916 szeviente
679 4858 854 4916 passa:
888 4841 1510 4916 creduntur._Buinart.,
1568 4843 1685 4916 Act.
1730 4855 1975 4916 martyr.,

445 4928 531 4981 ag.
562 4913 617 4974 2,
652 4923 742 4965 aut
773 4914 884 4976 illa,
910 4929 1032 4982 quae
1078 4914 1181 4967 sub
1207 4912 1513 4966 Domitiano
1571 4914 1806 4968 excitata
1854 4912 1976 4973 fuit.

434 4982 743 5050 l‘illemont.,
779 4993 911 5038 tum.
945 4983 1007 5042 ll.
1037 4985 1363 5054 pag..55,et
1392 4993 1506 5037 not.
1565 4983 1593 5035 7
1617 5000 1713 5039 sur
1755 4985 1812 5040 S.
1849 4986 1976 5042 Clé-

408 5062 557 5107 ment
591 5068 740 5124 pape,
777 5071 898 5124 pag.
931 5054 1036 5109 264
1066 5053 1204 5109 dans
1232 5053 1416 5109 l‘Hist.
1440 5055 1624 5109 ecclés.

481 5124 591 5192 (10)
633 5123 1133 5194 Primoigiturjam
1173 5126 1374 5179 saeculo
1426 5125 1660 5180 credidit
1709 5125 1976 5192 Ecclesia.

405 5194 613 5248 Christi
645 5197 963 5264 sanguinem
994 5211 1093 5266 pro
1117 5200 1288 5252 totius
1311 5195 1499 5250 mundi
1523 5196 1700 5252 salute
1746 5197 1976 5254 eﬁusum

406 5280 546 5319 esse.

483 5335 590 5403 (11)
631 5333 876 5401 Tacitus,
900 5337 994 5392 lib.
1020 5351 1073 5391 Vl
1095 5337 1378 5391 Annalium
1407 5337 1980 5407 phmnicishistoriam

405 5408 541 5459 citra
563 5407 748 5475 jocum
772 5409 1390 5463 commemoratEadeni
1417 5425 1446 5460 a
1471 5407 1828 5471 Tertulliani),
1857 5409 1974 5464 Lib.

405 5478 470 5530 de
501 5486 779 5530 resurrect.
830 5479 1028 5548 carnis,
1062 5493 1182 5547 cap.
1216 5480 1303 5547 42;
1335 5495 1364 5532 a
1416 5481 1473 5534 S.
1532 5478 1875 5548 Epiphanio,
1923 5481 1977 5534 in

405 5496 470 5530 ae
501 5496 779 5530 resurrect.
830 5496 1028 5540 carnis,
1062 5496 1182 5547 cap.
1216 5496 1303 5547 12;
1335 5496 1364 5532 a
1416 5496 1473 5534 δ.
1532 5496 1573 5531 ιι
1617 5496 1875 5548 ipnamo,
1923 5498 1975 5534 in

405 5549 710 5609 Ancorato;
742 5549 809 5601 ab
838 5547 1098 5617 Origene.
1129 5550 1221 5604 lib.
1257 5566 1311 5604 Iv
1357 5562 1540 5603 contra
1574 5496 1807 5612 Celsum;
1855 5567 1885 5604 a
1918 5551 1975 5607 S.

406 5618 610 5688 Cyrillo
645 5619 917 5692 cateches.
957 5621 1041 5682 l8,
1077 5631 1430 5682 memoratur,
1464 5622 1599 5676 adeo
1631 5632 1686 5675 ut
1718 5622 1829 5676 haec
1860 5628 1980 5692 opi-

413 5692 502 5739 nio
524 5690 833 5744 communis
855 5700 1020 5751 essi-t,
1051 5698 1212 5758 atque
1243 5692 1387 5744 nulla
1414 5692 1796 5761 disquisitione
1819 5690 1976 5746 insti-

411 5766 525 5812 tuta
557 5775 622 5816 cx
646 5763 1004 5831 quorumdam
1038 5770 1245 5814 tantum
1273 5777 1449 5816 rerum
1483 5764 1809 5820 naturalium
1849 5781 1976 5836 gen-

2078 4546 2290 4607 poribus
2329 4544 2394 4599 de
2414 4545 2670 4613 episcopis
2699 4554 2746 4599 et
2782 4544 3021 4599 diaconis
3079 4545 3133 4598 in
3166 4542 3444 4613 Scriptura
3501 4560 3653 4597 men-

2079 4789 2254 4858 tilium
2277 4789 2610 4858 scriptorum
2635 4786 2739 4858 ﬁde
2763 4797 3003 4856 recepta.
3023 4787 3160 4858 Quia
3181 4802 3314 4842 vero
3338 4787 3522 4841 Graeca
3549 4805 3654 4844 vox

2079 4857 2273 4930 φοῖνιξ,
2297 4867 2355 4914 ut
2379 4857 2688 4930 Observavit
2712 4857 3038 4930 Cotelerius.
3080 4857 3349 4930 Latine‘et
3371 4861 3657 4930 unigenam

2080 4926 2246 4992 avem,
2265 4939 2317 4984 et
2338 4931 2571 4999 palmam
2597 4928 2889 4997 signiﬁcat,
2910 4928 3057 4983 locos
3080 4944 3252 4984 sacra:
3275 4926 3572 4998 Scriptura:
3600 4933 3658 4984 in

2079 5001 2280 5071 quibus
2321 5000 2497 5070 φοῖνιξ
2535 4999 2720 5071 Graece
2745 4999 2812 5052 de
2841 4999 3020 5068 palma
3049 5000 3283 5061 dicitur,
3313 4999 3382 5055 de
3410 5001 3536 5053 alite
3570 5002 3658 5055 in-

2079 5070 2467 5142 terpretantes,
2497 5070 2642 5139 quod
2670 5071 2736 5142 de
2766 5071 3152 5142 phmniceave
3175 5079 3458 5142 narratur,
3485 5073 3655 5125 etiam

2082 5141 2492 5212 Scripturaruui
2524 5141 2852 5196 auctoritate
2880 5142 2982 5196 niti
3014 5141 3175 5195 facile
3203 5141 3307 5196 sibi
3360 5157 3658 5211 persuase-

2081 5210 2407 5266 runt‘sancti
2443 5210 2652 5265 Patres.

2152 5283 2263 5353 (η)
2291 5284 2518 5337 Sanctus
2537 5280 2798 5347 Clemens,
2816 5282 3060 5353 templum
3079 5281 3654 5353 Hierosolymitanum,

2079 5352 2193 5406 cum
2219 5355 2494 5422 epistolam
2523 5355 2682 5407 istam
2706 5352 2973 5415 scriberet,
2993 5352 3164 5405 adhuc
3195 5364 3454 5420 superstes
3487 5354 3659 5422 fuisse

2079 5425 2382 5493 signiﬁcare
2418 5423 2657 5487 videtur;
2692 5425 2811 5477 licet
2843 5423 2894 5474 id
2917 5425 3212 5478 necessario
3256 5438 3321 5477 e1:
3345 5424 3458 5492 ejus
3485 5426 3655 5478 verbis

2081 5512 2184 5547 non
2233 5505 2602 5564 consequatur,
2651 5511 2769 5548 cum
2801 5504 2910 5547 tota
2945 5495 3058 5561 ejus
3101 5497 3274 5548 oratio
3323 5496 3656 5562 comparatio

2081 5576 2286 5618 tantum
2309 5566 2399 5621 sit.
2457 5565 2696 5619 Solemus
2727 5575 2902 5618 autem
2934 5566 2988 5617 in
3041 5566 3528 5633 comparationibus
3570 5583 3656 5620 res

2079 5637 2372 5708 prieteritas
2433 5647 2684 5708 tanquam
2736 5646 3016 5704 prementes
3077 5653 3386 5708 proponere.
3427 5636 3652 5708 Fleury,

2087 5707 2224 5762 Hist.
2249 5708 2398 5774 eet-1.,
2430 5715 2561 5761 tom.
2596 5706 2635 5771 l,
2669 5707 2721 5760 in
2755 5708 2928 5761 Clem.
2963 5709 3056 5760 lib.
3092 5723 3148 5772 ll,
3189 5706 3214 5777 §
3246 5708 3332 5763 35.
