3870 6358
208 288 288 345 Nl

1421 284 1761 343 ιδιιοοεωλ
1802 283 2183 343 νΑιυοιιωι.

3325 296 3420 349 ΝΞ

204 408 378 460 tio-snt
430 402 638 471 [actam
656 402 836 473 fuisse.
870 400 992 457 llo:
1018 400 1393 458 contentiones
1422 403 1493 457 ob
1522 400 1755 458 Aaronis
1784 403 1830 460 Α
1858 399 1913 453 in
1960 400 2085 455 ovili
2127 398 2328 455 Christi
2371 418 2560 472 parvos
2605 415 2655 460 et
2698 406 2945 475 probatos
2976 410 3197 463 inveniri
3216 452 3231 475 ,
3260 428 3417 482 quam

202 495 554 554 sacerdotium
582 494 782 567 Moysis
801 501 959 549 atate
985 500 1205 549 exortas
1239 492 1523 559 describit,
1566 500 1621 547 et
1648 492 1753 548 Co-

200 583 414 639 rintbios
434 581 646 651 injuste
673 574 997 653 episcopatu
1038 582 1341 653 privavisse
1370 598 1486 646 eos,
1538 583 1633 655 qui
1685 583 1755 637 ab

199 675 555 746 apostolorum
604 675 1023 731 successoribus
1085 676 1372 731 constituti
1413 674 1650 737 fuerant,
1700 684 1755 730 et

199 779 403 820 munere
460 778 567 820 suo
621 765 899 836 inculpate
948 773 1005 821 et
1046 766 1304 836 praeclare
1362 764 1748 836 iungebantur.

199 856 420 912 Schisma
440 865 698 913 vestrum.
722 858 921 927 inquit,
947 858 1141 913 multos
1174 859 1439 929 pervertit;
1472 858 1666 912 multos
1697 858 1753 911 in

197 948 345 1003 animi
370 947 737 1015 dejectionem,
777 950 971 1003 multos
1022 950 1077 1003 in
1129 950 1539 1013 vocillationem,
1573 966 1751 1005 omnes

196 1058 277 1095 nos
297 1042 347 1094 in
366 1042 641 1094 tristitiam
657 1040 901 1111 coniecit.
929 1041 1127 1112 Turpia
1153 1052 1300 1107 sunt,
1315 1042 1519 1108 dilecti,
1535 1052 1587 1098 et
1602 1043 1753 1099 valde

196 1133 373 1201 turpia,
397 1140 445 1186 et
475 1129 796 1187 Christiana
834 1134 1225 1189 conversatione
1264 1135 1502 1206 indigna,
1550 1135 1749 1201 audiri,

196 1224 536 1293 ﬁrmissimam
603 1233 659 1278 et
712 1224 985 1295 antiquam
1023 1223 1416 1280 Corinthiorum
1459 1226 1750 1281 Ecclesium

196 1326 381 1386 propter
409 1332 575 1369 unum
606 1324 705 1370 aut
722 1316 949 1370 alterum
970 1316 1234 1372 hominem
1260 1328 1447 1373 contra
1484 1319 1750 1391 presbyte-

196 1426 269 1464 ros
294 1408 596 1463 seditionem
621 1426 848 1465 movere.
882 1410 1052 1479 Atque
1104 1411 1150 1465 is
1192 1427 1370 1465 rumor
1398 1430 1501 1467 non
1545 1422 1751 1468 tantum

194 1504 253 1556 ad
285 1519 371 1558 nos
389 1503 651 1571 pervenit;
684 1502 775 1557 sed
797 1503 868 1557 ad
895 1520 982 1559 eos
997 1520 1218 1575 quoque,
1242 1504 1385 1575 quia
1407 1505 1556 1561 nobis
1590 1507 1752 1563 alieni

193 1603 300 1649 sunt
326 1596 499 1649 animo
529 1604 582 1649 et
612 1596 910 1660 sententia;
938 1596 1067 1651 adeo
1100 1606 1156 1650 ut
1180 1608 1394 1666 propter
1422 1608 1646 1653 vestram
1667 1600 1751 1654 in-

194 1689 489 1756 sipientiam,
514 1689 687 1744 etiam
720 1690 1057 1759 blasphemia:
1076 1698 1127 1744 et
1154 1690 1389 1745 convicia
1414 1694 1613 1747 nomini
1640 1693 1742 1747 Do-

196 1780 304 1834 mini
328 1780 650 1850 inferantur.
683 1781 1005 1850 Auferamus
1035 1781 1195 1852 igitur
1217 1782 1455 1836 celeriter
1476 1782 1572 1838 hoc
1593 1801 1749 1839 scan-

192 1869 373 1935 dalum,
404 1881 456 1925 et
504 1870 745 1925 Domino
773 1871 1078 1927 accidamus
1106 1882 1156 1926 et
1181 1871 1514 1943 plangamus,
1538 1884 1746 1930 orantes

193 1977 295 2015 una
332 1969 411 2026 ut,
443 1963 716 2032 propitius
754 1963 948 2031 factus,
983 1964 1347 2018 reconcilietur
1393 1964 1543 2021 nobis
1594 1977 1748 2038 atque

194 2052 243 2104 in
262 2054 492 2107 decoram
513 2064 567 2115 et
590 2063 805 2109 castam
820 2055 1048 2125 fraterni
1069 2056 1269 2110 amoris
1301 2056 1439 2110 viam
1466 2074 1559 2113 nos
1592 2057 1748 2112 redu—

191 2152 265 2195 cat
276 2153 325 2197 et
348 2144 614 2200 restituat.

248 2236 531 2293 Charitatis
556 2237 765 2295 deinde
792 2238 984 2296 laudes
1003 2240 1370 2312 persequitur,
1397 2256 1518 2297 eam
1544 2239 1747 2313 Moysis

192 2326 250 2380 ad
274 2327 437 2381 instar
465 2328 875 2385 commendem
893 2370 910 2394 ,
938 2331 1033 2402 qui
1065 2347 1095 2387 e
1125 2332 1265 2387 libro
1294 2332 1419 2387 vitae
1446 2331 1618 2388 deleri
1649 2347 1747 2387 cu-

193 2415 385 2485 piebat,
413 2417 459 2473 si
490 2418 705 2489 populo
732 2434 833 2475 suo
858 2421 1073 2477 veniam
1097 2436 1209 2477 non
1235 2422 1616 2495 impetrasset;
1648 2424 1747 2479 do-

192 2517 394 2579 cetque,
441 2525 551 2579 qua
600 2511 827 2567 ratione
874 2511 1018 2567 inter
1066 2513 1216 2583 ipsos
1274 2515 1482 2570 servari
1529 2518 1743 2587 possit;

190 2601 367 2670 quibus
399 2603 696 2671 gentilium
743 2603 989 2674 ipsorum
1031 2605 1341 2676 exemplum
1390 2606 1743 2677 superaddit,

188 2692 271 2762 qui
318 2693 384 2747 ob
428 2694 723 2764 publicam
766 2697 1053 2751 utilitatem
1095 2704 1327 2753 mortem
1378 2705 1544 2769 atque
1594 2699 1746 2756 exsi-

190 2782 305 2837 lium
327 2783 561 2841 subiere.
587 2783 873 2841 Fraternae
893 2786 1055 2841 etiam
1080 2787 1435 2845 correctionis
1455 2788 1745 2845 utilitatem

188 2883 607 2942 commemorat,
644 2874 977 2947 subditque:
1022 2876 1125 2931 Vos
1161 2893 1317 2949 ergo,
1347 2879 1440 2949 qui
1467 2878 1745 2934 seditionis

189 2964 510 3033 {Indumenta
532 2968 787 3040 jecistis,
816 2969 1015 3024 subditi
1037 2979 1205 3025 estote
1240 2970 1561 3042 presbyteris
1598 2981 1651 3027 et
1689 2973 1746 3025 in

1855 492 2025 546 altum
2052 494 2311 562 sapientes
2340 510 2367 548 e
2398 510 2483 564 spe
2511 497 2659 552 illius
2687 499 2829 568 ejici.
2858 499 3075 554 Claudit
3095 502 3376 571 epistolam
3396 542 3420 571 ,

1855 580 2025 638 Deum
2054 599 2253 648 orans,
2287 592 2345 639 ut
2374 601 2470 656 per
2498 585 2560 640 D.
2596 586 2660 641 N.
2695 587 2745 643 J.
2777 586 3060 645 Christum
3094 591 3202 646 illis
3230 591 3321 648 det
3356 593 3422 649 ll-

1853 676 1976 733 dem
1997 716 2013 742 ,
2060 676 2312 733 timorem
2335 718 2351 743 ,
2401 694 2590 749 pacem
2613 720 2629 741 .
2675 682 2994 750 patientiam
3018 723 3032 747 ,
3084 692 3421 757 ceterasque

1854 768 2086 825 virtutes
2108 808 2125 835 ,
2157 771 2401 842 petitque
2432 780 2491 825 ut
2524 771 2814 828 Claudium
2838 815 2852 839 ,
2902 773 3180 845 Ephehum
3200 816 3215 841 ,
3261 777 3423 835 Vale-

1853 861 1995 917 sium
2011 869 2065 919 et
2075 860 2455 932 Fortunatum,
2468 866 2710 935 epistolae
2733 866 2895 936 hujus
2919 868 3250 933 tabellarios,
3269 870 3419 928 brevi

1853 963 1908 1009 et
1937 971 2061 1011 cum
2092 956 2295 1027 gaudio
2325 958 2639 1021 remittant,
2679 966 2738 1013 ut
2776 960 2941 1014 citius
2962 1001 2976 1023 ,
3014 961 3225 1033 inquit,
3261 972 3418 1033 cpta-

1853 1046 2017 1102 bilem
2056 1048 2323 1118 nobisque
2360 1047 2883 1106 desideratissimam
2938 1066 3126 1121 pacem
3176 1068 3247 1108 ac
3284 1068 3418 1108 con-

1851 1138 2092 1195 cordiam
2118 1140 2469 1196 annuntient.

2026 1292 2276 1365 Analysis
2312 1294 2551 1365 epistola;
2582 1295 2827 1349 secunda:
2856 1295 2924 1351 Ι).
2957 1295 3241 1352 Clementis

2418 1365 2487 1417 ad
2518 1363 2841 1420 Corinthios.

1923 1496 1980 1552 In
2016 1498 2186 1554 altera
2209 1499 2276 1554 ad
2299 1500 2615 1559 Corinthios
2649 1502 2908 1574 epistola,
2936 1503 3038 1557 sibi
3063 1506 3413 1575 proposuisse

1851 1593 2067 1648 videtur
2104 1602 2331 1649 sanctus
2368 1594 2658 1660 Clemens,
2701 1604 2762 1651 ut
2795 1595 3112 1653 Corinthios
3147 1597 3215 1652 ad
3249 1598 3413 1653 vitam
3442 1648 3443 1651 η

1852 1700 2097 1755 ipsorum
2142 1687 2429 1743 vocatione
2472 1688 2691 1757 dignam
2732 1687 3034 1743 ducendam
3082 1689 3414 1745 hortaretur.

1851 1778 2032 1843 Quare
2063 1776 2168 1833 sub
2202 1778 2379 1849 ipsum
2409 1779 2623 1833 initium
2657 1780 2852 1845 docet,
2896 1796 2991 1837 eos
3035 1782 3102 1838 de
3147 1783 3412 1846 Christo,

1848 1880 2109 1941 tanquam
2147 1871 2215 1927 de
2254 1870 2364 1927 Deo
2400 1872 2603 1928 sentire
2639 1888 2854 1943 (equum
2892 1890 3050 1937 esse,
3106 1882 3161 1929 et
3204 1886 3409 1945 quanta

1846 1963 2021 2019 eidem
2049 1964 2311 2029 debeant,
2342 1972 2504 2035 atque
2535 1980 2697 2035 quam
2728 1974 2913 2036 gratos
2952 1982 3011 2021 se
3042 1966 3120 2021 illi
3151 1968 3411 2023 exhibere

1847 2063 2133 2126 Oporteat,
2177 2057 2324 2127 quod
2366 2072 2462 2113 eos
2504 2057 2573 2113 ad
2626 2058 2898 2129 Evangelii
2945 2058 3119 2114 lucem
3161 2060 3411 2126 vocarit,

1847 2155 2060 2219 gratum
2110 2164 2238 2204 vero
2270 2149 2515 2207 animum
2562 2165 2673 2204 non
2724 2150 2894 2207 solam
2944 2151 3246 2206 divinitatis
3294 2152 3414 2220 ejus

1847 2238 2239 2310 professionem
2270 2240 2449 2310 palam
2482 2240 2693 2296 edendo
2722 2241 2942 2311 probari
2970 2242 3077 2307 ait,
3109 2241 3203 2296 sed
3232 2242 3414 2312 potius

1846 2342 2242 2403 praceptorum
2273 2333 2393 2402 ejus
2420 2334 2563 2388 viam
2596 2332 2971 2404 ingrediendo.
3022 2331 3221 2386 Subdit
3242 2372 3257 2395 ,
3306 2332 3411 2386 ho-

1845 2424 2014 2480 minis
2047 2425 2212 2479 vitam
2244 2426 2301 2481 in
2330 2426 2440 2480 duo
2471 2434 2747 2497 tempora,
2778 2427 2894 2481 sive
2925 2426 3125 2480 saecula
3169 2424 3311 2478 inter
3352 2440 3415 2480 se

1846 2515 2064 2570 diversa
2092 2516 2323 2571 divisam
2348 2532 2505 2583 esse,
2529 2532 2770 2587 przesens
2808 2533 2974 2571 unum
2996 2556 3011 2580 ,
3053 2516 3294 2569 futurum
3334 2514 3417 2568 al-

1846 2615 2056 2673 terum,
2106 2623 2228 2679 qua:
2275 2608 2540 2680 quasdam
2588 2609 2755 2664 veluti
2806 2608 3123 2663 inimicitias
3179 2606 3411 2661 invicem

1845 2709 2137 2769 exercent;
2165 2702 2319 2773 prius
2364 2703 2573 2758 scelera
2621 2709 2785 2772 atque
2821 2700 3026 2771 ﬂagitia
3069 2700 3412 2770 praedicare;

1847 2795 2120 2865 posterius
2144 2794 2230 2849 his
2262 2794 2518 2850 omnibus
2546 2794 2800 2848 nuntium
2830 2793 3105 2848 remittere
3131 2810 3146 2859 ;
3171 2806 3413 2862 praesens

1846 2886 2106 2941 saeculum
2133 2886 2471 2957 ptenitentiae
2496 2886 2828 2943 destinatum
2849 2924 2866 2951 ,
2902 2893 3065 2955 atque
3100 2884 3200 2940 Dei
3232 2886 3327 2941 ire
3357 2891 3414 2939 et

1846 2978 2017 3034 futuri
2062 2978 2249 3035 seculi
2301 2978 2583 3050 suppliciis
2638 2978 2959 3049 eﬂ'ugiendis
3010 2986 3197 3051 aptum
3247 2994 3410 3047 esse,

186 3060 523 3127 penitentiam
551 3062 896 3133 eorripimini
916 3076 937 3118 :
969 3064 1155 3120 melius
1182 3064 1443 3135 siquidem
1482 3065 1626 3122 vobis
1664 3074 1742 3121 est
1767 3108 1812 3164 Ο
1846 3072 2007 3143 cujus
2038 3071 2184 3129 diem
2214 3079 2377 3142 atque
2404 3079 2619 3143 tempus
2649 3071 2866 3142 penitus
2896 3072 3235 3143 ignoramus.

1612 3296 1960 3318 ——-

1450 3444 1833 3537 CAPUT
1918 3449 2111 3536 III.

984 3665 1049 3727 S.
1112 3663 1565 3727 CLEMENTIS
1598 3665 1917 3729 ROMANI
1948 3668 2214 3730 OPERA
2266 3665 2529 3744 ΒΗΜΛ.

254 3832 613 3897 Atmccws
672 3851 920 3895 umens.
953 3866 1029 3878 —
1062 3831 1233 3909 Quid
1272 3830 1345 3892 de
1380 3829 1623 3893 duabus
1685 3829 2023 3894 Clementis
2054 3831 2136 3894 ad
2164 3835 2443 3913 virgines
2487 3834 2776 3914 epistolis
2805 3836 2891 3896 sit
2913 3832 3324 3913 sentiendum.

245 4153 366 4221 Quis
388 4154 599 4221 primus
624 4151 723 4207 ltus
752 4149 1004 4222 epistolas
1032 4148 1303 4209 detexerit.
1326 4182 1396 4192 —
1416 4150 1740 4222 Nuperrime

180 4260 229 4301 v.
259 4246 324 4301 cl.
350 4244 601 4301 Joannes
638 4242 875 4298 Jacobus
931 4240 1269 4298 Wetstenius
1309 4242 1573 4313 (13)duas
1602 4242 1737 4297 alias

181 4337 417 4407 produxit
448 4335 638 4392 sancti
670 4334 967 4389 Clementis
995 4332 1227 4387 Romani
1272 4333 1562 4402 epistolas,
1607 4332 1742 4387 hac-

179 4435 326 4484 tenus
367 4430 636 4483 omnibus
680 4426 986 4497 incognitas
1005 4465 1021 4491 ,
1050 4440 1192 4496 quas
1220 4426 1367 4481 velut
1397 4425 1643 4481 sinceros
1673 4424 1737 4480 D.

178 4519 457 4577 Clementis
492 4521 645 4576 fetus
673 4518 893 4589 agnovit
923 4518 995 4573 cl.
1043 4518 1242 4583 editor,
1290 4532 1353 4572 ac
1392 4534 1491 4588 pro
1531 4518 1741 4574 viribus

178 4610 337 4667 eidem
365 4627 625 4669 asserere
646 4617 732 4665 est
761 4625 1072 4680 aggressus.
1104 4608 1306 4664 Verum
1335 4610 1473 4665 duos
1501 4626 1610 4681 prae
1637 4625 1742 4665 cte-

175 4708 295 4759 teris
321 4706 471 4761 viros
502 4704 658 4759 haud
691 4704 993 4759 incelebres
1022 4710 1220 4758 nactus
1246 4710 1331 4759 est
1360 4703 1735 4759 adversarios:

175 4794 394 4851 alterum
447 4797 682 4868 quidem
741 4795 1130 4851 Nathanaelem
1186 4794 1527 4851 Lardnerum
1561 4837 1576 4861 ,
1640 4796 1737 4863 qui

175 4899 305 4940 anno
336 4888 477 4943 1753
506 4888 952 4943 dissertationem
994 4886 1065 4940 60
1097 4887 1419 4958 paginarum
1452 4884 1595 4940 in-8'
1626 4883 1737 4938 An-

178 4978 300 5047 glice
346 4978 590 5037 Londini
638 4980 849 5047 edidit;
899 4980 1257 5051 pluribusque
1306 4980 1363 5033 in
1407 4979 1737 5033 contrariam

177 5074 487 5128 sententiam
525 5071 814 5138 adductis,
849 5072 905 5126 in
934 5086 1053 5127 eam
1082 5071 1305 5127 tandem
1348 5070 1763 5141 cogitationem.

177 5162 379 5220 devenit
399 5206 415 5229 ,
449 5166 559 5220 has
590 5164 851 5219 nimirum
880 5163 1141 5235 epistolas
1170 5163 1321 5219 circa
1350 5162 1589 5217 medium
1632 5176 1736 5216 ste-

176 5256 274 5312 culi
298 5258 443 5314 tertii
463 5259 536 5314 ab
557 5257 817 5328 episcopo
832 5254 1129 5312 Orientalis
1152 5254 1410 5311 Ecclesia:
1427 5253 1597 5309 fuisse
1616 5267 1740 5324 pcr-

239 5506 347 5573 (13)
384 5505 446 5561 ln
484 5504 641 5560 Novo
676 5503 1027 5559 Testamento
1048 5499 1239 5557 Greco
1262 5514 1387 5557 cum
1409 5498 1734 5573 lectionibus

173 5570 545 5645 variantibus,
571 5574 966 5631 commentario
992 5573 1240 5645 pleniore
1266 5588 1349 5645 ex_
1363 5570 1731 5645 scriptoribus

177 5644 407 5771 gleibtzzis
437 5687 455 5715 ,
495 5644 705 5702 Gracia
750 5653 804 5701 et
838 5640 1070 5707 Latinis,
1132 5640 1538 5699 Amstaelodami
1589 5640 1721 5696 1751

1849 4148 2085 4219 scriptas
2115 4147 2259 4219 (l4);
2285 4145 2516 4201 alterum
2558 4160 2684 4199 vero
2718 4142 3088 4200 llermannum
3134 4145 3409 4215 Venema,

1843 4241 1938 4312 qui
1969 4255 2114 4294 anno
2146 4240 2472 4309 insequente
2503 4237 2664 4303 1754,
2711 4236 2985 4309 Harlingae
3026 4240 3263 4312 vulgatis
3303 4244 3409 4298 ιι-ί-

1844 4334 1946 4388 bus
1976 4331 2262 4401 epistolis,
2293 4329 2430 4387 viris
2459 4330 2784 4385 clarissimis
2813 4329 3212 4404 Wesselingio,
3242 4334 3411 4391 Hem-

1844 4423 2143 4488 sterhusio,
2176 4430 2233 4478 et
2264 4420 2663 4491 Cannegietero
2694 4421 2978 4493 inscriptis
2997 4464 3012 4488 ,
3040 4425 3263 4482 easdem
3292 4428 3412 4499 epio

1788 4514 1795 4526 “
1845 4514 2017 4571 stolas
2064 4512 2437 4568 Clementinas
2480 4512 2865 4582 supposititias
2892 4528 3014 4569 esse
3046 4515 3195 4570 omni
3230 4518 3412 4572 studio

1843 4612 2127 4668 contendit
2160 4612 2450 4677 evincere;
2486 4610 2541 4664 in
2574 4609 2643 4664 iis
2672 4610 2817 4664 enim
2851 4609 2994 4663 inter
3036 4610 3141 4663 alia
3182 4609 3243 4665 D.
3276 4610 3410 4667 Hie-

1843 4702 2055 4774 ronymi
2086 4702 2286 4773 stylum
2314 4700 2418 4755 sibi
2443 4700 2755 4755 suboluisse
2780 4699 2956 4753 innuit
2982 4698 3192 4769 (l5).Et
3212 4716 3407 4771 quam-

1841 4795 1925 4849 vis
1950 4795 2020 4850 de
2050 4803 2271 4849 auctore
2299 4807 2364 4847 ac
2393 4802 2669 4862 tempore,
2711 4807 2821 4862 quo
2860 4791 3088 4855 vixerit,
3134 4792 3271 4846 nihil
3313 4792 3409 4848 de.

1841 4885 2033 4953 ﬁniat;
2072 4900 2197 4941 eum
2238 4893 2421 4940 tamen
2463 4883 2632 4940 fuisse
2662 4883 3025 4945 Orientalem,
3057 4898 3167 4938 non
3208 4883 3410 4939 Roma.

1842 4994 2009 5041 num,
2049 4985 2102 5033 et
2140 4975 2371 5044 Origene
2410 4991 2626 5046 quoque
2664 4975 3018 5044 posteriorem
3056 4976 3238 5046 arguit
3269 4976 3405 5047 (16).

1845 5068 2079 5140 Utrique
2111 5072 2295 5124 statim
2328 5066 2612 5137 respondit
2653 5063 3026 5128 Wetstenius,
3060 5065 3404 5137 iterumque,

1841 5176 1980 5233 quas
2006 5159 2182 5216 edidit
2203 5159 2484 5229 epistolas,
2514 5156 2688 5228 magis
2708 5156 2989 5227 magisque
3005 5155 3271 5215 Clementi
3293 5158 3409 5213 Ro-

1839 5266 2002 5307 mano
2048 5250 2387 5306 vindicavit:
2438 5248 2716 5303 Lardnero
2744 5247 2963 5318 quidem
3004 5249 3059 5304 in
3100 5248 3283 5307 Diario
3311 5253 3407 5307 lit-

1908 5496 2022 5568 (11)
2061 5492 2426 5568 Lardner,_4
2471 5490 2816 5568 dissertet-ian
2853 5503 3013 5568 upon
3031 5489 3116 5568 tlte
3149 5483 3404 5568 twongpi.

1838 5559 1961 5623 suis
1996 5559 2232 5621 ascribed
2257 5574 2308 5617 to
2338 5561 2575 5619 Clement
2628 5561 2689 5629 of
2715 5561 2872 5629 Rome
2894 5599 2907 5619 .
2944 5560 3033 5624 '57,
3058 5560 3127 5615 54
3155 5567 3209 5613 et
3236 5559 3326 5613 57.

1910 5639 2022 5707 (15)
2061 5636 2299 5692 Venema
2326 5675 2341 5696 ,
2372 5633 2534 5707 epist.
2556 5632 2638 5707 ﬁ,
2663 5628 2698 5701 ς
2724 5630 2815 5695 27,
2853 5628 2881 5699 §
2911 5629 3000 5684 89.

1910 5695 2021 5782 (l6)
2060 5707 2237 5771 Idem,
2267 5720 2353 5775 ep.
2386 5695 2450 5771 3,
2486 5702 2514 5773 §
2552 5702 2616 5757 l6
2644 5695 2699 5759 et
2726 5695 2902 5769 seqq},
2936 5713 3058 5772 pag.
3096 5695 3219 5753 HQ.
