3870 6358
204 315 297 374 με

1412 315 1753 375 ΡΒΟαΞΜΙΔ
1793 315 2171 375 VARIORUM.

3336 323 3437 378 NG

200 430 594 505 apostolicum,
616 431 712 487 sed
731 432 1116 488 monasticam.
1143 427 1380 486 Econtra
1436 431 1771 491 Wetstenius
1801 442 1845 497 Α
1872 432 2106 504 Paganis
2133 447 2288 487 sacra
2320 432 2612 504 pmlegant
2644 440 2739 489 aut
2770 441 3065 505 exponant,
3105 436 3328 492 ludibrii
3360 440 3440 493 vi-

200 527 293 580 hoc
320 524 508 593 ipsum
553 534 937 595 argumentum
985 539 1084 594 pro
1121 521 1417 578 astruenda
1458 526 1772 596 γνησιότητι

197 616 429 679 adhibet,
464 617 567 686 qui
592 616 923 686 hancipsam
951 617 1296 673 severitatem
1321 619 1373 673 in
1404 631 1570 674 causa
1596 618 1769 687 ponit,

197 722 287 760 cur
306 705 641 777 refrigerato
685 707 973 762 caelibatus
1014 706 1215 769 studio,
1248 707 1601 777 immissaque
1631 707 1774 762 inter

197 799 419 854 clericos
445 814 678 869 quoque
721 800 958 865 luxuria,
991 797 1181 853 tandiu
1213 800 1462 872 epistola:
1493 800 1598 855 ille
1638 800 1774 857 deli-

197 890 406 945 tueriut.

256 982 444 1037 Ambae
475 982 565 1037 hae
598 984 847 1053 epistola:
892 987 1198 1053 argumenti
1244 993 1373 1042 sunt
1406 985 1629 1042 ascetici
1671 1001 1773 1041 nec

196 1074 439 1138 multum,
463 1077 624 1145 quod
657 1077 727 1131 ad
750 1077 1033 1145 doctrinm,
1058 1090 1150 1133 aut
1172 1080 1435 1145 historiae,
1469 1087 1563 1134 aut
1601 1079 1771 1135 disci-

194 1165 346 1234 plina:
403 1182 638 1238 quoque
690 1169 1079 1225 ecclesiasticae
1132 1170 1399 1225 rationem
1457 1170 1773 1226 accuratius

196 1259 606 1329 percipiendam
670 1277 1002 1333 magnopere
1068 1261 1246 1328 facit,
1307 1263 1769 1334 complectuntur.

192 1349 361 1405 Prima
389 1354 656 1410 continet
686 1354 898 1411 laudem
929 1358 1221 1420 castitatis,
1249 1357 1462 1414 scilicet
1488 1355 1773 1427 virginita-

192 1443 276 1507 tis,
310 1458 629 1516 veramque
660 1446 950 1513 rationem,
983 1464 1108 1503 cum
1148 1450 1349 1503 virtute
1386 1449 1771 1519 conjunctam;

192 1536 349 1591 altera
375 1539 644 1595 eamdem
676 1540 925 1611 pluribus
954 1541 1189 1596 illustrat
1214 1541 1499 1611 exemplis,
1538 1540 1775 1594 maxime

194 1626 354 1698 ipsius
383 1631 672 1695 auctoris,
709 1632 1047 1703 aliorumque
1091 1632 1194 1703 ipsi
1228 1632 1511 1697 similium,
1539 1646 1773 1702 quorum

201 1718 308 1789 fuga
334 1728 388 1775 et
416 1720 769 1777 abstinentia
794 1738 825 1777 a
846 1722 1062 1779 feminis
1091 1738 1288 1795 magna
1310 1738 1440 1780 sane
1461 1732 1515 1779 et
1541 1722 1774 1780 sollicita

1877 524 2025 579 tandi
2058 540 2244 581 causa.

1946 614 2147 669 Earum
2180 616 2443 682 primitiva
2484 613 2995 685 lingua.-—Versio
3042 619 3258 675 illarum
3305 621 3441 675 sim-

1875 707 1996 777 plex
2043 715 2127 763 est
2175 714 2229 763 et
2283 707 2485 771 ﬁdelis,
2523 722 2699 776 neque
2731 715 2914 765 tamen
2950 709 3175 780 Syriaco
3196 710 3440 765 idiomati

1873 800 1949 855 ita
1988 800 2201 865 similis,
2236 807 2295 855 ut
2330 810 2422 855 aut
2462 803 2846 872 perspicuitas,
2878 810 2972 857 aut
3004 803 3201 873 linguae
3239 802 3444 861 Latina

1874 893 2085 963 puritas
2100 893 2307 949 laboret
2340 910 2353 947 :
2377 897 2522 965 quod
2541 904 2721 949 tamen
2745 896 2987 968 magisin
3002 895 3172 950 altera
3189 896 3437 966 epistola,

1874 988 2151 1041 nescimus
2174 1002 2283 1056 quo
2304 1002 2456 1051 casu,
2485 986 2709 1055 factum,
2736 997 2794 1044 ut
2832 992 2899 1044 ad
2922 989 3147 1043 verbum
3179 988 3443 1042 translata

1874 1080 2077 1143 omnia,
2104 1076 2467 1134 Schmidiana:
2488 1078 2784 1135 Bibliorum
2801 1078 3039 1135 versioui
3062 1087 3246 1135 essent
3270 1079 3443 1135 simil-

1873 1170 2036 1237 lima;
2075 1169 2221 1241 quod
2260 1179 2437 1227 tamen
2469 1172 2675 1228 crebris
2707 1172 2813 1228 illis
2844 1170 2911 1225 ad
2947 1169 3247 1241 Scriptura
3270 1185 3443 1226 sacrm

1873 1262 1993 1317 loca
2023 1262 2383 1320 allusionibus
2412 1266 2597 1319 datum
2642 1262 2876 1319 videtur.
2926 1262 3215 1331 Caeterum,
3258 1262 3447 1320 Grece

1876 1355 2111 1425 scriptas
2131 1354 2388 1425 primitus
2408 1356 2554 1426 quod
2588 1356 2848 1426 epistolas
2886 1364 3040 1427 putat
3087 1353 3441 1417 Wetstenius.

1873 1464 1904 1505 e
1933 1447 2137 1504 Graecis
2166 1449 2467 1513 vocabulis,
2505 1464 2628 1519 quae
2667 1449 2741 1503 ibi
2776 1450 2968 1503 crebra
3010 1449 3298 1518 leguntur;
3340 1447 3445 1501 La-

1875 1542 1987 1597 tine
2016 1541 2251 1611 scriptas
2288 1556 2388 1595 cur
2408 1542 2591 1598 dicere
2639 1557 2749 1597 non
2787 1541 3111 1613 possemus?
3139 1556 3264 1596 cum
3299 1539 3447 1593 Lati-

1875 1647 2007 1687 num
2028 1632 2357 1688 vocabulum
2379 1632 2572 1703 seligo,
2595 1633 2855 1689 saeculum
2888 1631 3046 1686 initio
3063 1631 3305 1700 epistolae
3337 1631 3451 1699 pri-

1876 1739 1977 1777 ma:
2006 1723 2398 1779 invenerimus.
2445 1722 2584 1777 Nam
2627 1722 2911 1793 complura
2940 1737 2972 1778 e
3002 1719 3190 1776 Gnaeo
3212 1722 3268 1775 in
3307 1720 3451 1775 hanc

202 1811 546 1880 lescribitur,
580 1815 738 1871 nullo
760 1825 817 1871 ut
840 1816 959 1871 loco
981 1826 1262 1873 morentur
1284 1823 1378 1872 aut
1406 1817 1771 1882 diversentur,
1804 1798 1847 1854 Β
1876 1816 2115 1886 linguam
2132 1814 2441 1880 transiisse,
2472 1815 2561 1871 vel
2582 1830 2645 1872 ex
2662 1812 2815 1869 Novo
2835 1812 3182 1870 Testamento
3204 1821 3446 1883 apparet.

202 1903 278 1956 ,ιὺὶ
304 1912 395 1957 aut
441 1906 598 1960 nulli
627 1906 755 1971 viri,
795 1915 890 1962 aut
911 1904 1114 1963 femina
1141 1910 1303 1963 unica
1343 1909 1436 1972 sit,
1468 1923 1642 1978 eaque
1680 1908 1778 1963 ab-

204 1998 441 2053 stinentia
464 1998 873 2070 prophetarum
896 2015 1048 2072 paene
1067 2003 1313 2058 omnium
1334 2003 1600 2072 exemplis
1618 2016 1775 2055 com-

204 2088 504 2147 mendatur.
560 2089 857 2149 Monentur
893 2093 1091 2159 etiam,
1126 2094 1195 2149 ad
1244 2109 1385 2165 quos
1440 2093 1653 2158 scribit,
1707 2108 1777 2153 ne

1877 1907 2143 1964 Exaratas
2159 1905 2381 1978 quidem
2404 1906 2641 1963 fortasse
2662 1907 2833 1963 fuisse
2857 1921 2967 1962 non
2988 1906 3146 1976 longe
3172 1920 3203 1960 a
3219 1902 3452 1961 Neronis

1876 1998 2050 2065 obitu,
2075 1998 2204 2052 dum
2236 1996 2478 2053 Ecclesia
2514 1998 2809 2069 tranquilla
2832 2010 2967 2069 pace
2998 1994 3293 2059 frueretur,
3321 2009 3452 2050 cen-

1878 2098 1962 2146 set
1985 2089 2307 2147 Gallandius
2339 2088 2474 2161 (27).

1672 2321 2009 2338 ψ

1504 2436 1883 2571 CAPUT
1956 2469 2126 2560 1v.

436 2702 551 2763 DE
587 2703 1156 2767 SUPPOSITITIIS
1185 2704 1247 2765 S.
1280 2704 1735 2766 CLEMENTIS
1780 2702 2064 2764 NOMEN
2103 2701 2783 2763 PREFERENTIBUS
2837 2700 3212 2762 SCRIPTIS.

270 3040 483 3096 Przter
526 3038 784 3095 laudatas
835 3039 1101 3096 hactenus
1146 3040 1429 3111 epistolas,
1475 3041 1644 3096 multa
1673 3040 1782 3096 alia
1807 3046 1852 3107 ο
1884 3041 2163 3111 explorata
2196 3046 2281 3093 est
2311 3037 2557 3108 epistola:
2584 3038 2750 3107 hujus
2798 3035 3032 3100 falsitas,
3066 3034 3211 3104 quod
3241 3048 3359 3089 eam
3390 3033 3452 3089 D.

207 3135 300 3191 sub
310 3134 622 3191 Clementis
634 3132 864 3189 Romani
883 3134 1100 3189 nomine
1117 3134 1579 3189 circumferuntur
1593 3149 1779 3206 opera:

209 3244 395 3298 nempe
420 3226 673 3296 quinque
706 3225 774 3279 ad
820 3226 1067 3281 diversos
1096 3226 1361 3297 epistolae,
1413 3228 1648 3283 homilia:
1680 3244 1784 3284 no-

210 3328 538 3394 vemdecim,
569 3326 758 3382 decem
787 3310 909 3377 libri
938 3314 1389 3389 Recognitionum,
1414 3320 1539 3367 octo
1577 3306 1791 3362 Consti-

212 3422 479 3473 tutionam
508 3415 947 3487 apostolicarum,
991 3407 1238 3478 Liturgia
1282 3415 1338 3460 et
1378 3402 1619 3459 Canones
1658 3414 1786 3468 apo-

210 3514 507 3574 uotorum;
529 3525 654 3577 quae
679 3506 863 3561 omnia
894 3500 1110 3569 collegit
1145 3498 1383 3553 Joannes
1413 3493 1655 3561 Baptista
1684 3491 1787 3546 Co—

208 3593 459 3657 telerius,
508 3590 775 3648 Sorbonae
820 3593 1033 3658 doctor,
1081 3601 1134 3650 et
1178 3595 1620 3652 adnotationibus
1663 3597 1787 3652 illu—

207 3695 384 3741 strata
400 3684 590 3743 Graece
612 3694 667 3743 et
688 3685 877 3744 Latine
905 3689 1048 3744 inter
1068 3687 1257 3745 Patres
1289 3690 1619 3759 apostolicos
1641 3706 1787 3746 anno

212 3778 352 3833 1672
383 3780 577 3835 edidit.

770 3916 1165 3974 ARTlCULUS
1203 3918 1244 3975 l.

352 4046 422 4087 DE
460 4047 693 4096 QUINQUE
734 4048 1317 4090 PSEUDO'CLEIENTINIS
1340 4049 1645 4091 EPISTOLIS.

278 4145 482 4200 Mirum
532 4152 618 4200 est
648 4145 781 4199 viris
820 4144 1159 4202 doctissimis
1204 4145 1499 4212 Turriauo,
1553 4146 1713 4201 Binio
1734 4154 1790 4201 et

211 4238 548 4309 quibusdam
581 4238 704 4292 aliis
737 4238 792 4291 in
835 4246 1000 4293 tantae
1028 4238 1359 4295 eruditionis
1401 4238 1791 4295 ecclesiasticae

211 4332 334 4386 iure
369 4331 593 4402 probari
629 4332 874 4401 potuisse
905 4330 1004 4387 bas
1032 4333 1274 4402 quinque
1313 4332 1574 4402 epistolas
1602 4332 1792 4388 decre-

1885 3134 2137 3188 Clemens
2169 3138 2291 3203 post
2325 3131 2635 3201 passionem
2666 3128 2810 3185 Petri
2834 3129 2900 3183 ad
2920 3126 3181 3182 Iacobum
3218 3128 3459 3182 scribere

1886 3224 2141 3296 ﬁngitur;
2169 3239 2331 3293 quem
2354 3230 2480 3277 ante
2501 3221 2723 3277 Petrum
2754 3222 2960 3277 obiisse
2989 3219 3310 3275 indubitatis
3340 3236 3456 3275 mo-

1886 3316 2161 3371 numentis
2192 3323 2378 3369 notum
2403 3314 2655 3370 habetur.
2684 3313 2819 3367 Nam
2840 3311 3102 3367 Iacobum
3128 3328 3273 3367 anno
3300 3312 3459 3368 Chri-

1887 3408 1957 3463 sti
1985 3407 2056 3463 62
2108 3423 2139 3462 a
2168 3405 2371 3464 Iudaeis
2393 3408 2638 3463 occisum
2667 3421 3034 3470 esse,.omnes
3076 3406 3412 3461 conveniunt
3440 3427 3454 3462 :

1886 3497 2107 3553 Petrum
2142 3505 2320 3553 autem
2351 3498 2519 3568 aliqui
2547 3512 2692 3552 anno
2731 3497 2821 3561 65,
2854 3498 3039 3569 plures
3065 3512 3209 3551 anno
3236 3497 3327 3559 66,
3365 3498 3458 3552 alii

1888 3599 2068 3647 autem
2095 3590 2166 3647 68
2204 3599 2299 3647 aut
2327 3592 2417 3657 67,
2446 3592 2580 3646 nulli
2604 3606 2735 3647 sane
2758 3599 2885 3648 ante
2906 3592 2975 3647 65
3004 3607 3209 3647 annum
3238 3608 3458 3662 passum

1887 3682 2224 3739 existimant.

1960 3773 2211 3830 Secunda
2225 3776 2473 3832 eumdem
2503 3785 2751 3830 sanctum
2765 3773 3028 3831 Iacobum
3058 3775 3126 3831 de
3155 3789 3463 3831 sacramen-

1891 3867 1984 3932 tis,
2011 3866 2257 3922 vestibus
2298 3874 2354 3920 et
2396 3867 2545 3923 vasis
2582 3867 2755 3923 sacris
2800 3866 3055 3931 instruit;
3079 3866 3226 3935 quod
3272 3882 3461 3921 verum

1891 3959 2223 4014 Clementem
2265 3957 2369 4011 sibi
2405 3972 2695 4027 arrogasse
2737 3958 2793 4012 in
2823 3957 3154 4028 apostolum,
3186 3956 3312 4027 quis
3340 3973 3461 4012 cre-

1890 4051 2020 4107 dat?
2056 4047 2239 4103 Tertia
2263 4048 2407 4102 inter
2433 4051 2571 4102 alios
2596 4049 2759 4103 etiam
2792 4047 3132 4119 principibus
3160 4048 3459 4118 majoribus

1890 4152 1944 4199 et
1964 4138 2288 4204 minoribus,
2319 4156 2419 4196 ceu
2457 4141 2570 4212 jam
2600 4140 2817 4195 Christo
2853 4140 3181 4212 aggregatis,
3206 4141 3460 4197 inscribi-

1892 4242 2002 4299 tur,
2048 4230 2143 4306 qui
2193 4246 2309 4288 δενο
2355 4232 2653 4290 Clementis
2704 4234 2848 4289 inter
2890 4233 3075 4290 fideles
3128 4233 3306 4289 adhuc
3326 4236 3460 4290 nulli

1892 4335 2068 4381 erant.
2089 4325 2293 4393 Quarta
2312 4325 2380 4379 ad
2392 4323 2593 4379 Iulium
2619 4332 2674 4379 et
2691 4322 2967 4379 Iulianum
2990 4324 3287 4396 discipulos
3312 4325 3458 4393 data,

211 4423 350 4477 tales
378 4422 645 4477 Clementi
674 4420 921 4476 Romano
950 4422 1283 4493 suppositas.
1316 4423 1464 4477 Adeo
1486 4423 1630 4478 enim
1662 4439 1787 4494 per-
1821 4419 1861 4471 Ι)
1888 4418 2295 4487 puriﬁcationes
2352 4432 2449 4473 seu
2489 4416 2800 4471 ablutiones
2840 4414 3099 4471 Iudaicas
3149 4414 3361 4480 suadet,
3409 4426 3463 4471 et

212 4515 531 4585 spicacibus
559 4514 694 4569 viris
716 4514 988 4570 deformes
1026 4515 1277 4570 videntur
1304 4516 1407 4570 hoc
1435 4516 1627 4571 saltem
1651 4527 1786 4571 tem—

213 4621 366 4675 pore,
411 4612 472 4658 ut
518 4604 669 4659 nulla
700 4612 838 4670 arte,
869 4604 1017 4660 nulla
1059 4620 1305 4673 cerussa,
1339 4614 1434 4661 aut
1460 4608 1787 4679 purpurisso

212 4696 387 4751 fucari
416 4698 658 4765 possint.
684 4694 867 4750 Prima
895 4695 963 4751 ad
995 4695 1255 4752 Iacobum
1308 4696 1531 4754 fratrem
1571 4698 1786 4755 Domini

209 4797 263 4842 et
286 4786 797 4858 Hierosolymorum
819 4788 1118 4845 antistitem
1141 4789 1287 4856 data,
1307 4807 1622 4863 quanquam
1652 4794 1789 4850 satis

212 4880 460 4949 antiqua,
495 4878 701 4947 quippe
737 4878 850 4947 jam
880 4893 911 4933 a
957 4878 1153 4935 Rufino
1196 4882 1383 4937 saeculi
1424 4884 1605 4952 quarti
1649 4886 1790 4940 scri-

214 4978 366 5039 ptore
398 4972 454 5025 in
484 4970 741 5024 Latinum
772 4972 1059 5036 translata,
1106 4981 1158 5028 et
1192 4975 1471 5031 nonnullis
1495 4976 1656 5031 etiam
1686 4994 1787 5031 an-

212 5063 380 5133 tiquis
418 5078 695 5117 canonum
729 5063 1168 5132 collectionibus,
1216 5066 1653 5139 nominatimque
1696 5083 1790 5123 co—

213 5153 350 5209 dicis
366 5170 395 5208 a
414 5152 718 5210 Paschasio
739 5153 1031 5221 Quesnello
1053 5157 1251 5228 vulgati
1274 5159 1596 5228 quibusdam
1613 5175 1791 5215 exem-

214 5246 455 5314 plaribus
489 5246 697 5299 inserta
730 5243 867 5313 (28),
892 5244 1080 5313 spuria
1104 5253 1283 5299 tamen
1307 5261 1336 5299 a
1366 5246 1644 5303 modernis
1676 5248 1787 5301 cri-

214 5337 335 5392 ticis
365 5352 522 5409 paene
536 5337 797 5391 omnibus
822 5339 1160 5407 agnoscitur.
1192 5336 1321 5393 inde
1353 5350 1534 5394 autem
1566 5347 1717 5395 certa
1738 5347 1791 5395 et

277 5584 389 5655 (27)
423 5580 860 5655 Biblioth._PP.,
886 5590 1015 5638 tom.
1039 5583 1079 5646 1,
1123 5583 1420 5655 prolegom.
1464 5585 1512 5644 l,
1545 5601 1666 5655 pag.
1695 5584 1785 5641 25.

284 5651 395 5725 (’38)
440 5653 603 5709 Unde
642 5651 841 5725 mirum
878 5669 985 5707 non
1024 5663 1109 5708 est
1134 5651 1598 5723 hanc—epistolam
1619 5651 1805 5717 'anno.

216 5725 314 5780 ιη
349 5720 387 5781 δ’
412 5725 659 5782 concilio
702 5720 917 5779 Valens:
944 5739 983 5791 ι,
1016 5740 1225 5781 canone
1258 5720 1359 5790 l6,
1391 5739 1455 5779 ac
1498 5726 1730 5783 subinde
1758 5742 1790 5781 a

1891 4527 1992 4582 pro
2023 4520 2170 4567 certo
2199 4510 2372 4581 ponit,
2417 4524 2563 4574 eum,
2600 4508 2696 4579 qui
2724 4507 2823 4563 bas
2859 4505 3104 4578 negligit,
3137 4522 3237 4561 nec
3271 4506 3339 4561 de
3377 4506 3462 4559 in-

1890 4614 2043 4660 terna
2072 4606 2265 4659 anima:
2293 4604 2534 4675 puritate
2560 4600 2825 4672 cogitare.
2851 4598 3054 4666 Quinta
3087 4599 3323 4668 denique
3350 4596 3463 4651 fra-

1890 4696 2067 4751 tribus
2089 4702 2143 4751 et
2167 4692 2559 4764 condiscipulis
2584 4690 2937 4762 Jerosolyma:
2967 4703 3091 4743 cum
3115 4685 3324 4741 Iacobo
3363 4686 3462 4741 ha~

1892 4786 2186 4843 bitantibus
2229 4785 2526 4856 inscripta,
2576 4789 2764 4838 narrat
2807 4780 3140 4836 Clementem
3194 4777 3458 4841 adfuisse,

1889 4879 2019 4936 dum
2072 4879 2311 4934 Ananias
2365 4884 2419 4931 et
2468 4874 2701 4945 Sapbira
2752 4873 3014 4941 coniuges
3065 4884 3251 4924 coram
3300 4867 3462 4924 Petro

1890 4971 2088 5025 mortui
2119 4969 2493 5031 conciderunt,
2526 4965 2672 5037 quod
2694 4965 2897 5018 nullam
2930 4960 3459 5016 verisimilitudinem

1892 5064 2090 5119 habere
2120 5062 2335 5117 videtur
2363 5080 2376 5114 :
2403 5066 2457 5114 et
2492 5058 2619 5129 quis
2649 5054 2835 5111 credat
2872 5060 3125 5109 sanctum
3175 5049 3460 5122 (quemad-

1894 5152 2114 5207 modum
2162 5153 2217 5206 in
2265 5152 2367 5205 bac
2414 5149 2646 5221 epistola
2695 5145 2912 5216 legitur)
2949 5144 3225 5209 docuisse,
3275 5158 3459 5198 rerum

1893 5246 2135 5301 omnium
2167 5258 2511 5299 communem
2547 5256 2739 5302 usum,
2772 5240 3122 5308 ipsarumque
3163 5236 3300 5291 adeo
3327 5250 3463 5289 uxo-

1890 5337 2369 5408 rum,intercedere
2403 5335 2599 5390 debere
2615 5375 2627 5387 .
2813 5322 2826 5330 ’

1892 5590 2114 5646 Nicolao
2143 5591 2183 5655 l,
2219 5588 2426 5644 Joanne
2442 5586 2555 5640 \‘lll
2581 5583 2950 5655 pontiﬁcibus,
2968 5580 3200 5651 aliisque
3225 5580 3453 5638 nomine

1894 5661 2191 5718 Clementis
2216 5661 2387 5715 fuisse
2422 5658 2716 5712 laudatam.
