3870 6356
410 325 507 381 N7

936 435 1328 494 ARTICULUS
1378 436 1443 492 ll.

406 570 472 611 ιιι
535 568 966 609 ιεεοϐκιτιοκυι
1026 569 1234 616 LIBRIS,
1293 566 1548 611 ιιτυιιωι
1594 566 1968 617 αειιειιτιιῑι,

685 640 750 678 ΔΙ.
761 638 773 675 Ι
783 638 933 687 15008
974 640 1304 680 εωψοειτιτι
1314 638 1360 678 IS
1399 638 1676 681 OPERIBUS.

474 717 730 772 Testatur
750 716 976 772 Photius
1016 716 1125 790 (29)
1156 717 1264 771 duo
1294 717 1570 772 volumina
1596 734 1628 773 a
1650 734 1709 775 se
1734 723 1970 790 perlecta

404 807 595 872 fuisse,
626 824 746 879 qua:
776 810 977 878 scripta
1006 809 1287 879 complura
1331 808 1434 864 sub
1466 810 1638 865 sancti
1677 810 1971 868 Clementis

403 904 627 959 nomine
648 902 1170 973 complectebantur.
1200 898 1380 956 Priori
1419 904 1731 973 apostolicae
1766 906 1973 960 consti-

402 998 642 1052 tutiones
666 1036 680 1060 ,
714 1011 851 1066 Opus
892 993 1034 1065 apud
1079 994 1390 1051 universam
1419 996 1798 1067 antiquitatem
1828 998 1971 1052 cele-

402 1084 722 1149 berrimum,
765 1082 1218 1147 continebantur:
1259 1085 1405 1154 quod
1446 1092 1630 1142 tamen
1685 1087 1968 1142 doctorum

400 1172 646 1227 virorum
691 1171 901 1242 judicio
934 1173 1093 1243 longe
1131 1181 1255 1243 post
1285 1176 1462 1230 sancti
1495 1175 1659 1246 hujus
1690 1176 1971 1232 Pontiﬁcis

402 1274 643 1334 tempora
677 1264 1049 1335 conscriptum
1088 1264 1191 1320 fuit
1225 1266 1360 1337 (50),
1405 1268 1578 1323 altero
1607 1269 1782 1324 sancti
1824 1268 1970 1324 Petri

401 1371 491 1411 res
518 1364 701 1426 gesta,
729 1358 958 1428 ejusque
982 1374 1105 1415 cum
1131 1357 1354 1415 Simone
1383 1358 1539 1432 Mago
1572 1339 1843 1433 colloquia
1875 1364 1972 1419 de-

401 1448 740 1516 scribuntur,
790 1455 844 1505 et
876 1464 981 1520 qua
1034 1452 1247 1507 ratione
1291 1454 1469 1509 sancti
1512 1454 1807 1511 Clementis
1854 1456 1971 1526 ipse

400 1546 700 1609 parentem,
744 1548 909 1613 atque
959 1543 1157 1599 fratres
1199 1559 1332 1601 suos
1378 1547 1775 1617 recognoverit,
1824 1546 1970 1604 unde

398 1629 824 1702 Recognitionum
858 1634 1148 1706 appellatio
1168 1637 1495 1708 syntagmati
1523 1637 1651 1693 huic
1672 1637 1840 1694 indita
1861 1646 1965 1695 est.

400 1721 550 1777 Solet
596 1732 649 1778 et
678 1722 902 1790 Itinera,
932 1734 1026 1780 aut
1065 1724 1416 1779 Itinerarium
1465 1727 1549 1781 vel
1592 1726 1861 1784 Circuitus
1902 1729 1962 1786 S.

398 1812 569 1879 Petri,
616 1825 781 1886 atque
816 1816 951 1869 Acta
996 1814 1062 1868 Β.
1103 1813 1254 1870 Petri
1275 1815 1559 1887 appellari.
1597 1817 1775 1875 Fuere
1793 1823 1967 1893 etqui
2000 1792 2041 1848 Β

396 1922 537 1978 opus
587 1909 734 1964 istud
763 1923 886 1966 cum
930 1910 1044 1976 illa,
1096 1928 1218 1982 quae
1256 1912 1430 1968 fertur
1454 1914 1631 1969 sancti
1658 1913 1803 1970 Petri
1843 1932 1967 1971 cum

396 2001 628 2072 Apione,
662 2002 1033 2073 disputatione
1073 2003 1443 2063 confuderint.
1494 2006 1565 2060 At
1589 2004 1817 2062 Photius
1852 2006 1968 2079 (51)

396 2108 563 2164 opera
594 2093 710 2149 haec
734 2095 876 2150 inter
910 2111 969 2151 se
996 2095 1213 2152 diversa
1243 2112 1368 2152 esse
1402 2098 1702 2155 contendit.

476 2184 719 2240 Veterum
746 2184 963 2257 quidam
983 2202 1069 2241 eos
1088 2196 1270 2242 saneto
1289 2185 1544 2244 Clementi
1575 2190 1886 2247 tribuerunt.
1899 2221 1971 2234 -—-

395 2276 659 2350 Origenes
676 2279 788 2351 (‘52)
809 2282 980 2336 sancti
1004 2281 1301 2338 Clementis
1316 2284 1537 2340 nomine
1549 2284 1667 2339 loca
1684 2287 1969 2358 complura

394 2372 611 2437 recitat,
635 2388 754 2443 quae
772 2372 934 2429 hodie
962 2372 1015 2428 in
1050 2372 1480 2445 Recognitionum
1507 2377 1662 2434 libris
1694 2379 1964 2451 leguntur.

395 2462 629 2535 Origene
665 2465 832 2536 igitur
859 2480 1003 2535 opus
1030 2466 1177 2521 istud
1204 2468 1489 2537 antiquius
1512 2478 1618 2534 est,
1654 2478 1818 2542 atque
1848 2472 1968 2542 ejus

393 2564 570 2621 aetate,
610 2564 689 2611 ιιι·
722 2558 1128 2629 supposititium
1168 2559 1237 2614 ab
1269 2560 1545 2617 universis
1576 2578 1686 2617 non
1729 2563 1969 2620 habeba-

395 2660 504 2706 tur.
533 2651 682 2706 ldem
712 2666 932 2721 quoque
962 2661 1020 2705 ut
1048 2652 1224 2707 sancti
1248 2652 1545 2710 Clementis
1575 2654 1806 2712 Romani
1829 2660 1968 2713 scri-

392 2752 545 2814 ptum
577 2761 607 2800 a
638 2742 701 2801 D.
727 2745 1034 2817 Epiphanio
1062 2754 1115 2801 et
1142 2744 1338 2800 Ruﬁno
1366 2748 1478 2820 (55)
1504 2748 1793 2818 laudatur;
1819 2761 1967 2806 uter-

392 2855 500 2909 que
529 2854 659 2894 vero
690 2840 1069 2909 conqueritur,
1102 2838 1172 2893 ab
1195 2838 1491 2905 haereticis,
1534 2840 1801 2897 Ebionitis
1828 2858 1966 2913 pra:-

394 2930 607 2994 sertim,
640 2941 957 3000 corruptum
1013 2940 1176 3001 atque
1223 2933 1607 3002 interpolatum
1652 2933 1844 3000 fuisse,
1877 2952 1967 2991 er~

392 3039 658 3093 roresque
706 3039 835 3081 suos
863 3025 1104 3096 undique
1144 3040 1239 3081 eos
1271 3025 1353 3080 illi
1405 3026 1750 3097 inspersisse.
1800 3028 1966 3084 Addit

1546 321 1630 376 AD
1671 320 1727 375 S.
1768 316 2187 375 CLEMENTEM
2230 316 2250 373 Ι
2288 313 2519 373 ΡᾹΡΑΜ

1661 428 1666 433 ’
2002 442 2051 500 Α
2077 433 2210 490 sebii
2237 432 2357 507 (57)
2370 440 2530 489 aetate
2546 430 2884 505 legebantur,
2903 446 3027 490 cum
3057 447 3089 488 a
3112 438 3381 505 scriptore
3401 430 3509 489 isto
3536 448 3651 490 non

3544 306 3703 375 με·

2072 527 2196 584 ideo
2211 536 2421 584 tantum
2453 528 2754 598 rejiciatur,
2780 529 2922 598 quod
2938 538 3184 587 veterum
3205 527 3538 584 testimoniis
3555 527 3653 582 ﬁr-

2071 628 2281 675 matum
2328 636 2439 677 non
2469 621 2563 685 sit,
2586 636 2777 676 verum
2806 620 2991 685 etiam,
3019 621 3164 692 quod
3189 620 3503 690 apostolica:
3520 618 3651 674 ﬁdei

2073 727 2324 766 normam
2380 727 2491 766 non
2529 722 2791 769 servaret.
2846 710 3127 781 Rejectum
3173 726 3389 782 quoque
3433 709 3533 765 fuit
3578 709 3655 763 ab

2071 814 2295 862 auctore
2317 822 2619 879 synnpseos
2652 814 2829 864 sancti
2848 805 3135 862 Athanasii
3159 805 3271 876 (58)
3290 820 3485 859 nomen
3506 820 3652 874 pra:-

2072 902 2315 964 l'erentis,
2337 918 2367 956 a
2385 900 2601 956 Gelasio
2620 899 3138 973 papa(59).Sanctus
3154 898 3515 969 Hieronymus
3533 897 3648 965 (40)

2073 1009 2200 1049 vero
2218 993 2310 1065 qui
2342 993 2397 1048 id
2414 990 2589 1049 sancti
2612 992 2913 1048 Clementis
2931 992 3151 1047 nomine
3172 989 3377 1054 laudat,
3401 988 3543 1044 idem
3561 997 3651 1043 ta-

2072 1107 2195 1146 men
2222 1099 2484 1161 tanquam
2515 1088 2887 1160 apocryphum
2918 1086 3070 1157 rejici
3114 1091 3317 1140 monet.
3351 1083 3448 1140 Est
3496 1081 3647 1138 enim

2070 1182 2464 1238 commentitiis
2509 1181 2759 1237 historiis
2808 1179 3102 1243 refertum,
3160 1177 3365 1232 nullam
3394 1175 3651 1231 veritatis

2071 1275 2308 1343 speciem
2349 1273 2698 1330 habentibus.
2734 1273 2849 1327 lmo
2874 1279 2928 1327 et
2976 1270 3313 1341 blasphemas
3334 1282 3500 1324 voces
3530 1265 3647 1337 (41)

2071 1364 2125 1419 in
2154 1363 2247 1420 Dei
2272 1362 2490 1430 Filium,
2515 1374 2677 1436 atque
2697 1365 2913 1437 ineptiae
2938 1363 3192 1435 indignae,
3217 1378 3338 1434 quae
3366 1360 3468 1418 sub
3489 1366 3651 1413 tanto

2069 1455 2291 1513 nomine
2319 1458 2494 1513 lucem
2540 1456 2810 1522 viderent,
2866 1456 3067 1511 ibidem
3121 1462 3439 1510 occurrunt.
3493 1452 3649 1523 Opus

2070 1564 2199 1605 vero
2227 1548 2374 1606 istud
2396 1548 2801 1620 supposititium
2824 1562 2946 1604 esse
2972 1547 3059 1602 vel
3088 1546 3204 1617 ipsa
3239 1543 3492 1615 epistola,
3522 1558 3650 1614 quae

2071 1641 2125 1696 in
2152 1642 2274 1712 ejus
2303 1651 2648 1698 antecessum
2681 1642 2902 1713 legitur,
2938 1646 3261 1711 argumento
3282 1646 3400 1705 est;
3426 1637 3649 1692 nuntiat

2070 1735 2215 1791 enim
2245 1735 2419 1791 sancti
2447 1733 2596 1790 Petri
2620 1743 2848 1790 mortem
2872 1742 3065 1790 sancto
3090 1730 3299 1787 Jacoho
3329 1729 3648 1801 Hierosoly-

2070 1825 2278 1879 mitano
2304 1825 2567 1895 episcopo
2591 1823 2705 1896 (42)
2740 1824 2834 1894 qui
2880 1822 3129 1894 pluribus
3156 1821 3317 1877 annis
3344 1830 3471 1875 ante
3505 1833 3644 1888 apo.

2070 1918 2333 1972 stolorum
2363 1917 2662 1989 principem
2684 1917 2915 1973 obierat.
2934 1914 3181 1987 Epistola
3198 1914 3314 1969 haec
3334 1911 3514 1967 Photii
3528 1908 3644 1983 (‘43)

2068 2015 2227 2064 aetate
2253 2009 2307 2064 in
2339 2009 2594 2065 omnibus
2623 2007 3056 2079 Recognitionum
3086 2005 3491 2077 exemplaribus
3530 2017 3642 2059 non

2070 2102 2341 2158 exstabat.
2394 2100 2660 2158 Observat
2716 2106 2897 2155 autem
2927 2099 3067 2154 idem
3099 2097 3344 2163 eriticus,
3377 2110 3497 2154 eam
3543 2094 3645 2149 ali-

2069 2194 2291 2264 quando
2326 2196 2501 2251 sancti
2532 2194 2858 2259 Clementis,
2897 2190 3354 2264 quemadmodum
3384 2188 3548 2243 hodie
3574 2202 3643 2242 ex

2071 2283 2253 2339 Ruﬁni
2281 2285 2733 2357 interpretatione
2762 2284 2980 2356 legitur,
3014 2284 3152 2340 alias
3182 2298 3316 2340 vero
3339 2281 3514 2339 sancti
3548 2278 3647 2335 Pe-

2071 2380 2139 2434 tri
2162 2380 2384 2436 nomine
2414 2380 2737 2452 inscriptam
2767 2379 2959 2444 fuisse,
2991 2389 3155 2449 atque
3178 2376 3290 2433 duo
3318 2376 3434 2432 haec
3453 2390 3645 2432 exem-

2070 2473 2243 2546 plaria
2272 2480 2504 2529 eventus
2545 2480 2661 2527 toto
2693 2471 2834 2526 coelo
2860 2470 3108 2527 diversos
3147 2468 3419 2525 retulisse.
3441 2467 3649 2537 Conje-

2068 2575 2283 2621 cturam
2312 2580 2442 2621 vero
2474 2563 2602 2620 inde
2631 2564 2827 2629 sumit,
2857 2562 2995 2619 duas
3034 2562 3220 2634 operis
3250 2561 3415 2633 hujus
3444 2559 3642 2615 editio-

2069 2673 2168 2713 nes
2198 2656 2433 2712 invicem
2462 2656 2621 2712 valde
2665 2656 2913 2712 diversas
2963 2656 3261 2721 exstitisse,
3314 2668 3479 2708 unam
3535 2651 3647 2707 sub

2068 2752 2242 2807 sancti
2273 2748 2441 2814 Petri,
2480 2750 2703 2804 alteram
2739 2748 2841 2805 sub
2877 2748 3051 2805 sancti
3080 2746 3376 2803 Clementis
3398 2744 3643 2810 nomine,

2067 2856 2245 2914 quam
2292 2839 2490 2897 Ruﬁno
2539 2840 2753 2896 reddita
2782 2841 2906 2896 fuit.
2956 2838 3067 2895 Nec
3131 2836 3639 2908 injuria:videmus

2066 2934 2209 2989 enim
2240 2948 2326 2997 ea,
2359 2947 2479 3002 quae
2509 2940 2733 2989 sanctus
2754 2931 3092 3003 Epiphanius
3114 2938 3168 2986 et
3197 2936 3421 2985 sanctus
3447 2927 3640 2984 Hiero-

2066 3041 2265 3097 nymus
2284 3040 2350 3081 ex
2378 3023 2841 3096 Recognitionibus
2874 3022 3188 3087 laudarunt,
3212 3021 3267 3075 in
3292 3021 3385 3089 iis,
3407 3036 3529 3092 quae
3551 3034 3641 3077 su-

392 3126 624 3174 sanctus
643 3116 1000 3188 Epiphanius,
1030 3118 1168 3173 nihil
1192 3120 1462 3190 integrum
1493 3119 1690 3176 abillis
1713 3122 1963 3177 relictum
1991 3134 2033 3192 ρ
2066 3124 2321 3189 persunt,
2367 3125 2462 3172 aut
2502 3117 2720 3189 penitus
2762 3132 2870 3172 non
2914 3122 3155 3181 exstare,
3201 3121 3295 3168 aut
3325 3114 3483 3187 longe
3530 3114 3639 3169 alia

394 3211 583 3266 fuisse.
629 3208 866 3266 Sanctus
913 3211 1274 3284 Hieronymus
1310 3212 1423 3282 (54)
1457 3211 1693 3283 idipsum
1748 3212 1807 3269 S.
1838 3214 1963 3269 Cle-

392 3303 596 3357 mentis
636 3303 858 3358 nomine
890 3303 1101 3359 recitat.
1130 3302 1363 3358 Ruﬁnus
1392 3304 1505 3377 (55)
1524 3304 1592 3359 ad
1615 3306 1786 3361 sancti
1815 3303 1963 3359 Gau-

392 3394 560 3449 dentii
621 3410 812 3465 preces
848 3393 1039 3451 Latine
1080 3411 1220 3467 opus
1267 3395 1415 3451 istud
1470 3396 1729 3461 reddidit,
1784 3412 1963 3467 neque

391 3485 689 3555 quidquam
712 3500 744 3539 a
772 3499 832 3540 se
859 3494 1131 3539 resectum
1164 3490 1362 3553 praeter
1387 3484 1505 3538 loca
1536 3484 1799 3540 nonnulla
1816 3485 1962 3541 vires

392 3594 544 3641 snas,
571 3586 735 3648 atque
756 3585 976 3647 captum
1015 3577 1401 3648 exsuperantia
1426 3585 1836 3632 commemorat.
1862 3579 1961 3631 At-

393 3683 574 3725 tamen
606 3680 803 3740 praeter
857 3668 1259 3734 Eliionitarum,
1302 3666 1767 3724 Eunomianorum
1822 3683 1962 3740 prae-

392 3773 567 3827 terea,
594 3770 757 3834 atque
790 3760 1155 3832 complurium
1204 3761 1443 3817 aliorum
1479 3776 1717 3826 errores,
1761 3762 1855 3831 qui
1896 3759 1965 3814 ab

392 3853 639 3912 Ecclesia
694 3856 940 3911 damnati
990 3854 1169 3925 luere,
1188 3870 1258 3911 eo
1294 3865 1583 3911 contentos
1622 3854 1966 3910 animadver—

391 3950 457 4003 tit
481 3948 615 4020 (56).

464 4041 800 4111 Supposititii
825 4050 1047 4097 sunt.—
1061 4040 1265 4098 Eadem
1289 4055 1421 4097 vero
1447 4040 1503 4096 in
1534 4040 1640 4096 hoc
1669 4053 1832 4111 Opere
1862 4038 1965 4093 Eu-

464 4175 577 4245 (29)
614 4175 817 4231 Codice
833 4191 981 4240 cxm,
1012 4177 1067 4231 in
1091 4192 1189 4233 sua
1225 4176 1567 4232 Bibliotheca.

465 4248 578 4317 (50)
616 4247 807 4301 lnvicti
838 4248 1145 4316 argumenti
1177 4249 1297 4302 loco
1326 4250 1397 4303 sit
1434 4247 1496 4305 Ι).
1532 4245 1850 4317 Hieronymi
1882 4248 1961 4302 si-

391 4317 645 4381 lentium,
677 4317 770 4386 qui
806 4325 865 4371 ut
892 4317 1260 4386 peritissimus
1303 4318 1645 4387 antiquitatis
1690 4325 1963 4372 scrutator

392 4388 448 4442 in
513 4390 758 4458 catalogo
807 4389 1137 4456 scriptorum
1179 4387 1679 4443 ecclesiasticorum
1729 4389 1960 4442 mentio-

392 4473 515 4512 nem
549 4457 705 4512 certe
731 4474 850 4513 eam
874 4458 1177 4527 injecisset.
1201 4458 1247 4511 si
1272 4474 1330 4512 se
1350 4460 1563 4514 vivente
1620 4457 1960 4511 constitutio-

393 4545 490 4584 nes
511 4529 569 4583 D.
589 4528 885 4583 Clementis
902 4545 1097 4584 nomen
1120 4528 1465 4599 praeferentes
1483 4530 1536 4582 iu
1551 4528 1959 4599 Catholicorum

390 4600 651 4655 manibus
690 4607 921 4654 Versata:
962 4598 1211 4655 fuissent.
1254 4598 1394 4665 Quid
1421 4600 1566 4669 qoud
1611 4599 1747 4669 liber
1766 4598 1864 4669 _ltic
1892 4601 1962 4653 ab

392 4673 697 4740 apostolico
720 4672 920 4725 steculo
947 4671 1295 4726 abhorrentia
1314 4667 1706 4740 complectatur
1724 4667 1963 4740 ?_Petrus

389 4738 536 4797 enim
564 4741 916 4795 Saturninum
946 4750 1000 4796 et
1025 4741 1314 4796 Basilidcm
1345 4738 1707 4793 absurdorum
1737 4738 1960 4808 dogma-

392 4821 507 4866 tuin
550 4821 805 4867 auctores
843 4812 996 4874 dicit,
1046 4814 1139 4882 qui
1192 4810 1586 4882 Petro_tamen
1631 4811 1960 4882 posteriores

391 4892 563 4937 erant.
591 4882 709 4938 Lib.
746 4899 806 4946 ιι,
838 4898 888 4939 c.
919 4883 990 4936 ‘29
1022 4879 1339 4938 decernitur
1353 4879 1589 4935 decimas
1620 4888 1674 4933 et
1690 4879 1959 4948 primitias

391 4953 709 5025 pendendas
737 4954 1034 5025 episcopis,
1063 4968 1201 5025 quas
1226 4951 1474 5025 profecto
1511 4964 1743 5025 nascens
1772 4948 1962 5025 Eccle-

394 5019 477 5077 sia
507 5019 796 5092 ignoravit:
828 5023 889 5078 L.
913 5019 988 5089 vi,
1028 5019 1181 5079 c.'15
1211 5019 1557 5093 baptismum
1580 5019 1648 5074 ab
1685 5020 1959 5093 haereticis

392 5088 652 5148 collatum
697 5095 882 5150 iterari
914 5096 1127 5165 jubent.
1176 5093 1233 5147 In
1271 5088 1467 5149 octavo
1509 5088 1959 5165 Constantianam

393 5166 533 5219 libro
562 5167 873 5219 continetur
914 5158 1091 5221 'etiam
1127 5165 1345 5235 liturgia
1377 5177 1475 5235 seu
1508 5160 1692 5235 Missae
1714 5158 1962 5214 dicenda:

392 5236 601 5312 ratioa
636 5237 811 5312 capite
850 5238 1056 5312 quinto
1084 5232 1476 5312 usque'ad__i5.
1514 5233 1570 5285 in
1620 5232 1733 5312 line
1777 5238 1961 5312 autem

392 5304 643 5375 ejusdem
690 5300 812 5362 libri
850 5300 904 5361 in
931 5300 1557 5363 editione-Conciliorum
1599 5301 1757 5375 v._cl.
1786 5300 1962 5375 Mansi

394 5371 501 5432 col.
547 5378 671 5443 595,
728 5387 769 5432 t.
800 5378 842 5440 l,
891 5379 1296 5447 subjunguntur
1337 5388 1593 5447 canones
1623 5371 1700 5447 84_
1738 5386 1840 5447 c_eu
1866 5371 1963 5439 .ab

395 5441 667 5518 apostolis
692 5451 910 5514 sanciti,
945 5441 1008 5503 ac
1040 5465 1069 5501 a
1095 5441 1158 5503 Β.
1189 5449 1466 5503 Clemente
1494 5444 1726 5518 collecti.
1761 5441 1959 5497 Verum

394 5514 463 5573 de
494 5519 579 5575 his
605 5520 713 5593 alio
737 5522 856 5593 loco
892 5530 945 5576 et
974 5528 1238 5593 tempore,
1268 5519 1324 5572 in
1353 5532 1462 5593 quo
1495 5529 1597 5570 nos
1619 5514 1963 5593 demonstra-

394 5596 551 5646 turos
577 5590 926 5657 conﬁdimus,
958 5584 1295 5661 scripta'hazc
1320 5584 1555 5660 primum
1580 5584 1779 5640 saeculo
1799 5584 1963 5639 tertio

396 5662 661 5729 adornata
689 5663 877 5717 fuisse.
1502 5708 1511 5721 .
1688 5664 1691 5667 “

468 5733 581 5803 (δι)
622 5732 824 5789 Codice
856 5734 976 5790 us.

468 5798 581 5879 (52)
618 5805 902 5877 Origenes,
936 5814 973 5861 t.
1000 5819 1066 5860 ιιι
1088 5804 1379 5863 Comment.
1402 5801 1454 5857 in
1477 5798 1659 5857 Cenes.
1684 5809 1958 5870 cap.xxn,

2062 3212 2271 3266 ratione
2302 3208 2429 3280 legi.

2131 3300 2289 3357 Circa
2329 3301 2541 3356 tertium
2568 3300 2823 3355 sarculum
2867 3300 3052 3371 scripti
3083 3299 3341 3373 fatere.—-
3379 3298 3636 3370 Recogni-

2064 3394 2267 3448 tionum
2293 3394 2541 3451 auctoris
2565 3402 2779 3449 aetatem
2807 3403 3064 3449 accurate
3088 3394 3375 3466 designare
3403 3408 3514 3448 non
3541 3408 3639 3447 va-

2062 3484 2275 3552 lemus;
2304 3494 2359 3541 at
2388 3485 2433 3540 si
2457 3500 2597 3555 opus
2639 3484 2786 3540 istud
2835 3484 2978 3539 idem
2997 3475 3020 3555 ,
3046 3493 3209 3556 atque
3262 3486 3438 3542 sancti
3487 3484 3635 3539 Petri

2064 3592 2189 3632 cum
2218 3576 2428 3648 Apione
2456 3578 2761 3649 disputatio
2778 3578 2938 3643 foret,
2968 3594 3092 3648 quae
3120 3577 3222 3631 fuit
3249 3576 3501 3633 Cotelerii
3520 3576 3639 3647 (ιι)

2064 3678 2118 3723 et
2149 3667 2446 3738 insignium
2482 3669 2843 3740 quorumdam
2878 3670 3196 3724 criticorum
3238 3669 3528 3733 sententia,
3560 3668 3637 3721 al-

2065 3771 2186 3819 tero
2226 3766 2451 3818 tantum
2503 3763 2704 3819 szeculu
2737 3774 2997 3828 exeunte,
3056 3770 3150 3816 aut
3207 3761 3368 3816 tertio
3414 3761 3635 3817 ineunte

2067 3852 2231 3924 paulo
2280 3860 2408 3908 ante
2457 3851 2747 3924 Origenem
2791 3853 3055 3922 scriptum
3096 3850 3267 3906 fuisse
3300 3850 3634 3905 censendum

2067 3953 2235 4004 esset.
2267 3946 2357 4000 Ait
2385 3946 2529 4001 enim
2562 3943 2831 4000 Eusebius
2868 3944 2979 4014 (45)
3013 3943 3158 3999 haud
3207 3942 3412 3998 dudum
3453 3942 3639 4009 spissa

2064 4035 2315 4106 quaedam
2356 4050 2523 4107 opera
2574 4035 2751 4092 sancti
2798 4034 3096 4091 Clementis
3143 4034 3368 4091 nomine
3420 4034 3639 4106 prolata

2063 4170 2350 4240 Philocal.,
2383 4181 2439 4229 et
2471 4173 2531 4228 in
2556 4189 2676 4245 cap.
2704 4188 2829 4228 XXVI
2868 4171 3062 4245 Matth.

2134 4245 2247 4314 (55)
2269 4244 2560 4315 Epipham,
2585 4240 2779 4300 hieres.
2798 4245 2887 4313 50,
2908 4261 2966 4299 ιι.
2993 4244 3091 4311 15ς
3111 4241 3363 4309 Ruﬁnus,
3378 4240 3454 4298 De
3474 4240 3634 4299 adul-

2065 4325 2225 4370 terat.
2252 4314 2383 4371 libr.
2422 4314 2687 4385 Origem's.

2136 4385 2248 4457 (54)
2292 4384 2633 4457 μίριόηγηιη
2663 4386 2716 4440 in
2747 4384 3161 4457 Ep.ad_(;alat.

2136 4454 2249 4525 (55)
2292 4455 2443 4520 Ruﬁ,
2480 4454 2691 4525 prolog.
2722 4457 2779 4510 in
2817 4456 2910 4511 lib.
2936 4454 3207 4525 Recognit.

2130 4525 2242 4594 (56)
2285 4526 2448 4598 idem,
2477 4526 2552 4598 De
2583 4526 2891 4589 adulterat.,
2926 4525 3015 4598 l_i_b.
3037 4526 3193 4598 Qrig.

2134 4598 2245 4665 (57)
2284 4596 2509 4657 Euseb”
2543 4597 2578 4651 ι.
2616 4613 2697 4661 ut,
2722 4612 2773 4651 c.
2805 4598 2895 4662 58,
2924 4595 2996 4650 II.
3026 4595 3095 4653 Ε.

2134 4606 2223 4665 (57
2284 4606 2509 4657 Εηεριδ..
2543 4606 2578 4651 ι.
2616 4613 2732 4661 ηιμ

2134 4606 2246 4736 (58)
2287 4667 2414 4736 Pag.
2444 4667 2564 4721 154.
2724 4669 2732 4678 ’

2136 4735 2247 4807 (59)
2289 4736 2345 4789 In
2372 4735 2603 4791 decreto.

2147 4805 2235 4879 10)
2269 4808 2322 4879 lu
2359 4807 2605 4876 Catalog.
2632 4821 2680 4858 c.
2714 4805 2801 4858 15.
2900 4875 2910 4879 _
3207 4862 3221 4879 ,
3272 4860 3411 4879 πέμ-
3450 4854 3576 4879 ____.

2147 4817 2235 4879 ω)
2269 4817 2322 4861 ιιι
2359 4817 2605 4876 Catalog.
2632 4821 2680 4858 c.
2714 4817 2801 4858 15.
3374 4860 3385 4871 ⁸
3564 4854 3576 4865 ,

2122 4817 2235 4951 (Η)
2272 4878 2536 4951 Refertum
2567 4882 2847 4951 autent__est
2870 4875 2986 4951 hoc
3013 4882 3140 4951 opus
3160 4860 3633 4951 gignit“:

2054 4926 2553 5018 itoh-si'ne‘p'luriinis
2569 4926 3119 5015 veatvniriiﬁopinione'in
3149 4932 3352 4989 Filium
3385 4926 3631 4997 blasphe-

2052 5024 2173 5077 mis.
2206 5019 2455 5081 Pliotius.
2486 5019 2608 5074 cod.
2644 5032 2798 5071 CXIII.

2136 5086 2248 5157 (42)
2281 5076 2479 5139 Notum
2502 5084 2599 5157 tibi
2618 5084 2778 5157 facio,
2809 5082 3044 5144 Domine,
3076 5086 3199 5157 quia
3229 5079 3411 5157 Sinton
3438 5076 3629 5157 Petrus

2062 5147 2155 5227 pro
2188 5147 2383 5227 pietate
2414 5156 2526 5227 pati
2557 5147 2753 5227 volens,
2778 5147 3268 5220 praesentem'vitam
3306 5148 3495 5219 ﬁniuit.
3528 5147 3627 5218 Ep.

2064 5224 2235 5284 Clem.
2266 5226 2330 5281 ad
2357 5224 2646 5293 Jacob.,n.
2678 5225 2755 5279 l.‘

2138 5297 2249 5368 (45)
2290 5295 2539 5368 Photius,
2562 5293 2683 5350 cod.
2712 5295 2833 5368 l_15_.

2136 5355 2248 5433 (44)
2286 5355 2612 5426 Cotelerius,
2652 5372 2690 5419 t.
2734 5365 2754 5419 Ι
2796 5363 3013 5416 Patrum
3044 5359 3292 5427 apostol.,
3334 5374 3464 5433 pag.
3496 5355 3627 5413 490.

2137 5432 2247 5509 (45)
2272 5438 2501 5509 Quidam
2530 5452 2686 5509 porro
2720 5436 2829 5509 alia
2857 5435 3013 5509 etiam
3042 5449 3199 5509 opera
3224 5432 3433 5509 proliata
3462 5440 3510 5509 et
3540 5445 3633 5509 co-

2064 5499 2354 5579 piosa'sub
2383 5499 2750 5579 ejus-nomine
2790 5506 2900 5579 lteri
2939 5520 3001 5579 ac
3031 5499 3442 5579 nudiustertius
3467 5501 3519 5551 in
3547 5499 3634 5579 (ιιι

2075 5570 2185 5634 cem
2213 5570 2542 5648 protulerunt
2576 5592 2594 5648 ς
2628 5587 2755 5648 puta
2808 5574 2957 5629 Petri
2975 5582 3029 5648 et
3050 5573 3270 5648 Apionis
3312 5570 3632 5639 disputatio-

2065 5666 2178 5714 nes,
2204 5643 2427 5720 quorum
2450 5646 2589 5720 apud
2621 5646 2862 5716 antiquos
2894 5643 3047 5720 nulla
3065 5644 3276 5720 omnino
3299 5651 3468 5720 enatat
3486 5656 3634 5720 nteri-

2068 5723 2141 5774 tio
2203 5710 2361 5789 neque
2373 5710 2509 5773 enini
2524 5718 2730 5770 sincera
2747 5710 2899 5770 recta:
2913 5710 3633 5789 ﬁdeiabapostolistraaigz

2068 5780 2189 5847 nota
2214 5780 2318 5845 illis
2340 5804 2584 5859 expressa
2604 5789 2876 5856 reperitur.
2910 5780 3108 5843 Euseb.
3129 5785 3166 5844 ι.
3184 5780 3270 5851 in,
3297 5800 3346 5843 c.
3365 5784 3453 5846 58,
3471 5780 3615 5835 H.8-
