3870 6354
199 300 293 356 Ιᾶθ

1450 303 1785 359 PHOCEMIA
1823 302 2202 361 VARIORUM.

3331 304 3426 357 L30

196 419 380 484 fuisse,
395 422 716 490 quasancti
729 419 875 477 Petri
892 434 1014 476 cum
1040 420 1248 491 Apione
1271 420 1515 492 dialogos
1542 423 1780 493 comple-
1806 427 1852 484 Α
1881 422 2067 477 labore
2098 422 2422 477 levaremus.
2483 419 2649 475 Recte
2668 420 2735 475 de
2787 418 2855 477 iis
2895 415 3264 489 pronuntiavit
3286 414 3429 469 Pho-

192 512 503 567 ctebautur.
541 511 777 568 Photius
822 519 1003 567 tamen
1045 527 1212 582 opera
1259 513 1373 567 haec
1423 512 1653 567 invicem
1686 513 1771 567 di-

192 617 343 657 versa
373 601 563 658 fuisse
605 603 881 658 existimat
909 602 1043 674 (46).
1076 602 1309 658 Exstant
1346 603 1403 657 in
1432 602 1767 673 Recognitio-

190 694 336 747 uibus
366 693 562 762 capita
609 694 865 749 undecim
898 695 965 749 de
1023 694 1133 749 lato
1169 709 1233 749 ex
1267 709 1429 764 opere
1471 695 1706 764 quodam
1736 708 1769 749 a

190 786 500 841 Bardesane
544 787 699 840 circa
727 802 928 841 annum
974 786 1076 840 170
1115 787 1423 855 conscripto
1460 787 1647 856 petita.
1670 786 1769 840 Mi-

188 878 327 933 nime
354 886 550 932 tamen
582 878 714 932 inde
750 878 1127 946 consequitur,
1171 892 1294 932 eum
1336 875 1767 947 Recognitionum

189 976 462 1022 auctorem
476 983 634 1030 esse,
669 982 795 1023 cum
830 967 951 1037 ejus
989 981 1205 1021 errores
1232 966 1300 1021 de
1324 966 1536 1021 duobus
1560 966 1765 1036 princi-

187 1061 285 1132 piis
319 1059 583 1130 pluribus
635 1059 777 1113 locis
803 1058 1001 1113 ibidem
1038 1057 1361 1112 refutentur.
1411 1058 1594 1113 Satius
1638 1070 1767 1111 vero

184 1160 263 1207 est
289 1151 645 1215 existimare,
702 1164 827 1205 eum
881 1149 971 1218 qui
1005 1164 1145 1217 opus
1173 1147 1318 1204 istud
1351 1148 1761 1218 conscripserit,

186 1259 364 1301 eorum
414 1250 683 1312 partem,
723 1257 845 1311 quae
882 1239 1215 1296 Bardesanes
1270 1241 1340 1296 de
1380 1241 1490 1295 fato
1541 1241 1761 1308 dixerit,

185 1333 504 1396 inseruisse,
544 1331 697 1401 quod
722 1339 777 1386 et
807 1329 1071 1385 Eusebius
1106 1331 1161 1385 in
1194 1331 1309 1387 suis
1347 1329 1765 1401 Pmparationis

182 1424 503 1494 evangelicae
538 1423 702 1477 libris
728 1423 1000 1492 praestitit,
1034 1422 1127 1476 ubi
1151 1421 1400 1477 eumdem
1434 1423 1611 1478 locum
1638 1422 1764 1493 legi-

181 1531 315 1578 mus,
347 1530 534 1585 quem
560 1514 998 1585 Recognitionum
1023 1521 1215 1568 auctor
1249 1527 1281 1567 a
1309 1512 1619 1570 Bardesane
1649 1528 1764 1567 mu-

181 1616 324 1663 tuum
347 1614 682 1678 acceperat.

244 1718 307 1773 In
334 1727 467 1788 quot
504 1717 677 1772 libros
710 1727 873 1771 totum
908 1734 1036 1786 opus
1083 1716 1424 1772 distributum
1478 1717 1568 1773 sit.
1616 1714 1757 1783 Quid

179 1812 239 1867 de
264 1812 355 1866 illo
406 1809 853 1865 sentiendum.-—
876 1808 1061 1865 Refert
1084 1818 1274 1864 auctor
1296 1810 1460 1865 tertio
1496 1807 1750 1880 Recogni-

184 1905 369 1957 nonum
399 1902 581 1963 libro,
608 1916 669 1956 se
700 1900 883 1956 decem
908 1900 1044 1955 alios
1065 1900 1238 1955 sancti
1269 1899 1414 1955 Petri
1442 1915 1752 1955 sermonum

180 1994 514 2062 libros,quos
528 1990 798 2047 Caesarem
813 1990 1095 2053 habuerat,
1122 1990 1189 2044 ad
1211 1997 1463 2045 sanctum
1483 1988 1753 2045 Iacobum

182 2086 406 2140 misisse.
444 2082 492 2138 li
532 2099 673 2138 vero
704 2097 1012 2153 unquamne
1033 2082 1089 2137 in
1130 2082 1325 2153 vulgus
1345 2082 1477 2137 editi
1514 2081 1755 2137 fuerint?

182 2175 491 2245 ignoramus
520 2191 537 2239 ;
579 2172 746 2227 hodie
774 2179 953 2227 autem
1010 2172 1219 2226 nullum
1247 2188 1436 2227 eorum
1466 2172 1752 2242 vestigium

182 2271 443 2335 superest.
485 2262 889 2332 Recognitiones
926 2262 982 2316 in
1014 2260 1200 2317 decem
1228 2263 1396 2318 libros
1447 2262 1756 2319 distributa:

181 2361 317 2409 sunt.
354 2351 547 2407 Priori
604 2351 884 2406 inducitur
912 2358 1139 2408 sanctus
1182 2351 1433 2408 Clemens
1482 2353 1752 2409 rationem

180 2457 422 2507 narrans,
467 2457 585 2513 qua
617 2441 797 2498 sancti
845 2439 1108 2496 Barnabas
1153 2441 1632 2511 praedicationibus
1684 2441 1750 2496 ad

179 2525 330 2591 ﬁdem
362 2536 691 2596 traductus,
722 2541 885 2604 atque
932 2534 986 2587 in
1017 2548 1080 2589 ea
1112 2548 1143 2588 a
1164 2542 1356 2588 sancto
1387 2532 1548 2588 Petro
1590 2533 1752 2589 insti-

178 2632 321 2681 tutus
350 2626 549 2681 fuerit.
579 2624 732 2680 Alter
759 2623 931 2688 sancti
975 2620 1120 2678 Petri
1152 2638 1276 2678 cum
1319 2622 1543 2679 Simone
1592 2623 1751 2695 Mago

178 2734 485 2773 sermonem
516 2714 919 2786 complectitur.
952 2713 1137 2770 Tertio
1168 2715 1329 2773 iidem
1354 2716 1423 2772 de
1459 2725 1656 2772 natura
1682 2716 1751 2771 li-

177 2809 284 2864 beri
334 2808 564 2864 arbitrii
624 2808 1047 2879 colloquuntur,
1102 2823 1211 2879 quo
1272 2819 1497 2866 sanctus
1551 2807 1751 2866 Petrus

177 2906 505 2968 potestatem
536 2897 707 2952 animi
750 2898 921 2953 nostri
970 2913 1091 2953 esse
1121 2897 1328 2963 deﬁnit,
1356 2898 1583 2971 id,quod
1602 2900 1749 2967 libet,

180 2991 386 3060 agendi.
418 2989 695 3057 Quartus,
721 3005 842 3059 quae
872 3004 903 3043 a
926 2996 1115 3059 sancto
1144 2989 1302 3045 Petro
1330 2991 1386 3047 in
1408 2992 1602 3047 itinere
1627 2991 1752 3046 Tri-

179 3082 278 3151 poli
350 3082 675 3138 Czesaream
742 3089 996 3152 suscepto
1051 3091 1205 3152 gesta
1260 3090 1411 3149 sunt,
1468 3082 1726 3139 edisserit

177 3180 228 3238 et
273 3174 553 3243 plurimos
600 3172 776 3228 sancti
834 3171 980 3229 Petri
1033 3173 1435 3230 hortationibus
1487 3176 1554 3231 ad
1587 3175 1749 3232 fidem

177 3264 467 3319 traductos
505 3262 700 3318 refert.
735 3262 971 3329 Quintus
1011 3266 1371 3335 paraeneticus
1407 3282 1588 3322 sermo
1640 3276 1747 3335 est,

176 3373 279 3427 quo
332 3366 576 3413 sanctus
627 3354 824 3411 Petrus
859 3355 1202 3412 inscientiam
1236 3374 1333 3414 seu
1383 3359 1750 3429 ignorantiam

178 3459 530 3521 peccatorum
572 3448 818 3504 omnium
846 3449 1108 3520 originem
1138 3466 1279 3517 esse,
1309 3450 1581 3507 idolorum
1629 3452 1747 3507 cul-

178 3553 263 3601 tus
308 3544 641 3608 falsitatem,
696 3552 856 3614 atque
906 3542 1002 3598 Dei
1060 3544 1329 3599 unitatem
1386 3545 1746 3600 demonstrat.

179 3636 344 3693 Sexto
372 3637 633 3708 baptismi
676 3637 1057 3693 necessitatem
1096 3637 1330 3710 probat,
1380 3638 1746 3711 explicatque,

178 3730 457 3801 quomodo
496 3728 566 3784 ad
594 3744 721 3783 eum
768 3743 1094 3785 accessurus
1130 3738 1481 3803 comparatus
1503 3747 1627 3788 esse
1653 3732 1750 3787 de-

176 3819 320 3876 beat.
404 3820 652 3893 Septimo
693 3831 917 3879 sanctus
972 3822 1227 3879 Clemens
1279 3822 1462 3879 varios
1519 3830 1750 3880 eventus

177 3920 385 3977 narrat,
416 3915 511 3983 qui
562 3914 725 3968 matri
756 3922 810 3971 et
857 3914 1119 3970 fratribus
1162 3913 1280 3970 suis
1309 3914 1674 3986 contigerunt.
1697 3922 1751 3970 et

179 4018 281 4073 quo
346 4014 511 4075 pacto
542 4006 597 4060 in
650 4021 748 4061 eos
793 4021 1013 4061 rursum
1038 4006 1094 4061 in
1126 4005 1416 4062 Palaestina
1462 4006 1740 4063 inciderit.

180 4095 482 4168 Sequentes
511 4096 622 4153 duo
642 4097 843 4170 dialogi
874 4105 1022 4165 sunt,
1053 4097 1254 4169 quibus
1274 4106 1501 4155 sanctus
1526 4098 1747 4167 Petrus,

178 4187 395 4258 Aquila,
440 4186 683 4254 Nicetas,
712 4197 768 4245 et
797 4197 1021 4245 sanctus
1059 4189 1310 4246 Clemens
1348 4191 1467 4246 seni
1501 4190 1743 4257 cuidam,

178 4293 337 4347 quem
388 4281 564 4335 sancti
611 4278 908 4336 Clementis
932 4288 1141 4350 patrem
1163 4295 1288 4336 esse
1334 4288 1525 4351 postea
1574 4296 1747 4353 agno-

179 4370 726 4439 verunt,ostendunt,
762 4371 919 4428 fateri
965 4388 1066 4428 nos
1106 4372 1329 4428 omnino
1368 4373 1585 4438 debere,
1611 4390 1749 4428 cun-

1731 3124 1819 3184 ’C

1874 518 1985 573 tius
2017 514 2352 587 (L7)stylum
2383 522 2545 584 atque
2577 513 2938 569 eruditionem
2992 511 3047 565 in
3095 510 3161 564 iis
3211 506 3431 577 conspi-

1870 622 2027 679 cuam
2056 606 2250 661 merito
2278 619 2401 661 esse
2424 602 2914 659 commendandam
2943 620 2958 667 ;
2983 607 3265 655 auctorem
3296 612 3431 652 vero

1871 700 2174 770 theologize,
2201 709 2364 770 atque
2386 696 2775 754 ecclesiastica:
2814 692 3083 749 doctrina:
3137 689 3428 745 admodum

1868 791 2100 862 peritum
2131 806 2240 845 non
2279 790 2450 851 fuisse
2477 796 2531 844 et
2583 787 2906 843 fabellarum
2934 782 3308 839 inventoribus
3338 794 3431 835 ac-

1866 881 2221 938 censendum.

2373 947 2771 1003 ARTICULUS
2810 945 2897 1002 Ill.

1865 1037 1933 1077 DE
1954 1035 2307 1077 CLEIENTINIS
2334 1034 2402 1073 ΕΤ
2440 1034 2730 1074 NONNULLIS
2757 1032 2896 1072 ALIIS
2918 1029 3158 1071 εοιιιιιτιε
3188 1026 3426 1068 θυρεοὶ-»ι-

2206 1105 2375 1145 τιτιιε
2403 1105 2523 1143 EJUS
2549 1103 2743 1142 NOHINE
2767 1100 3081 1143 INSCBIPTIS.

1935 1180 2272 1237 Clementinae
2310 1179 2480 1232 sancti
2528 1175 2808 1231 Clementis
2858 1191 3043 1228 nomen
3069 1173 3207 1241 falso
3236 1170 3426 1240 prafe-

1860 1271 2302 1328 runt.-——Praeter
2328 1272 2513 1326 decem
2544 1267 2975 1338 Recognitionum
3006 1266 3173 1320 libros
3203 1270 3424 1319 exstant

1861 1365 1965 1422 sub
1992 1363 2166 1419 sancti
2193 1359 2487 1417 Clementis
2535 1360 2753 1413 nomine
2782 1372 2972 1412 novem
3006 1364 3060 1411 et
3093 1355 3277 1410 decem
3324 1353 3424 1406 ho-

1858 1456 2043 1517 milite,
2064 1468 2184 1524 quae
2212 1453 2529 1522 plerumque
2557 1448 2907 1505 Clementinze
2929 1446 3187 1516 appellari
3220 1443 3429 1498 solent.

1857 1544 2144 1601 Existimat
2165 1542 2465 1599 Cotelerius
2489 1540 2600 1613 (48)
2627 1555 2718 1597 eas
2740 1539 2962 1593 alteram
2991 1535 3239 1591 fortassis
3260 1531 3422 1587 Reco-

1857 1636 2152 1709 gnitionum
2173 1633 2466 1690 editionem
2506 1645 2627 1687 esse
2659 1628 2836 1685 sancti
2868 1624 3015 1680 Petri
3062 1639 3260 1679 nomen
3284 1638 3423 1692 pra,»

1862 1727 2157 1793 ferentem;
2181 1724 2313 1779 illud
2344 1739 2474 1779 sane
2501 1728 2737 1784 constat,
2772 1716 3053 1787 complura
3092 1717 3147 1769 in
3187 1713 3419 1768 homiliis

1859 1818 1981 1874 istis
2012 1826 2245 1879 exstare,
2275 1830 2394 1885 quae
2434 1814 2490 1868 in
2520 1808 2975 1883 Recognitionibus
3013 1806 3174 1862 etiam
3230 1806 3421 1876 legun—

1853 1921 1964 1976 tur,
1978 1910 2197 1966 easdem
2216 1908 2448 1969 fabulas,
2461 1905 2795 1973 eosdemque
2808 1914 3027 1956 errores
3048 1898 3306 1969 utrinque
3328 1912 3423 1952 oc-

1854 2018 2101 2069 currere;
2112 2001 2466 2071 eamdemque
2483 1997 2772 2066 utriusque
2783 1992 2963 2064 operis
2977 1990 3418 2045 distributionem

1856 2095 2047 2151 videri.
2080 2093 2231 2165 Stylo
2248 2102 2376 2147 sunt
2395 2091 2550 2147 valde
2577 2088 2831 2161 eleganti,
2862 2086 3175 2156 praebetque
3223 2092 3415 2138 auctor

1854 2187 2100 2259 plurima:
2128 2184 2451 2242 eruditionis
2502 2181 2816 2253 specimen;
2849 2176 3287 2235 commentitium
3332 2190 3425 2229 au-

1854 2287 1962 2334 tem
1988 2293 2048 2335 se
2081 2292 2224 2343 esse,
2256 2276 2444 2331 multis
2481 2274 2629 2328 notis
2655 2270 2857 2343 prodit.

1924 2367 2163 2439 Epitome
2176 2368 2345 2422 sancti
2369 2365 2515 2419 Petri
2540 2365 2658 2418 vita:
2679 2360 3010 2431 supposititia
3032 2373 3230 2430 quoque
3249 2365 3424 2411 est.—

1854 2459 1951 2516 Est
1976 2459 2141 2515 etiam
2172 2473 2201 2511 a
2231 2456 2501 2512 Cotelerio
2530 2453 2675 2510 edita
2690 2450 3292 2524 (49)sanctiClementis
3308 2446 3425 2501 his-

1852 2550 2013 2614 toria,
2030 2564 2149 2619 quze
2172 2546 2411 2616 Epitome
2432 2544 2603 2599 sancti
2628 2542 2771 2596 Petri
2796 2542 2913 2593 vita:
2928 2537 3260 2592 inscribitur.
3282 2533 3424 2588 Scri-

1852 2649 2002 2712 ptum
2019 2640 2120 2694 hoc
2135 2638 2197 2693 ad
2214 2644 2461 2693 sanctum
2475 2633 2733 2689 Iacobum
2748 2627 3293 2700 Hierosolymitanum
3304 2624 3423 2694 epi-

1853 2747 2077 2804 scOpum
2094 2731 2279 2786 datum
2294 2744 2415 2785 esse
2436 2727 2843 2798 fingitur,atque
2865 2728 3059 2793 praeter
3074 2734 3162 2773 res
3181 2732 3211 2772 a
3230 2723 3421 2772 sancto

1851 2824 2013 2881 Petro
2034 2830 2237 2895 gestas,
2273 2821 2448 2877 sancti
2468 2817 2762 2875 Clementis
2784 2815 2948 2870 etiam
2972 2812 3095 2866 vitae
3122 2807 3414 2864 historiam

1852 2912 2424 2987 complectitur.lstud
2463 2926 2593 2967 vero
2622 2908 2757 2964 nihil
2803 2906 2909 2961 nisi
2960 2904 3414 2973 Recognitionum,

1851 3009 2332 3069 Clementinorum,
2348 3003 2606 3059 Actorum
2624 2998 2870 3070 martyrii
2890 2997 3067 3053 sancti
3089 2992 3409 3053 Clementis,

1853 3106 2015 3169 atque
2065 3098 2308 3153 historiae
2356 3095 2423 3151 de
2480 3093 2735 3164 Ephraim
2802 3103 3016 3145 summa
3070 3094 3174 3141 est.
3240 3084 3416 3154 Hujus

1852 3189 2190 3246 collectionis
2232 3194 2424 3242 auctor
2447 3225 2463 3250 ,
2511 3185 2605 3255 qui
2672 3180 3066 3250 Metaphrastes
3114 3176 3224 3248 (50)
3295 3190 3419 3231 esse

1850 3282 2113 3347 creditur,
2149 3295 2234 3346 ea,
2275 3294 2396 3350 qua:
2437 3278 2493 3331 in
2523 3274 2766 3344 scriptis,
2792 3270 2936 3325 unde
2964 3269 3079 3323 haec
3107 3267 3402 3337 excerpsit,

1852 3374 2182 3436 redundare,
2209 3382 2301 3426 aut
2326 3370 2461 3424 falsa
2507 3366 2926 3439 perniciosaque
2970 3375 3092 3416 esse
3145 3360 3248 3415 sibi
3297 3358 3415 3416 visa

1849 3475 2000 3532 sunt,
2058 3463 2377 3535 amputavit.

1920 3556 2045 3611 Alia
2074 3552 2412 3624 supposititia
2444 3551 2615 3605 sancti
2654 3547 2935 3603 Clementis
2971 3562 3158 3600 nomen
3206 3542 3404 3613 prafe-

1848 3649 2018 3706 rentia
2042 3647 2262 3710 scripta.
2285 3674 2356 3686 —-
2383 3641 2508 3700 Fuit
2540 3642 2656 3715 jam
2695 3656 2726 3696 a
2751 3639 2913 3697 nobis
2963 3636 3214 3709 superius
3248 3633 3419 3689 aclno~

1847 3750 2046 3806 tatum,
2080 3738 2514 3809 Recognuionum
2562 3740 2841 3787 auctorem
2895 3728 3182 3791 afﬁrmare,
3227 3726 3414 3780 decem

1849 3834 2027 3890 sancti
2081 3830 2230 3886 Petri
2276 3840 2589 3885 sermonum
2613 3823 2878 3879 Caesareae
2904 3821 3213 3875 habitorum
3243 3817 3413 3870 libros

1849 3930 2039 3981 sancto
2064 3920 2270 3976 Jacobo
2298 3934 2339 3973 a1
2359 3934 2418 3974 se
2452 3917 2650 3971 missos
2678 3914 2865 3969 fuisse.
2914 3911 3109 3965 Decem
3149 3909 3226 3962 illi
3272 3906 3412 3968 libri,

1851 4023 1911 4070 ut
1937 4015 2052 4086 jam
2089 4012 2271 4070 semel
2292 4008 2628 4071 monuimus,
2660 4006 2728 4060 ad
2757 4019 2858 4059 nos
2888 4017 2995 4057 non
3018 4004 3411 4071 pervenerunt;

1849 4115 2086 4161 attamen
2132 4101 2615 4175 pseudo-Clemens
2657 4111 2881 4168 operam
2928 4091 3099 4156 dedit,
3161 4099 3222 4145 ut
3276 4089 3407 4160 quid

1847 4199 1953 4255 illis
1974 4197 2365 4259 contineretur,
2395 4192 2613 4264 penitus
2646 4205 2753 4244 non
2770 4189 3165 4257 ignoraremus.
3194 4181 3274 4237 Ex
3293 4181 3410 4238 illi!

1846 4292 2064 4365 quidam
2089 4291 2200 4365 (51)
2217 4289 2286 4346 de
2316 4288 2431 4345 veri
2449 4287 2729 4359 propheta:
2757 4283 2926 4347 notis,
2973 4289 3134 4352 atque
3160 4280 3227 4336 de
3275 4280 3411 4351 legis

1847 4388 2123 4443 intellectu
2149 4386 2361 4456 agebat.
2410 4382 2733 4439 Anastasius
2763 4379 2874 4451 (52)
2903 4378 3275 4433 Antiochenus
3299 4376 3414 4429 lau-

178 4472 263 4519 cta
316 4465 523 4520 divinae
554 4464 917 4521 Providentia:
963 4466 1212 4537 imperio,
1259 4482 1365 4521 non
1415 4482 1549 4522 casu
1609 4468 1743 4539 geri.

1860 4480 1942 4534 dat
1972 4485 2230 4549 praeterea
2272 4475 2445 4531 sancti
2500 4472 2795 4529 Clementis
2840 4471 3060 4525 nomine
3110 4467 3412 4523 orationem

180 4553 436 4610 Decimus
485 4568 551 4608 ac
593 4563 904 4625 postremus
954 4557 1096 4612 liber
1123 4557 1374 4630 dialdgus
1404 4573 1624 4629 quoque
1665 4566 1751 4614 est

178 4644 320 4699 inter
365 4652 623 4700 sanctum
658 4646 1011 4715 Clementem,
1042 4649 1401 4720 eumdemque
1438 4666 1623 4706 senem
1682 4650 1750 4706 de

179 4732 309 4787 boni
352 4740 408 4789 et
445 4734 576 4789 mali
619 4745 837 4792 natura.
891 4737 973 4793 Ad
1025 4737 1185 4794 finem
1246 4740 1370 4795 libri
1424 4741 1492 4797 de
1529 4742 1751 4800 Simone

179 4821 333 4895 Mago
358 4826 569 4881 mentio
616 4826 944 4895 instituitur,
973 4831 1235 4900 atque-de
1280 4847 1368 4897 ea,
1399 4848 1519 4903 quas
1542 4834 1615 4889 ibi
1641 4833 1752 4890 fer-

180 4922 288 4981 tur,
316 4916 467 4972 senis
518 4915 686 4987 hujus
716 4918 773 4972 in
797 4918 1039 4976 Simonis
1061 4919 1199 4993 Magi
1226 4923 1433 4978 vultum
1463 4932 1751 4980 metamor-

178 5007 355 5078 phosi.
413 5006 545 5063 Haec
589 5018 742 5076 sunt,
783 5026 902 5082 qua:
956 5012 1023 5067 de
1076 5012 1262 5070 decem
1312 5014 1746 5086 Recognitiouum

180 5098 332 5154 libris
354 5099 522 5155 hodie
548 5102 898 5159 exstantibus
920 5104 1215 5161 lectoribus
1247 5106 1437 5163 leviter
1457 5108 1748 5165 delibanda

180 5193 587 5261 proposuimus,
630 5201 692 5247 ut
745 5209 839 5250 eos
871 5195 1085 5250 inutilia
1143 5196 1253 5253 fere
1291 5199 1493 5269 scripta
1536 5202 1746 5273 legendi

248 5323 358 5393 (46)
388 5322 649 5392 Photius,
685 5327 874 5383 codice
902 5341 1053 5382 cxtn.

248 5393 357 5462 (47)
396 5393 549 5450 Loco
583 5398 772 5452 citato.

248 5464 358 5537 (ᾧ)
390 5466 667 5537 Coteler.,
697 5466 798 5537 t._|,
830 5482 951 5537 pag.
982 5465 1106 5522 607.

247 5534 366 5602 (49)
396 5533 536 5590 Ibid.
584 5552 711 5602 pag.
744 5533 863 5591 655,

246 5603 359 5673 (50,
402 5604 481 5660 Id.
504 5646 521 5671 ,
554 5603 694 5673 ibid.

245 5672 356 5745 (5i)
388 5672 511 5730 Lib.
550 5690 567 5728 ι
606 5672 988 5745 Rccognition.,
1014 5692 1067 5731 n.
1097 5678 1182 5732 l7.

245 5742 352 5815 (53)
377 5751 605 5811 Auast.,
640 5742 833 5813 quaist.
865 5746 954 5815 96,
986 5763 1105 5818 pag.
1141 5747 1264 5805 536.

1853 4570 2145 4644 quamdam
2207 4568 2271 4624 de
2294 4566 2661 4630 Providentia,
2720 4573 2875 4635 atque
2927 4560 2990 4616 de
3024 4560 3243 4630 justitia
3290 4556 3407 4611 Dei.

1852 4663 1981 4719 lude
2010 4677 2140 4718 vero
2171 4659 2407 4715 fortasse
2429 4658 2727 4730 fragmenta
2768 4671 2798 4709 a
2822 4653 3092 4709 Cotelerio
3120 4650 3264 4705 edita
3298 4647 3409 4719 (53)

1851 4755 2018 4826 petita
2052 4760 2202 4816 sunt,
2230 4751 2428 4822 quibus
2463 4747 2750 4803 Trinitatis
2781 4743 3096 4817 mysterium
3126 4740 3290 4811 probe
3317 4755 3411 4793 ex-

1852 4845 2103 4916 plicatur.
2135 4841 2358 4898 Veteres
2416 4839 2592 4895 sancti
2634 4836 2926 4893 Clementis
2972 4833 3177 4902 scripta
3221 4846 3409 4886 eorum

1852 4934 2209 5007 appellatione
2235 4946 2342 4986 non
2369 4929 2552 5007 addita
2604 4943 2746 4997 saepe
2788 4926 3097 4985 laudarunt,
3122 4923 3266 4976 inter
3306 4935 3412 4974 cae-

1849 5004 1997 5084 teras
2018 5032 2245 5083 sanctus
2274 5004 2509 5078 Basilius
2538 5019 2649 5091 (54)
2680 5015 3216 5089 pseudo-Dionysius
3245 5013 3411 5068 Areo-

1850 5114 2049 5184 pagita,
2086 5117 2278 5165 auctor
2328 5106 2719 5178 disputationis
2775 5112 2967 5158 contra
3022 5100 3213 5154 Arium
3266 5100 3410 5154 inter

1849 5219 2015 5275 opera
2051 5203 2224 5258 sancti
2256 5200 2563 5262 Athanasii,
2593 5195 2920 5252 Anastasius
2982 5190 3213 5256 Sinaita,
3247 5191 3402 5246 Nice-

1922 5335 2033 5405 (53)
2058 5334 2292 5391 Coteler.
2313 5375 2337 5399 ,ν
2360 5342 2481 5386 not.
2516 5330 2581 5385 ad
2610 5330 2751 5405 libLi
2781 5327 3048 5405 Recognit.
3071 5368 3088 5394 ,
3122 5343 3180 5383 ιι.
3216 5325 3287 5380 2‘
3312 5345 3327 5392 ;
3351 5336 3406 5381 et

1846 5398 1989 5461 inter
2009 5398 2283 5459 testimon.
2318 5398 2561 5456 veterum
2593 5400 2659 5454 de
2690 5398 3014 5453 Clementin.

1920 5474 2029 5544 (54)
2062 5474 2317 5536 Basilius,
2341 5472 2433 5527 lib.
2452 5486 2468 5544 μ
2493 5468 2568 5544 De
2587 5468 2788 5544 Spiritu
2803 5478 3012 5544 sancto,
3027 5481 3156 5544 _cap_.
3178 5463 3409 5544 sermo.

1846 5534 1966 5617 nys.
1978 5584 1993 5606 ,
2006 5534 2117 5617 :De_
2128 5544 2293 5617 divin.
2306 5534 2705 5617 nominibus}.
2721 5539 2775 5605 6;
2789 5534 3119 5617 Anastasius
3138 5538 3190 5617 in
3211 5534 3403 5603 Odego.

1847 5606 1969 5685 cap.
1991 5614 2035 5685 2
2058 5613 2440 5685 ;7Nicephor._,
2460 5610 2504 5685 1Δ
2523 5608 2770 5685 milia”
2792 5624 2842 5663 c.
2864 5608 2950 5664 ll.
2980 5606 3393 5685 iidendusquo

1844 5678 1949 5756 que
1978 5678 2174 5750 Grabo,
2223 5678 2417 5739 Corn."
2465 5679 2712 5753 Spicileg.
2743 5721 2758 5748 ,
2794 5694 2915 5753 pag.
2974 5678 3074 5734 189
3100 5682 3153 5733 et
3177 5690 3331 5747 seqq.
