3870 6356
428 285 523 340 151

1547 280 1635 335 AD
1676 279 1733 336 S.
1776 277 2257 336 CLEMENTEM-l
2296 276 2526 334 PAPAM

3557 280 3664 335 1-53

427 404 633 476 phorus
671 400 951 469 Callistus,
995 407 1163 470 atque
1207 400 1454 455 nonnulli
1490 400 1603 455 alii.
1662 399 1735 455 De
1765 398 1987 469 liturgia
2018 404 2062 460 Α
2092 399 2273 454 storias
2312 398 2476 469 hujus
2526 394 2816 451 falsitatem
2848 392 3369 460 demonstrandam;
3413 407 3536 448 cum
3582 394 3663 449 le-

426 493 603 549 sancti
625 491 941 553 Clementis,
974 499 1137 562 atque
1164 491 1231 546 de
1262 490 1603 557 collectione,
1638 505 1801 561 quam
1824 491 1892 543 ah
1920 505 1987 545 eo

425 587 731 641 institutam
768 584 970 650 ferunt,
998 586 1171 642 sancti
1214 584 1358 641 Petri
1395 583 1814 649 revelationum,
1840 584 1987 661 idem

426 678 709 734 ferendum
749 684 833 733 est
858 678 1147 748 judicium.
1842 666 1845 669 λ

936 766 1333 824 ARTICULUS
1380 767 1470 824 1V.

634 873 700 911 DE
740 875 896 915 ACTIS
937 875 1194 914 MARTYRII
1233 874 1421 914 SANCTI
1452 875 1771 915 CLEIENTIS.

490 955 622 1008 Acta
668 955 910 1025 martyrii
941 951 1117 1007 sancti
1148 951 1446 1007 Clementis
1492 959 1603 1006 tam
1649 948 1987 1006 admirandis

423 1047 829 1102 narrationibus
861 1050 975 1097 tota
1026 1040 1260 1095 conflata
1308 1049 1461 1107 sunt,
1508 1048 1570 1096 ut
1622 1057 1762 1112 argre
1792 1039 1988 1112 legenti

422 1139 764 1209 supposititia
786 1135 951 1191 videri
970 1150 1077 1188 non
1096 1134 1327 1205 possint.
1350 1132 1617 1189 Constant
1642 1140 1819 1187 autem
1839 1146 1987 1187 mera

420 1230 807 1284 miraculorum
834 1226 1147 1281 narratione
1168 1242 1185 1293 ;
1209 1240 1331 1296 quae
1351 1225 1475 1280 licet
1502 1225 1644 1296 stylo
1664 1223 1817 1279 valde
1837 1224 1987 1292 gravi

419 1322 728 1391 conscripta
758 1320 849 1382 sit,
873 1318 1092 1373 nativus
1121 1327 1301 1372 tamen
1333 1317 1421 1371 ille
1440 1316 1784 1385 antiquitatis
1809 1316 1985 1381 color,

417 1410 509 1479 qui
534 1407 586 1459 in
612 1407 862 1476 genuinis
888 1408 1007 1479 ejus
1033 1408 1209 1464 aetatis
1239 1406 1461 1477 scriptis
1512 1408 1843 1476 COIISpicuus
1883 1415 1986 1472 est,

422 1496 622 1552 ibidem
655 1513 766 1552 non
794 1506 1093 1567 spectatur.
1145 1494 1335 1549 Refert
1365 1495 1622 1565 primum,
1658 1494 1984 1558 Sisinnium,

2090 498 2210 546 ctor
2240 490 2396 547 facile
2422 490 2700 560 percipere
2730 486 2937 557 possit,
2981 485 3233 542 fabellam
3263 500 3489 557 sapere,
3539 501 3664 556 qua:

2089 583 2158 639 de
2189 582 2429 640 Sisinnio
2467 581 2795 638 referuntur.
2829 579 2962 647 Quis
3007 578 3152 635 enim
3194 578 3382 633 credat
3406 585 3566 633 atate
3592 578 3662 632 il-

2090 674 2175 739 la,
2205 689 2314 745 qua
2364 673 2558 744 pagani
2605 673 3044 729 Christianorum
3076 670 3246 725 cultui
3278 669 3509 726 vetando
3539 671 3664 741 plu-

2090 766 2289 821 rimum
2320 765 2693 836 invigilabant,
2720 764 2984 820 ecclesias
3003 762 3164 833 vulgo
3186 761 3320 817 adeo
3347 770 3521 827 notas,
3548 772 3665 818 tan-

2090 866 2308 929 tamque
2352 874 2447 913 eas
2476 857 2744 913 subeundi
2775 856 3051 912 licentiam
3080 856 3251 910 fuisse
3271 895 3287 918 ,
3322 862 3380 909 ut
3432 855 3663 927 paganis

2090 950 2223 1019 ipsis
2273 950 2455 1004 aditus
2499 948 2567 1002 ad
2606 964 2701 1003 eas
2732 954 2971 1019 pateret,
3014 955 3069 1003 et
3115 947 3331 1002 Domini
3386 945 3662 1001 ministris

2090 1043 2163 1096 nil
2207 1043 2640 1113 prohibentibus,
2672 1059 2794 1114 quae
2839 1043 2895 1097 in
2939 1055 3223 1096 sacrorum
3272 1039 3661 1111 mysteriorum

2088 1136 2456 1191 celebratione
2507 1137 2854 1207 gerebantur,
2902 1134 3238 1204 perlustrare
3267 1132 3555 1187 valerent?
3597 1131 3663 1186 il-

2088 1227 2180 1281 lud
2209 1242 2428 1298 quoque
2464 1227 2777 1283 verosimile
2806 1242 2915 1281 non
2953 1223 3048 1289 fit,
3081 1221 3305 1293 Trajani
3332 1230 3494 1277 aetate
3524 1237 3663 1292 prat-

2088 1317 2287 1373 fectum
2331 1318 2504 1372 ullum
2538 1325 2685 1372 tanta
2727 1318 2954 1372 audacia
2986 1315 3191 1380 fuisse,
3224 1315 3317 1385 qui
3362 1314 3661 1369 seditiones

2089 1408 2143 1462 in
2195 1410 2327 1465 urbe
2361 1409 2445 1463 vel
2494 1416 2688 1465 contra
2728 1408 3074 1464 Christianos
3125 1407 3369 1462 excitare
3413 1404 3658 1459 auderet.

2087 1498 2167 1553 Ad
2198 1499 2312 1555 haec
2342 1513 2624 1555 sacrorum
2656 1497 2954 1555 ofﬁciorum
2987 1496 3204 1553 comitis
3234 1496 3527 1567 appellatio
3554 1493 3662 1549 Pu-

416 1589 559 1659 quod
586 1587 882 1657 _Thcodora
928 1604 1065 1643 uxor
1092 1588 1453 1644 Christianam
1499 1588 1812 1657 religionem
1860 1602 1989 1657 pro-
2090 1588 2200 1643 blio
2230 1588 2432 1643 tributa
2481 1589 2654 1643 sancti
2706 1589 3005 1644 Clementis
3049 1602 3165 1642 :evo
3213 1585 3431 1656 cognita
3481 1584 3661 1640 adhuc

416 1680 561 1737 fessa
578 1680 790 1745 fuisset,
808 1680 962 1736 valde
979 1681 1335 1750 indignatum,
1355 1680 1642 1744 rationem,
1661 1694 1765 1748 qua
1785 1679 1983 1733 factum

2092 1696 2197 1736 non
2220 1688 2374 1749 erat;
2411 1681 2505 1736 sed
2534 1680 2890 1736 Constantino
2919 1680 3152 1749 primum
3176 1678 3477 1748 imperante
3500 1692 3663 1731 usur-

416 1774 520 1828 boc
536 1775 725 1828 ulcisci
754 1785 960 1844 posset,
989 1773 1339 1843 quaesivisse;
1371 1788 1495 1826 cum
1527 1786 1657 1825 vero
1698 1768 1983 1826 Theodora
2018 1758 2058 1816 Β
2089 1782 2271 1843 palam
2296 1770 2489 1835 fuisse,
2515 1787 2581 1826 ex
2608 1771 2835 1827 historia
2863 1770 3147 1826 discimus.
3178 1768 3366 1824 Fidem
3393 1768 3557 1823 etiam
3576 1783 3664 1821 su-

417 1861 649 1934 quadam
673 1864 759 1918 die
782 1863 849 1918 ad
876 1864 1163 1919 ecclesiam
1196 1864 1404 1927 ivisset,
1436 1861 1735 1919 Sisinnium
1768 1878 1985 1933 quoque

413 1968 481 2009 eo
510 1953 875 2018 contendisse,
909 1962 964 2007 at
990 1970 1086 2025 per
1116 1956 1276 2009 aliam
1305 1963 1517 2025 portam
1552 1954 1803 2020 subiisse,
1833 1970 1986 2019 ,cun-

415 2057 628 2119 ctaque,
656 2064 777 2119 qua:
798 2047 853 2102 in
874 2046 1310 2103 Christianorum
1331 2047 1608 2120 mysteriis
1634 2048 1981 2118 gerebantur,

417 2140 636 2195 curiose
680 2138 972 2193 admodum
1035 2138 1419 2207 perlustrasse.
1488 2135 1749 2192 Precibus
1800 2144 1981 2192 autem

414 2244 444 2284 a
468 2240 657 2286 sancto
677 2230 953 2286 Clemente
980 2230 1246 2287 absolutis
1262 2238 1316 2285 et
1341 2230 1542 2302 popqu
1566 2230 1732 2284 Amen
1755 2246 1954 2301 respon
1970 2261 1985 2270 -

414 2322 577 2379 dente
618 2320 919 2377 Sisinnium
957 2320 1294 2377 curiositatis
1345 2336 1458 2377 sum
1502 2336 1691 2391 ptenas
1744 2320 1980 2385 dedisse,

413 2422 468 2470 et
516 2416 723 2486 lingua,
758 2415 1089 2483 auribusque
1138 2413 1286 2467 illico
1341 2424 1561 2484 captum
1594 2413 1785 2467 fuisse.
1843 2412 1981 2466 Eum

415 2522 541 2561 vero
563 2515 671 2560 tam
702 2506 897 2562 celeris
928 2505 1149 2560 ultionis
1192 2514 1386 2560 eventu
1425 2506 1734 2576 perculsum
1777 2504 1981 2560 erroris

414 2596 499 2650 sui
529 2596 871 2666 paenituisse,
915 2604 970 2651 et
1007 2611 1131 2650 cum
1184 2595 1457 2665 baptismo
1486 2597 1755 2665 corporis,
1788 2597 1982 2651 anima:

412 2704 629 2760 quoque
669 2688 898 2744 salutem
921 2696 1275 2745 consecutum
1303 2688 1490 2744 fuisse.
1536 2688 1790 2744 Publium
1835 2687 1977 2742 Tar-

412 2780 733 2851 quinianum
791 2796 1074 2836 sacrorum
1139 2782 1439 2837 officiorum
1502 2785 1794 2846 comitem,
1854 2797 1981 2835 cum

416 2870 785 2925 Christianam
832 2872 1150 2943 religionem
1176 2880 1358 2928 tantos
1401 2873 1456 2927 in
1487 2873 1622 2927 urbe
1652 2887 1980 2943 progressus

414 2962 591 3018 facere
619 2971 887 3026 cerneret,
942 2962 1069 3018 data
1116 2966 1396 3035 regionum
1418 2963 1694 3035 praefectis
1716 2964 1969 3034 pecunia,

2086 1870 2268 1932 perat,
2307 1870 2557 1918 sanctum
2607 1861 3138 1927 Clementemillos,
3186 1862 3279 1931 qui
3313 1860 3377 1915 ad
3430 1867 3659 1913 mortem

2086 1972 2210 2012 eum
2248 1956 2683 2027 conquirebant,
2724 1972 2880 2010 canes
2915 1956 2969 2008 in
3001 1954 3236 2009 homines
3270 1952 3529 2007 latrantes
3566 1948 3662 2005 vu-

2085 2048 2337 2114 cavisse;
2383 2046 2531 2118 quod
2581 2055 2764 2102 tamen
2795 2048 2863 2103 ab
2895 2061 2960 2101 eo
2990 2044 3404 2117 pronuntiatum
3439 2044 3495 2097 in
3539 2043 3663 2112 ejus

2085 2140 2222 2194 actis
2246 2140 2495 2210 legimus.

2154 2229 2350 2303 Ingens
2398 2232 2838 2287 Christianorum
2870 2229 2927 2285 in
2972 2228 3373 2286 Chersonesum
3401 2227 3659 2297 deporta~

2083 2332 2263 2378 torum
2318 2339 2584 2379 numerus
2638 2323 2740 2378 sub
2785 2324 2961 2378 sancti
3011 2320 3306 2377 Clementis
3363 2320 3657 2375 adventum

2084 2424 2405 2487 argumento
2430 2418 2591 2472 etiam
2613 2424 2697 2472 est
2733 2415 2929 2470 borum
2962 2422 3211 2470 actorum
3246 2411 3525 2468 falsitatis.
3557 2408 3660 2463 Ne-

2082 2525 2188 2580 que
2225 2511 2372 2563 enim
2421 2518 2656 2580 tempus,
2701 2525 2811 2580 quo
2840 2509 2971 2562 illuc
3017 2505 3294 2578 deportari
3343 2504 3654 2575 potuerint,

2094 2603 2478 2672 perspicimus.
2534 2602 2748 2658 Etenim
2774 2602 2821 2659 si
2855 2603 2959 2659 sub
3009 2600 3320 2655 Domitiano
3363 2597 3655 2652 damnatos

2082 2692 2353 2758 dicamus,
2381 2694 2570 2765 reponi
2610 2702 2809 2765 potest,
2840 2709 2936 2750 eos
2992 2695 3162 2749 altero
3210 2691 3433 2761 Trajani
3485 2702 3654 2751 anno,

2083 2800 2192 2855 quo
2221 2796 2447 2843 sanctus
2475 2786 2731 2843 Clemens
2753 2801 2819 2841 eo
2850 2786 3124 2856 relegatus
3147 2783 3340 2848 fertur,
3384 2781 3498 2835 illic
3536 2795 3655 2835 am-

2082 2881 2227 2949 plius
2256 2893 2365 2933 non
2389 2880 2700 2945 exstitisse;
2752 2893 2874 2932 cum
2897 2876 3074 2932 Nerva
3107 2875 3403 2931 Domitiani
3431 2890 3652 2931 succes-

2083 2984 2175 3023 sor
2195 2976 2250 3023 et
2279 2970 2561 3038 proximus
2589 2967 2808 3037 Trajaui
2832 2967 3088 3024 decessor
3124 2967 3236 3039 (55)
3266 2982 3456 3023 omnes
3486 2981 3516 3020 a
3544 2964 3653 3020 Do-

413 3062 692 3109 auctorem
756 3055 865 3111 illis
887 3055 1059 3112 fuisse
1111 3064 1168 3110 ut
1226 3056 1281 3111 in
1326 3057 1674 3112 Christianos
1721 3057 1977 3127 populum
2005 3096 2046 3152 ο
2084 3060 2311 3116 mitiano
2358 3061 2629 3131 relegatos
2676 3069 2786 3114 tam
2822 3060 3203 3124 Christianos,
3232 3074 3394 3130 quam
3427 3058 3655 3114 alterius

411 3146 769 3202 concitarent.
793 3145 1124 3205 Clementem
1166 3150 1331 3221 igitur
1360 3150 1593 3220 primum
1614 3149 1792 3205 adorti
1821 3158 1969 3216 sunt,

412 3255 534 3295 eum
566 3239 632 3295 de
673 3241 980 3312 sacrilegio,
1015 3242 1081 3297 de
1112 3242 1408 3313 impietate,
1454 3251 1617 3314 atque
1663 3243 1730 3298 de
1760 3244 1977 3300 violatis

414 3330 782 3402 Augustorum
828 3334 1024 3390 edictis
1054 3344 1394 3391 accusantes.
1449 3335 1720 3406 Trajanus
1750 3335 1835 3391 his
1856 3352 1975 3391 om-

413 3424 577 3481 nibus
632 3440 663 3478 a
693 3424 1013 3481 Mamertino
1062 3427 1217 3481 urbis
1264 3426 1521 3497 praafecto
1573 3428 1814 3499 acceptis
1848 3443 1978 3481 san-

412 3524 560 3571 ctum
618 3516 933 3574 Pontificem
989 3520 1045 3574 in
1092 3520 1494 3575 Chersonesum
1554 3522 1697 3575 ultra
1748 3521 1977 3576 Pontum

414 3609 685 3665 Euxinum
711 3612 988 3683 relegavit.
1031 3611 1238 3668 Invenit
1261 3628 1388 3668 vero
1416 3613 1488 3668 ibi
1507 3614 1649 3670 ultro
1669 3613 1779 3668 duo
1809 3614 1979 3668 millia

412 3700 849 3756 Christianorum
873 3700 984 3771 jam
1014 3702 1105 3757 diu
1131 3702 1199 3756 ad
1224 3701 1466 3757 caedendi
1521 3704 1809 3757 marmoris
1840 3719 1979 3773 opus

417 3795 824 3847 damnatorum.
872 3790 1017 3848 Inter
1040 3796 1275 3847 maxima
1315 3800 1493 3847 autem
1517 3793 1708 3848 horum
1743 3793 1978 3848 fidelium

414 3882 758 3938 incommoda
783 3882 915 3937 illud
970 3892 1108 3946 erat,
1140 3883 1283 3955 quod
1313 3894 1464 3939 sexto
1491 3884 1746 3939 milliario
1783 3899 1979 3954 aquam

414 3972 658 4028 humeris
681 3972 798 4028 suis
822 3971 1110 4042 deportare
1161 3973 1439 4029 deberent.
1503 3972 1752 4029 Pontifex
1802 3982 1979 4028 autem

412 4079 604 4119 eorum
681 4065 1029 4119 miseratione
1082 4072 1304 4131 tactus,
1355 4080 1479 4119 cum
1514 4066 1638 4135 agni
1693 4065 1979 4135 cujusdam

414 4155 606 4220 ductu,
649 4155 743 4211 ubi
772 4154 895 4210 fons
923 4164 1088 4219 esset,
1121 4156 1488 4228 cognovisset,
1523 4172 1666 4219 eam.
1697 4166 1755 4211 ut
1781 4155 1982 4212 effode-

414 4253 562 4313 rent,
586 4246 915 4302 Christianis
968 4248 1228 4302 ostendit.
1280 4246 1488 4313 Quibus
1510 4247 1877 4319 nequidquam
1900 4248 1980 4300 la-

414 4338 739 4407 borantibus
774 4346 1000 4393 sanctus
1039 4338 1291 4395 Clemens
1326 4355 1447 4395 eum
1499 4339 1677 4393 locum
1729 4339 1845 4410 ipse
1873 4338 1977 4393 levi

2081 3152 2460 3223 cujuscunque
2490 3152 2709 3225 generis
2734 3153 3092 3218 revocaverit,
3150 3151 3425 3223 quomodo
3474 3150 3653 3206 sancti

2077 3245 2307 3304 Joannis
2349 3248 2599 3319 exemplo
2638 3247 2920 3304 docemur.
2946 3246 3049 3302 Sed
3078 3262 3256 3317 neque
3285 3245 3389 3303 sub
3427 3243 3651 3313 Trajani

2080 3339 2297 3411 imperii
2324 3341 2607 3397 exordium
2636 3342 2710 3395 illi
2734 3341 2975 3395 damnati
3009 3339 3180 3403 fuere,
3205 3353 3330 3393 cum
3364 3337 3411 3394 is
3436 3336 3653 3393 decimo

2080 3439 2292 3487 tantum
2324 3434 2539 3503 imperii
2565 3434 2651 3489 sui
2687 3448 2834 3487 anno
2862 3433 3195 3504 quaestiones
3216 3431 3272 3488 in
3301 3429 3653 3486 Christianos

2080 3527 2279 3582 habere
2304 3526 2553 3596 coeperit,
2575 3525 3032 3596 quemadmodum
3051 3525 3119 3580 ab
3136 3523 3372 3580 Eusebio
3390 3523 3446 3577 in
3475 3520 3654 3577 Chro-

2080 3621 2207 3675 nico
2228 3619 2508 3674 docemur.

2148 3709 2369 3765 Fabulis
2395 3725 2612 3779 quoque
2634 3716 2715 3765 est
2738 3708 3227 3773 annumerandum,
3251 3704 3396 3777 quod
3424 3705 3480 3759 in
3511 3704 3653 3759 actis

2080 3802 2202 3858 istis
2226 3801 2479 3866 refertur,
2506 3802 2647 3855 intra
2671 3801 2801 3855 anni
2842 3801 3006 3856 unius
3036 3799 3272 3871 spatium
3305 3797 3653 3869 septuaginta

2078 3893 2344 3950 ecclesias
2393 3892 2450 3947 in
2499 3892 2849 3948 Chersoneso
2903 3891 3155 3946 conditas
3201 3889 3393 3944 fuisse.
3460 3886 3653 3957 Neque

2079 3985 2223 4039 enim
2242 3984 2426 4038 inscio
2470 3982 2686 4039 Caesare
2732 3981 2980 4037 construi
3009 3982 3338 4051 potuissent.
3386 3977 3546 4044 Quod
3600 3977 3654 4031 si

2082 4074 2353 4143 Trajanus
2381 4073 2436 4128 id
2491 4076 2772 4137 rescisset,
2814 4087 2939 4127 cum
2972 4070 3301 4138 Christianis
3345 4076 3494 4125 esset
3542 4068 3654 4123 ini-

2079 4170 2238 4239 quior
2262 4206 2278 4232 ,
2321 4166 2468 4238 quod
2508 4182 2640 4223 sane
2675 4176 2796 4221 acta
2833 4166 2949 4221 haec
2979 4165 3197 4221 sincera
3226 4178 3349 4219 esse
3373 4160 3651 4216 affirman-

2079 4266 2162 4316 ῑεε
2187 4257 2461 4313 fateantur
2493 4273 2722 4314 necesse
2749 4267 2853 4321 εει,
2886 4272 2983 4312 eas
3015 4264 3165 4312 tanto
3192 4269 3421 4310 numero

2081 4351 2198 4406 cari
2227 4366 2428 4421 passus
2452 4365 2562 4405 non
2596 4350 2809 4411 fuisset.
2858 4348 3105 4414 Accedit,
3159 4356 3498 4417 compertum
3546 4359 3652 4401 nos

414 4431 526 4484 ictu
577 4430 869 4500 percussit,
912 4440 967 4485 et
994 4430 1115 4487 fons
1142 4432 1287 4486 illico
1328 4431 1549 4486 exsiliit.
1606 4430 1687 4485 Ad
1732 4430 1978 4484 miraculi

2087 4442 2306 4507 habere,
2335 4441 2678 4498 Christianos
2710 4441 2778 4495 ad
2808 4441 2952 4495 tertii
2983 4424 3194 4494 tantum
3216 4438 3401 4494 saeculi
3429 4437 3650 4492 initium

414 4522 581 4593 hujus
605 4522 807 4577 famam
829 4530 942 4579 tota
972 4524 1249 4593 provincia
1280 4532 1622 4589 accurrente,
1652 4525 1979 4593 cunctisque

414 4615 480 4669 ad
524 4615 683 4671 fidem
715 4615 986 4671 traductis
1015 4623 1069 4670 et
1100 4616 1385 4685 baptizatis
1408 4616 1551 4670 intra
1578 4616 1705 4670 anni
1740 4616 1979 4686 spatium

414 4708 757 4780 septuaginta
803 4708 1050 4764 ecclesiae
1080 4717 1432 4774 constructaa,
1468 4708 1609 4765 idola
1636 4708 1818 4763 omnia
1846 4723 1979 4761 cono

413 4797 625 4864 fracta,
688 4800 887 4869 templa
944 4799 1385 4869 circumjacentis
1462 4801 1701 4871 regionis
1760 4800 1976 4864 diruta,

411 4902 712 4960 Omnesque
748 4891 855 4945 luci
881 4906 1057 4962 usque
1110 4890 1178 4944 ad
1226 4899 1469 4947 trecenta
1499 4890 1753 4945 milliaria
1784 4890 1838 4944 in
1869 4890 1979 4945 cir-

414 4987 567 5041 cuitu
594 4989 803 5043 concisi
834 4987 1003 5043 fuere.
1060 4987 1333 5058 Trajanus
1361 5004 1513 5051 vero,
1552 4995 1609 5041 ut
1656 4996 1866 5042 tantum
1898 4987 1976 5041 rei

412 5075 738 5133 Christianae
793 5093 1143 5149 progressum
1194 5079 1445 5141 sisteret,
1487 5076 1817 5133 Clementem
1879 5092 1979 5130 an-

412 5167 583 5221 chora
613 5167 677 5222 ad
724 5167 922 5222 collum
957 5168 1117 5237 ligata
1142 5167 1196 5222 in
1228 5182 1376 5222 mare
1403 5166 1645 5236 demergi
1675 5164 1975 5221 mandavit.

412 5260 482 5312 At
510 5258 648 5313 mari.
671 5274 845 5328 usque
875 5257 941 5311 ad
972 5259 1151 5313 locum
1174 5298 1187 5321 ,
1214 5274 1324 5328 quo
1353 5256 1634 5312 Pontificis
1665 5272 1864 5326 corpus
1887 5256 1976 5326 ja-

411 5350 604 5415 cebat,
656 5350 974 5415 recedente,
1024 5350 1157 5405 illud
1212 5351 1422 5404 tumulo
1467 5365 1631 5405 saxeo
1674 5348 1731 5403 in
1774 5348 1976 5419 templo

411 5442 649 5513 quodam
671 5457 977 5497 marmoreo
998 5442 1278 5497 conditum
1310 5441 1609 5498 Christiani
1634 5441 1972 5497 invenerunt.

486 5533 649 5589 Multa
670 5541 864 5603 autem
894 5534 1283 5604 disquisitione
1312 5550 1453 5605 opus
1503 5548 1615 5590 non
1643 5543 1724 5589 est
1745 5570 1761 5599 ,
1793 5532 1860 5587 ad
1892 5532 1976 5587 bi-

485 5695 595 5760 (53)
630 5694 745 5758 Dio,
773 5693 912 5746 libro
933 5707 1125 5756 Lm",
1156 5708 1275 5764 pag.
1306 5692 1425 5745 769.

2080 4534 2365 4600 ecclesias,
2410 4532 2479 4586 ad
2535 4548 2674 4605 quas
2715 4533 2893 4602 palam
2936 4529 3322 4593 convenirent,
3364 4528 3650 4584 habuisse.

2081 4622 2402 4678 Aufidianus
2459 4638 2684 4692 praeses,
2738 4621 2833 4691 qui
2872 4619 3165 4690 aTrajano
3222 4619 3289 4673 ad
3320 4616 3651 4673 Christiana

2084 4713 2299 4783 pietatis
2318 4722 2665 4783 augmentum
2699 4711 3097 4781 prohibendum
3136 4711 3193 4764 in
3237 4709 3649 4763 Chersonesum

2082 4806 2285 4863 missus
2318 4806 2507 4871 fertur,
2543 4806 2715 4861 solius
2772 4804 2948 4860 sancti
2976 4803 3276 4859 Clementis
3308 4810 3483 4859 morte
3512 4816 3648 4855 cou-

2082 4907 2267 4954 tentus
2289 4914 2398 4954 non
2433 4897 2644 4959 fuisset,
2676 4896 2771 4952 sed
2799 4912 2923 4950 eum
2950 4911 3049 4966 pro
3073 4911 3172 4963 sua
3204 4895 3259 4948 in
3281 4893 3413 4947 deos
3442 4893 3651 4962 pietate

2079 5007 2289 5061 suoque
2314 4992 2368 5045 in
2389 4990 2621 5045 Caesaris
2648 4989 2802 5058 jussa
2828 4988 3093 5057 obsequio
3121 4984 3559 5057 quamplurimos
3578 4998 3647 5037 ex

2080 5082 2377 5138 rebellibus
2407 5081 2517 5137 illis
2545 5080 2777 5136 Caesaris
2827 5078 3100 5132 mandatis
3134 5092 3326 5147 parere
3359 5075 3647 5129 renuenti-

2079 5174 2202 5238 bus,
2234 5174 2612 5244 idolorumque
2655 5173 2839 5227 cultus
2867 5170 3139 5234 hostibus,
3178 5169 3414 5239 plectere
3457 5167 3648 5237 utique

2076 5264 2372 5319 debuisset.

2149 5355 2304 5421 Quod
2341 5354 2408 5408 de
2440 5354 2671 5408 mirifico
2703 5354 2796 5407 illo
2837 5350 2985 5406 fonte
3011 5359 3131 5405 acta
3166 5349 3270 5406 ista
3312 5353 3641 5415 memorant,

2076 5446 2171 5518 qui
2199 5446 2264 5499 ad
2290 5446 2463 5501 sancti
2503 5445 2800 5500 Clementis
2830 5460 3018 5514 preces
3069 5445 3366 5507 emanavit,
3416 5456 3642 5514 praeter-

2076 5537 2314 5594 eundum
2344 5536 2505 5592 nobis
2524 5552 2645 5593 esse
2666 5550 2992 5601 censemus;
3022 5535 3249 5607 singulm
3269 5534 3416 5590 enim
3443 5550 3642 5589 narra-
