3832 6248
196 348 226 403 1
242 348 321 406 τε
1425 354 1776 420 ΡΒΟἝΜΙΑ

1881 365 2183 425 ιαιοηυιί.
3304 334 3429 425 πεί

193 462 399 519 tionis
423 462 578 533 hujus
609 472 789 535 partes
840 478 894 520 se
921 460 1061 530 ipsas
1111 454 1384 520 falsitatis
1447 484 1776 544 coarguunt.
1809 481 1855 537 Α
1880 475 2131 532 Clementi
2155 486 2309 528 sacra
2330 471 2394 526 ad
2412 474 2512 527 tria
2528 472 2688 527 millia
2703 488 2955 543 passuum
2975 476 3257 531 recedere?
3273 478 3402 544 Qui-

190 550 366 607 ιιιεω
406 556 743 609 sumendum
768 564 844 611 esi
868 554 929 607 de
955 550 1040 611 iis:
1080 562 1210 618 Quae
1245 561 1369 608 acta
1403 556 1512 613 ista
1554 564 1780 631 addunt,
1879 566 1980 620 bus
2011 564 2246 620 universi
2297 579 2604 633 reposuere,
2636 565 2747 620 haec
2774 565 2875 620 sibi
2900 564 3161 622 hactenus
3198 567 3401 623 incom-

185 654 336 695 cnm
370 645 622 713 discipuli
656 647 842 715 paucis
866 648 977 714 post
1007 641 1190 694 sancti
1248 644 1554 705 Clementis
1584 663 1784 724 marty-
1880 667 2030 728 perta
2061 657 2227 713 fuisse
2264 656 2395 728 (57).

183 730 358 783 rium
394 732 582 787 diebus
616 734 688 786 ad
718 735 911 795 locum,
939 743 1041 800 Quo
1074 728 1170 785 ille
1192 732 1252 787 in
1300 749 1475 805 aquas
1504 740 1785 796 demersus
1949 747 2238 802 Obscurior
2264 758 2535 816 praeterea,
2560 754 2653 799 aut
2678 746 2856 815 potius
2893 753 3145 815 tanquam
3177 762 3399 817 apocry—

184 821 413 913 fugerat,
441 826 837 889 accessissent,
875 826 1042 879 tribus
1077 824 1296 881 scilicet
1318 842 1350 881 a
1380 828 1571 886 littore
1591 834 1785 886 millia-
1881 838 1985 907 pha
2014 844 2065 891 et
2094 838 2454 890 commentitia
2493 853 2523 890 a
2561 836 2625 893 Ι).
2655 835 2897 906 Gregorii
2926 835 2994 890 Μ.
3030 852 3200 913 usque
3244 845 3400 906 atate

182 911 373 966 Γίδυε
396 927 541 967 mare
572 917 904 979 τθοθεείεεεν
956 921 1116 984 alque
1172 930 1272 971 θος
1316 921 1493 973 sane“
1534 922 1785 992 martyris
1882 929 2104 985 historia
2131 929 2243 983 haec
2266 929 2445 981 habita
2483 928 2613 994 fuit;
2645 942 2765 981 cum
2797 935 2982 981 sancto
3023 911 3246 995 Eulogio
3286 926 3403 994 epi-

182 1004 472 1072 reliquias
520 1007 749 1061 tumulo
799 1009 1002 1076 lapideo
1052 1008 1306 1065 conditas
1363 1012 1419 1064 in
1483 1028 1785 1069 marmoreo
1882 1034 2045 1087 scepo
2102 1018 2459 1073 Alexandrino
2530 1026 2821 1087 martyrum
2873 1024 2990 1070 acta
3045 1016 3112 1069 ab
3170 1015 3400 1069 Eusebio

180 1093 419 1161 templo
446 1093 758 1150 invenisse.
790 1097 892 1161 Qui
920 1096 1056 1151 enim
1087 1094 1207 1150 fieri
1237 1106 1449 1166 posset,
1470 1106 1528 1153 ut
1552 1116 1638 1155 res
1654 1101 1785 1155 adeo
1880 1104 2205 1159 Cmsareensi
2236 1104 2453 1156 collecta
2477 1103 2739 1170 expetenti
2767 1102 3008 1156 Pontifex
3034 1102 3120 1155 ille
3144 1101 3396 1156 doctissi-

184 1179 546 1236 admiranda:
608 1185 891 1240 universa:
922 1186 1228 1254 antiquitati
1262 1188 1482 1255 ignotae,
1532 1197 1689 1258 atque
1719 1191 1786 1243 ab
1880 1209 2000 1248 mus
2044 1191 2413 1261 responderit:
2447 1209 2463 1241 ι
2490 1189 2688 1245 Praeter
2728 1192 2840 1253 illa,
2888 1206 3005 1259 quae
3054 1191 3109 1242 in
3159 1190 3396 1258 ejusdem

183 1271 463 1325 omnibus
508 1273 924 1329 ecclesiasticae
984 1275 1225 1329 historia:
1293 1277 1651 1347 scriptoribus
1707 1279 1784 1331 al-
1882 1282 2093 1336 Eusebii
2122 1281 2271 1334 libris
2299 1280 2364 1333 de
2393 1279 2569 1333 Gestis
2600 1288 2902 1333 sanctorum
2940 1288 3230 1349 martyrum
3262 1295 3396 1333 con-

187 1360 424 1414 tissimo
471 1360 711 1415 silentio
764 1364 986 1433 sepultae
1037 1364 1281 1418 fuerint?
1312 1365 1453 1419 haud
1504 1366 1788 1421 diffitemur

184 1448 447 1541 quidem,
477 1451 610 1519 ejus
646 1454 735 1506 rei
763 1454 819 1507 in
849 1455 1107 1523 opusculo
1129 1456 1366 1524 quodam
1400 1456 1511 1525 (56)
1534 1457 1783 1541 Ephraim

189 1539 495 1594 Chersonis
524 1542 807 1611 episc0po
838 1545 1039 1597 tributo
1062 1545 1395 1600 mentionem
1427 1547 1568 1600 fieri:
1600 1562 1782 1600 verum

188 1628 465 1697 scriptum
481 1630 632 1683 illud
658 1632 889 1688 levioris
907 1634 1162 1702 ponderis
1183 1650 1305 1689 esse
1320 1635 1549 1690 videtur.
1570 1636 1643 1689 Ex
1668 1637 1784 1704 ipso
1882 1635 2036 1688 lecta.
2057 1632 2164 1688 Nos
2186 1641 2360 1687 autem
2389 1648 2535 1704 pazne
2558 1634 2793 1685 omnium
2819 1642 3105 1703 martyrum
3131 1633 3399 1688 distinctis

190 1718 363 1771 enim
416 1721 563 1789 stylo
627 1722 1018 1791 dignoscimus
1043 1765 1057 1789 ,
1103 1725 1235 1778 illud
1277 1723 1448 1779 Grzeci
1507 1726 1780 1793 cujusdam
1882 1737 1976 1789 per
2003 1721 2117 1777 dies
2149 1723 2388 1791 singulos
2416 1721 2757 1791 passionibus
2789 1722 3011 1774 collecta
3055 1722 3107 1773 in
3160 1735 3268 1774 uno
3308 1736 3401 1774 co-

192 1806 381 1859 medii
419 1808 519 1860 aevi
551 1823 706 1877 opus
738 1825 886 1864 esse.
945 1810 1205 1866 Eumdem
1235 1828 1407 1881 aeque,
1453 1828 1515 1867 ac
1542 1822 1779 1866 actorum
1812 1805 1851 1857 Β
1879 1811 1997 1865 dice
2028 1812 2241 1865 nomina
2274 1813 2556 1873 habemus,
2589 1819 2747 1880 atque
2773 1811 3103 1880 quotidianis
3128 1811 3314 1865 diebus
3344 1812 3400 1865 in

198 1897 657 1965 martyriisancti
678 1899 986 1955 Clementis
1007 1910 1282 1955 auctorem
1308 1901 1782 1975 fabellisdelectari
1882 1915 2065 1953 eorum
2116 1903 2452 1955 veneratione
2509 1901 2788 1955 Missarum
2852 1901 3108 1955 solemnia
3174 1901 3396 1969 agimus.

201 1984 347 2039 inde
369 1986 755 2055 intelligimus,
790 1989 938 2057 quod
967 1990 1178 2059 singula
1214 1991 1283 2044 ab
1331 2006 1395 2045 eo
1428 1992 1593 2045 relata
1636 2007 1665 2046 a
1693 2008 1783 2047 ve-
1882 1986 1997 2041 Non
2041 1999 2216 2044 tamen
2264 1993 2315 2044 in
2345 1991 2529 2045 eodem
2574 1990 2864 2053 volumine,
2893 1991 3037 2058 quis,
3070 1990 3298 2059 qualiter
3321 1990 3393 2044 sit

1881 1367 2135 1427 tinentur,
2166 1366 2309 1418 nulla
2338 1365 2392 1418 in
2422 1366 2652 1419 Archivo
2707 1365 2865 1433 hujus
2913 1375 3110 1420 nostra!
3148 1366 3399 1421 Ecclesia:

1880 1457 1962 1509 vel
1994 1456 2047 1509 in
2097 1454 2347 1508 Romanre
2395 1454 2544 1509 urbis
2594 1455 2933 1509 bibliothecis
2978 1470 3099 1509 esse
3152 1456 3397 1524 cognovi,

1882 1544 1983 1597 nisi
2014 1559 2181 1613 pauca
2205 1544 2448 1613 quaedam
2480 1543 2534 1597 in
2564 1544 2724 1597 unius
2753 1544 2956 1598 codicis
2992 1545 3261 1598 volumine
3286 1545 3399 1597 col-

204 2075 319 2129 teri
345 2077 570 2145 quodam
594 2078 875 2146 episcopo
904 2077 1267 2134 Constantino
1298 2082 1561 2150 appellato
1580 2121 1594 2145 ,
1625 2082 1781 2150 cujus

205 2174 343 2218 acta
365 2180 390 2218 a
410 2165 690 2219 Bollando
740 2166 890 2220 edita
922 2175 1082 2233 sunt,
1110 2168 1233 2222 falsi
1267 2169 1678 2238 redarguantur.
1731 2171 1781 2225 Is

206 2255 358 2309 enim
391 2271 510 2309 cum
562 2256 725 2309 circa
762 2270 970 2309 annum
1005 2257 1110 2311 850
1150 2257 1481 2312 Chersonem
1508 2258 1778 2327 profectus

206 2354 379 2410 esset,
397 2347 612 2400 incolas
650 2346 953 2414 diligenter
989 2345 1297 2400 sciscitatus
1316 2354 1419 2410 est,
1442 2356 1780 2402 constaretne

211 2432 467 2502 sibiqua:
498 2433 827 2495 ferebatur,
865 2431 1034 2495 fama,
1064 2433 1239 2487 sancti
1269 2432 1560 2489 Clementis
1584 2451 1779 2504 corpus

211 2535 510 2578 marmoreo
534 2529 915 2578 monumento
958 2523 1015 2577 in
1061 2524 1259 2593 templo
1306 2527 1373 2579 ab
1402 2518 1603 2594 angelis
1650 2541 1780 2579 con-

211 2608 336 2665 dito
358 2621 641 2684 repertum
676 2616 877 2679 fuisse,
907 2621 964 2669 et
1007 2628 1158 2669 mare
1187 2616 1474 2685 quotannis
1491 2616 1576 2670 die
1590 2622 1774 2670 sancto

1883 2093 2073 2147 passus
2102 2078 2385 2142 indicatur,
2417 2078 2510 2132 sed
2558 2077 2926 2132 tantummodo
2982 2093 3198 2141 nomen,
3228 2078 3398 2142 locus,

1881 2175 1933 2221 et
1964 2168 2078 2221 dies
2099 2169 2362 2236 passionis
2394 2168 2629 2236 ponitur.
2667 2187 2685 2219 ι
2724 2167 2845 2221 Haec
2868 2181 2998 2221 sane
3024 2174 3243 2221 sanctus
3271 2164 3403 2219 Gre-

1885 2258 2066 2326 gorius
2114 2257 2223 2327 (58)
2270 2257 2570 2327 scripturus
2622 2273 2727 2311 non
2788 2257 2996 2319 fuisset,
3026 2258 3072 2310 si
3115 2267 3255 2319 acta,
3284 2271 3403 2324 qum

1881 2348 2038 2401 hodie
2073 2348 2172 2402 sub
2200 2349 2368 2402 sancti
2398 2347 2686 2401 Clementis
2715 2348 2929 2401 nomine
2965 2353 3196 2408 exstant,
3223 2346 3401 2401 novis-

1883 2447 1981 2500 set,
2012 2438 2103 2491 ubi
2131 2452 2238 2491 non
2268 2437 2385 2492 dies
2417 2438 2574 2491 modo
2604 2446 2657 2492 et
2685 2439 2837 2492 locus
2870 2436 3140 2505 passionis
3170 2436 3286 2504 ejus
3330 2436 3403 2489 le-

1883 2527 2044 2596 gitur,
2073 2526 2166 2580 sed
2194 2527 2468 2595 complura
2499 2527 2623 2591 alia,
2657 2543 2775 2595 qua:
2823 2529 2968 2581 circa
3025 2528 3141 2596 ejus
3176 2535 3397 2579 mortem

1882 2630 2124 2680 evenere,
2157 2617 2463 2687 singillatim
2492 2617 2885 2672 describuntur.

1534 2932 1903 3020 CAPUT
2002 2937 2115 3023 V.

1224 3117 1626 3178 DOCTRINA
1659 3118 1934 3179 SANCTI
1967 3119 2433 3182 CLEMENTIS.

782 3376 1181 3433 ARTICULUS
1208 3378 1247 3432 Ι.

220 3482 663 3525 οιεεινλτιοισεε
691 3482 1024 3521 ὨΟΕΙΛΤΙΟΕ
1043 3483 1093 3520 IN
1114 3483 1220 3519 DIVI
1259 3481 1550 3522 οιειειςτιε
1583 3482 1780 3521 ΒΟΙΔΝΙ

692 3552 989 3591 εριετοιλε
1026 3551 1301 3590 ϐΕΝυῙΝΔδ.

416 3649 446 3719 §
480 3648 524 3705 ι.
559 3647 645 3702 De
682 3657 878 3701 sancta
906 3646 1176 3713 Scriptura
1197 3653 1245 3697 et
1277 3643 1573 3699 traditione.

287 3736 354 3792 Ex
385 3741 569 3807 prima
609 3738 725 3791 divi
765 3736 1065 3791 Clementis
1120 3735 1187 3788 ad
1225 3734 1531 3789 Corinthios
1560 3735 1781 3803 epistola

216 3829 568 3885 utilissimum
620 3829 878 3883 eruimus
928 3826 980 3880 in
1029 3825 1261 3879 favorem
1284 3836 1558 3879 sacrarum
1587 3825 1783 3879 littera-

215 3931 326 3973 rum
385 3920 821 3985 testimonium;
859 3918 959 3971 has
1009 3916 1275 3985 siquidem
1326 3915 1560 3984 Spiritus
1605 3917 1774 3975 sancti

216 4012 429 4066 oracula
449 4017 657 4064 vocat:
685 4008 1006 4077 Diligenter,
1028 4008 1221 4076 legitur
1241 4006 1336 4069 ibi,
1374 4007 1609 4073 inspicite
1639 4004 1782 4059 Scri-

214 4108 417 4165 pturas,
446 4100 699 4170 Spiritus
748 4097 926 4150 sancti
974 4112 1095 4149 vera
1148 4095 1361 4149 oracula
1391 4108 1409 4146 :
1436 4095 1543 4156 Τὰς
1572 4093 1782 4163 ἀληθεῖς

216 4187 396 4255 ῥήπεις
428 4188 759 4257 Πνεῦματος
776 4183 872 4236 τοῦ
905 4183 1058 4250 ἁγίου
1090 4182 1220 4251 (59).
1245 4183 1331 4235 Ait
1357 4180 1518 4236 etiam
1564 4191 1782 4235 sanctus

207 4271 497 4332 Pontifex:
534 4276 735 4330 Nostis
778 4274 944 4334 enim,
974 4280 1024 4325 et
1070 4271 1225 4339 probe
1277 4272 1441 4325 nostis
1487 4269 1781 4337 Scripturas

203 4378 414 4429 sacras,
449 4367 684 4427 dilecti,
747 4373 798 4416 et
849 4362 1051 4429 penitus
1099 4362 1154 4413 in
1208 4360 1385 4414 divina
1440 4362 1661 4429 eloquia,
1703 4360 1783 4413 Τὰ

200 4449 363 4523 λόγια.
409 4456 506 4508 τοῦ
555 4453 725 4517 Θεοῦ,
762 4450 1168 4518 introspexistis.
1200 4450 1339 4514 Quid
1380 4452 1554 4518 aptius
1582 4448 1645 4501 ad
1682 4448 1777 4502 SS.

199 4538 628 4616 scripturarum
669 4558 797 4598 cum
833 4540 1234 4609 inspirationem
1256 4579 1272 4602 ,
1309 4546 1421 4592 tum
1449 4538 1780 4592 divinitatem

197 4637 686 4703 comprobandam
710 4628 953 4700 proferri
984 4627 1197 4697 potest?
1222 4625 1338 4680 Non
1387 4626 1557 4679 solum
1604 4634 1779 4679 autem

1784 3283 1845 3294 —.

1805 3380 1848 3439 C
1883 3396 2018 3441 mus,
2064 3379 2157 3434 sed
2201 3380 2442 3435 eumdem
2500 3388 2745 3433 sanctum
2796 3380 3095 3451 pontilicem
3146 3388 3396 3449 tanquam

1833 3464 1840 3476 ’
1880 3478 2065 3523 testem
2113 3485 2220 3523 non
2274 3469 2719 3523 contemnendum
2771 3469 3074 3537 apostolicae
3092 3467 3400 3539 Evangelio-

1878 3574 1995 3611 rum
2026 3559 2248 3627 originis
2270 3573 2391 3611 cum
2421 3559 2540 3612 viro
2581 3559 2896 3613 doctissimo
2925 3558 3033 3628 (60)
3057 3570 3241 3613 contra
3270 3558 3400 3614 Fre—

1881 3655 2053 3701 retum
2084 3648 2192 3717 (61)
2228 3649 2281 3700 in
2321 3648 2489 3702 aciem
2515 3647 2887 3717 producimus;
2920 3650 2971 3700 in
3003 3656 3226 3718 utraque
3256 3652 3395 3703 enim

1876 3752 1973 3793 sua
2015 3737 2238 3805 epistola
2270 3738 2446 3792 verbis
2490 3739 2932 3807 evangelistarum
2965 3741 3267 3807 frequenter
3294 3742 3400 3793 uti-

1876 3834 1984 3881 tur.
2013 3826 2263 3891 Quinimo
2297 3842 2363 3880 ex
2406 3827 2574 3895 ipsius
2616 3827 2831 3895 scriptis
2867 3827 3233 3880 demonstrare
3264 3842 3398 3894 pos-

1877 3931 2063 3970 sumus
2078 3922 2263 3969 contra
2288 3916 2539 3984 antiquos
2560 3922 2611 3968 et
2638 3914 2963 3968 recentiores
2984 3915 3395 3972 hibliomacbos.

1877 4019 1984 4057 non
2014 4018 2212 4071 paucos
2242 4014 2439 4059 sancta:
2470 4003 2761 4073 Scriptura:
2784 4005 2952 4059 libros
2995 4005 3192 4059 habere
3214 4014 3402 4059 aucto-

1877 4094 2088 4147 ritatem
2113 4094 2448 4149 canonicam.
2481 4093 2753 4162 Siquidem
2783 4095 2857 4147 ait
2890 4093 3184 4160 :Pracipne
3214 4111 3402 4148 memo-

1880 4198 1959 4235 res
1990 4198 2278 4235 sermonum
2302 4182 2510 4234 Domini
2534 4182 2682 4244 Jesu,
2706 4198 2831 4251 quos
2864 4182 3062 4235 locutus
3107 4190 3184 4234 est
3214 4181 3399 4235 docens

1878 4272 2319 4327 mansuetudinem
2362 4282 2410 4325 et
2439 4274 2890 4343 mquanimitatem.
2925 4272 3011 4327 Sic
3057 4274 3191 4326 enim
3219 4273 3351 4324 dixit
3380 4289 3400 4327 :

1885 4380 1903 4412 ί
1935 4360 2109 4414 Estote
2146 4361 2517 4423 misericordes,
2562 4370 2617 4413 ut
2668 4358 3076 4414 misericordiam“
3132 4376 3407 4428 consequa-

1880 4450 2042 4512 mini;
2072 4449 2335 4513 dimittite,
2368 4459 2424 4502 ut
2455 4450 2749 4503 dimittatur
2782 4449 2919 4503 vobis
2949 4449 3078 4517 (62).
3105 4468 3122 4501 ι
3166 4448 3206 4501 Ε
3252 4449 3405 4504 libris

1880 4539 2155 4594 canonicis
2188 4539 2255 4593 ad
2282 4539 2564 4611 Evangelia
2596 4539 2823 4593 Matthaai
2853 4554 2915 4593 ac
2945 4539 3100 4592 Lucae
3138 4539 3399 4606 respexit.

1880 4632 1944 4687 Et
1969 4634 2095 4687 dum
2123 4632 2248 4686 dicit
2278 4632 2453 4700 capite
2473 4630 2708 4686 secundo
2749 4630 2942 4698 prioris
2974 4627 3210 4696 epistola:
3236 4647 3247 4680 :
3277 4625 3403 4681 0m-

203 4692 653 4780 SS.litterarum
673 4692 1017 4775 divinitatem
1035 4734 1100 4773 ex
1120 4717 1244 4771 divo
1259 4714 1534 4769 Clemente
1555 4715 1782 4770 ostendi-
1810 4692 1854 4747 Β
1884 4740 1970 4778 ne;
2000 4733 2169 4777 autem
2222 4692 2407 4775 Imij
2451 4724 2623 4774 animo
2654 4721 2851 4786 _era(is,
2892 4718 3187 4771 nullatenus
3224 4732 3406 4784 super.

298 4897 402 4961 (56)
434 4899 593 4951 Tom.
630 4897 646 4949 I
679 4895 919 4965 Operurp
952 4891 1222 4965 Cotelerii,
1258 4904 1382 4965 pag.

306 4953 407 5031 (57)
453 4969 588 5020 Acta
635 4953 814 5020 salicti
869 4961 1201 5015 Constantini
1233 4953 1378 5025 apud
1428 4953 1692 5019 Bolland.,
1744 4958 1777 5011 9

233 5030 483 5165 militiis.
519 5103 746 5173 Gregor.
782 5101 897 5173 aL.
915 5100 1008 5153 lib.
1031 5111 1124 5173 vui
1152 5090 1413 5173 Epi'stol.,
1431 5091 1717 5148 indictione
1736 5110 1774 5158 ι,

247 5160 445 5239 epistola
478 5174 565 5235 29,
595 5160 679 5227 ΑῙΙ
702 5172 992 5236 Eulogium
1020 5160 1315 5239 Alexandr:

237 5226 403 5361 ἐωξὶ)
435 5244 488 5298 S.
524 5226 793 5299 Clemens
826 5226 1008 5299 liam"
1044 5250 1127 5301 ep.
1166 5231 1190 5282 1
1240 5226 1313 5278 ad
1357 5226 1626 5294 Corintb.,
1654 5245 1772 5299 cap.

309 5360 398 5452 (60)
426 5382 746 5438 Vincentius
804 5372 1085 5452 Fassini‘us
1137 5360 1666 5452 igili-ltjgzsingulari
1696 5367 1791 5445 ad-

419 5430 1107 5509 vDeiapostoIica
1123 5430 1545 5496 Evangelioruin
1570 5435 1788 5501 origine,

248 5506 420 5578 Liburni
450 5506 597 5580 satis
614 5506 648 5577 ίί
666 5522 791 5582 775,
818 5506 974 5571 sin-4'.

284 5562 970 5661 erit-ique
998 5573 1086 5626 de!
1116 5562 1449 5632 analogiae:
1476 5568 1545 5621 dc
1579 5569 1632 5622 la
1670 5572 1788 5625 reli-

228 5656 317 5722 θεοπ
334 5656 639 5724 ἂνέιίοηπε.

1951 4894 2058 4965 (62)
2089 4893 2151 4947 ῐ).
2188 4893 2471 4967 (Σιεξςῐιεξηειιζ
2495 4908 2591 4967 ep._
2623 4892 2647 4944 l
2684 4890 2747 4943 ad
2785 4889 2910 4967 Cor.
2936 4903 3115 4967 ,ncap_._
3135 4888 3200 4941 l3
3221 4907 3245 4967 ~:
3287 4889 3408 4967 Μᾴ-

1880 4957 2381 5032 λιέτὼμεμνημένοι
2407 4962 2510 5013 τῶν
2528 4957 2703 5032 ίλόγων
2722 4957 2811 5032 τοῦ
2842 4957 3039 5032 Κυρίῳ
3081 4957 3292 5032 Ἱεηοόἧζ
3312 4958 3406 5020 οὓς

1878 5024 2098 5101 ὲλάληέε
2127 5024 2380 5101 διδᾶἓςκων
2399 5024 2682 5101 ἐπιείκερςιν
2701 5029 2790 5101 atati.
2822 5024 3206 5101 pan'poeuulav.
3227 5024 3407 5101 9‘5“:th

1878 5100 1984 5170 γὰρ
2015 5094 2177 5170 εἶπεν
2215 5099 2461 5170 Ἑλεεῖτεζ
2486 5100 2568 5151 ἵνα
2595 5094 2863 5170 ὲλεηθῇτε,
2891 5094 3091 5170 ἀφίετε,
3123 5096 3205 5170 ἤια
3224 5094 3404 5170 Δᾁξρε-’.θῇ

1882 5163 2023 5234 ὖμῖνο
2059 5168 2131 5229 ὡς
2161 5171 2377 5227 ποιεῖτε,
2409 5166 2545 5219 οὕτω
2575 5163 2917 5233 ποιηοήσεται
2945 5165 3087 5234 ῥμῖψ
3121 5163 3404 5234 ὼςᾲδὶδοτες

1878 5231 2017 5289 οὕτω
2061 5237 2334 5305 δοθήσεται
2374 5237 2515 5305 ὑμῖν·
2548 5231 2874 5305 (ὓς-κρίνετε,
2909 5231 3070 5305 obsto
3096 5232 3406 5305 κριθήᾳεται

1895 5307 2035 5375 ὑμῖν·
2071 5305 2143 5366 ὼς
2168 5300 2516 5374 χρηστεύεσθε
2541 5342 2553 5363 ,
2581 5300 2748 5363 οὕτως
2781 5300 3231 5373 χρηστευθήσεται
3260 5300 3403 5368 ὐμῐνσ

1895 5369 1934 5426 ὧ
1980 5375 2155 5426 μέτρω
2201 5375 2470 5426 μετρεῖτε.
2517 5373 2583 5425 ὲν
2624 5370 2768 5426 αὐτῷ
2822 5370 3205 5426 μετρηθήσεται
3259 5368 3403 5426 ὑμῖν.

1889 5384 1934 5440 (ξ)
1980 5384 2155 5493 μετίῳ
2201 5384 2470 5440 μετρεῖτε,
2517 5384 2583 5425 ενν
2624 5384 2768 5439 αῡτῳ
2822 5384 3205 5441 μετρηυησεται
3259 5384 3403 5435 ομιν.

1890 5444 2052 5515 Conf.
2116 5456 2201 5494 uc.
2229 5458 2302 5501 vi,
2327 5440 2416 5515 56,
2438 5439 2505 5493 58
2526 5458 2539 5503 ;
2564 5448 2616 5491 ct
2644 5438 2825 5515 hiauit.
2850 5455 2943 5498 vn.
2980 5440 3028 5515 l_.
3053 5437 3224 5515 Taceo
3254 5436 3405 5515 plura

1891 5513 1993 5565 alia
2040 5512 2179 5568 loca,
2226 5522 2344 5578 qua:
2388 5508 2443 5560 in
2496 5509 2731 5562 secunda
2762 5506 3045 5563 Clementis
3091 5504 3311 5574 epistola
3339 5517 3405 5556 ex

1888 5579 2229 5649 evangelistis
2245 5575 2423 5631 'relata
2446 5579 2867 5648 conspiciuntur.
