3832 6290
250 307 344 359 161

1438 306 1763 364 ΡΒΟΕΕΜΙΑ
1805 306 2155 365 γΑιὶιοιιυιι
2164 349 2178 362 .

3276 302 3374 361 162

242 415 463 470 hostibus
516 382 737 466 ﬁdente;
796 409 1008 479 obiecit
1048 411 1181 483 (99).
1254 415 1317 472 In
1374 421 1603 473 secunda
1658 420 1767 488 epi-
1800 426 1835 478 Α
1864 420 2046 471 sentire
2059 417 2121 471 de
2149 421 2330 467 nostra
2349 413 2598 477 salute,et
2620 413 2682 467 de
2707 414 2817 478 illo,
2840 414 2926 482 qui
2940 413 3090 482 hujus
3105 415 3286 468 salutis
3303 426 3377 469 est

239 498 517 567 stol'a(l00)
543 505 729 551 auctor
765 496 874 551 iste
906 512 1013 552 nos
1049 499 1234 564 docet.
1279 512 1341 557 ut
1380 508 1674 560 sentiamus
1702 505 1768 559 de

236 590 369 645 Iesu
386 588 582 643 Christo
610 594 873 656 tanquam
905 587 975 642 de
993 587 1125 651 Duo,
1149 597 1204 643 et
1230 599 1483 661 tanquam
1509 593 1573 647 de
1589 594 1769 661 judice

235 682 452 731 vivorum
498 686 550 730 et
598 684 948 729 mortuorum
1002 695 1017 731 :
1054 676 1299 743 Fratres,
1354 682 1427 732 ait
1472 680 1582 745 ipse
1619 681 1768 735 initio

233 769 374 822 illius
388 765 639 834 epistola,
669 766 751 835 ita
781 767 982 820 sentire
1002 784 1095 820 nos
1125 778 1322 833 oportet
1348 768 1409 821 de
1421 767 1546 822 Iesu
1566 768 1768 823 Christo

232 867 453 925 tanquam
481 854 548 908 de
587 855 703 909 Deo
731 857 831 927 (ὡς
858 858 990 928 περὶ
1023 856 1200 927 Θεοῦ),
1246 868 1489 927 tanquam
1520 858 1581 911 de
1598 860 1769 926 judice

228 947 431 999 vicorum
456 950 506 997 et
535 954 876 997 mortuorum
896 953 1062 1008 ,°—et
1090 961 1313 999 numero
1340 945 1426 1008 56,
1451 961 1534 1015 ep.
1551 947 1574 998 i
1593 954 1769 1013 aperte

223 1034 354 1087 dicit
370 1033 548 1087 lesum
578 1032 879 1087 Christum
911 1049 942 1086 a
970 1032 1081 1088 Deo
1104 1048 1223 1087 esse
1241 1034 1514 1087 secundum
1543 1048 1766 1087 carnem:

234 1120 323 1185 Ἐξ
346 1120 492 1175 αὐτοῦ
520 1122 552 1173 ὁ
578 1120 796 1190 Κύριος
839 1119 1046 1190 Ἰησοῦς
1069 1120 1130 1172 τὸ
1155 1120 1293 1173 κατὰ
1329 1121 1518 1195 σάρκα.

284 1209 464 1264 Nescio
498 1223 575 1262 an
614 1208 834 1263 clarius
880 1209 1051 1278 possit
1076 1208 1199 1277 quis
1237 1208 1303 1261 de
1342 1209 1613 1262 divinitate
1645 1207 1769 1262 Jesu

214 1297 399 1352 Christi
450 1297 856 1352 testimonium
910 1297 1173 1366 proferre.
1225 1296 1485 1365 Expresse
1513 1298 1635 1351 alibi
1679 1299 1772 1352 de-

210 1387 387 1446 clarat,
412 1383 615 1440 Iesum
643 1384 945 1438 Christum
986 1385 1226 1451 spiritum
1252 1385 1435 1446 fuisse,
1463 1385 1769 1453 priusquam

204 1490 329 1531 caro
372 1476 531 1529 ﬁeret
574 1494 591 1530 :
634 1473 805 1529 Iesus
865 1471 1105 1528 Christus
1151 1473 1609 1542 (1)7‘Dominus....
1656 1488 1771 1526 cum

195 1564 420 1631 primum
475 1573 623 1616 esset
682 1562 915 1630 spiritus
969 1577 1092 1613 caro
1139 1561 1310 1628 [actus
1336 1570 1412 1615 est
1434 1561 1530 1631 (2).
1562 1544 1639 1616 Εἰ
1665 1577 1770 1631 quo

1867 520 2064 563 auctor.
2094 508 2257 561 Docet
2275 504 2489 574 insuper
2504 520 2600 559 nos
2617 519 2856 574 peccare,
2884 507 2929 559 si
2944 507 3203 559 ‘nescimus
3247 507 3379 561 unde

1863 606 1911 650 et
1936 596 2184 666 quomodo
2204 595 2368 647 vocati
2384 610 2579 656 sumus,
2602 603 2648 646 et
2676 610 2706 645 a
2727 609 2842 663 quo,
2866 603 2912 645 et
2936 595 2990 645 in
3010 609 3150 660 quem
3172 592 3377 657 locum;

1863 694 1910 737 et
1936 694 2127 754 quanta
2154 685 2397 738 sustinuit
2435 682 2586 736 Jesus
2625 682 2861 735 Christus
2897 684 3007 748 pati
3032 692 3236 749 propter
3264 699 3375 736 nos.

1862 769 1940 823 En
1968 772 2194 824 maxima
2225 771 2494 833 beneficia,
2526 786 2643 840 quae
2673 785 2701 822 a
2730 770 2909 823 divino
2941 770 3040 823 hoc
3075 768 3363 831 Salvatore,

1863 867 1922 912 ut
1943 859 2102 911 tradit
2131 866 2348 912 sanctus
2370 858 2635 922 Clemens,
2661 860 2981 927 recepimus!
3010 858 3193 910 Lucem
3221 857 3364 912 nobis

1865 949 2077 1016 largitus
2097 956 2173 1000 est
2193 961 2210 998 :
2234 956 2475 1015 tanquam
2502 957 2647 1014 pater
2667 949 2800 1015 ﬁlios
2822 965 2910 1001 nos
2936 948 3235 1015 appellavit;
3253 963 3369 1014 per-

1863 1046 2033 1090 euntes
2086 1052 2175 1089 nos
2202 1037 2436 1090 servavit.
2466 1034 2740 1089 Miseratus
2762 1046 2835 1089 est
2874 1053 2985 1100 nos,
3021 1048 3067 1089 et
3091 1037 3363 1091 uisceribus

1864 1133 2161 1185 commotus,
2195 1123 2363 1176 salvos
2376 1123 2511 1191 fecit,
2540 1139 2652 1175 cum
2671 1126 2722 1175 in
2741 1123 2881 1177 nobis
2904 1126 3115 1177 multum
3142 1141 3366 1178 errorem

1866 1229 1925 1264 ac
1952 1213 2215 1265 interitum
2244 1222 2517 1281 spectasset
2541 1227 2559 1274 ,'
2584 1229 2671 1265 nec
2712 1212 2895 1266 habere
2930 1230 3019 1266 nos
3047 1214 3209 1266 ullam
3243 1230 3379 1281 spem

1866 1299 2071 1366 salutis,
2102 1301 2201 1353 nisi
2231 1316 2364 1363 eam,
2408 1316 2520 1369 qua:
2562 1299 2625 1350 ab
2670 1301 2799 1366 ipso.
2836 1301 3045 1353 Vocavit
3085 1301 3219 1354 enim
3266 1318 3379 1364 nos,

1864 1389 1951 1456 qui
2003 1405 2101 1441 non
2144 1404 2369 1451 eramus,
2414 1398 2462 1441 et
2511 1389 2688 1455 voluit,
2739 1406 2769 1440 a
2804 1390 2960 1442 nihilo
2991 1406 3099 1442 esse
3135 1406 3245 1442 nos.
3275 1389 3370 1443 Hic

1867 1483 2044 1544 aperte
2061 1477 2223 1530 tradit
2252 1478 2519 1540 Clemens,
2549 1478 2689 1545 quod
2710 1475 3034 1546 Augustinus
3060 1488 3240 1548 postea
3265 1479 3367 1533 fre-

1866 1579 2037 1631 quens
2061 1564 2264 1627 docuit,
2303 1574 2519 1620 vocatos
2541 1580 2639 1619 nos
2668 1580 2696 1617 a
2724 1565 2850 1629 Deo,
2881 1582 3000 1619 cum
3032 1569 3178 1620 nulla
3202 1568 3253 1620 in
3275 1582 3372 1621 no-

189 1649 485 1704 deducitur
506 1648 814 1703 adversus
852 1645 1115 1715 quosdam
1145 1653 1448 1700 nostrorum
1474 1654 1768 1716 temporum
1869 1651 1952 1705 bis
1980 1653 2188 1715 merita,
2222 1652 2329 1705 imo
2363 1661 2415 1707 et
2444 1653 2606 1706 multa
2636 1654 2889 1708 demerita
2919 1658 3299 1723 conspexisset.

181 1739 449 1805 Arianos,
485 1736 703 1790 Filium
734 1735 835 1791 Dei
864 1735 1143 1791 exstitisse
1168 1744 1290 1789 ante
1330 1749 1482 1789 suam
1526 1736 1771 1789 incarna-
1798 1724 1840 1778 Β
1935 1738 2148 1793 Miseria
2163 1740 2377 1794 hominis
2397 1750 2513 1794 ante
2531 1742 2949 1797 incarnationem.
2981 1773 3049 1782 —-
3076 1744 3244 1798 Verba
3266 1746 3378 1799 haec

180 1832 421 1885 tionem.

242 1919 542 1986 Bthe/icio
580 1916 750 1971 Verbi
794 1916 1064 1969 incarnati
1096 1914 1236 1966 circa
1272 1911 1518 1966 homines.
1540 1942 1608 1952 —
1631 1912 1773 1969 Nihil

171 2005 485 2067 movendis
527 2005 748 2057 animis
802 2003 987 2071 aptius
1032 2000 1138 2054 dici
1169 2008 1347 2069 potest
1393 2000 1478 2062 iis,
1513 2016 1631 2069 qua:
1670 2009 1776 2055 tra-

180 2104 259 2155 «ιι
276 2102 532 2153 βειιιοιυε
564 2091 836 2145 Clemens
867 2091 923 2143 in
948 2100 1174 2156 utraque
1195 2088 1415 2156 epistola
1445 2089 1586 2142 circa
1607 2089 1772 2143 bene-

208 2188 359 2243 hc‘ra.
404 2199 522 2252 qua:
573 2197 686 2251 pro
736 2178 1057 2233 [nominibus
1099 2193 1166 2231 ex
1224 2177 1582 2230 incarnatione
1615 2176 1772 2232 Verbi

232 2278 352 2329 sunt
384 2278 711 2326 consecuta.
745 2268 847 2320 Ait
868 2267 1014 2321 enim
1065 2266 1120 2318 in
1162 2266 1369 2337 prima,
1401 2280 1498 2319 nos
1546 2266 1599 2318 in
1646 2265 1773 2321 Jesu

229 2363 421 2417 Christo
451 2362 714 2416 salutare
743 2366 996 2412 nostrum
1037 2356 1403 2421 adinvenisse;
1445 2356 1615 2425 ipsum
1656 2373 1774 2412 esse

230 2454 528 2507 oblationum
571 2459 897 2503 nostrarum
945 2463 1239 2514 supremum
1260 2444 1587 2513 Ponti/icem;
1629 2448 1774 2514 inﬁr-

230 2542 405 2595 mitatis
430 2550 771 2594 nostrwesse
780 2547 1065 2605 patronum
1092 2547 1139 2590 et
1169 2536 1526 2589 auxiliatorem
1549 2535 1644 2604 (5).
1673 2535 1775 2590 Per

231 2634 367 2694 hunc,
392 2632 573 2701 pergit
607 2638 852 2684 sanctus
882 2628 985 2681 iste
1023 2625 1282 2694 pontifex,
1304 2627 1357 2678 in
1390 2627 1630 2679 caelorum
1660 2627 1775 2678 alti-

229 2722 407 2774 tudines
433 2720 626 2772 oculos
651 2717 945 2785 deﬁgemus
962 2731 981 2777 ;
1009 2731 1100 2783 per
1133 2715 1266 2767 hunc
1308 2715 1695 2789 immaculatum
1725 2724 1773 2769 et

226 2831 503 2881 supremum
549 2814 711 2866 illius
773 2811 980 2864 uultum
1043 2808 1457 2876 speculabimur;
1502 2825 1592 2878 per
1641 2809 1771 2861 hunc

228 2906 353 2957 oculi
378 2904 554 2957 cordis
583 2901 769 2955 nostri
801 2899 975 2967 aperti
1006 2907 1157 2959 sunt;
1186 2913 1275 2965 per
1305 2897 1435 2950 hunc
1460 2899 1700 2966 insipiens
1724 2906 1772 2951 et

230 2995 489 3046 obscurata
524 3008 680 3045 mens
716 2999 907 3042 nostra
959 2988 1013 3039 in
1059 2986 1416 3039 admirabilem
1459 2986 1568 3053 ejus
1612 2987 1774 3039 lucem

1868 1827 2088 1882 mirifice
2140 1830 2427 1883 ostendunt
2476 1832 2759 1884 maximam
2825 1833 3057 1885 hominis
3110 1834 3383 1889 miseriam

1870 1923 1992 1969 ante
2023 1915 2465 1975 incarnationem.
2513 1928 2932 1988 extremamque,
2975 1936 3078 1988 qua
3110 1922 3384 1976 detineba-

1869 2009 1977 2067 tur,
2008 2006 2379 2061 necessitatem
2398 2008 2731 2062 medicinalis
2747 2010 2928 2077 gratia:
2958 2012 3251 2065 Salvatoris
3274 2013 3384 2081 (5);

1870 2093 2028 2145 tradit
2055 2095 2212 2147 etiam
2242 2096 2399 2162 paulo
2441 2096 2684 2161 inferius,
2735 2100 2951 2166 gentiles
2977 2108 3098 2155 ante
3139 2102 3387 2155 incarna-

1869 2181 2063 2235 tionem
2113 2181 2239 2237 Jesu
2288 2183 2487 2237 Christi
2544 2184 2617 2235 ita
2647 2192 2822 2238 mente
2870 2193 3054 2254 captos
3106 2187 3293 2253 fuisse,
3328 2197 3387 2241 ut

1870 2270 2150 2326 adorarent
2197 2272 2421 2339 lapides,
2463 2272 2673 2341 lignum,
2721 2290 2924 2339 aurum,
2968 2286 3252 2345 argentum,
3306 2287 3386 2332 at»

1868 2376 1961 2429 que
1992 2376 2081 2418 ws,
2115 2376 2266 2426 opera
2300 2361 2595 2427 hominum;
2629 2365 2847 2432 insuper
2885 2365 3027 2433 quod
3059 2375 3165 2418 tota
3199 2381 3384 2423 eorum

1870 2447 1972 2499 vita
2000 2447 2077 2499 nil
2104 2448 2247 2500 aliud
2274 2463 2385 2501 erat
2424 2466 2577 2518 quam
2620 2467 2757 2503 mors
2787 2465 2805 2503 :
2830 2460 2878 2503 et
2910 2452 3149 2516 tenebris,
3175 2462 3224 2506 et
3252 2456 3385 2507 cali-

1870 2537 1983 2605 gine
2012 2538 2431 2600 obvolvebantur;
2458 2540 2599 2607 quod
2633 2539 2867 2594 Ecclesia
2901 2542 3084 2610 paucis
3109 2546 3388 2598 constabat

1872 2623 2136 2689 fidelibus,
2166 2641 2228 2678 ac
2257 2628 2451 2694 populo
2483 2627 2915 2682 circumdabatur
2948 2629 3176 2697 ingrato,
3203 2638 3254 2684 et
3294 2632 3388 2684 be-

1870 2714 2173 2768 neficiorum
2205 2714 2296 2769 Dei
2328 2717 2644 2771 immemori.
2679 2716 2807 2782 Quae
2852 2719 3064 2786 quidem
3104 2720 3170 2773 de
3218 2719 3388 2774 idolo-

1870 2817 1987 2855 rum
2020 2804 2311 2857 cultoribus
2364 2804 2710 2873 intelllgeuda
2742 2813 2897 2871 sunt;
2925 2808 3122 2875 quippe
3152 2816 3275 2862 ante
3304 2810 3390 2862 in-

1872 2892 2236 2945 carnationem
2301 2893 2367 2946 ad
2423 2893 2715 2947 Ecclesium
2784 2909 2891 2948 non
2955 2896 3284 2964 spectabant.
3336 2906 3390 2952 et

1874 2978 2035 3033 Deum
2065 2980 2397 3049 ignorabant.
2425 2981 2572 3046 Quod
2594 2982 2724 3034 dixit
2754 2982 3096 3053 (Scriptura),
3129 2986 3202 3037 ait
3237 2984 3392 3039 Pater

501 3039 1023 3149 (voluit
1052 3076 1321 3139 Dominus,
1352 3084 1408 3127 ut
1436 3039 1777 3128 immortalem
1798 3039 1842 3095 ο
1876 3070 1975 3123 iste
1997 3039 2111 3136 (6):
2135 3069 2329 3135 laetare,
2366 3039 2477 3140 qua:
2513 3089 2613 3125 non
2656 3039 2821 3140 paris,
2865 3039 2954 3126 nos
2986 3039 3118 3125 diuit
3147 3088 3165 3126 :
3190 3073 3392 3128 Sterilis

230 3171 559 3236 cognitionem
582 3178 958 3237 gustaremus.
982 3164 1218 3229 Quicum
1248 3164 1316 3215 sit
1345 3163 1512 3232 (addit
1541 3163 1776 3233 insuper)

230 3259 460 3325 splendor
502 3256 817 3324 majestatis
864 3254 1000 3321 ejus,
1043 3260 1187 3305 tanto
1229 3251 1397 3318 major
1437 3260 1511 3303 est
1546 3251 1776 3320 angelis,

229 3324 406 3413 quanto
436 3343 798 3400 ucellentius
840 3356 1029 3395 nomen
1064 3339 1278 3392 sortitus
1300 3324 1414 3392 est.
1446 3337 1597 3402 Quod
1625 3338 1780 3406 quasi

228 3434 295 3487 de
320 3434 476 3489 verbo
501 3434 578 3488 ad
613 3431 850 3486 verbum
884 3444 951 3483 ex
965 3427 1201 3496 Epistola
1229 3426 1295 3480 ad
1325 3426 1574 3480 Hebraeos
1598 3442 1781 3481 excer-

228 3534 363 3592 ptum
408 3534 519 3589 est,
584 3526 645 3577 in
678 3538 790 3591 qua
824 3520 1119 3589 Apostolus
1164 3518 1351 3572 iisdem
1392 3517 1556 3571 ferme
1605 3506 1782 3571 verbis

226 3614 449 3683 elogium
478 3612 617 3668 Jesu
658 3610 874 3665 Christi
923 3606 1186 3660 efformat.
1232 3604 1367 3658 Hinc
1408 3604 1667 3659 Eusebius
1706 3603 1780 3674 (4)

228 3703 472 3767 advertit,
531 3704 591 3756 in
639 3701 825 3770 prima
874 3698 977 3749 hac
1019 3695 1192 3748 sancti
1237 3694 1525 3748 Clementis
1559 3694 1784 3762 cpistola

227 3789 397 3846 haberi
444 3792 744 3846 nonnullas
796 3786 1081 3841 sententias
1114 3782 1361 3851 Epistola
1401 3782 1504 3835 divi
1532 3782 1689 3835 Pauli
1717 3780 1783 3834 ad

236 3879 475 3935 Hebraeos
501 3891 556 3935 et
582 3878 909 3950 quandoque
924 3875 1080 3927 etiam
1111 3873 1367 3939 expositas
1396 3871 1573 3924 iisdem
1601 3871 1782 3935 verbis,

235 3971 408 4038 quibus
434 3972 611 4023 utitur
637 3966 933 4031 Apostolus
967 3978 985 4015 :
1012 3960 1147 4031 quod
1177 3960 1379 4030 quidem
1408 3960 1645 4023 ostendit,
1667 3977 1787 4029 per-

236 4068 309 4128 git
337 4060 626 4126 Eusebius,
647 4054 954 4126 Epistolam
975 4056 1044 4107 ad
1078 4051 1319 4105 Hebraeos
1346 4067 1661 4120 nequaquam
1679 4068 1787 4105 esse

236 4167 358 4216 opus
396 4168 597 4211 recens,
630 4158 684 4202 et
717 4149 847 4215 jure
888 4144 1168 4212 meritoque
1211 4141 1332 4194 aliis
1380 4141 1530 4194 istius
1569 4142 1787 4209 apostoli

233 4240 458 4306 epistolis
487 4237 743 4305 adjungi.

1872 3159 2051 3228 quippe
2078 3168 2189 3212 erat
2212 3159 2447 3213 Ecclesia
2480 3172 2677 3224 nostra,
2707 3170 2977 3230 antequam
2999 3160 3110 3214 dati
3139 3171 3304 3215 essent
3335 3163 3397 3214 li-

1876 3246 2000 3300 beri.
2024 3247 2190 3316 lgitur
2219 3246 2404 3301 inferri
2440 3250 2646 3316 nequit,
2693 3259 2813 3302 ante
2838 3250 3258 3302 incarnationem
3300 3265 3395 3302 ne-

1874 3336 2069 3390 minem
2100 3337 2303 3404 justum
2360 3336 2617 3391 adfuisse.
2665 3336 2752 3391 Sic
2792 3347 2840 3390 et
2877 3336 3133 3400 Christus,
3185 3338 3396 3406 egregie

1875 3426 2145 3479 concludit
2190 3429 2322 3494 ipse,
2366 3420 2526 3479 uoluit
2552 3444 2754 3480 seruare
2799 3429 3083 3494 pereuntia,
3120 3438 3169 3480 et
3209 3431 3394 3481 multos

1876 3514 2109 3575 servavit,
2146 3513 2270 3566 dum
2317 3514 2470 3579 venit,
2510 3513 2729 3583 dumque
2749 3530 2840 3566 nos
2867 3514 2984 3579 jam
3018 3524 3280 3581 pereuntes
3307 3530 3396 3567 uo-

1877 3602 2006 3654 cavit
2027 3600 2124 3670 (7).

1943 3691 2378 3747 Animadvertere
2411 3690 2499 3744 hic
2544 3697 2750 3762 oportet
2794 3704 2916 3742 cum
2950 3696 3137 3742 nostro
3166 3690 3255 3758 pio
3295 3704 3396 3743 au-

1879 3790 2042 3845 ctore,
2083 3783 2275 3836 debere
2306 3798 2405 3836 nos
2431 3798 2606 3845 veros,
2652 3794 3041 3850 germanosque
3079 3780 3215 3848 grati
3233 3780 3397 3834 animi

1882 3884 2073 3923 sensus
2103 3886 2229 3939 erga
2276 3868 2602 3924 Salvatorem
2633 3870 2890 3924 enutrirc.
2915 3866 3284 3935 Conﬁtebimur
3304 3883 3399 3919 au-

1882 3969 1980 4012 tem
2010 3960 2158 4011 illum
2182 3960 2438 4029 faciendo,
2465 3977 2577 4027 qua:
2607 3960 2751 4022 dicit,
2775 3968 2821 4012 et
2846 3958 3092 4011 mandata
3128 3960 3270 4012 illius
3298 3976 3398 4012 non

1882 4049 2194 4115 spernendo;
2216 4066 2305 4103 nec
2345 4051 2509 4103 solum
2535 4048 2685 4101 labiis
2714 4064 2829 4101 eum
2861 4047 3182 4111 honorando,
3220 4048 3310 4101 sed
3335 4063 3401 4101 ea:

1884 4148 1987 4191 toto
2016 4138 2184 4200 corde,
2211 4154 2275 4192 ea:
2300 4147 2409 4191 tota
2430 4147 2610 4191 mente.
2638 4136 2757 4190 Non
2790 4136 2938 4190 modo
2971 4138 3149 4206 igitur.
3179 4136 3253 4189 ait
3272 4152 3365 4191 san
3386 4166 3400 4178 -

1883 4237 2000 4282 ctus
2029 4228 2115 4281 hic
2158 4228 2393 4297 pontifex
2437 4228 2534 4298 (8),
2582 4228 2749 4296 ipsum
2770 4244 2998 4281 uocemus
3023 4227 3318 4293 Dominum,
3346 4227 3401 4280 id

303 4328 358 4383 In
407 4329 658 4386 secunda
696 4323 934 4394 epistola
980 4334 1089 4374 non
1134 4321 1312 4375 minus
1351 4329 1500 4390 urget
1548 4320 1786 4389 ingentes
1816 4340 1859 4392 ι)
1884 4318 2018 4370 enim
2045 4334 2146 4371 non
2170 4318 2388 4371 salvabit
2410 4334 2502 4371 nos
2534 4331 2552 4379 ;
2578 4318 2665 4371 sed
2694 4319 2747 4371 in
2777 4317 3013 4386 operibus
3041 4319 3211 4385 ipsum
3234 4320 3396 4385 con/i-

237 4419 492 4475 utilitates
539 4411 973 4474 incarnationis.
1025 4407 1178 4463 Vetat
1221 4411 1393 4479 primo
1429 4411 1547 4463 loco
1573 4408 1787 4462 humilia

303 4571 408 4639 (99)
444 4568 773 4625 Notandum
814 4567 907 4639 hic
957 4563 1127 4617 obiter
1168 4561 1484 4630 gravissimo
1508 4560 1581 4639 _in
1611 4576 1791 4639 errore

238 4630 439 4693 versari
480 4640 768 4698 Photium,
810 4636 941 4688 dum
990 4645 1229 4685 asserere
1269 4645 1379 4698 non
1410 4630 1702 4698 erubescit,
1738 4630 1790 4682 in

241 4720 424 4762 sancto
436 4710 731 4765 Clemente
747 4695 886 4757 nihil
902 4699 1200 4753 adinveniri
1214 4697 1280 4750 ad
1296 4695 1588 4750 Salvatoris
1602 4697 1789 4749 divini-

244 4785 400 4845 tatem
435 4772 964 4845 comprobandam.__
990 4769 1073 4845 Ita
1104 4782 1251 4845 sane.
1269 4780 1542 4845 nunquam
1582 4766 1795 4845 locutus

246 4842 448 4910 fuisset,
478 4847 527 4900 si
559 4833 732 4910 {verba
760 4838 1102 4910 attendisset,
1134 4835 1291 4887 modo
1314 4848 1344 4885 a
1368 4833 1523 4910 nobis
1547 4833 1795 4910 allata,in

248 4908 682 4982 quibus‘sanctus
706 4908 960 4982 Pontifes
988 4914 1253 4982 tanquam
1280 4908 1483 4982 certum
1518 4909 1795 4982 ratumque

252 4968 546 5043 constituit,
575 4982 629 5034 in
650 4979 783 5034 Jesu
822 4975 1048 5029 Christo
1083 4968 1185 5021 una
1212 4969 1371 5021 simul
1399 4982 1523 5021 cum
1551 4968 1796 5022 humani-

252 5055 351 5103 tate
378 5051 717 5103 divinitatem
742 5043 1075 5098 inhabitare.

317 5120 458 5188 (400)
496 5117 739 5188 Epistola
768 5115 825 5188 2,
851 5125 978 5177 cap.
1013 5108 1064 5159 1.

320 5186 387 5255 (Ι)
425 5184 580 5247 Ibid;
608 5201 733 5254 cap.
766 5184 821 5235 9-
990 5252 999 5255 _
1031 5241 1066 5255 ἢ
1223 5236 1452 5255 tu,“
1486 5252 1500 5255 _
1526 5239 1558 5255 ν,

419 5236 822 5325 renim
851 5252 1005 5324 esset
1031 5236 1613 5325 Dejuszenim
1640 5256 1801 5294 voca-

256 5307 757 5399 mitbggbg'gbud
795 5316 1068 5387 antiquos
1087 5307 1322 5384 divinam
1341 5315 1802 5399 naturamcso‘pare

246 5372 818 5465 ρᾲέῶἶῑόἶὲξὲτῖἑιρῐιιί
850 5386 908 5436 in
940 5372 1802 5465 ἷξὲνίὶειὲῗῗῗξπθέἓῗὲἷῖἶ.ἓιῖίὲΨ·

240 5438 298 5524 id
316 5438 865 5524 5iéié'3."e'iﬁii35em
896 5461 1058 5524 riunt.
1178 5447 1233 5524 et
1249 5438 1588 5524 ﬁiplttribus
1614 5458 1804 5524 exem-

224 5511 821 5596 ίίΙΙίὲέέξόιῖέξῖᾖίυιη
868 5523 1040 5596 (istan
1072 5511 1616 5596 Cotltatt‘t'i'omnostroq
1664 5513 1804 5567 unde

206 5558 328 5670 in;
352 5558 1040 5683 ggggg;;:;;;.ino:
1062 5558 1235 5636 ιςςυ,
1266 5571 1331 5623 ad
1350 5558 1629 5629 οιειιιεηιί.
1654 5558 1804 5634 an:

1891 4419 2125 4474 teamur;
2158 4412 2209 4463 in
2238 4410 2493 4479 diligendo
2515 4412 2610 4463 alii
2636 4411 2788 4473 alios,
2814 4412 2867 4463 in
2898 4426 2997 4463 non
3038 4409 3398 4472 adulterando,

1886 4568 1990 4613 tem
2007 4561 2174 4628 magis
2185 4560 2632 4615 accommodatum
2646 4561 2814 4628 exscri
2824 4560 2993 4628 bimus
3008 4576 3019 4628 _;
3048 4556 3262 4628 Verbum
3278 4574 3401 4611 caro

1887 4629 2077 4696 factum
2102 4626 2202 4692 est,
2230 4638 2278 4682 et
2316 4629 2561 4681 habitavit
2602 4629 2655 4680 in
2686 4627 2865 4687 nobis;
2892 4626 3085 4679 reddite
3120 4626 3299 4696 uicem,
3351 4637 3399 4678 et

1886 4693 2134 4764 elﬁcimini
2164 4698 2385 4764 Spiritus
2423 4707 2469 4750 et
2493 4698 2718 4748 habitate
2752 4698 2803 4747 in
2826 4696 2916 4764 illo
2935 4708 2953 4745 :
2981 4693 3131 4761 quasi
3174 4694 3398 4764 diceret,

1902 4763 2115 4818 Verbum
2142 4781 2261 4818 cum
2294 4775 2436 4818 esset
2465 4766 2706 4832 Spiritus.
2738 4778 2829 4819 seu
2864 4763 3022 4821 Deus,
3057 4777 3177 4832 caro
3207 4763 3403 4832 factum

1888 4844 1985 4894 est,
2014 4840 2255 4886 naturam
2295 4830 2633 4901 suscipiendo
2656 4834 2973 4901 humanam;
3003 4830 3401 4901 reddite‘uicem,

1890 4910 1942 4955 et
1968 4904 2056 4969 qui
2086 4916 2210 4953 caro
2241 4902 2390 4961 estis,
2422 4897 2694 4970 eﬂicimini
2717 4900 2942 4970 quodam
2972 4897 3128 4949 modo
3177 4897 3405 4970 Spiritus

1892 4983 1954 5021 ac
1986 4966 2147 5031 Deus,
2185 4979 2423 5021 naturam
2448 4966 2745 5023 "induendo
2784 4966 3046 5027 divinam,
3090 4975 3137 5018 et
3178 4966 3407 5019 habitat:

1894 5040 1945 5089 in
1975 5039 2119 5105 Deo.)

1965 5108 2037 5175 ('5)
2079 5099 2320 5161 S'alutare
2347 5116 2576 5161 nostrum
2603 5103 2880 5155 inuenimus
2911 5100 3089 5154 Iesum
3121 5099 3405 5164 Christum,

1897 5174 2195 5243 Pontiﬁcem
2208 5176 2845 5243 oblutionumnostrarum,
2874 5171 3190 5243 inﬁrmitatis
3217 5180 3407 5243 nostris

1897 5237 2167 5310 patronum
2188 5252 2234 5294 et
2258 5245 2640 5310 auxiliatorem.
2676 5238 2916 5310 Ερίεῐη]Δ
2939 5239 3131 5303 Clem.,
3165 5254 3282 5308 cap.
3313 5237 3402 5291 56.

1966 5313 2040 5371 l4)
2081 5311 2193 5363 Lib.
2226 5327 2281 5361 tu
2320 5311 2456 5363 Hist.
2480 5309 2679 5370 eccles.,
2708 5322 2824 5375 cap.
2855 5305 2941 5361 38.

1966 5379 2040 5510 (5)
2078 5378 2241 5446 Epist.
2267 5378 2320 5438 2,
2346 5394 2462 5446 cap.
2500 5377 2546 5429 Ι.

1990 5449 2041 5510 6)
2078 5446 2238 5510 Epist.
2261 5445 2314 5501 2.
2337 5460 2452 5510 cap.
2480 5444 2534 5497 2.

1990 5449 2041 5512 6)
2078 5444 2238 5513 Epist.
2261 5445 2314 5501 2.
2337 5444 2452 5513 cap.
2480 5444 2534 5497 2.

1970 5510 2044 5583 (7')
2083 5510 2244 5566 Clem.
2280 5510 2455 5583 8.0m“
2487 5528 2569 5579 cp.
2598 5510 2660 5583 _2,
2692 5525 2806 5579 cap.
2838 5510 2891 5565 2.

1971 5580 2044 5654 (8)
2084 5583 2241 5645 Idem,
2273 5581 2423 5644 ibid.,
2457 5596 2573 5647 cap.
2598 5580 2648 5634 5.
