3832 6234
511 252 610 305 I63

509 382 663 434 neque
691 365 1019 420 obtrectando
1046 365 1276 424 iniicem,
1305 375 1459 429 neque
1485 356 1803 419 atmutando;
1825 355 1912 410 sed
1935 356 2010 408 υἰ-
2037 359 2080 415 Α

508 457 663 512 vendo
693 457 744 510 in
777 457 1106 518 continentia,
1143 450 1514 512 misericordia,
1543 457 1592 502 et
1632 448 1878 509 bonitate,
1904 454 2008 499 etc.

513 547 586 614 (9)
621 546 743 599 Ha’c
797 544 988 615 agendo
1028 553 1345 608 acceptorum
1374 538 1728 605 beneficiorum
1769 550 2009 588 memores

507 640 695 688 erimus
725 652 852 696 vere,
884 633 1032 687 sicuti
1061 631 1373 685 Christianos
1404 627 1562 680 decet.

574 723 724 777 Jesus
771 724 1003 778 Christus
1036 737 1130 773 non
1177 719 1273 785 fuit
1311 717 1458 768 homo
1503 715 1874 782 phantasticus,
1923 715 2009 768 sed

508 828 672 875 verus,
701 812 926 882 quamvis
956 827 1051 862 non
1070 820 1250 874 purus.
1273 835 1342 846 —
1366 806 1423 858 In
1453 805 1623 873 prima
1659 819 1753 858 sua
1789 806 2009 871 epistola

508 909 723 955 sanctus
749 901 987 954 Clemens
1015 896 1139 950 Jesu
1166 895 1379 948 Christo
1409 909 1643 956 carnem,
1672 893 2005 961 sanguinem,

507 999 559 1045 et
607 991 832 1042 animam
879 986 1156 1040 manifeste
1200 984 1461 1037 attribuit.
1520 982 1582 1035 In
1625 982 1892 1045 charitate,
1923 983 2008 1036 in-

504 1080 618 1147 quit
641 1078 768 1144 (l0).
799 1077 1070 1142 assumpsit
1097 1091 1187 1127 nos
1217 1073 1468 1125 Dominus
1489 1072 1622 1125 Deus
1643 1080 1813 1125 noster
1839 1089 1900 1125 ea:
1921 1089 2008 1125 vo-

505 1167 698 1218 luntate
725 1166 838 1225 Dei,
867 1164 1163 1233 sanguinem
1190 1178 1339 1214 suum
1374 1174 1466 1221 pro
1499 1160 1643 1213 nobis
1693 1160 1928 1224 tradidit,
1960 1169 2009 1213 et

504 1271 704 1307 carnem
749 1271 839 1322 pro
876 1270 1028 1306 carne
1071 1263 1268 1315 nostra,
1296 1261 1343 1304 et
1373 1252 1597 1304 animam
1623 1266 1714 1316 pro
1742 1250 2006 1304 animabus

501 1344 705 1395 nostris.

568 1432 801 1485 Christus
853 1448 944 1499 pro
995 1431 1225 1485 omnibus
1275 1439 1525 1483 mortuus.
1562 1459 1629 1468 —
1685 1428 2003 1501 Sanguinem

497 1521 690 1574 Christi
725 1537 820 1588 pro
850 1523 1014 1575 totius
1046 1519 1226 1573 mundi
1255 1521 1427 1574 salute
1455 1519 1678 1573 effusum
1712 1535 1850 1584 esse,
1877 1522 2004 1589 quin

498 1612 563 1662 ab
597 1613 693 1662 hac
730 1612 898 1678 gratia
929 1610 1228 1662 mortalium
1253 1610 1391 1662 ullus
1420 1609 1735 1676 excipiatur,
1786 1619 2004 1664 sanctus

497 1701 582 1752 hic
613 1701 848 1768 pontifex
891 1701 1085 1753 diserte
1123 1699 1342 1751 afﬁrmat
1383 1700 1524 1767 (il):
1554 1698 1701 1750 Fixis
1717 1700 1896 1763 oculis,
1926 1717 2006 1752 re-

495 1790 768 1855 spiciamus
798 1789 849 1840 in
881 1789 1176 1855 sanguinem
1205 1787 1416 1847 Christi,
1448 1803 1825 1856 cernamusque,
1853 1805 2005 1856 quam

496 1879 747 1946 pretiosus
775 1878 842 1929 sit
863 1877 973 1943 ejus
997 1878 1226 1945 sanguis,
1256 1877 1342 1945 qui
1370 1885 1572 1943 propter
1601 1886 1831 1928 nostram
1859 1878 2005 1928 salu-

497 1977 594 2019 tem
619 1969 809 2033 e/fusus
839 1970 929 2020 toti
967 1966 1152 2019 mundo
1180 1967 1484 2033 paenitentia
1511 1967 1733 2036 gratiam
1761 1967 1955 2018 attulit.

561 2056 710 2108 Jesus
780 2057 1012 2110 Christus
1056 2056 1220 2123 judea:
1276 2058 1498 2109 vivorum
1554 2065 1602 2109 et
1664 2065 2000 2110 mortuorum.

497 2143 780 2198 Eternitas
810 2146 1173 2212 suppliciorum
1203 2154 1249 2198 et
1279 2147 1621 2212 prwmiorum.
1673 2144 1917 2198 Meritum
1955 2155 2003 2199 et

495 2235 768 2287 necessitas
801 2234 1046 2290 bonarum
1084 2236 1362 2289 actionum.
1392 2265 1460 2274 —
1489 2233 1715 2289 Sanctus
1761 2235 2003 2291 Clemens

493 2323 675 2378 Iesum
712 2324 984 2378 Christum
1024 2325 1250 2393 appellat
1278 2338 1485 2392 quoque
1507 2323 1731 2390 judicem
1778 2325 2003 2377 vivorum

492 2423 539 2464 et
562 2423 876 2465 mortuorum
897 2412 1027 2481 (12),
1055 2413 1178 2464 item
1225 2426 1499 2480 pmnarum
1528 2411 1868 2464 aeternitatem
1896 2414 2005 2465 cla-

493 2502 709 2554 rissimo
754 2502 1058 2554 testimonio
1118 2501 1365 2563 affirmat,
1405 2501 1530 2554 dum
1575 2500 1640 2554 ad
1695 2500 2002 2558 Corinthios

493 2590 679 2644 scribit
705 2590 810 2660 (13)
840 2605 853 2639 :
880 2588 1146 2643 Facientes
1173 2591 1308 2642 enim
1338 2588 1531 2643 Christi
1559 2589 1888 2652 voluntatem,
1920 2606 2002 2641 re-

491 2684 656 2752 quiem
698 2680 1020 2732 inveniemus.
1050 2680 1144 2732 Sin
1179 2680 1345 2731 minus
1375 2679 1542 2731 :nihil
1568 2695 1658 2731 nos
1700 2677 1762 2730 ab
1815 2689 2002 2733 aeterno

492 2770 741 2838 supplicio
767 2768 962 2834 eripiet,
997 2768 1042 2818 si
1063 2767 1312 2819 mandata
1343 2768 1484 2820 illius
1512 2777 1892 2821 contemnamus
1913 2783 2000 2830 ;...

493 2857 617 2927 quid
647 2856 785 2910 vobis
818 2855 1051 2909 videtur?
1084 2857 1170 2924 qui
1199 2857 1588 2924 incorruptionis
1619 2868 1871 2911 certamen
1890 2874 2003 2911 cor-

493 2947 706 3015 ruperit,
731 2945 851 3013 quid
892 2947 1150 3012 patietur?
1179 2946 1252 2998 De
1278 2946 1341 2999 iis
1366 2949 1518 3010 enim,
1547 2947 1632 3016 qui
1658 2948 1883 3017 sigillum
1904 2965 2002 3001 non
2028 2963 2070 3021 ρ

493 3040 834 3093 servaverunt,
881 3033 1006 3085 ait:
1066 3031 1260 3084 Vermis
1313 3048 1487 3084 eorum
1563 3049 1663 3085 non
1721 3035 2004 3104 exstingue-

495 3131 580 3174 tur
609 3123 671 3174 ".
704 3119 884 3188 Itaque
912 3120 1099 3188 fratres
1123 3121 1241 3183 mei,
1272 3121 1398 3174 alibi
1419 3121 1606 3175 scribit
1634 3121 1764 3192 (M),
1795 3124 2001 3177 omnino

495 3229 555 3266 ne
578 3212 889 3273 vacillemus,
913 3210 999 3263 sed
1025 3220 1283 3278 sperantes
1308 3212 1671 3274 sustineamus,
1702 3222 1757 3264 ut
1789 3222 1838 3265 et
1867 3229 2003 3266 mer-

492 3303 662 3356 cedem
710 3310 1049 3368 reportemus.
1085 3298 1279 3352 Fidelis
1325 3301 1461 3352 enim
1487 3310 1581 3364 est,
1619 3302 1707 3370 qui
1745 3303 2003 3370 pollicitus

491 3400 586 3452 est,
625 3406 678 3444 se
703 3391 968 3459 unicuique
996 3389 1359 3441 retributurum
1387 3405 1596 3456 operum
1624 3392 2000 3446 retributiones.

2037 1671 2076 1724 Β

1590 245 1676 300 AD
1717 244 1775 298 S.
1815 239 2221 298 CLEMENTEM
2261 239 2279 293 1
2313 239 2535 294 PAPAM

3630 217 3714 271 ibi

2107 370 2258 423 quam
2287 362 2514 416 cunctos,
2535 348 2619 420 qui
2651 361 2886 417 unquam
2911 341 3059 412 justi
3078 320 3349 408 [ιτα-ωηο
3374 329 3712 423 iustiﬁcam.

2111 422 2336 496 Sanctus
2350 440 2506 494 Pater
2523 437 2684 491 tradit
2700 435 2790 488 hic
2808 426 3171 498 coniunctim
3191 422 3475 492 egregias
3499 425 3612 472 tres
3633 433 3713 473 vc-

2109 533 2318 594 ritates;
2363 531 2534 599 primo
2579 534 2823 580 nostram
2867 518 3254 574 vocationem
3291 509 3371 563 ad
3414 508 3582 599 fidem
3607 525 3715 565 esse

2107 598 2391 690 gratuitam
2433 633 2495 670 ex
2529 623 2682 686 parte
2721 613 2838 674 Dei,
2870 624 3003 664 cum
3030 607 3108 661 sit
3147 602 3412 658 effectus
3453 598 3612 650 bona:
3632 614 3714 651 vo-

2106 712 2325 764 luntatis
2355 724 2484 770 suae,
2513 722 2576 760 ac
2603 700 3009 759 misericordia:
3030 710 3173 765 erga
3207 707 3326 746 nos
3363 709 3380 743 :

2103 797 2194 853 οὖν
2219 801 2304 852 διὰ
2331 798 2623 868 θελήματος
2650 792 2815 846 αὑτοῦ
2845 788 3180 858 κληθέντες.

2173 888 2417 944 Secundo
2452 901 2640 941 omnes
2679 890 2915 939 conatus
2947 880 3278 938 humanos,
3315 879 3378 927 et
3412 870 3538 939 ipsa
3563 871 3712 924 etiam

2105 979 2314 1047 pictatis
2351 991 2533 1044 opera,
2569 976 2614 1027 si
2648 972 2702 1025 in
2727 986 2787 1025 se
2818 969 2959 1037 ipsis
2989 969 3376 1034 spectentur,
3393 967 3452 1012 et
3476 958 3712 1026 sejuncta

2104 1083 2132 1120 a
2171 1068 2288 1130 fide,
2312 1083 2406 1137 per
2427 1079 2588 1134 quam
2618 1063 3000 1121 vivilicantur,
3043 1065 3442 1123 nequaquam
3479 1047 3713 1104 suﬂ'icere

2103 1158 2168 1210 ad
2219 1157 2651 1224 justiﬁeationem
2702 1146 3147 1221 promerendam
3188 1162 3204 1197 :
3257 1142 3346 1194 υύ
3401 1140 3473 1192 δι’
3521 1139 3713 1191 ἑαυτῶν

2099 1245 2459 1316 δικαιούμεθα,
2488 1245 2604 1297 οὐδὲ
2630 1243 2715 1296 διὰ
2742 1242 2844 1311 τῆς
2875 1238 3178 1310 ἡμετέρας
3215 1233 3458 1301 σοφίας,
3517 1230 3550 1301 ἢ
3603 1248 3711 1285 συν-

2101 1335 2279 1396 έσεως,
2319 1334 2351 1404 ἢ
2389 1333 2687 1394 εὐσεϐείας,
2727 1330 2760 1398 ἢ
2823 1329 3008 1399 ἔργων
3062 1318 3146 1376 ὧν
3215 1318 3710 1390 κατειργασάμεθα

2100 1426 2155 1476 ὲν
2183 1425 2408 1494 ὁσιότητι
2435 1424 2673 1494 καρδίας.

2169 1511 2347 1565 Tertio
2372 1527 2467 1580 per
2497 1511 2648 1564 ﬁdem
2680 1524 2779 1563 nos
2807 1508 2998 1576 justos
3035 1503 3217 1567 efﬁci,
3267 1511 3329 1557 et
3363 1501 3537 1556 ﬁdem
3581 1501 3710 1554 hanc

2102 1601 2244 1653 omni
2301 1608 2538 1668 tempore
2595 1599 2662 1652 ad
2722 1599 2964 1652 salutem
3038 1593 3460 1649 necessariam
3517 1590 3704 1656 fuisse;

2103 1686 2296 1753 quippe
2325 1699 2419 1753 per
2447 1685 2584 1738 hanc
2615 1684 2757 1738 Deus
2790 1681 3144 1750 justifieavit
3187 1687 3448 1734 cunctos
3495 1681 3589 1748 qui
3618 1695 3709 1732 un-

2103 1790 2259 1842 quam
2284 1774 2415 1842 justi
2446 1773 2660 1828 fuerunt
2691 1791 2704 1826 :
2774 1771 2941 1823 Ἀλλὰ
2972 1769 3071 1822 διὰ
3104 1769 3217 1838 τῆς
3251 1768 3530 1830 πίστεως,
3559 1767 3623 1821 δι’
3649 1763 3706 1837 ἧς

2102 1863 2300 1923 πάντας
2313 1861 2402 1914 τοῦ
2417 1863 2493 1914 ἀπ
2507 1861 2710 1922 ἀἰῶνος
2721 1861 2749 1911 ὁ
2765 1858 3192 1929 παντοκράτωρ
3214 1856 3364 1919 Θεὸς
3377 1857 3704 1913 ἐδικαίωσεν.

2170 1968 2457 2023 Fatendum
2490 1967 2842 2021 nihilominus
2872 1974 2984 2030 est,
3026 1966 3090 2019 in
3145 1965 3332 2018 allato
3379 1971 3535 2020 textu
3579 1981 3703 2019 non-

2103 2059 2245 2111 nulla
2271 2057 2429 2112 verba
2459 2056 2665 2118 haberi,
2699 2070 2817 2124 qua
2847 2063 3094 2124 possent
3146 2055 3437 2108 lectorem
3488 2055 3699 2120 morari,

2102 2149 2203 2203 nisi
2236 2147 2468 2216 perfecte
2491 2146 2683 2200 calleat
2722 2160 2850 2200 vera
2885 2143 3081 2200 sancti
3138 2143 3471 2199 Clementis
3513 2144 3701 2214 princi-

2102 2239 2208 2309 pia.
2243 2236 2365 2295 Haec
2413 2244 2590 2290 autem
2633 2236 2799 2289 verba
2850 2235 3006 2288 haud
3051 2235 3140 2288 ita
3183 2236 3501 2304 perspicua
3547 2244 3699 2300 sunt,

2100 2345 2217 2398 qua:
2258 2335 2598 2395 sequuntur:
2634 2323 2826 2391 Opera,
2882 2341 3009 2393 qua:
3063 2326 3130 2377 in
3179 2326 3375 2379 cordis
3429 2326 3700 2379 sanctitate

2103 2415 2180 2483 (ἐν
2199 2413 2789 2489 ὀσίοτητιτῆςκαρδίας)
2817 2415 3035 2479 operati
3066 2412 3314 2465 sumus!
3370 2411 3452 2465 Ex
3511 2413 3695 2481 quibus

2101 2505 2298 2558 inferre
2327 2501 2446 2571 quis
2469 2507 2662 2569 potest,
2693 2507 2945 2554 sanctum
2992 2501 3166 2555 hunc
3218 2501 3553 2568 pontificem
3581 2503 3695 2570 reji-

2101 2609 2222 2648 cere
2262 2591 2506 2645 meritum
2549 2589 2814 2643 bonorum
2860 2604 3140 2658 operum.
3193 2591 3499 2646 Immerito
3529 2600 3693 2646 autem

2099 2685 2236 2738 hanc
2261 2681 2546 2735 illationem
2575 2679 2697 2748 quis
2726 2678 2954 2733 inferret
2981 2696 2998 2744 ;
3035 2688 3099 2733 et
3135 2680 3252 2734 hoc
3270 2689 3430 2735 esset
3459 2682 3697 2736 recedere

2103 2785 2132 2822 a
2161 2776 2335 2822 mente
2364 2767 2533 2820 sancti
2567 2765 2868 2828 Pontificis,
2905 2767 3004 2836 qui
3062 2784 3193 2822 non
3241 2769 3304 2822 in
3331 2785 3449 2825 uno
3499 2771 3615 2825 loco
3649 2778 3695 2825 et

2101 2855 2347 2908 meritum
2395 2862 2446 2907 et
2472 2855 2846 2908 necessitatem
2875 2855 3173 2911 bonorum
3205 2873 3455 2928 operum
3487 2859 3693 2914 fatetur.

2105 2938 2239 3003 Quid
2269 2939 2424 3006 igitur
2449 2938 2716 3001 faciemus,
2737 2939 2983 3007 fratres?
3023 2953 3284 2999 sanctus
3330 2946 3414 3000 ait
3457 2947 3548 3002 ille
3585 2957 3695 3016 post

2102 3029 2260 3082 allata
2283 3029 2527 3096 superius
2551 3029 2711 3082 verba
2736 3029 2879 3099 (l7);
2907 3033 3272 3088 cessabimus
3338 3052 3374 3089 a
3406 3036 3560 3090 bonis
3590 3053 3695 3104 ope—

2101 3120 2263 3181 ribus,
2288 3127 2336 3172 et
2365 3118 2664 3171 cbaritatem
2707 3119 3198 3190 derelinquemus?
3233 3125 3292 3178 Ν
3297 3127 3575 3198 eutiquam
3612 3128 3694 3181 hoc

2101 3226 2132 3263 a
2161 3208 2302 3262 nobis
2331 3208 2445 3276 ﬁeri
2466 3209 2730 3275 permittat
2760 3208 3065 3274 Dominus;
3107 3213 3213 3267 sed
3245 3232 3377 3268 cum
3436 3217 3694 3287 diligentia

2100 3307 2148 3351 et
2187 3297 2458 3350 alacritate
2497 3296 2795 3363 festinemus
2829 3315 2983 3352 omne
3027 3317 3176 3368 opus
3205 3305 3604 3374 'perficere.....
3631 3307 3696 3359 vi-

2100 3386 2330 3448 deamus,
2361 3384 2494 3453 quod
2514 3386 2569 3437 in
2600 3384 2744 3438 bonis
2770 3387 3021 3454 operibus
3053 3394 3261 3446 ornati
3287 3395 3502 3462 fuerint
3533 3412 3694 3449 omnes

494 3479 553 3534 Si
581 3496 697 3549 ergo
726 3480 990 3547 fecerimus
1035 3478 1292 3545 justitiam
1325 3495 1500 3531 coram
1544 3479 1672 3544 Deo,
1700 3482 1754 3532 in
1793 3497 2004 3549 regnum
2091 3477 2244 3545 justi.
2266 3475 2331 3528 Et
2353 3476 2459 3543 ipse
2476 3491 2595 3543 ergo
2617 3474 2896 3540 Dominus,
2927 3495 3057 3532 cum
3087 3499 3150 3535 se
3174 3485 3443 3552 operibus
3471 3486 3700 3542 decoras-

491 3567 848 3637 ingrediemur,
876 3575 923 3619 et
949 3566 1250 3632 accipiemus
1277 3565 1660 3634 promissiones,
1711 3584 1836 3637 quas
1862 3587 1880 3620 ι
1910 3587 2006 3623 au-

491 3659 564 3710 ris
602 3674 702 3710 non
753 3655 967 3720 audivit,
993 3672 1082 3709 nec
1105 3656 1280 3710 oculus
1309 3656 1451 3717 vidit,
1481 3673 1688 3726 quisque
1709 3658 1761 3711 in
1792 3675 1879 3713 cor
1908 3660 2001 3715 ho-

492 3749 641 3800 minis
679 3764 780 3800 non
815 3746 1150 3800 ascenderunt
1177 3747 1241 3801 ²³.
1278 3767 1297 3799 ι

559 3837 731 3892 Verba
774 3838 973 3892 faciens
1011 3846 1227 3892 sanctus
1256 3837 1500 3894 Clemens
1529 3838 1594 3894 de
1630 3841 1815 3909 gratiis
1868 3857 2002 3911 quas

490 3934 695 3980 veteres
737 3927 1052 3995 patriarcha:
1089 3927 1364 3981 consecuti
1413 3936 1557 3990 sunt,
1607 3938 1788 3999 aperte
1825 3932 2000 3998 docet,

491 4013 588 4066 has
614 4029 798 4067 omnes
825 4013 986 4066 Deum
1019 4015 1185 4083 gratis
1227 4015 1472 4084 largitum
1497 4017 1682 4081 fuisse,
1713 4027 1766 4072 et
1813 4020 2001 4074 borum

492 4104 722 4154 virorum
785 4104 1007 4166 meritis,
1065 4118 1126 4157 ac
1178 4105 1334 4160 honis
1386 4107 1638 4174 operibus
1681 4109 1843 4164 tribui
1896 4127 2002 4165 non

493 4205 664 4260 posse.
699 4189 748 4242 Ii
773 4206 885 4260 ergo
918 4208 1108 4254 omnes,
1147 4192 1220 4243 ait
1242 4193 1325 4247 ille
1355 4193 1482 4264 (15).
1506 4197 1722 4264 gloriam
1751 4208 1797 4251 et
1820 4202 2003 4267 ampli-

2100 3574 2193 3627 set,
2223 3565 2427 3632 gavisus
2466 3572 2562 3618 est.
2602 3563 2864 3618 Habentes
2901 3568 3094 3637 itaque
3126 3572 3239 3626 hoc
3275 3579 3582 3645 exemplar,
3606 3579 3698 3629 im-

2099 3653 2238 3721 pigre
2265 3650 2332 3703 ad
2354 3651 2663 3704 voluntatem
2689 3651 2802 3718 ejus
2836 3652 3217 3720 accedamus;
3245 3675 3322 3712 ea:
3360 3663 3491 3716 totis
3515 3662 3697 3716 viribus

2100 3740 2289 3793 nostris
2342 3753 2605 3806 operemur
2647 3753 2775 3804 opus
2818 3737 3072 3801 iustitiae.
3132 3743 3210 3798 Et
3242 3751 3454 3817 paucis
3487 3750 3701 3818 interie-

2098 3833 2220 3896 ctis,
2256 3831 2333 3886 sic
2359 3831 2628 3885 concludit
2658 3833 2768 3903 (18)
2796 3852 2809 3887 :
2839 3833 3068 3902 Oportet
3089 3855 3232 3909 ergo
3265 3858 3373 3896 nos
3406 3842 3479 3896 ad
3509 3844 3697 3896 bonum

2099 3921 2395 3976 faciendum
2433 3932 2663 3990 prompto
2693 3924 2867 3976 animo
2890 3940 3006 3978 esse
3037 3941 3056 3979 :
3091 3943 3168 3980 ea:
3189 3930 3303 3985 hoc
3349 3935 3499 3987 enim
3532 3933 3701 3986 omnia

2099 4019 2353 4064 constant.
2405 4010 2673 4064 Sulﬁciant
2722 4012 2857 4076 haec,
2906 4023 2968 4068 ut
3012 4019 3307 4076 omnibus
3369 4022 3698 4086 innotescat,

2099 4104 2225 4174 quid
2255 4109 2471 4156 sanctus
2501 4101 2747 4158 Clemens
2772 4108 3012 4160 senserit
3050 4109 3128 4164 de
3180 4115 3405 4170 merito
3435 4123 3492 4170 et
3517 4130 3700 4170 neces.

2103 4194 2260 4248 sitate
2297 4192 2556 4245 bonorum
2601 4207 2846 4260 operum.
2895 4196 3197 4256 Caeterum
3252 4207 3502 4274 quando
3549 4206 3696 4270 dicit,

494 4281 716 4332 tudinem
744 4282 996 4336 consecuti
1023 4291 1161 4345 sunt,
1193 4299 1292 4336 non
1322 4298 1410 4350 per
1437 4302 1490 4338 se
1531 4287 1688 4353 ipsos,
1721 4297 1810 4341 aut
1851 4306 2001 4356 opera

2174 4300 2199 4337 s
2229 4298 2321 4351 per
2344 4283 2483 4334 bona
2509 4297 2670 4348 opera
2709 4299 2816 4337 non
2863 4288 3061 4343 venire
3093 4293 3168 4346 ad
3197 4295 3701 4363 justiﬁeationem,

490 4387 606 4430 sua,
638 4378 726 4422 aut
743 4369 916 4436 justas
941 4372 1184 4433 actiones,
1223 4389 1350 4440 quas
1373 4373 1618 4438 fecerunt,
1655 4377 1741 4430 sed
1780 4394 1869 4444 per
1911 4397 2000 4433 vo-

491 4459 736 4511 luntatem
782 4457 910 4526 ejus.
953 4460 1034 4514 Ex
1081 4462 1275 4530 quibus
1323 4464 1613 4530 praemissis
1663 4465 1798 4520 hanc
1841 4468 2001 4523 infert

490 4550 780 4603 illationem
827 4548 936 4617 (ιε)
967 4566 979 4600 :
1031 4549 1095 4604 Et
1124 4567 1216 4604 nos
1247 4551 1406 4621 igitur
1441 4565 1504 4604 ea:
1537 4553 1795 4608 voluntate
1838 4558 2000 4625 illius,

491 4640 607 4692 scil.
642 4638 754 4697 Dei,
773 4638 824 4691 in
845 4637 1047 4691 Christo
1071 4639 1192 4692 Iesu
1218 4641 1402 4703 vocati,
1435 4657 1534 4695 non
1561 4656 1649 4708 per
1668 4647 1998 4714 nosmetipsos

486 4726 615 4794 justi
662 4727 934 4794 efficimur;
972 4742 1128 4796 neque
1150 4744 1238 4795 per
1261 4730 1567 4798 sapientiam
1614 4739 1861 4798 nostram,
1909 4744 1998 4788 aut

492 4815 893 4882 intelligentiam,
921 4823 1010 4867 aut
1035 4815 1286 4882 pietatem,
1332 4827 1423 4870 aut
1454 4833 1627 4885 opera,
1670 4834 1782 4888 qua:
1810 4821 1861 4873 in
1885 4838 2001 4875 cor-

492 4900 572 4954 dis
615 4905 884 4956 sanctitate
924 4904 1121 4972 operati
1171 4921 1373 4971 sumus;
1419 4907 1507 4961 sed
1555 4923 1645 4976 per
1689 4907 1865 4975 ﬁdem,
1909 4927 2000 4981 per

2101 4374 2154 4427 id
2184 4374 2342 4426 unice
2369 4372 2619 4433 intendit,
2646 4372 2788 4427 bona
2832 4375 3058 4443 pietatis
3099 4396 3288 4451 Opera
3345 4389 3405 4442 in
3463 4405 3526 4445 se
3573 4388 3700 4459 ipsis

2099 4471 2338 4551 accepta,
2369 4467 2423 4515 et
2452 4460 2572 4514 fidei
2593 4462 2804 4551 _spiritu
2837 4463 3144 4536 destituta,
3199 4477 3391 4534 sicuti
3447 4483 3699 4551 superius

2099 4549 2348 4610 diximus,
2397 4549 2607 4616 cperari
2633 4565 2740 4604 non
2790 4568 2953 4621 posse
3003 4573 3271 4620 nostram
3335 4549 3698 4639 justiﬁeatio-

2097 4655 2240 4703 nem,
2276 4646 2330 4694 et
2359 4653 2424 4693 ex
2467 4639 2581 4692 sola
2629 4639 2752 4704 fide,
2784 4658 2894 4712 qua
2938 4661 3118 4717 opera
3166 4667 3381 4714 nostra
3417 4663 3700 4718 viviﬁcan-

2104 4737 2210 4790 tur,
2261 4727 2907 4823 edeptumﬂhuncposse
2947 4748 3300 4812 exspectari.
3368 4751 3492 4807 Hoc
3544 4761 3701 4823 pacto

2103 4826 2318 4873 sanctus
2361 4816 2601 4909 Pontifex
2631 4819 2762 4876 satis
2801 4838 3082 4900 superque
3127 4842 3482 4909 comprobat
3523 4816 3701 4900 excel-

2103 4910 2343 4964 lentiam.
2376 4916 2428 4962 et
2455 4906 2744 4964 efﬁcaciam
2772 4912 2897 4970 ﬁdei
2922 4906 3292 4983 Christiana:

561 5050 605 5080 ³⁸
636 5046 756 5102 lsai.
807 5066 949 5108 1.x".
994 5054 1084 5108 ει.
1158 5055 1202 5086 ⁸³
1230 5053 1348 5110 lsai.
1380 5073 1523 5124 thv,
1576 5059 1630 5125 ι;
1659 5068 1712 5116 et
1745 5060 1765 5114 ι
1795 5062 1918 5119 Cor.
1940 5065 2024 5130 fu,
2070 5064 2124 5119 9.

566 5222 664 5300 ﬁt)“
707 5221 872 5300 gem.
900 5224 1075 5300 Rom.,
1104 5229 1260 5297 epist.
1291 5229 1344 5294 2,
1376 5244 1488 5300 cap.
1512 5235 1561 5288 t.

565 5291 670 5364 (Ψ)
710 5291 872 5364 idem,
895 5298 1060 5364 ep._l,
1087 5291 1201 5364 cap.
1226 5301 1314 5355 49.

566 5359 673 5432 ll!)
712 5359 871 5432 ἓβςητο
897 5359 1043 5432 δρία-ο
1070 5359 1185 5432 ρπβ.
1213 5367 1262 5420 7ο

563 5426 671 5498 (ςὲ)
711 5426 876 5498 Epist.
906 5429 960 5489 2,
987 5445 1101 5498 cap.
1136 5426 1186 5486 ’1.

567 5495 672 5558 (15)
711 5495 864 5557 lbid.,
895 5511 1007 5562 cap.
1045 5495 1076 5550 6
1102 5507 1149 5552 et
1183 5501 1230 5554 7.

2315 5237 2480 5312 Epist.
2503 5240 2557 5312 2.
2589 5256 2709 5312 cap.
2739 5249 2822 5304 Η.

2171 5308 2279 5380 (ἓξ)
2315 5307 2481 5380 Epist.
2509 5309 2559 5371 Ι,
2585 5307 2704 5380 cap.
2732 5318 2824 5372 52.

2169 5375 2279 5452 (Έὲ)
2317 5375 2446 5452 ll’i‘l-

2170 5442 2280 5514 e?)
2317 5442 2471 5514 uie.
2501 5460 2619 5514 cap.
2645 5449 2734 5504 sx.

2169 5511 2278 5580 (l8)
2318 5512 2474 5567 lbirl..
2502 5511 2621 5584 cap.
2655 5518 2742 5574 54.
