3842 6388
183 293 264 351 ίῦἰ

558 400 588 473 ς
626 402 713 459 lll.
756 400 831 457 De
872 402 1268 458 resurrectione.

229 496 529 555 Ressrreetio
555 500 750 555 carnis.
777 527 847 538 —-
869 495 943 553 De
968 498 1371 555 resurrectione
1402 514 1695 571 corporum

177 592 412 662 expressis
454 591 702 648 terminis
752 589 997 660 loquitur
1041 597 1267 646 sanctus
1302 589 1578 647 Clemens.
1627 589 1698 645 Ut

179 684 412 753 possimus
447 682 605 738 facile
640 679 855 737 veritati
885 679 1015 734 huic
1034 678 1193 736 fidem
1218 688 1502 752 praestare,
1526 680 1699 735 utitur

177 784 361 832 unctus
411 775 495 828 hic
549 772 796 844 pontifex
832 774 889 829 in
931 774 1161 841 epistola
1207 774 1382 845 prima
1416 772 1697 843 aliquibus

178 870 607 933 similitudinibus,
646 884 769 940 quas
817 867 1054 924 humiles
1082 875 1230 931 sunt,
1259 875 1314 922 et
1345 868 1527 921 minus
1559 866 1700 936 peri-

176 970 320 1039 torum
347 969 556 1031 captum
600 974 711 1015 non
757 968 1039 1029 superant.
1080 955 1266 1011 Primo
1298 956 1352 1011 id
1395 957 1591 1026 probat
1629 972 1698 1011 ex

175 1054 267 1125 ipsa
285 1053 667 1110 resurrectione
693 1050 1014 1114 Salvatoris,
1043 1065 1108 1105 ac
1127 1050 1262 1105 dicit
1289 1048 1479 1105 Jesum
1530 1049 1697 1104 Chri-

175 1152 289 1201 stum
303 1144 595 1202 ostendisse
624 1145 784 1201 nobis
809 1146 861 1199 in
882 1159 981 1200 sua
1006 1143 1409 1199 resurrectione
1431 1142 1699 1213 primitias

172 1238 547 1295 resurrectionis
593 1244 821 1294 nostra.
860 1236 1117 1291 Secundo
1164 1236 1362 1306 probat
1389 1236 1495 1291 hoc
1532 1236 1697 1291 ducta

173 1332 360 1403 paritate
386 1346 414 1387 a
449 1338 617 1387 nocte
646 1338 702 1386 et
731 1330 821 1385 die
848 1329 954 1386 sibi
994 1329 1229 1384 invicem
1271 1329 1697 1385 succedentibus

174 1424 285 1493 (l9);
312 1424 460 1480 tertio
484 1440 550 1479 ex
584 1423 910 1494 quotidiana
938 1421 1297 1493 experientia,
1336 1437 1443 1493 qua
1475 1422 1698 1493 conspi-

171 1515 312 1569 cimus
337 1514 500 1579 arida,
533 1522 591 1570 et
620 1512 770 1569 nuda
804 1513 1016 1569 semina
1043 1513 1100 1567 in
1131 1519 1334 1568 terram
1364 1514 1534 1589 jacta,
1581 1527 1697 1567 ma-

171 1623 250 1678 gna
269 1607 607 1678 providentiae
637 1604 855 1661 Domini
882 1606 1084 1661 virtute
1113 1620 1432 1675 exsurgere,
1476 1619 1542 1658 ac
1580 1602 1698 1658 fru-

169 1704 285 1751 ctum
308 1695 556 1767 proferre.

223 1784 459 1841 Fabulosa
487 1785 720 1840 historia
752 1783 1308 1852 phaenicis.—Quarto
1331 1799 1397 1839 ex
1442 1783 1692 1841 fabulosa

170 1876 355 1931 historia
384 1876 659 1946 phwuicis
688 1875 822 1946 (20).
842 1875 901 1929 In
918 1874 1454 1939 orientalibuslocis,
1482 1876 1695 1931 scilicet

170 1968 213 2022 in
230 1969 609 2031 Arabia,tradit
630 1978 857 2024 sanctus
887 1968 1162 2034 Clemens,
1181 1976 1267 2024 est
1286 1970 1403 2027 avis
1423 1970 1551 2033 ista,
1571 1984 1695 2039 qua:

168 2067 351 2112 vocatur
364 2059 609 2129 phmnix,
646 2076 766 2131 quae
789 2059 1085 2130 singularis
1114 2067 1167 2115 et
1196 2060 1429 2132 unigena
1450 2060 1694 2118 existens

167 2166 305 2207 annos
320 2152 435 2207 vivit
460 2153 819 2223 quingentos.
845 2151 980 2208 Cum
1003 2152 1114 2223 jam
1145 2161 1319 2209 morte
1347 2153 1695 2210 dissolvenda

167 2252 248 2307 est,
274 2244 486 2299 loculum
534 2246 645 2301 sibi
675 2245 898 2301 conficit
941 2262 972 2302 e
1000 2247 1181 2311 thure,
1227 2246 1448 2318 myrrha
1480 2254 1535 2302 et
1566 2248 1696 2303 reli-

166 2336 264 2405 quis
281 2337 621 2397 aromatibus.
654 2353 817 2409 quem
850 2339 1091 2394 loculum
1139 2340 1408 2410 completo
1449 2346 1693 2410 tempore

167 2426 416 2497 ingreditur
446 2436 499 2483 et
521 2429 666 2484 obit.
695 2427 773 2483 Ex
805 2444 973 2485 carne
1016 2430 1138 2499 ejus
1160 2429 1463 2500 putrefacta
1491 2432 1692 2488 vermis

165 2520 366 2575 nascitur
386 2520 637 2592 quidam,
667 2521 763 2592 qui
794 2520 1051 2578 animalis
1073 2521 1321 2578 defuncti
1344 2522 1574 2578 humore
1596 2540 1694 2579 nu-

165 2613 296 2668 tritus
314 2612 618 2684 plumescit,
650 2622 706 2670 et
726 2614 832 2669 alia
858 2613 1084 2686 phoenix
1116 2616 1359 2669 omnium
1396 2616 1570 2672 oculis
1591 2631 1690 2689 ap-

168 2715 305 2776 paret.
353 2706 659 2762 Nonnullas
703 2707 838 2761 alias
870 2706 1039 2762 miras
1067 2707 1515 2763 circumstantias
1548 2708 1691 2762 reci-

165 2802 229 2848 tat
248 2795 304 2851 de
328 2796 568 2866 phmnice
610 2802 839 2851 sanctus
859 2792 1133 2859 Clemens,
1157 2811 1279 2866 qua:
1314 2795 1480 2850 sicuti
1530 2796 1692 2851 modo

164 2889 307 2944 allata
346 2890 732 2945 commcntitia‘.
792 2895 940 2944 sunt.
1002 2886 1216 2943 Erravit
1242 2904 1374 2959 ergo
1416 2887 1688 2951 Pontifex,

164 2980 266 3036 dum
311 2983 615 3052 huiusmodi
659 2982 906 3037 historia:
946 2984 1161 3053 plenam
1210 2982 1369 3037 fidem
1408 2980 1686 3047 adhibuit;

163 3081 377 3129 ceterum
402 3075 608 3131 erravit
639 3090 765 3129 cum
807 3075 1088 3145 plerisque
1140 3073 1561 3144 spectatissimis
1591 3087 1690 3127 au-

164 3162 365 3219 ctoribus
379 3166 630 3228 vetustis,
649 3163 977 3220 Christianis
989 3179 1141 3235 atque
1160 3180 1222 3218 ac
1249 3162 1543 3234 gentilibus
1556 3162 1690 3237 (21).

1724 1758 1767 1813 Β

1721 3119 1762 3176 C

216 3252 387 3318 Quinto
428 3255 654 3310 tandem
696 3262 917 3309 sanctus
952 3252 1202 3308 Pontifex
1228 3251 1421 3323 probat
1449 3266 1696 3308 resurre-

162 3345 352 3403 ctionem
381 3356 724 3403 mortuorum
762 3347 831 3402 iis
866 3346 1163 3418 Scriptura:
1210 3345 1367 3411 locis,
1402 3345 1457 3400 in
1495 3344 1695 3416 quibus

160 3453 307 3493 sermo
326 3446 405 3494 est
428 3440 494 3494 de
523 3441 635 3495 hac
658 3440 903 3503 veritate,
935 3439 1113 3508 iisque
1134 3438 1307 3492 utitur
1328 3437 1608 3507 aptissime
1626 3435 1695 3489 ad

160 3531 288 3586 fidem
311 3540 360 3587 et
383 3548 527 3603 spem
556 3547 730 3601 super
766 3531 914 3586 hunc
948 3530 1237 3584 articulum
1268 3526 1329 3583 in“
1361 3529 1518 3584 nobis
1546 3527 1695 3583 exci-

159 3622 364 3678 tandum.
380 3624 536 3690 Deus,
556 3624 656 3696 qui
680 3641 742 3678 ne
758 3623 1071 3676 mentiamur
1089 3622 1354 3691 prwcepit,
1378 3622 1592 3691 egregie
1614 3625 1693 3675 ait

159 3713 231 3769 ille
249 3714 369 3787 (22),
392 3718 551 3771 multo
585 3717 759 3785 magis
782 3732 886 3769 non
911 3715 1180 3769 mentitur.
1202 3713 1353 3767 Nihil
1381 3714 1565 3782 quippe
1587 3713 1694 3768 Deo

156 3806 450 3873 impossibile,
478 3819 837 3880 prmterquam
871 3808 1101 3862 mentiri.
1134 3805 1500 3861 Exsuscitetur
1520 3808 1696 3876 itaque

158 3894 203 3945 is
224 3896 351 3951 nobis
372 3897 494 3966 ﬁdes
518 3898 665 3967 ejus,
693 3896 971 3953 concludit
991 3897 1130 3967 ipse,
1160 3904 1209 3950 et
1239 3899 1521 3967 cogitemus
1558 3897 1696 3966 quod

158 3989 302 4042 omnia
326 3990 415 4057 ipsi
458 3991 755 4060 propinqua
802 3998 928 4046 srnt.
978 3988 1045 4043 In
1091 3988 1243 4044 verba
1296 3989 1696 4061 magniﬁcentiae

158 4091 244 4128 sua
262 4080 513 4133 constituit
544 4081 752 4144 omnia,
786 4088 835 4134 et
870 4080 924 4133 in
956 4078 1106 4133 verba
1130 4087 1297 4148 potest
1326 4080 1423 4133 illa
1452 4090 1693 4135 evertere.

159 4165 457 4234 Conualuit,
495 4182 657 4241 atque
701 4180 761 4223 ut
811 4172 993 4233 uoluit,
1034 4171 1211 4224 omnia
1257 4169 1487 4224 condidit
1535 4170 1692 4241 (23):

157 4271 285 4324 neque
308 4262 585 4333 quidquam
626 4261 692 4314 ab
718 4279 776 4317 eo
804 4262 1063 4317 decretum
1092 4263 1376 4330 praeteribit
1404 4277 1423 4316 :
1455 4263 1697 4317 universa

156 4362 303 4403 coram
332 4353 434 4419 ipso
470 4363 620 4416 sunt,
665 4353 895 4424 nihilque
934 4354 1209 4408 consilium
1255 4354 1369 4423 ejus
1407 4354 1551 4410 latet.
1583 4353 1696 4409 Hac

155 4437 595 4509 doctrina,veritas
652 4445 721 4499 de
747 4462 853 4515 qua
878 4445 1109 4516 agimus,
1138 4462 1253 4501 mea
1294 4447 1548 4517 opinione
1579 4448 1696 4502 evi-

154 4532 431 4594 dentissime
467 4539 827 4609 comprobata
871 4546 976 4595 est.
1026 4538 1367 4611 Impossibile
1410 4550 1495 4596 est
1533 4540 1696 4611 hujus

155 4631 418 4695 argumenti
446 4631 556 4685 vim
586 4646 695 4685 non
724 4632 958 4698 sentire;
990 4630 1133 4686 Deus
1161 4632 1217 4686 in
1245 4628 1543 4702 Scripturis
1581 4635 1696 4691 suis

153 4731 405 4787 corporum
436 4723 903 4779 resurrectionem
932 4723 1194 4793 spondet;
1227 4723 1322 4802 sed
1365 4723 1508 4780 Deus
1546 4742 1698 4782 men-

154 4808 227 4864 tiri
251 4814 445 4884 nequit,
474 4816 610 4886 quia
647 4815 764 4884 ipse
792 4814 1006 4872 Veritas
1042 4822 1128 4871 est
1165 4831 1231 4870 ex
1261 4830 1368 4871 una
1395 4825 1589 4888 parte;
1629 4833 1697 4875 ex

211 5004 306 5077 (19)
344 5005 461 5063 Dies
491 5016 544 5063 et
566 5023 674 5063 noa'.
711 5008 859 5062 nobis
906 5008 1337 5062 resurrectionem
1367 5007 1643 5064 declarant
1671 5026 1693 5067 :

155 5074 443 5147 cubat'nox?
475 5080 719 5147 exsurgit
745 5078 854 5131 dies
875 5094 892 5139 ;
919 5077 1030 5131 dies
1054 5079 1208 5134 abit?
1231 5094 1335 5132 nox
1357 5079 1582 5134 aduenit.
1601 5081 1693 5133 Vi-

154 5143 335 5220 deamus
362 5148 537 5220 fruges
560 5164 579 5201 :
606 5143 889 5203 séminatio
914 5149 1069 5220 grani
1099 5148 1356 5220 quomodo
1380 5150 1496 5217 ﬁat.
1542 5148 1692 5204 Exiit

156 5218 423 5289 seminator,
450 5218 520 5273 'et
553 5220 685 5289 jecit
728 5234 899 5273 semen
937 5219 990 5289 in
1047 5230 1262 5278 terram.
1298 5218 1565 5289 jactisque
1610 5236 1692 5275 se-

157 5286 366 5361 minibus,
401 5307 519 5361 qua:
554 5286 732 5361 arida
766 5300 815 5344 et
862 5287 1005 5361 nuda
1046 5286 1340 5342 ceciderunt
1376 5289 1428 5342 in
1472 5286 1689 5361 terram,

154 5352 510 5431 dissolvuntur;
548 5358 737 5413 deinde
758 5377 819 5414 ea
856 5375 920 5413 ex
940 5359 1309 5421 dissolutione,
1342 5376 1537 5430 magna
1582 5352 1691 5413 Do?

154 5426 260 5498 {sini
282 5430 619 5496 providentia:
646 5440 875 5498 potestas
925 5431 1241 5489 resuscitat;
1293 5426 1449 5498 atque
1484 5445 1548 5483 ea:
1588 5448 1691 5483 uno

153 5493 355 5571 factum
380 5501 622 5568 pluribus
646 5493 870 5571 auctum
897 5499 1115 5569 profert.
1148 5499 1321 5570 Epist.
1351 5493 1404 5564 1,
1434 5514 1557 5571 cap.
1597 5502 1688 5557 2‘.

210 5566 309 5641 (20)
342 5566 502 5641 l_hid.,
531 5586 655 5641 cap.
688 5570 778 5626 25.

228 5635 308 5708 2|)
345 5635 668 5705 Tillemont,
716 5649 845 5697 tom.
872 5640 937 5705 ll,
988 5640 1262 5696 Mémoires
1290 5655 1422 5709 ponr
1454 5642 1617 5694 servir
1659 5642 1691 5694 ὰ

150 5704 396 5763 fliistsire
434 5711 601 5765 eccles
637 5752 650 5776 ,
691 5727 811 5783 pag.
862 5704 980 5778 ll7,
1028 5704 1305 5775 observat,
1335 5711 1391 5765 S.
1427 5711 1688 5783 Cyrillum

1354 286 1693 347 PROG‘IMIA
1730 288 2109 350 VARIORUM.

1720 412 1767 468 Α
1793 409 1962 464 altera
1991 426 2121 467 vero
2148 413 2494 482 omnipotens
2523 422 2627 480 est,
2650 423 2710 472 ut
2737 432 2861 489 qua
2905 419 3175 490 promisit,
3200 420 3381 480 adim-

1797 501 1941 572 pleat
1968 521 1983 560 :
2015 520 2148 577 ergo
2171 506 2378 578 absque
2426 507 2537 562 ulla
2580 515 2953 569 controversia
2997 530 3229 585 corpora
3275 531 3380 573 no-

1797 602 1912 651 stra
1953 607 2257 670 resurgent.
2307 599 2704 673 Argumentum
2755 604 2880 668 hoc,
2926 606 3103 662 diitam
3154 608 3377 677 iterum,

1797 688 2062 759 cujusque
2085 691 2350 748 increduli
2387 696 2750 764 pervicaciam
2778 708 3072 769 expugnat.

1868 781 1935 836 In
1944 784 2157 853 propria
2169 801 2326 839 carne
2339 788 2531 841 mortui
2546 789 2967 859 resurgent.-—ln
2983 792 3221 848 secunda
3239 810 3376 850 vero

1796 873 1908 946 (24)
1938 874 2165 944 epistola
2188 889 2446 945 expresse
2469 879 2685 943 asserit,
2717 879 2863 949 quod
2892 880 2947 934 in
2971 884 3189 953 propria
3212 900 3379 942 carne

1799 975 1987 1021 nostra
2012 982 2380 1039 resurgemus,
2399 971 2621 1040 proprio
2642 980 2831 1027 nostro
2852 988 3081 1043 corpore
3108 976 3377 1033 bonorum

1795 1071 2025 1127 operum
2053 1059 2356 1114 mercedem
2382 1061 2725 1131 recipiemus.
2755 1060 2869 1117 Nos
2900 1065 2955 1118 in
2982 1065 3081 1119 hac
3109 1083 3287 1131 carne,
3318 1070 3378 1124 ἐν

1794 1146 1968 1218 ταύτῃ
2008 1150 2074 1218 τῇ
2120 1148 2311 1220 σαρκί,
2342 1149 2628 1204 mercedem
2675 1152 3001 1220 recipiemus.
3057 1152 3278 1209 Summa
3320 1155 3378 1211 in

1795 1255 1964 1311 parvo
1995 1239 2096 1294 hoc
2134 1246 2283 1295 textu
2315 1240 2563 1310 praecisio
2593 1243 2884 1313 reperitur,
2924 1249 2979 1298 et
3028 1245 3160 1299 nulli
3204 1247 3371 1319 tergi-

1797 1328 2093 1384 versationi
2126 1330 2281 1385 locus
2320 1337 2586 1389 remanet.

2104 1418 2132 1490 ᾗ
2170 1419 2259 1475 IV.
2291 1420 2369 1474 De.
2398 1420 2692 1475 hierarchia
2716 1417 3092 1478 ecclesiastica.

1866 1509 2107 1565 Plurima
2127 1510 2271 1565 haud
2300 1511 2434 1567 levis
2456 1512 2715 1567 momenti
2730 1513 2895 1567 tradit
2908 1522 3156 1570 vetustus
3172 1515 3259 1570 hic
3272 1515 3378 1571 Pa-

1794 1612 1879 1660 ter
1890 1604 2034 1659 circa
2056 1603 2488 1660 ecclesiasticum
2513 1605 2782 1660 ordinem.
2842 1605 3023 1661 Primo
3051 1609 3165 1661 vult
3192 1609 3379 1666 omnia

1799 1694 1853 1749 in
1883 1694 2125 1751 Ecclesia
2177 1694 2445 1750 ordinate
2474 1695 2612 1751 fieri.
2647 1693 2872 1761 Cuncta,
2912 1698 3090 1768 inquit
3120 1699 3211 1754 ille
3238 1699 3376 1771 (25),

1795 1788 1978 1843 ordine
2011 1786 2255 1843 debemus
2278 1787 2472 1858 facere,
2506 1804 2622 1858 quae
2655 1804 2749 1842 nos
2786 1787 3043 1843 Dominus
3064 1790 3229 1857 jussit
3257 1809 3378 1862 per-

1794 1895 1988 1951 agere:
2018 1880 2233 1934 statutis
2274 1879 2593 1949 temporibus
2625 1880 2915 1935 oblationes
2955 1890 3005 1935 et
3047 1883 3214 1951 oﬂicia
3260 1899 3373 1953 per-

1793 1972 1904 2041 ﬁci,
1949 1988 2110 2042 neque
2158 1981 2345 2026 temere
2374 1972 2451 2026 vel
2483 1970 2783 2027 inordinate
2831 1973 2950 2042 ﬁeri
2999 1976 3262 2044 precepit,
3286 1976 3379 2031 sed

1792 2066 2071 2134 prie/initis
2100 2064 2417 2133 temporibus
2445 2072 2495 2118 et
2520 2062 2663 2117 horis
2687 2079 2706 2117 :
2729 2063 2817 2117 ubi
2843 2065 2999 2118 etiam
3034 2075 3085 2119 et
3127 2084 3159 2119 a
3190 2066 3377 2137 quibus

1794 2156 2046 2211 celebrari
2072 2157 2202 2220 vult,
2236 2157 2345 2226 ipse
2374 2172 2484 2220 sua
2511 2154 2953 2211 excellentissima
2984 2156 3251 2211 voluntate
3286 2157 3382 2212 de-

1793 2250 1985 2319 ﬁnivit,
2012 2259 2069 2303 ut
2100 2267 2229 2321 pure
2255 2259 2306 2304 et
2346 2258 2524 2305 sancte
2569 2263 2747 2302 omnia
2775 2248 2920 2317 facta
2949 2250 3003 2305 in
3032 2250 3374 2319 beneplacito,

1794 2351 2006 2411 accepta
2046 2352 2219 2397 essent
2257 2344 2515 2398 uoluntati
2556 2344 2694 2413 ejus.
2740 2342 2966 2412 Semper
2992 2343 3159 2414 igitur
3188 2343 3243 2397 in
3275 2342 3380 2397 E04

1792 2433 1956 2487 clesia
2010 2448 2110 2502 pro
2159 2433 2525 2490 celebratione
2577 2435 2747 2489 divini
2792 2432 3050 2489 sacrificii
3103 2435 3378 2505 assignata

1792 2521 2018 2579 fuerunt
2048 2524 2186 2587 loca,
2214 2532 2461 2594 tempora
2492 2541 2556 2580 ac
2586 2541 2851 2596 personae.

1864 2613 2036 2686 Magis
2064 2622 2244 2670 autem
2285 2616 2476 2682 instat,
2515 2618 2693 2687 quoad
2723 2616 3147 2673 ecclesiasticam
3180 2614 3381 2670 subor-

1791 2704 2163 2760 dinationem:
2198 2704 2415 2759 Summo
2444 2705 2643 2776 quippe
2668 2704 2952 2767 sacerdoti,
2994 2706 3069 2759 ait
3117 2705 3207 2761 ille
3236 2704 3374 2776 (26),

1792 2814 1890 2852 sua
1918 2799 2101 2851 munia
2148 2796 2347 2851 tributa
2392 2807 2537 2862 sunt,
2586 2807 2634 2851 et
2681 2796 3037 2852 sacerdotibus
3071 2796 3213 2850 locus
3250 2810 3377 2865 pro-

1789 2890 1935 2960 prius
1963 2890 2264 2959 assignatus
2293 2897 2391 2951 est,
2423 2897 2473 2942 et
2506 2889 2672 2945 lenitis
2722 2906 2819 2943 sua
2852 2889 3144 2942 ministeria
3170 2890 3372 2941 incum-

1792 2986 1953 3045 bunt;
1979 2981 2131 3036 homo
2163 2981 2351 3048 laicus,
2372 2980 2555 3045 λαῖκὸς
2586 2980 2890 3053 ἄνθρωπος,
2922 2980 3195 3048 ρηεοεριίι
3224 2979 3375 3034 laicis

1796 3073 2190 3143 constringitur.
2221 3071 2297 3127 Ex
2327 3073 2529 3143 quibus
2575 3072 2851 3128 concludit
2889 3071 3001 3143 (37)
3029 3089 3043 3126 :
3083 3069 3379 3141 Unusquis—

1794 3181 1892 3235 que
1919 3172 2166 3228 oestrum,
2196 3163 2412 3233 fratres,
2438 3164 2491 3217 in
2514 3172 2659 3217 statu
2683 3180 2778 3217 suo
2804 3165 3006 3234 gratias
3032 3161 3137 3216 Deo
3160 3162 3373 3228 habeat,

1794 3256 1849 3310 in
1881 3254 2016 3311 bona
2045 3257 2365 3313 conscientia
2402 3256 2623 3325 degens,
2645 3272 2748 3310 non
2798 3254 3185 3326 transgrediens
3236 3270 3377 3320 pne-

1794 3347 2044 3417 scriptam
2079 3347 2309 3401 muneris
2334 3348 2418 3401 sui
2441 3346 2695 3416 regulam,
2724 3347 2779 3399 in
2810 3346 3093 3401 honestate.
3121 3344 3375 3399 Conside-

1796 3456 1967 3494 remus
2008 3455 2118 3501 eos,
2167 3437 2347 3509 habet.
2372 3435 2489 3506 ipse
2533 3435 2665 3489 alibi
2705 3434 2840 3506 (28).
2872 3433 2961 3505 qui
3024 3432 3118 3487 sub
3154 3432 3374 3488 ducibus

1795 3532 1989 3588 nostris
2035 3537 2252 3593 merent,
2284 3544 2443 3599 quam
2482 3526 2742 3591 ordinate,
2766 3542 2925 3597 quam
2953 3535 3185 3586 strenue.
3215 3540 3374 3596 quam

1794 3624 2051 3682 submisse
2072 3624 2332 3693 imperata
2356 3627 2725 3690 exsequantur.
2752 3616 2875 3671 Non
2893 3633 3071 3671 omnes
3090 3625 3210 3669 sunt
3236 3631 3376 3685 pra-

1795 3717 1937 3787 fecti,
1964 3731 2124 3786 neque
2170 3713 2387 3777 tribuni,
2437 3727 2597 3782 neque
2637 3709 2985 3774 centuriones,
3011 3723 3172 3778 neque
3216 3706 3373 3776 quin-

1794 3811 2045 3883 quaginta
2073 3808 2301 3863 militum
2321 3805 2577 3877 prtefecti,
2617 3820 2777 3875 neque
2805 3801 3225 3872 consequentium
3246 3815 3374 3869 grn-

1795 3903 1991 3966 duum;
2024 3899 2114 3956 sed
2144 3899 2494 3969 unusquisque
2538 3897 2593 3950 in
2626 3911 2720 3949 suo
2756 3891 2936 3947 ordine
2972 3892 3036 3945 ab
3062 3892 3374 3959 imperatore

1794 4005 1843 4049 et
1866 3992 2087 4046 ducibus
2114 3988 2371 4046 mandata
2402 3988 2624 4058 peragit.
2668 3984 2806 4039 Hinc
2838 3982 3163 4052 conjicimus
3191 3982 3371 4052 qualis

1795 4092 1939 4142 esset
1969 4083 2159 4154 primis
2206 4081 2461 4136 Ecclesiae
2497 4077 2834 4148 temporibus
2870 4075 3268 4139 subordinatio,
3310 4076 3367 4131 in

1796 4175 2100 4231 ministerio
2153 4180 2207 4228 et
2262 4169 2650 4228 ecclesiasticis
2690 4167 3079 4237 dignitatibus;
3124 4164 3368 4237 episcopi

1796 4270 2004 4326 scilicet
2033 4266 2343 4324 eminebant
2379 4279 2542 4333 super
2589 4262 2864 4332 simplices
2909 4260 3241 4324 sacerdotes,
3272 4272 3367 4316 sa-

1797 4359 2044 4413 cerdotes
2072 4371 2201 4411 vero
2247 4369 2410 4425 super
2437 4354 2719 4420 diaconos,
2757 4362 2811 4408 et
2848 4352 3145 4424 generatim
3176 4350 3365 4408 clerici

1726 4474 1773 4529 ι)
1798 4462 1960 4516 super
1988 4446 2181 4503 laicos.

1868 4538 2055 4594 Missio
2084 4538 2441 4607 apostolorum
2470 4547 2520 4593 et
2541 4538 2920 4607 episcoporum,
2950 4536 3039 4607 qui
3064 4537 3117 4590 in
3134 4536 3367 4604 (illorum

1797 4632 1969 4686 locum
1992 4631 2197 4701 suﬂ'ecti
2223 4639 2365 4685 sunt.
2392 4661 2462 4671 —
2486 4629 2751 4697 Quoniam
2782 4629 2847 4683 de
2881 4628 3249 4684 ecclesiastico
3273 4643 3366 4682 or-

1795 4722 1922 4776 dine
1966 4722 2260 4791 loquimur,
2314 4720 2369 4775 id
2415 4720 2471 4775 in
2521 4721 2755 4776 medium
2800 4720 2992 4774 ali‘erre
3038 4734 3361 4789 possumus,

1795 4812 1940 4883 quod
1969 4812 2127 4868 docet
2170 4819 2400 4869 sanctus
2426 4812 2678 4867 Clemens
2705 4810 2851 4865 circa
2883 4809 3194 4864 missionem
3226 4824 3361 4879 apo-

1795 5010 2349 5083 Hierosolymitanum
2397 5012 2541 5083 inter
2581 5019 2807 5066 caeteros
2846 5008 2949 5083 hoc
2977 5022 3158 5083 “usum
3191 5005 3363 5083 fuisse

1796 5083 1905 5161 divi
1927 5078 2221 5161 Clementis
2255 5084 2416 5161 loco;
2440 5082 2649 5161 absque
2675 5096 2762 5161 eo,
2796 5079 2939 5161 quod
2976 5078 3362 5161 illum_erro_ris

1796 5154 2075 5208 insimulet
2103 5171 2115 5207 :
2141 5147 2782 5223 quodiqu'idem'peregit
2809 5147 2862 5203 in
2897 5165 2994 5206 sua
3021 5147 3241 5205 Cathes.
3272 5148 3360 5205 18.

1887 5224 1979 5287 2‘2)
2013 5221 2185 5292 Epist.
2220 5224 2243 5277 1
2282 5221 2683 5292 ϐιὸῐηθηιώδρ.
2706 5221 2795 5275 27.

1886 5294 1975 5355 23)
2007 5289 2229 5359 Quando
2260 5293 2368 5347 vult
2394 5302 2443 5346 et
2466 5289 2718 5358 quomodo
2745 5290 2873 5355 vult,
2903 5290 3080 5345 omnia
3106 5289 3285 5359 faciet.

1867 5364 1979 5500 (24)
2015 5364 2183 5432 Epist.
2209 5364 2265 5426 2,
2293 5379 2412 5433 cap.
2444 5362 2497 5417 9.

1867 5434 1958 5500 (25
2010 5433 2181 5500 Epist.
2215 5434 2266 5497 1,
2294 5448 2412 5500 cap.
2438 5433 2497 5487 41]

1867 5433 1979 5500 (25)
2010 5433 2181 5502 Epist.
2215 5434 2266 5497 1,
2294 5448 2412 5502 cap.
2438 5433 2527 5487 40.

1887 5505 1979 5574 26)
2008 5504 2143 5560 Ibid.

1885 5572 1976 5642 27)
2007 5574 2167 5638 Ibid...
2192 5588 2311 5642 cap.
2336 5572 2425 5626 si.

1864 5639 1976 5719 (28)
2010 5645 2172 5712 lbid.,
2198 5639 2319 5715 cap.
2354 5642 2444 5698 57.
