3784 6320
403 317 490 370 HI

1473 319 1560 371 AD
1600 320 1657 373 S.
1693 317 2106 373 CLEMENTEM
2143 318 2163 372 ι
2192 314 2425 374 ῬΑΡΑΜ

3573 314 3671 367 I72

399 438 594 486 saecula
626 440 774 487 certo
796 444 1030 504 tempore
1060 435 1111 487 in
1142 432 1363 504 publicis
1392 435 1740 488 conventibus
1768 435 1922 488 Chri-
1951 440 1995 494 Α
2022 434 2252 491 Joannes
2290 436 2566 505 apostolus
2595 443 2649 490 et
2669 435 3022 504 evangelista
3044 470 3063 495 ,
3118 429 3408 481 dilectus
3456 423 3668 477 Christi

399 525 697 578 sliauorum
722 526 859 578 lecta
888 526 1064 587 fuerit,
1100 530 1254 593 prout
1279 537 1339 575 ex
1369 521 1621 591 Dionysio
1640 524 1924 578 Corinthio

398 621 617 667 enarrat
670 612 968 679 Eusebius,
1005 621 1056 666 et
1084 628 1182 667 suo
1224 612 1396 665 adhuc
1437 619 1675 681 tempore
1724 612 1923 667 factum

397 718 520 757 esse
548 704 707 757 divus
734 703 1085 773 Hieronymus
1111 708 1335 756 testatur
1361 721 1375 756 :
1409 703 1721 771 spectabant
1736 719 1924 773 nempe

396 793 661 847 Corinthii
693 794 830 847 hanc
868 792 1142 861 epistolam
1175 802 1425 860 tanquam
1454 791 1802 847 fortissimum
1828 808 1923 847 an-

398 885 628 937 tidotum
672 868 922 936 adversus
968 880 1173 933 futuras
1216 880 1534 947 seditiones;
1562 882 1923 949 deprehende-

396 977 527 1031 bant
554 978 705 1046 plura
733 979 784 1029 in
822 992 883 1030 ea
922 990 1086 1029 sacra:
1124 976 1416 1043 Scriptura:
1452 976 1568 1029 loca
1601 977 1798 1031 clarius
1823 992 1919 1031 ex-

396 1069 592 1139 posita,
625 1077 678 1123 et
707 1068 942 1122 moribus
983 1068 1330 1121 emendandis
1374 1068 1598 1122 feliciter
1635 1069 1869 1123 adhibita
1901 1087 1914 1122 :

395 1159 734 1214 inveniebant
783 1158 1106 1225 apostolicas
1146 1157 1460 1211 traditiones
1500 1174 1529 1210 a
1570 1158 1919 1212 celeberrimo

391 1250 749 1318 apostolorum
772 1248 1034 1316 discipulo
1059 1247 1159 1301 sibi
1189 1249 1553 1316 conscriptas;
1583 1249 1825 1317 legebant
1864 1249 1917 1302 in

390 1339 573 1394 eadem
602 1340 745 1408 leges
774 1338 1071 1407 disciplina:
1105 1338 1214 1406 jam
1258 1338 1324 1391 ab
1364 1353 1476 1391 atvo
1518 1338 1808 1406 apostolico
1834 1337 1917 1391 in-

386 1430 696 1496 troductus;
744 1439 901 1498 atque
940 1437 1022 1485 sat
1058 1430 1199 1483 clare
1228 1444 1293 1483 ex
1321 1429 1505 1484 eadem
1534 1427 1789 1482 Romanae
1816 1428 1917 1482 Ec-

378 1522 563 1575 clesiae
614 1537 777 1590 supra
822 1529 1042 1575 caeteras
1082 1521 1401 1589 colligebant
1449 1520 1913 1590 principalitatem.

382 1612 493 1665 Cur
520 1613 659 1665 enim
692 1611 926 1665 Ecclesia
955 1610 1230 1665 Corinthia
1259 1610 1324 1663 ad
1352 1609 1643 1664 Romanam
1674 1609 1913 1678 confugit

2022 527 2320 596 discipulus
2344 566 2358 589 ,
2393 527 2481 594 qui
2511 525 2592 595 (ut
2618 526 2810 594 phrasi
2842 521 3132 576 Ecclesiae
3168 514 3425 587 loquar)
3467 514 3670 582 ﬂuenta

2021 614 2288 686 Evangelii
2315 616 2378 669 de
2406 618 2515 683 ipso
2539 632 2692 669 sacro
2729 614 3007 668 Dominici
3032 609 3306 680 pectoris
3342 605 3507 672 fonte
3528 615 3672 671 pota-
3722 662 3729 663 ί

2020 706 2125 769 vit,
2168 707 2259 775 qui
2305 721 2466 775 porro
2495 712 2732 759 testante
2755 704 2886 758 divo
2921 688 3309 769 Hieronymo
3356 694 3484 764 (38)
3530 701 3671 749 totas

2018 793 2159 848 Asia:
2198 795 2474 859 fundavit,
2522 796 2775 863 rexitque
2806 791 3114 847 Ecclesias
3157 807 3173 841 :
3216 785 3438 838 Romae
3488 792 3669 837 autem

2015 882 2127 951 jam
2156 887 2410 956 martyrio
2447 884 2677 938 affectos
2706 899 2833 937 esse
2864 882 3033 935 divos
3068 876 3408 947 apostolos
3442 872 3668 928 Petrum

2018 982 2072 1027 ct
2099 973 2358 1040 Paulum,
2390 976 2443 1030 id
2479 984 2625 1030 certe
2656 974 2972 1029 Ecc‘lesiam
3005 969 3408 1026 Corinthiam
3444 966 3671 1019 minime

2017 1063 2233 1118 latebat.
2278 1062 2342 1118 Et
2378 1065 2735 1118 nihilominus
2774 1078 2887 1116 non
2931 1060 3315 1130 legationem
3363 1053 3440 1108 ad
3483 1054 3669 1108 divum

2015 1149 2295 1217 Joannem,
2326 1156 2419 1209 sed
2444 1156 2510 1209 ad
2534 1152 3203 1209 Ecelesiam‘Romanam
3226 1155 3291 1201 et
3317 1145 3396 1198 ad
3415 1144 3670 1211 ejusdem

2015 1241 2302 1299 Prmsulem
2329 1246 2602 1299 destinant
2624 1245 2921 1299 Corinthii.
2955 1240 3109 1307 Quis
3146 1254 3230 1293 ex
3265 1237 3389 1291 hoc
3418 1249 3536 1302 non
3562 1236 3671 1289 col-

2016 1332 2165 1400 ligat,
2195 1331 2504 1388 Corinthios
2545 1334 2730 1387 divum
2774 1332 3153 1387 Clementem
3197 1342 3319 1381 ceu
3352 1325 3541 1379 totius
3571 1324 3671 1378 Ec-

2015 1421 2193 1477 clesiae
2221 1430 2400 1491 caput,
2426 1430 2479 1477 et
2516 1424 2757 1477 omnium
2788 1412 3294 1477 Christianorum
3361 1423 3590 1486 patrem
3618 1424 3670 1469 et

2014 1511 2291 1571 doctorem
2319 1512 2487 1567 fuisse
2520 1514 2855 1567 venenatos?
2876 1522 2936 1567 et
2956 1527 3074 1583 per
3107 1511 3281 1565 hanc
3306 1512 3503 1577 ipsam
3537 1510 3592 1561 in
3612 1523 3668 1562 re

2015 1602 2181 1657 ardua
2211 1605 2512 1658 cessionem
2549 1620 2609 1657 ac
2638 1604 3055 1665 obedientiam,
3094 1602 3203 1655 ubi
3237 1601 3416 1653 zelus
3450 1598 3669 1653 invidiae

380 1702 707 1769 Ecclesium;
734 1701 837 1755 nisi
868 1701 921 1754 in
949 1700 1048 1753 hac
1077 1700 1191 1769 ipsa
1217 1699 1466 1769 superius
1497 1698 1763 1767 quoddam
1793 1712 1911 1750 ma-
1946 1759 1982 1769 _
2009 1691 2119 1760 jam
2162 1700 2443 1747 exarserat
2473 1702 2619 1754 ante.
2665 1695 2845 1747 fuisse
2900 1691 3239 1746 confessos
3263 1730 3283 1754 ,
3356 1689 3520 1760 quod
3566 1690 3666 1759 ipsi

382 1759 790 1859 gisteriumiaut
819 1759 1219 1845 eminentidrem
1240 1759 1521 1858 quamdam
1546 1788 1911 1842 auctoritatem
1943 1759 1985 1813 Β
2014 1782 2137 1837 divo
2167 1781 2415 1836 Clementi
2442 1785 2492 1836 in
2521 1785 2669 1838 beato
2723 1783 2887 1837 Petro
2940 1782 3238 1851 pascendi
3265 1820 3282 1844 ,
3344 1791 3419 1834 et
3455 1780 3668 1849 regendi

377 1881 720 1949 agnovisset?
762 1880 947 1935 Nonne
988 1879 1209 1934 aderant
1236 1879 1538 1948 complures
1586 1879 1739 1948 longe
1778 1877 1912 1931 viei-

374 1971 564 2024 niores
607 1969 862 2024 Ecclesiae
901 1971 1101 2039 pariter
1140 1970 1208 2023 ab
1235 1969 1489 2039 apostolis
1530 1967 1761 2023 fundatae
1785 2007 1800 2030 ,
1845 1967 1911 2020 ad

373 2075 515 2127 quas
547 2060 833 2131 confugere
858 2062 1011 2131 longe
1040 2061 1250 2115 facilius
1273 2061 1549 2129 potuisset,
1582 2061 1627 2113 si
1662 2060 1911 2128 agnovis—

378 2159 460 2205 set
486 2153 537 2203 in
568 2151 646 2205 eis
671 2151 926 2219 aequalem
953 2151 1170 2204 omnino
1207 2165 1326 2205 cum
1349 2148 1587 2202 Romana
1623 2149 1912 2202 auctorita-

374 2242 524 2293 tem?
551 2239 755 2293 Nonne
794 2241 883 2294 illo
915 2249 1150 2309 tempore
1169 2280 1183 2303 ,
1216 2256 1323 2309 quo
1353 2239 1589 2294 Ecclesia
1631 2238 1909 2293 Corinthia

375 2331 448 2383 ad
477 2329 769 2382 Romanam
805 2327 1063 2398 confugit,
1105 2327 1170 2381 ad
1199 2328 1407 2397 imperii
1452 2328 1658 2381 clavum
1691 2328 1909 2382 sedebat

375 2420 736 2483 Domitianus,
768 2434 1096 2488 persequens
1124 2418 1417 2473 crudeliter
1442 2418 1812 2482 Christianos,
1851 2418 1905 2473 in

375 2512 510 2564 urbe
538 2510 777 2564 Romana
806 2509 1143 2578 potissimum
1182 2508 1464 2562 dominans
1490 2514 1541 2561 et
1569 2506 1906 2562 Christianos

374 2600 571 2655 ibidem
592 2600 891 2669 exagitans,
922 2608 979 2653 ut
999 2614 1066 2653 ex
1096 2599 1322 2653 Eusebio
1350 2598 1641 2653 discimus?
1661 2597 1769 2651 Cur
1783 2612 1905 2651 cum

372 2700 523 2745 tanto
569 2691 807 2761 periculo
846 2690 974 2743 illuc
1012 2689 1214 2759 legatos
1260 2695 1351 2741 aut
1391 2689 1576 2741 saltem
1626 2688 1905 2756 epiStolam

374 2781 559 2843 mittit,
592 2780 700 2833 nisi
723 2778 1010 2834 Ecclesiam
1041 2778 1355 2841 Romanam,
1388 2777 1710 2845 reliquarum
1738 2775 1906 2844 magi-

373 2878 543 2923 stram
580 2870 771 2923 fuisset
817 2866 1321 2922 -vencrata?Nonne
1367 2866 1469 2918 hoc
1513 2866 1628 2933 ipso
1667 2872 1905 2933 tempore

372 2960 635 3013 florebant
677 2958 813 3013 varii
864 2958 1039 3011 adhuc
1086 2956 1366 3026 apostolici
1428 2956 1561 3018 viri,
1619 2962 1672 3009 et
1722 2955 1903 3024 plures

2015 1872 2177 1943 (quod
2210 1873 2507 1940 spiritualia
2538 1873 2753 1942 attinet)
2785 1882 2838 1926 et
2867 1872 3252 1942 gubernandi
3296 1871 3667 1924 uniuersalem

2013 1961 2297 2015 Ecclesium
2322 1963 2471 2031 plena
2495 1974 2723 2031 potestas
2755 1966 2828 2017 sit
2855 1964 3081 2016 tradita
3099 1966 3129 2019 .9
3167 1983 3189 2014 ι
3218 1961 3537 2016 Hactenus
3560 1962 3669 2015 cla-

2012 2054 2259 2108 rissimus
2288 2051 2570 2108 Fuldensis
2620 2055 2937 2124 theologus.

2550 2161 2963 2217 ARTICULUS
3009 2162 3058 2215 11
3071 2206 3085 2216 .

2415 2269 2849 2309 OBSERVATIONES
2892 2270 3203 2309 MOBALES.

2013 2342 2039 2413 §
2076 2342 2116 2397 l.
2151 2342 2227 2397 De
2248 2344 2569 2417 humilitate,
2589 2354 2637 2397 et
2664 2344 2958 2417 charitate,
3002 2346 3273 2417 vitioque
3299 2345 3486 2399 eidem
3515 2361 3667 2417 oppo-

2523 2414 2646 2478 sito,
2678 2415 3061 2470 wmulatione.

2079 2501 2387 2557 Humilitas.
2414 2502 2722 2572 Exemplum
2762 2504 3120 2560 humilitatis
3182 2507 3250 2560 in
3294 2516 3507 2561 sancta
3541 2507 3665 2560 Per-

1962 2605 1973 2615 '
2006 2608 2135 2645 sana
2158 2592 2468 2649 Salvatoris.
2497 2622 2566 2632 —-
2599 2594 2792 2660 Quoad
2824 2597 3124 2651 moralem
3162 2600 3376 2653 sancti
3409 2599 3665 2655 Clemen-

2008 2682 2079 2737 tis
2109 2682 2440 2747 doctrinam,
2472 2700 2538 2739 en
2576 2686 2898 2753 pulchriora
2932 2689 3067 2743 loca
3092 2730 3111 2751 ,
3152 2706 3301 2760 quae
3341 2708 3415 2745 ex
3450 2692 3665 2746 duabus

2005 2774 2249 2843 epistolis
2265 2782 2515 2844 excerpta
2537 2791 2655 2829 eam
2674 2777 3015 2846 respiciunt.
3038 2779 3367 2850 Loquitur
3396 2784 3587 2852 primo
3602 2785 3665 2839 de

2004 2862 2307 2917 humilitate
2336 2863 2645 2918 Christiana
2666 2905 2680 2929 ,
2716 2868 2959 2936 ejusque
3001 2874 3261 2938 praxim
3300 2883 3552 2929 sanctus
3583 2876 3667 2928 hic

2011 2950 2249 3017 pontifex
2299 2950 2543 3006 fidelibus
2588 2956 2983 3021 commendat;
3026 2961 3296 3015 exhibet
3339 2965 3663 3036 exemplum

372 3048 577 3103 Christi
594 3047 1040 3115 tetapostolorum
1067 3046 1316 3115 discipuli
1340 3046 1362 3098 ?
1390 3045 1454 3098 ad
1484 3059 1619 3114 quos
1648 3045 1803 3112 longe
1824 3041 1902 3096 fa-
1929 3057 1976 3119 ο
2004 3038 2281 3107 ipsiusmet
2306 3037 2431 3093 Jesu
2458 3040 2658 3096 Christi
2681 3083 2696 3105 ,
2725 3045 2793 3098 de
2821 3062 2938 3114 quo
2966 3048 3102 3105 hmo
3132 3052 3333 3107 habet
3360 3055 3484 3123 ('59)
3511 3048 3665 3111 εδει-

369 3137 529 3191 cilius
561 3136 827 3205 potuisset
856 3136 1145 3190 accedere?
1174 3150 1268 3188 cur
1294 3135 1362 3188 ab
1393 3134 1539 3188 hisee
1584 3148 1689 3186 non
1731 3132 1905 3201 potius

370 3225 631 3280 auxilium
654 3224 828 3293 petit?
869 3223 974 3277 nisi
1017 3223 1098 3276 vel
1122 3222 1176 3275 hi
1206 3223 1310 3291 ipsi
1337 3237 1366 3274 a
1395 3220 1637 3274 Romana
1667 3220 1904 3274 Ecclesia

371 3314 659 3384 quamdam
694 3312 1099 3381 dependentiam
1150 3310 1376 3366 fuissent
1418 3312 1682 3381 professi;
1726 3324 1906 3365 nonne

374 3406 468 3460 ille
497 3406 629 3474 ipse.
655 3404 708 3456 in
738 3419 895 3472 quem
928 3403 1249 3457 fundaverat
1274 3418 1425 3457 suam
1460 3402 1753 3456 Ecclesiam
1786 3400 1904 3454 Sal-

368 3503 525 3549 vator
554 3500 736 3547 noster
760 3491 917 3548 Jesus
946 3494 1214 3554 Christus,
1253 3491 1427 3562 quoad
1449 3506 1731 3560 personam
1747 3505 1901 3545 suam

363 3584 475 3653 jam
523 3584 807 3637 defunctus
853 3590 968 3636 erat
1016 3597 1140 3635 cum
1188 3580 1313 3635 divo
1354 3581 1521 3635 Paulo
1571 3582 1902 3637 zelosissimo

364 3675 599 3742 gentium
648 3673 929 3743 apostolo?
949 3680 1002 3726 et
1022 3672 1378 3726 nihilominus
1407 3672 1473 3725 ab
1500 3673 1684 3727 eadem
1712 3672 1901 3728 Eccle-

366 3763 469 3827 sia,
518 3764 573 3816 in
605 3778 710 3831 qua
741 3761 941 3815 crudeli
977 3762 1355 3829 persecutione
1396 3762 1557 3814 vitam
1608 3769 1901 3830 posuerant

364 3853 523 3906 ambo
553 3852 800 3921 apostoli,
833 3850 1129 3905 subsidium
1151 3860 1204 3906 et
1235 3850 1635 3906 instructionem
1663 3858 1902 3922 tempore

367 3940 648 3995 seditionis
672 3948 725 3994 et
763 3942 1120 3995 contentionis
1188 3941 1325 3995 inter
1374 3942 1520 4009 ipsos
1560 3941 1898 3997 Christianos

366 4039 565 4085 exorta:
590 4036 720 4099 petit
748 4031 986 4085 Ecclesia
1017 4030 1332 4086 Corinthia!
1370 4041 1422 4086 et
1456 4047 1553 4086 cur
1585 4032 1712 4085 illud
1737 4072 1751 4094 ,
1791 4032 1896 4088 nisi

367 4119 424 4172 in
448 4120 563 4188 ipsa
581 4119 816 4174 Ecclesia
842 4120 1084 4175 Romana
1121 4128 1438 4190 potestatem
1479 4122 1587 4176 divi
1632 4122 1774 4177 Petri
1803 4124 1897 4179 ad-

366 4211 474 4265 huc
513 4220 624 4263 tum
652 4211 831 4280 vigere
860 4212 1132 4266 novisset?
1153 4219 1206 4265 et
1234 4212 1468 4276 demum,
1504 4214 1666 4277 unde,
1691 4229 1892 4283 quaeso,

366 4309 551 4356 tantus
597 4301 722 4355 huic
763 4302 1001 4371 epistolae
1040 4300 1361 4369 Clementis,
1401 4311 1492 4357 aut
1531 4303 1892 4359 Romanorum

2007 3137 2181 3197 ptrum
2204 3131 2493 3198 majestatis
2511 3132 2628 3197 Dei,
2654 3135 2922 3191 Dominus
2940 3151 3152 3195 noster
3176 3144 3365 3199 Jesus
3386 3145 3662 3211 Christus,

2006 3235 2107 3272 non
2141 3222 2273 3274 venit
2316 3222 2367 3274 in
2396 3223 2660 3291 jactantia
2693 3232 3037 3298 arrogantiae
3063 3272 3084 3297 ,
3146 3252 3342 3307 neque
3374 3241 3664 3307 superbire,

2005 3325 2122 3362 cum
2143 3320 2320 3377 potens
2343 3313 2413 3363 sit
2454 3316 2586 3375 ;sed
2641 3316 2695 3368 in
2745 3317 3110 3388 humilitate,
3175 3330 3665 3396 quemadmodum

2004 3396 2232 3492 Spiritus
2264 3411 2476 3492 sanctus
2509 3402 2572 3456 de
2598 3405 2710 3472 ipso
2756 3407 2973 3464 locutus
3018 3423 3142 3469 est.
3187 3416 3500 3490 Deinceps
3546 3431 3667 3492 post

2003 3487 2232 3541 adducta
2262 3489 2350 3543 illa
2381 3492 2655 3561 propheta:
2682 3493 2838 3550 Isaia:
2866 3498 2998 3554 loca
3022 3541 3038 3566 ,
3080 3505 3149 3559 in
3182 3487 3526 3578 quibus—de
3547 3487 3668 3567 tor-

2002 3578 2198 3632 mentis
2228 3586 2281 3632 et
2311 3581 2706 3649 abjectionibus
2752 3585 3082 3649 Salvatoris
3136 3607 3244 3652 est
3296 3618 3543 3666 sermo,
3592 3606 3666 3658 ita

2002 3669 2305 3728 concludit.
2346 3673 2412 3726 ad
2450 3674 2759 3731 Corinthios
2816 3695 3177 3743 sermonem
3255 3705 3663 3752 convertens:

1999 3756 2244 3824 Cernitis,
2270 3763 2367 3815 viri
2398 3763 2562 3829 citari,
2596 3768 2733 3836 quod
2763 3776 3052 3841 exemplar
3088 3783 3281 3837 nobis
3316 3785 3527 3840 datum
3556 3791 3668 3847 sit?

1997 3864 2119 3950 nam
2156 3852 2203 3903 si
2231 3851 2484 3908 Dominus
2528 3856 2656 3911 adeo
2683 3859 2965 3919 humiliter
3006 3884 3068 3921 se
3109 3877 3317 3940 gessit
3346 3917 3363 3941 ,
3428 3880 3564 3947 quid
3592 3882 3671 3950 fa-

1997 3937 2330 4035 ciemusnos,
2363 3944 2559 4010 quisub
2577 3947 2767 4016 jugum
2790 3954 2997 4019 gratia:
3028 3937 3172 4025 ejus
3220 3937 3561 4035 per'ipsum

1995 4028 2206 4085 nimus?

2063 4117 2778 4219 Alia-exempla-humilitatis
2814 4129 2871 4183 in
2902 4136 3298 4199 patriarchis
3334 4156 3394 4201 et
3432 4154 3672 4219 prophe-

1994 4208 2081 4262 tis.
2106 4208 2323 4310 —.Post
2350 4211 2587 4265 divinum
2602 4213 2715 4310 hoc
2745 4216 3120 4291 humilitatis,
3165 4208 3669 4310 abjectiotiisclue

1993 4299 2294 4403 exemplar,
2337 4310 2553 4403 sanctus
2601 4302 2852 4362 Pontifex
2891 4314 3067 4370 nobis
3104 4322 3200 4377 ob
3239 4299 3467 4385 oculos
3513 4299 3675 4403 ponit

365 4390 604 4454 effectus,
636 4398 694 4445 ut
726 4391 779 4445 in
808 4391 1044 4446 Ecclesia
1069 4391 1348 4446 Corinthia
1375 4396 1747 4450 contentiones
1775 4411 1895 4452 ces-
1924 4381 1968 4434 Ῐῖ)
1997 4388 2287 4487 Barce-Eam
2348 4388 2706 4447 humilitatem
2780 4411 3127 4462 sanctorum
3224 4381 3670 4487 propﬁgtﬁ};

365 4490 504 4545 sent,
533 4481 813 4536 seditionis
836 4482 974 4550 ignis
1000 4482 1387 4551 exstinguatur,
1418 4492 1519 4553 pax
1549 4485 1777 4540 redeat?
1801 4500 1899 4540 cur

364 4569 472 4624 divi
492 4569 777 4625 Clementis
796 4570 1017 4639 epistola
1046 4578 1192 4625 tanta
1222 4575 1562 4628 veneratione
1583 4574 1892 4643 suscipitur,

364 4668 427 4715 ut
451 4662 769 4730 quantocius
789 4662 968 4715 cuncti
996 4660 1167 4716 eidem
1196 4663 1486 4718 obediant?
1516 4679 1617 4718 cur
1644 4671 1790 4718 tanta
1818 4666 1897 4719 ei-

363 4749 482 4803 dem
513 4748 765 4802 tribuitur
784 4750 1099 4811 reverentia,
1138 4756 1197 4802 ut
1226 4757 1345 4819 post
1369 4752 1521 4820 plura
1551 4750 1744 4805 saecula
1772 4764 1889 4803 eam

363 4839 419 4890 in
442 4838 787 4891 conventibus
810 4838 1038 4907 publicis
1068 4839 1266 4907 legant,
1293 4840 1396 4894 nisi
1425 4839 1605 4893 divum
1640 4839 1890 4894 Clemen-

362 4938 469 4980 tem
502 4941 597 4979 ceu
619 4928 789 4980 sancti
816 4926 959 4981 Petri
989 4929 1349 4998 apostolorum
1383 4928 1649 4997 Principis
1674 4944 1890 4984 succes-

361 5030 540 5069 sorem
582 5014 811 5070 fuissent
846 5021 1122 5082 venerati,
1171 5019 1275 5073 nisi
1312 5034 1423 5088 pra:
1462 5020 1684 5088 reliquis
1728 5019 1889 5073 etiam

362 5105 721 5160 sanctissimis
746 5107 878 5159 viris
905 5109 1161 5175 majorem
1202 5110 1486 5179 quamdam
1517 5109 1888 5164 auctoritatem

362 5197 536 5248 «idem
576 5195 925 5251 tribuissent?
964 5198 1074 5253 lloc
1114 5201 1231 5269 ipso
1273 5215 1404 5255 sane
1433 5207 1707 5268 tempore,
1736 5208 1795 5253 ut
1822 5215 1890 5254 ex

363 5282 596 5342 Eusebio
640 5284 929 5350 discimus,
984 5290 1191 5344 vivebat
1256 5290 1432 5345 adhuc
1487 5288 1684 5358 Ephesi
1733 5289 1889 5345 divus

437 5440 482 5470 "
511 5438 642 5494 Gen.
695 5457 846 5500 xvm.
876 5443 963 5498 27.
1038 5447 1080 5479 "
1110 5447 1208 5501 Job
1234 5464 1341 5510 xiv,
1369 5448 1425 5503 Δ.
1500 5447 1544 5478 ³⁸
1569 5445 1735 5502 Exod.
1757 5460 1835 5512 III,
1856 5446 1940 5503 Η.

588 5572 985 5653 ρηηὶριςοιιγω.
1016 5578 1092 5653 De
1117 5582 1293 5649 script.
1324 5580 1504 5636 τίσιες.
1536 5580 1590 5634 in
1619 5579 1885 5649 Catalogo.

354 5655 358 5659 ·
439 5644 545 5711 (59)
587 5642 752 5711 Epist.
790 5644 839 5707 f,
871 5642 987 5715 cap.
1022 5648 1111 5704 16.

1998 4477 2142 4539 Elia),
2160 4477 2394 4533 Eliszeiet
2415 4478 2731 4537 Ezechielis.
2764 4485 3005 4545 Abrahae
3022 4477 3478 4565 humilitatem
3515 4529 3673 4568 com-

1996 4568 2210 4663 mendat
2254 4568 2364 4638 (40)
2414 4568 2467 4621 in
2515 4570 2637 4627 istis
2681 4575 2936 4643 ejusdem
2965 4588 3377 4655 patriarcha
3411 4605 3616 4659 verbis
3649 4625 3669 4663 ε

1994 4658 2103 4729 Ego
2135 4669 2305 4713 autem
2354 4676 2467 4713 sum
2507 4671 2647 4716 terra
2686 4676 2736 4720 et
2786 4673 2922 4727 cinis
2954 4676 3039 4745 ";
3078 4681 3527 4750 humilitatem
3565 4658 3675 4754 Job

1996 4752 2051 4806 in
2090 4750 2371 4846 verissima
2414 4752 2543 4846 hac,
2595 4772 2765 4824 quam
2803 4766 3008 4832 tradit,
3054 4779 3358 4838 veritate
3414 4806 3431 4842 :
3490 4750 3672 4846 Νέιίιῖι

1992 4839 2213 4893 mundus
2242 4857 2275 4892 a
2304 4840 2485 4906 sorde,
2512 4853 2563 4896 et
2587 4847 2634 4898 si
2666 4852 2825 4907 unius
2852 4856 2958 4911 diei
2988 4861 3061 4913 sit
3088 4867 3238 4924 vita
3274 4839 3429 4944 ejus:
3449 4839 3537 4944 n—

1992 4930 2272 4984 militatem
2302 4930 2498 5027 Movsis
2536 4934 2591 4987 in
2635 4944 2931 5002 aversione
2952 4989 2967 5013 ,
2992 4966 3182 5021 quam
3227 4926 3379 5020 1);;
3386 4926 3674 5027 ἰοείεῖιῖε

1988 5029 2103 5120 est,
2133 5036 2163 5074 a
2194 5021 2749 5120 sumendo_regimiiie
2792 5043 2989 5108 populi
3028 5043 3388 5114 Israelitici
3415 5021 3678 5120 v‘t—zwhu:

1996 5113 2274 5165 militatcm
2307 5111 2560 5180 Davidis,
2593 5136 2719 5189 quae
2747 5134 2998 5190 maxime
3027 5137 3084 5192 in
3109 5111 3387 5211 psalmo
3416 5170 3456 5209 ι.

1996 5203 2131 5228 ..ξοη-
2175 5203 2264 5228 ..ῑιε
2300 5219 2456 5228 -.Α--.η
2492 5207 2574 5228 Lex
2773 5221 2782 5228 .

1992 5203 2151 5302 mf":
2175 5203 2277 5306 “13in
2300 5207 2579 5306 “ruis-llic
2632 5221 2922 5282 Pmnilms
2969 5203 3390 5299 humilitatem
3417 5203 3671 5306 merdis

1992 5292 2077 5345 sui
2106 5291 2409 5345 manifestat
2432 5294 2563 5363 (ιι),
3461 5291 3560 5304 w-
3577 5291 3634 5304 ι..

2068 5564 2178 5649 (to)
2213 5576 2369 5649 lpida.
2401 5593 2521 5647 cap.
2563 5584 2654 5641 η.

2063 5645 2172 5709 (ll)
2213 5645 2307 5710 Ep.
2341 5647 2391 5709 1,
2422 5645 2540 5712 cap.
2579 5654 2669 5713 18.
