3842 6386
202 366 288 419 175

1402 347 1742 408 Ριιοαῑιιιιι
1781 345 2164 403 νΑιιιοιιυΜ.

3300 354 3399 408 ιιι

258 474 487 530 pulchra,-
517 475 784 527 muemia:
815 470 880 526 de
904 471 1219 526 Λυηιίιίεαιε,
1242 501 1311 511 -.
1341 468 1735 539 splendidissi—
1766 466 1811 523 Δ
1838 462 2134 517 schismata
2175 479 2365 521 eorum
2410 481 2577 521 causa
2617 466 2845 522 excitari
2894 468 3397 538 deprehenderunt.

192 567 285 640 uiis
309 565 451 618 hisce
479 561 802 616 humilitatis
823 559 1149 615 Christiana:
1180 558 1447 629 exemplis
1488 556 1734 626 adjungit

192 665 390 712 sanctus
417 654 672 710 Clemens
698 653 989 708 nonnullas
1018 653 1213 709 breves
1257 651 1560 707 sententias
1586 649 1735 703 circa

192 747 316 799 hanc
337 742 580 800 eamdem
601 745 879 799 virtutem.
908 742 1055 797 Laus
1085 752 1291 806 nostra,
1319 742 1514 812 inquit,
1539 741 1593 793 in
1626 738 1733 792 Deo

192 841 270 898 sit,
294 848 337 892 et
376 854 477 892 non
506 855 542 892 ι
586 837 738 891 nobis
779 837 906 907 ipsis
931 834 1066 908 (42).
1115 834 1353 900 Etenim,
1400 834 1552 889 addit
1581 834 1731 903 ipse,

199 931 315 984 Deus
329 930 433 983 edit
450 946 537 984 eos
581 930 674 1000 qui
689 930 989 998 semetipsos
1011 928 1321 997 prwdicant.
1358 926 1735 981 Testimonium

195 1024 297 1076 soni
318 1022 479 1090 operis
509 1022 682 1076 nostri
718 1020 783 1073 ab
808 1021 931 1073 aliis
953 1019 1219 1072 tribuatur
1248 1019 1426 1083 nobis,
1449 1017 1607 1071 sicuti
1643 1031 1737 1069 ex-

195 1115 386 1167 hibitura
408 1122 485 1166 est
516 1112 775 1166 Patribus
824 1112 1040 1166 nostris.
1076 1110 1394 1171 Temeritas,
1428 1107 1737 1177 arrogantia

195 1219 234 1261 et
266 1208 495 1271 audacia,
541 1206 838 1262 maledictis
878 1223 911 1259 a
960 1206 1100 1271 Deo;
1146 1206 1438 1260 moderatio
1473 1214 1647 1257 autem
1687 1213 1736 1257 et

199 1299 437 1351 humilitas
460 1308 509 1351 et
538 1296 885 1351 mansuetudo
900 1296 1040 1365 apud
1070 1296 1215 1360 illos,
1252 1300 1341 1366 qui
1379 1313 1411 1349 a
1448 1294 1552 1347 Deo
1586 1294 1737 1347 bene-

196 1391 302 1443 dicti
328 1398 443 1443 sunt
483 1431 497 1443 .
544 1428 560 1442 .
607 1430 622 1442 .
670 1384 1066 1457 Unusquisque,
1093 1388 1256 1442 habet
1288 1386 1418 1441 alibi
1446 1386 1589 1455 (43),
1614 1401 1738 1453 pro-

197 1479 316 1532 rimo
331 1494 418 1532 suo
446 1476 771 1546 subjiciatur
812 1517 825 1530 .
870 1513 887 1530 .
928 1514 944 1530 .
985 1474 1202 1529 humilis
1225 1491 1329 1527 non
1355 1474 1456 1527 sibi
1498 1475 1737 1528 testimo-

199 1572 318 1623 nium
342 1570 492 1638 ferat,
516 1567 611 1622 sed
642 1569 805 1629 sinat,
834 1576 889 1619 ut
920 1565 1055 1620 alter
1083 1566 1185 1635 ipsi
1203 1564 1468 1634 perhibent
1502 1565 1739 1641 testimo-

201 1644 319 1714 nium
346 1676 363 1713 :
382 1661 467 1730 qui
483 1677 646 1714 carne
664 1668 841 1713 castus
867 1666 965 1723 est,
987 1675 1049 1712 ne
1071 1658 1371 1723 insolescat,
1387 1660 1555 1713 sciens
1571 1658 1738 1711 alium

198 1770 307 1813 esse,
333 1754 415 1822 qui
436 1754 486 1806 ei
510 1752 895 1805 continentiam
912 1750 1098 1805 donat.
1126 1749 1443 1820 Reputemus
1460 1767 1603 1820 ergo,
1627 1749 1739 1819 fra-

202 1856 304 1905 tres,
328 1859 389 1898 ea:
421 1861 524 1914 qua
552 1843 786 1897 materia
806 1843 969 1897 creati
994 1843 1201 1905 simus;
1223 1844 1311 1913 qui
1333 1882 1349 1907 ,
1398 1852 1447 1895 et
1468 1841 1650 1912 quales
1680 1843 1734 1897 in

203 1937 415 1990 mundum
446 1936 675 2007 ingressi
698 1937 885 2001 simus,
916 1944 1168 2006 tanquam
1192 1951 1222 1990 e
1242 1935 1480 2004 sepulcro
1501 1944 1551 1989 et
1592 1943 1736 1989 tene-

204 2030 314 2093 bris;
356 2039 536 2083 auctor
556 2039 609 2084 et
639 2029 811 2098 opifex
851 2037 1028 2083 noster
1059 2028 1115 2081 in
1158 2026 1413 2081 mundum
1449 2042 1603 2081 suum
1643 2045 1735 2082 nos

204 2121 475 2184 introduxit,
504 2122 852 2191 purpuratis,
888 2129 1168 2190 antequam
1200 2134 1553 2183 nasceremur,
1581 2118 1735 2172 bene-

205 2212 332 2279 factis
357 2213 479 2267 suis.
509 2211 596 2267 Sit
632 2212 827 2283 aliquis
856 2211 1051 2281 fidelis,
1075 2211 1144 2265 sit
1164 2220 1345 2280 potens
1369 2211 1422 2263 in
1435 2211 1738 2264 enarranda

203 2304 454 2372 cognitione
492 2346 505 2358 .
547 2346 561 2359 .
613 2346 628 2358 .
673 2313 819 2356 tanto
841 2302 1092 2356 humilior
1112 2317 1225 2355 esse
1241 2299 1410 2363 debet,
1438 2317 1542 2371 quo
1565 2300 1739 2370 major

203 2409 292 2447 esse
318 2396 506 2449 videtur
532 2396 690 2467 (ως
720 2395 844 2467 quia
863 2435 878 2458 ,
909 2402 968 2448 ut
998 2394 1107 2448 alio
1132 2395 1253 2449 loco
1274 2392 1407 2448 dicit
1462 2391 1575 2463 (45)
1594 2432 1609 2453 .
1635 2409 1737 2460 quo

204 2487 363 2554 majori
405 2488 703 2558 cognitione
745 2487 891 2558 digni
929 2502 1111 2541 sumus
1153 2485 1358 2550 habiti,
1404 2500 1465 2539 eo
1504 2484 1736 2553 periculo

204 2580 393 2646 graviori
414 2580 630 2634 obnoxii
653 2596 857 2634 sumus.

261 2669 325 2723 De
344 2672 615 2728 charitate.
644 2670 991 2727 Characteres
1045 2671 1346 2727 charitatis.
1380 2701 1451 2712 ——
1478 2668 1635 2736 Quod
1669 2670 1737 2725 de

203 2760 429 2816 charitate
457 2762 620 2817 docet
649 2770 877 2818 sanctus
900 2761 1173 2825 Pontifex,
1204 2771 1258 2818 et
1283 2762 1349 2816 ad
1376 2763 1627 2831 pietatem
1658 2759 1738 2814 al-

202 2851 321 2914 iicit,
347 2860 397 2907 et
424 2869 646 2909 omnem
690 2862 936 2909 nostram
968 2862 1312 2924 promeretur
1357 2852 1733 2909 attentionem.

207 2943 376 3001 Divina:
408 2948 569 3017 hujus
594 2948 823 3003 virtutis
854 2948 1202 3003 characteres
1227 2955 1357 3002 sunt
1386 2953 1683 3017 sequentes
1718 2966 1732 3003 :

203 3034 416 3092 Charitas
442 3055 534 3093 nos
561 3038 676 3093 Deo
704 3039 1023 3110 agglutinat,
1072 3058 1091 3090 t
1131 3040 1365 3093 charitas
1404 3039 1570 3107 operit
1597 3039 1737 3094 mul-

1839 553 2093 610 Dicamus
2123 558 2321 620 etiam,
2372 572 2564 611 omnes
2596 558 2877 615 ministros
2918 559 3131 613 Domini
3169 558 3400 631 i‘dipsum

1836 647 1891 701 in
1921 646 2115 701 iisdem
2140 647 2573 703 circumstantiis
2604 665 2865 722 peragere
2888 652 3121 718 debere;
3153 653 3403 707 ﬁdelibus

1834 737 1977 791 enim
2008 738 2248 806 praebere
2270 748 2526 795 tenentur
2549 742 2795 812 exempla
2825 742 3128 806 charitatis,
3165 761 3286 813 quae
3304 761 3404 815 pu-

1837 830 2056 884 rissima
2089 832 2180 893 sit,
2212 839 2267 885 et
2291 833 2577 887 commoda
2614 850 2723 888 non
2754 845 2980 904 quierat.
3022 835 3103 890 Ne
3131 848 3407 892 vereantur

1838 922 1998 991 igitur
2024 921 2079 974 id
2106 922 2306 991 agendo
2335 926 2635 978 necessaria
2669 928 2911 980 amittere
2940 942 2958 977 :
2998 928 3103 993 Qui
3141 929 3279 982 enim
3308 928 3404 981 hoc

1839 1015 2089 1078 fecerit...
2125 1015 2427 1084 per0ptime
2453 1016 2529 1071 ait
2552 1028 2776 1074 sanctus
2802 1018 3049 1075 Pontifex
3066 1022 3201 1092 (48),
3234 1022 3405 1074 omnis

1839 1106 1981 1160 locus
2001 1123 2120 1160 eum
2147 1110 2391 1177 suscipiet
2420 1124 2440 1163 :
2468 1109 2683 1165 Domini
2706 1113 2845 1165 enim
2874 1124 2950 1167 est
2974 1124 3133 1178 terra,
3163 1125 3210 1169 et
3234 1115 3406 1184 pleni-

1838 1200 1962 1252 tudo
1984 1200 2116 1268 ejus.

1913 1292 1980 1346 Ut
1999 1292 2256 1348 ostendat
2282 1302 2507 1349 sanctus
2532 1294 2813 1363 Clemens,
2862 1297 3204 1368 impossibile
3236 1302 3409 1355 haud-

1837 1397 2111 1452 quaquam
2140 1398 2288 1448 esse,
2320 1385 2466 1454 quod
2496 1385 2751 1454 superius
2779 1386 2987 1451 docuit,
3010 1390 3256 1458 exempla
3283 1406 3409 1459 pro-

1839 1472 1944 1529 lert
1977 1474 2244 1542 gentium,
2278 1490 2343 1530 ac
2384 1484 2593 1542 narrat,
2625 1478 2828 1533 multos
2854 1494 3009 1550 reges
3034 1494 3097 1533 ac
3132 1481 3406 1549 principes

1837 1564 2115 1621 exstitisse
2138 1581 2205 1621 ex
2246 1566 2530 1634 gentibus,
2564 1569 2657 1639 qui
2687 1584 2748 1625 se
2783 1570 2933 1639 ipsos
2974 1572 3135 1625 morti
3168 1571 3407 1627 tradide-

1840 1662 2002 1719 runt,
2036 1664 2095 1711 ut
2134 1657 2283 1711 cives
2309 1672 2411 1711 suo
2440 1659 2709 1729 sanguine
2754 1659 3071 1715 liberarent.
3116 1661 3203 1716 Ait
3254 1661 3409 1717 insu-

1841 1762 1936 1817 per
1956 1748 2079 1819 (49)
2109 1768 2122 1801 :
2158 1747 2354 1803 Multos
2385 1750 2522 1804 inter
2555 1767 2648 1804 nos
2676 1752 3009 1821 cognovimus
3028 1792 3045 1817 ,
3089 1754 3178 1822 qui
3207 1754 3407 1822 seipsos

1838 1842 1897 1894 in
1929 1841 2137 1895 uincula
2158 1841 2523 1910 conjecerunt,
2557 1852 2613 1895 ut
2639 1844 2774 1897 alios
2800 1842 3131 1899 rcdimerent.
3165 1842 3325 1897 Multi
3353 1862 3410 1900 se

1838 1934 1977 2002 ipsos
2003 1934 2056 1987 in
2079 1934 2379 1988 seruitutem
2408 1933 2663 1988 dederunt
2689 1975 2705 1999 ,
2750 1945 2801 1990 et
2845 1946 3054 2005 accepto
3080 1938 3244 2005 pretio
3286 1941 3370 1991 sui
3391 1979 3405 2002 ,

1838 2024 1974 2078 alios
1992 2024 2255 2081 cibarunt.
2275 2023 2500 2095 Egregia
2527 2024 2641 2078 haec
2664 2025 2917 2093 perlecta:
2936 2027 3219 2084 cbaritatis
3234 2045 3410 2084 exem-

1838 2116 1925 2185 pla
1954 2131 2064 2186 prae
2083 2115 2260 2171 oculis
2288 2115 2524 2170 habeant
2550 2112 2811 2171 Ecclesiae
2836 2117 3095 2182 ministri,
3120 2134 3185 2174 ac
3209 2128 3411 2177 attente

1837 2208 2201 2264 considerent.
3402 2192 3403 2195 η

1909 2299 1986 2354 De
2007 2299 2369 2355 aemulatione.
2413 2297 2648 2368 Effectus
2682 2299 3058 2356 mmulationis.
3090 2332 3161 2341 —
3191 2301 3411 2358 Tertius

1837 2392 2103 2447 articulus
2137 2391 2321 2462 quoad
2355 2406 2571 2455 mores,
2601 2406 2763 2460 quem
2808 2392 2864 2446 in
2910 2402 3103 2449 sancto
3130 2392 3413 2450 Clemente

1838 2484 2097 2538 observat
2129 2483 2200 2539 cl.
2228 2482 2504 2539 Marecbal
2527 2481 2592 2538 Ο.
2618 2483 2675 2538 S.
2702 2483 2789 2548 B.,
2814 2491 2899 2538 est
2928 2485 3077 2539 circa
3105 2486 3365 2541 invidiam
3391 2527 3408 2551 ,

1838 2587 1936 2628 seu
1968 2572 2393 2629 aemulationem.
2444 2572 2793 2628 Demonstrat
2838 2573 3179 2639 Corinthiis,
3225 2578 3367 2645 quod
3391 2617 3408 2637 .

1840 2672 2130 2735 postquam
2166 2665 2297 2720 huic
2321 2666 2567 2735 passioni
2600 2681 2661 2721 se
2690 2675 2804 2721 toto
2844 2667 3028 2721 animo
3048 2667 3409 2733 dediderunt,

1837 2754 2030 2825 procul
2072 2755 2217 2809 absit
2240 2755 2457 2826 justitia
2480 2762 2534 2811 et
2569 2771 2675 2825 pax
2712 2774 2727 2810 :
2763 2753 3129 2827 Unusquisque
3171 2758 3412 2811 timorem

1837 2848 1937 2903 Dei
1960 2848 2176 2914 deserit,
2208 2860 2257 2904 et
2282 2850 2336 2903 in
2365 2848 2470 2917 ﬁde
2499 2850 2644 2903 illius
2674 2852 2922 2916 ctecutit,
2958 2867 3051 2905 nec
3075 2851 3131 2905 in
3153 2852 3412 2907 institutis

1837 2952 2215 3014 prwceptorum
2236 2943 2353 3012 ejus
2375 2941 2646 3008 ambulat,
2671 2959 2762 2997 nec
2794 2941 3005 2998 Christo
3026 2942 3265 2998 decenter
3289 2960 3415 2997 con-

1838 3046 2107 3101 versatur;
2136 3036 2228 3091 sed
2256 3037 2609 3107 unusquisque
2637 3035 2920 3091 secundum
2942 3052 3132 3106 pravas
3153 3036 3413 3107 cupidita—

206 3128 440 3183 titudinem
467 3142 809 3198 peccatorum
831 3131 873 3162 ³¹
900 3132 1173 3185 :charitas
1196 3133 1373 3184 omnia
1403 3131 1594 3184 tolerat
1619 3130 1686 3194 3',
1712 3149 1732 3183 ι
1765 3150 1806 3206 C
1843 3138 1915 3184 tes
1957 3146 2085 3185 suas
2140 3130 2357 3184 incedit.
2416 3127 2624 3184 Deinde
2681 3129 2945 3184 nonnulla
2997 3144 3066 3185 ex
3110 3128 3413 3200 Scripturis

204 3222 349 3273 omnia
371 3239 510 3292 sequo
537 3224 647 3293 fert
668 3225 845 3277 animo
867 3240 886 3286 ;
912 3224 966 3277 in
990 3223 1248 3279 charitate
1267 3223 1398 3278 nihil
1441 3223 1736 3291 sordidum,

209 3311 317 3364 nihil
337 3314 610 3381 superbum
630 3352 647 3378 ,
690 3313 925 3369 videlicet
958 3314 1368 3370 moderationem
1410 3315 1464 3368 in
1495 3313 1737 3369 omnibus

203 3412 363 3466 term,
389 3406 625 3459 charitas
657 3406 889 3460 schisma
919 3424 1023 3461 non
1052 3406 1236 3472 habet,
1268 3406 1506 3461 charitas
1529 3407 1741 3462 seditio-

203 3509 295 3546 nem
318 3511 410 3549 non
438 3497 694 3561 concitat,
722 3498 956 3551 charitas
987 3498 1165 3551 omnia
1184 3498 1314 3567 facit
1342 3499 1397 3552 in
1413 3500 1695 3554 concordia
1718 3515 1738 3555 :

203 3588 245 3639 in
269 3589 501 3645 charitate
523 3608 710 3645 omnes
741 3591 839 3645 Dei
860 3592 1010 3646 electi
1040 3592 1256 3661 perfecti
1281 3601 1425 3648 sunt.
1461 3592 1589 3650 Sine
1612 3595 1739 3651 cha-

202 3678 333 3733 ritate
354 3682 474 3736 nihil
502 3692 780 3751 acceptum
805 3693 885 3737 est
914 3682 1023 3736 Deo
1050 3682 1189 3754 (46).

259 3770 616 3829 Pulcherrima
647 3775 777 3829 huic
804 3774 1097 3829 charitatis
1124 3776 1321 3846 elogio,
1351 3776 1600 3848 ejusdem
1627 3780 1740 3834 vir-

201 3862 311 3917 tutis
343 3867 648 3937 esemplum
695 3865 847 3921 addit
893 3866 1451 3935 sanctus-Pontifex,
1496 3871 1740 3942 illudque

198 3956 627 4013 considerandum
667 3960 920 4029 proponit
952 3960 1007 4014 in
1045 3960 1263 4032 Moyse,
1309 3964 1406 4034 qui
1450 3965 1581 4020 olim
1609 3982 1739 4022 suas

200 4045 255 4098 ad
286 4045 438 4102 Deum
472 4048 619 4103 fudit
646 4065 875 4120 preces,
913 4057 974 4105 ut
1003 4063 1095 4105 aut
1126 4051 1426 4110 dimitteret
1453 4066 1738 4127 peccatum

200 4139 352 4207 populi
379 4141 490 4205 sui,
518 4148 622 4195 aut
662 4141 867 4196 deleret
900 4158 1023 4197 eum
1060 4142 1129 4197 de
1169 4144 1310 4200 libro
1342 4147 1639 4205 viventium
1670 4151 1735 4207 ³³.

200 4226 310 4290 Quis
344 4246 456 4300 ergo
494 4232 640 4285 inter
680 4247 771 4286 vos
812 4233 1137 4301 generosus?
1193 4236 1471 4291 concludit
1513 4247 1740 4298 sanctus

200 4315 415 4378 Clemens
441 4323 581 4397 (47),
597 4325 714 4394 quis
740 4325 1082 4380 misericors?
1101 4327 1217 4396 quis
1236 4327 1493 4384 charitate
1511 4332 1695 4401 plenus
1713 4337 1739 4390 Ρ

198 4409 360 4463 dicat:
391 4416 450 4468 Si
480 4425 701 4485 propter
739 4433 820 4471 me
846 4416 1037 4472 seditio
1070 4429 1189 4473 orta
1213 4430 1291 4474 est
1312 4431 1396 4485 ,et
1434 4422 1732 4491 discordia,

1840 3224 2086 3294 exempla
2114 3222 2300 3286 affert,
2330 3221 2529 3292 quibus
2553 3208 2768 3275 morum
2794 3220 3234 3293 depravationem
3263 3223 3413 3277 omni

1839 3324 2087 3387 tempore
2115 3316 2173 3370 in
2204 3315 2518 3370 hominibus
2536 3314 2817 3369 inductam
2840 3314 3086 3369 ostendit
3113 3330 3179 3369 ex
3212 3313 3316 3369 hoc
3339 3315 3416 3369 vi-

1839 3410 1919 3465 tio
1945 3428 1959 3464 :
1994 3408 2147 3475 Quod
2165 3417 2378 3477 propter
2400 3407 2812 3475 cumulationem,
2845 3407 2921 3461 ait
2952 3407 3042 3461 hic
3063 3414 3287 3461 sanctus
3308 3405 3415 3462 Pa-

1839 3511 1922 3558 ter
1954 3501 2091 3572 (50),
2116 3499 2531 3571 fratricidium“
2550 3501 2887 3555 commissum
2905 3499 2974 3553 sit
3000 3510 3212 3570 propter
3242 3516 3412 3554 temu-

1841 3592 2089 3645 lationem
2108 3589 2271 3643 Pater
2291 3600 2468 3645 noster
2485 3589 2653 3644 Iacob
2696 3607 2730 3643 a
2765 3588 2902 3657 facie
2924 3588 3111 3657 fratris
3143 3587 3287 3643 Esau
3311 3605 3411 3642 au-

1844 3684 1977 3756 fugit
1997 3684 2068 3747 ⁸⁵;
2091 3682 2362 3738 aemulatio
2388 3683 2582 3752 effecit,
2612 3691 2671 3737 ut
2689 3680 2887 3751 Joseph
2915 3682 2985 3737 ad
3006 3691 3225 3737 mortem
3250 3699 3413 3753 usque

1838 3778 2248 3845 persecutionem
2268 3776 2547 3831 sustineret
2579 3776 2623 3807 ³⁸
2645 3785 2694 3830 et
2728 3775 2784 3829 in
2815 3776 3116 3829 servitutem
3144 3774 3415 3830 addicere-

1843 3882 1948 3926 tur.
2003 3869 2305 3924 AEmulatio
2361 3867 2594 3939 Moysem
2642 3884 2677 3920 a
2733 3868 2869 3937 facie
2917 3866 3214 3921 Pharaonis
3274 3868 3411 3937 regis

1851 3961 2072 4033 Egypti
2101 3962 2279 4033 fugere
2309 3960 2559 4029 compulit
2625 3974 2744 4014 cum
2810 3959 3115 4029 popularem
3144 3976 3297 4014 suum
3323 3960 3413 4014 di-

1841 4066 2039 4109 centem
2062 4054 2269 4108 audiret
2294 4068 2312 4105 :
2346 4052 2477 4120 Quis
2512 4061 2561 4105 te
2589 4051 2864 4105 constituit
2892 4051 3177 4120 principem
3199 4059 3249 4105 et
3259 4050 3415 4120 judi~

1840 4164 1949 4202 cem
1976 4162 2132 4216 super
2152 4149 2286 4201 nos?
2309 4142 2542 4215 nunquid
2574 4152 2629 4196 tu
2652 4144 2727 4197 vis
2762 4159 2843 4198 me
2870 4143 3133 4211 occidere,
3162 4142 3414 4215 quemad-

1848 4235 2063 4289 modum
2093 4234 2331 4288 occidisti
2352 4229 2794 4300 heringyptium
2814 4230 2901 4284 “‘i
2932 4228 3157 4299 Propter
3192 4226 3415 4282 (emuta—

1847 4326 2038 4380 tionem
2059 4327 2238 4379 Aaron
2260 4333 2308 4376 et
2347 4320 2523 4376 Maria
2549 4321 2592 4353 ³⁸
2611 4332 2763 4376 extra
2785 4332 2961 4376 castra
2979 4320 3237 4392 segregati
3261 4319 3414 4373 habi-

1842 4422 2048 4467 tarunt.
2082 4410 2385 4467 xEmulatio
2405 4410 2621 4467 Dathan
2651 4421 2701 4466 et
2736 4412 2936 4466 Abiron
2967 4412 3011 4443 ³³
3048 4414 3187 4467 vivos
3227 4412 3297 4465 ad
3331 4407 3437 4465 ιιι-ε

196 4509 237 4550 et
275 4504 573 4571 schismata,
606 4505 839 4570 discedo,
879 4508 1007 4562 abeo
1079 4525 1384 4580 quocunque
1424 4513 1735 4581 volueritis;
1769 4496 1814 4551 Ῑ)
1843 4507 1984 4578 feros
2014 4507 2262 4570 detrusit,
2284 4504 2421 4575 quod
2449 4521 2569 4558 cum
2598 4503 2783 4575 Moyse
2805 4503 2901 4560 Dei
2935 4504 3139 4574 famulo
3162 4503 3415 4558 seditione

196 4597 237 4639 et
267 4590 390 4657 facio
435 4613 555 4666 qua:
579 4613 613 4649 a
634 4596 781 4665 plebe
804 4597 1166 4663 mandantur;
1191 4601 1365 4655 solum
1385 4605 1516 4658 ovile
1541 4607 1743 4663 Christi

197 4683 241 4733 in
262 4699 372 4751 pace
394 4686 572 4759 degat,
604 4705 725 4743 cum
749 4692 1050 4747 constitutis
1078 4693 1417 4763 presbyteris.
1448 4697 1575 4754 Haec
1606 4716 1739 4759 sane

196 4781 264 4826 est
289 4777 516 4844 perlecta
547 4780 793 4836 charitas
814 4822 829 4847 ,
859 4797 981 4859 quae
1031 4784 1184 4839 nullo
1217 4786 1446 4855 privatae
1486 4790 1740 4848 utilitatis

196 4867 354 4923 studio
399 4872 657 4941 ducitur;
689 4873 919 4944 ejusque
957 4873 1182 4930 ductum
1209 4881 1384 4933 secuti
1431 4891 1559 4937 sunt
1602 4899 1740 4940 non-

198 4958 311 5011 nulli
365 4964 536 5018 sancti
596 4963 880 5035 episcopi,
933 4967 1154 5037 quando
1204 4968 1616 5039 dissensiones,
1675 4991 1740 5030 ac

1840 4603 2228 4665 contenderent.
2288 4599 2365 4655 0b
2408 4600 2803 4655 cumulationem
2845 4598 3017 4654 David
3063 4616 3165 4654 non
3208 4608 3414 4653 tantum

1838 4702 2146 4772 alienigenis
2174 4699 2399 4760 invisus,
2431 4693 2521 4750 sed
2553 4695 2715 4749 etiam
2750 4711 2783 4747 a
2818 4692 2954 4749 Saul
2996 4710 3111 4763 rege
3162 4692 3335 4748 Israel
3366 4694 3413 4727 ⁵⁸

1839 4798 1944 4866 fuit
1986 4802 2225 4849 vexatus.
2280 4788 2383 4843 Sed
2432 4797 2488 4840 ut
2531 4797 2705 4841 vetera
2748 4785 2987 4854 exempla
3023 4785 3409 4855 relinquamus,

1841 4885 2193 4960 prosequitur
2209 4889 2434 4938 sanctus
2448 4878 2698 4934 Pontifex
2715 4878 2849 4948 (:51),
2864 4879 3131 4932 veniamus
3146 4877 3215 4931 ad
3227 4880 3410 4947 proxi-

1844 5000 1956 5035 mos
1993 4978 2238 5039 athletas,
2263 4985 2311 5028 et
2342 4973 2525 5027 strculi
2554 4972 2723 5027 nostri
2751 4986 3000 5043 generosa
3024 4971 3259 5040 exempla
3289 4989 3411 5041 pro-

258 5160 425 5241 :Ilac,
454 5184 509 5230 ν,
546 5166 642 5234 20;
667 5166 853 5241 [fetu
892 5183 969 5241 tv,
993 5167 1046 5223 8.
1125 5169 1169 5241 ε’
1199 5168 1361 5225 lCor.
1395 5188 1514 5239 xm,
1549 5176 1605 5229 4.
1682 5177 1728 5210 ³³

1842 5180 1930 5234 od.
1973 5193 2156 5239 χχιιι,
2182 5175 2270 5231 52,
2351 5172 2396 5205 ³⁸
2418 5171 2557 5228 Gen.
2582 5169 2794 5233 ιν,5-8.
2870 5170 2917 5202 ⁸⁸
2944 5167 3080 5227 Gen.
3113 5187 3287 5241 xxvu,
3318 5174 3406 5230 ιι.

201 5229 381 5289 “Gen.
409 5229 638 5294 xxxv”;
703 5238 745 5269 ³⁷
778 5229 965 5294 Exod;
1002 5254 1064 5305 ll,
1093 5240 1184 5299 M.
1258 5242 1305 5273 ³⁸
1328 5229 1628 5317 Νυιιιίχιι,
1668 5250 1721 5305 4.

177 5451 185 5459 ’
259 5456 358 5530 li?)
394 5458 493 5530 Et).
529 5461 582 5523 1.
614 5475 732 5530 cap.
767 5462 856 5521 30.

260 5527 361 5601 tu)
394 5527 554 5601 ψία..
579 5527 701 5601 cap:
734 5532 821 5587 ss.

258 5596 359 5675 li!)
395 5597 555 5675 Elida
585 5596 690 5675 εει)
735 5602 827 5675 ρει

262 5665 364 5742 tu)
392 5667 558 5742 ou.
576 5665 695 5742 cati.
720 5672 809 5727 ιι.

265 5736 366 5811 (ω)
392 5738 551 5808 lbid.,
583 5736 702 5812 cap.
731 5743 821 5799 49.

1824 5248 1871 5278 "
1902 5247 2064 5302 Num.
2094 5263 2203 5311 χνι,
2223 5248 2312 5301 55.
2389 5251 2433 5278 ⁸⁰
2468 5246 2640 5318 liteg.
2673 5261 2830 5314 xvm,
2853 5252 2907 5304 8.

1917 5463 2029 5533 (47)
2058 5459 2333 5533 _Epis_t_._i_.
2358 5470 2479 5526 cap.
2505 5455 2595 5510 5b.

1916 5527 2027 5603 (ts)
2058 5527 2167 5603 tdi,
2193 5527 2322 5581 ibid.

1917 5595 2028 5668 (‘49)
2058 5601 2217 5660 lbid.,
2241 5612 2362 5667 cap.
2396 5595 2485 5668 ss.

1939 5666 2027 5737 50)
2063 5671 2225 5732 Ibid.,
2256 5666 2377 5737 cap.
2410 5666 2465 5720 ι.

1939 5674 2027 5737 50)
2063 5672 2225 5732 Ibid.,
2256 5683 2377 5737 cap.
2410 5672 2465 5720 ι.

1916 5672 2031 5817 ἱὸί)
2066 5740 2235 5812 Epist.
2264 5739 2315 5801 i.
2340 5754 2390 5792 c.
2421 5737 2472 5792 5.
