3842 6438
422 394 526 449 175

1525 389 1616 445 ΑΙ)
1656 389 2183 452 S.‘CLEMENTEM
2224 394 2242 447 l
2280 392 2514 450 PAPAM

3567 402 3671 458 £78

414 522 692 581 ponamus.
726 505 949 574 Propter
972 504 1360 559 wmulationem
1387 512 1434 557 et
1464 503 1740 567 invidiam,
1764 508 1855 575 qui
1884 504 1991 559 Ec-
2019 512 2066 568 Α
2095 509 2346 576 thalium,
2380 512 2581 582 quibus
2614 525 2735 566 eam
2782 513 3177 570 maculavimus
3197 512 3217 569 ξ’
3258 513 3397 581 Nos,
3443 518 3549 573 nisi
3575 518 3668 575 ba-

415 601 589 657 clesite
609 609 760 654 erant
791 597 973 668 ﬁdeles
1002 608 1052 652 et
1074 596 1393 667 justissima!
1430 596 1688 650 columna:
1709 637 1723 659 ,
1750 599 1821 651 ad
1849 613 1990 650 mor-

417 704 518 749 tem
547 708 708 764 usque
736 692 979 746 acerbam
1001 690 1409 760 persecutionem
1448 689 1595 757 passi
1633 697 1777 744 sunt.
1810 686 1991 742 Pona-

414 801 532 839 mus
574 782 723 838 nobis
770 790 891 837 ante
938 781 1115 836 oculos
1170 779 1716 848 sanctos-apostolos.
1762 778 1990 848 Propter

416 877 806 935 wmulationem
830 876 1062 945 iniquam
1083 871 1276 926 ‘I’etrus
1305 888 1407 925 non
1438 889 1602 926 unum
1626 882 1719 926 aut
1739 873 1984 939 alterum,

415 969 505 1023 sed
534 968 707 1038 plures
732 967 934 1021 labores
958 963 1194 1026 sustulit,
1226 970 1382 1032 atque
1411 963 1491 1015 ita
1514 964 1832 1033 martyrium
1860 979 1988 1033 pas-

411 1077 503 1115 sus
532 1065 585 1115 in
611 1060 841 1115 debitum
862 1057 1048 1128 gloritr
1077 1054 1250 1109 locum
1283 1054 1540 1110 ascendit.
1566 1053 1798 1123 Propter
1828 1071 1988 1109 temu-

406 1153 658 1207 iationem
703 1150 911 1204 Paulus
944 1149 1221 1218 patientia:
1265 1148 1541 1216 praemium
1580 1147 1835 1210 obtinuit,
1864 1164 1982 1201 cum

402 1256 621 1300 catenas
649 1244 834 1312 septies
856 1249 1142 1311 portasset,
1175 1243 1498 1308 vapulasset,
1521 1240 1791 1307 lapidatus
1818 1249 1982 1294 esset:

409 1352 580 1407 prazco
610 1334 781 1403 factus
802 1330 1097 1387 in‘Oriente
1141 1373 1154 1385 .
1204 1372 1215 1383 .
1262 1372 1274 1383 .
1320 1338 1484 1382 totum
1518 1330 1769 1383 mundum
1791 1332 1981 1387 docens

397 1428 689 1497 justitiam,
730 1434 779 1481 et
810 1423 877 1478 ad
914 1421 1209 1480 Occidentis
1243 1424 1524 1475 terminum
1546 1407 1777 1485 ueniens,
1805 1432 1855 1477 et
1886 1423 1981 1477 sub

400 1520 724 1593 principibus
756 1520 1074 1589 martyrium
1095 1532 1306 1586 passus,
1331 1516 1408 1569 ita
1439 1532 1466 1569 e
1488 1514 1680 1570 mundo
1712 1517 1978 1586 migravit,

402 1624 556 1686 atque
579 1614 631 1667 in
647 1612 816 1667 locum
828 1618 1069 1665 sanctum
1090 1608 1242 1666 abiit.
1256 1608 1526 1677 patientia:
1540 1623 1790 1678 magnum
1801 1625 1978 1663 exem-

399 1710 520 1779 plar
552 1707 747 1777 factus.
779 1703 981 1759 Locus
1019 1703 1123 1758 iste
1166 1707 1375 1755 attenta
1421 1699 1861 1756 consideratione
1895 1702 1978 1772 di-

398 1815 539 1873 gnus
567 1807 651 1856 est
669 1816 685 1866 ;
704 1797 880 1869 primo
900 1796 1043 1852 enim
1062 1808 1404 1865 expressum,
1423 1800 1477 1847 et
1494 1793 1639 1847 omni
1662 1795 1978 1865 exceptione

2088 604 2285 670 ptisma
2333 620 2522 672 purum
2559 614 2609 658 et
2658 605 3061 661 immaculatum
3102 608 3521 679 servaverimus,
3564 629 3669 682 qua

2091 695 2411 764 conﬁdentia
2432 696 2750 751 intrabimus
2774 698 2831 751 in
2856 701 3056 769 regiam
3081 698 3179 755 Dei
3237 700 3385 771 (54)?

2160 785 2205 838 A
2236 786 2471 841 terribili
2531 786 2633 842 hac
2678 786 2926 855 veritate,
2980 805 3102 860 qua:
3147 790 3431 847 evidenter
3473 795 3673 863 probat

2088 875 2471 931 necessitatem
2528 878 2914 947 perseverandi
2973 879 3030 933 in
3075 878 3391 935 Christiana
3426 882 3667 952 justitia.

2088 976 2306 1040 sumpta
2329 970 2621 1025 occasione
2649 971 2903 1027 stimulos
2931 970 3091 1027 nobis
3118 970 3291 1038 addit,
3308 982 3369 1029 ut
3387 983 3669 1033 certamen

2087 1060 2337 1117 ineamus
2379 1077 2503 1116 cum
2548 1062 2799 1118 hostibus
2842 1071 3046 1118 nostra
3094 1065 3311 1122 salutis.
3344 1065 3462 1123 Nos
3501 1070 3670 1139 igitur

2085 1162 2365 1219 certemus,
2398 1154 2476 1207 ait
2520 1155 2612 1211 ille
2640 1155 2776 1227 (55),
2808 1164 2867 1208 ut
2910 1171 3087 1210 omnes
3128 1173 3380 1213 coronam
3424 1170 3664 1230 reporte-

2083 1262 2271 1303 mus...
2301 1257 2351 1301 et
2381 1249 2562 1302 sinon
2605 1264 2884 1318 possumus
2929 1264 3109 1303 omnes
3150 1253 3419 1315 coronari,
3472 1254 3665 1308 saltem

2081 1353 2241 1406 prope
2259 1353 2509 1392 coronam
2537 1338 2723 1393 simus.
2748 1338 3027 1394 Postrema
3052 1342 3166 1396 haec
3181 1342 3346 1396 verba
3368 1345 3663 1400 maximam

2083 1430 2277 1485 afferre
2317 1431 2516 1486 debent
2558 1432 2991 1488 consolationem
3022 1434 3091 1489 iis
3117 1434 3265 1490 haud
3313 1437 3448 1491 satis
3492 1436 3663 1495 firmis

2080 1522 2432 1587 Christianis,
2458 1523 2552 1593 qui
2583 1524 2878 1595 perfectam
2906 1533 3187 1597 nequeunt
3217 1527 3285 1582 de
3321 1528 3663 1585 vehementi-

2081 1615 2185 1669 bus
2208 1614 2560 1684 passionibus
2590 1615 2871 1671 victoriam
2901 1626 3203 1689 repertam,
3235 1618 3362 1675 licet
3391 1621 3544 1676 omni
3564 1636 3661 1676 co-

2079 1713 2213 1760 natu
2239 1707 2293 1760 in
2320 1706 2372 1760 id
2393 1706 2639 1762 tendant.

2153 1798 2284 1854 Post
2309 1798 2445 1852 hanc
2478 1800 2642 1854 vitam
2672 1799 2878 1854 nullum
2904 1800 3221 1870 poenitentia:
3249 1810 3470 1871 tempus.
3490 1831 3565 1843 ε·-
3586 1800 3659 1856 Ut

398 1867 578 1964 majus
607 1867 850 1949 continet
874 1887 1250 1944 testimonium
1288 1884 1536 1956 martyrii
1564 1885 1796 1941 duorum
1822 1887 1974 1956 prin-
2004 1867 2048 1927 Β
2076 1900 2259 1946 autem
2296 1890 2570 1947 efﬁcacius
2600 1891 2667 1945 ad
2696 1892 2799 1947 hoc
2836 1867 3113 1947 certamen
3146 1906 3249 1948 nos
3273 1867 3509 1957 moveat,
3542 1900 3660 1947 tra-

399 1985 579 2056 cipum
607 1982 999 2055 apostolorum,
1024 1976 1130 2033 SS.
1162 1992 1240 2032 sc.
1270 1973 1412 2031 Petri
1439 1983 1493 2031 et
1522 1976 1697 2033 Pauli.
1721 1976 1973 2033 Secundo

397 2074 566 2131 tradit
588 2117 602 2141 ,
637 2084 970 2145 postremum
1006 2071 1151 2125 hunc
1196 2068 1503 2139 apostolum
1536 2068 1605 2123 ad
1637 2068 1771 2124 lines
1800 2084 1974 2141 usque

389 2167 712 2223 Occidentis
738 2167 1045 2237 migrasse;
1075 2162 1275 2234 quibus
1305 2161 1515 2226 verbis,
1548 2171 1608 2216 ut
1630 2160 1972 2217 animadver-

394 2260 464 2314 tit
488 2259 655 2315 abbas
686 2254 905 2329 Fleury,
930 2263 983 2312 et
1008 2262 1130 2326 post
1160 2268 1283 2309 eum
1312 2253 1805 2308 reverendissimus
1830 2253 1973 2309 Ceil-

396 2355 517 2418 lier,
544 2351 817 2423 designari
853 2356 1040 2420 posset
1067 2350 1243 2402 sancti
1285 2344 1451 2415 hujus
1495 2345 1723 2417 apostoli
1768 2345 1874 2400 iter
1914 2347 1970 2401 in

388 2444 734 2516 Hispaniam.
772 2440 845 2497 De
876 2441 980 2496 hoc
1025 2446 1203 2495 autem
1245 2437 1514 2509 judicium
1556 2437 1700 2508 apud
1747 2438 1971 2495 criticos

382 2549 542 2596 esto:
585 2539 637 2593 id
674 2537 819 2592 enim
865 2534 1200 2605 perpendere
1254 2533 1309 2587 in
1352 2533 1516 2588 finem
1558 2531 1722 2588 nobis
1771 2532 1879 2588 isto
1912 2534 1970 2588 in

385 2646 554 2702 opere
578 2628 926 2701 rpmpositum
960 2640 1069 2679 non
1099 2623 1296 2678 tendit.

641 2720 669 2792 §
700 2719 766 2776 ll.
803 2718 877 2773 De
908 2717 1087 2787 ofﬁciis
1117 2715 1562 2781 Christianorum,
1610 2724 1717 2773 etc.

464 2814 537 2869 De
586 2813 777 2868 stcculo
808 2810 1056 2883 prtesenti
1089 2818 1139 2864 et
1190 2808 1391 2879 futuro.
1433 2808 1770 2879 Contemptus
1813 2808 1968 2880 hujus

390 2907 595 2971 stcculi,
624 2914 676 2960 et
704 2920 854 2958 amor
887 2902 1077 2972 futuri.
1110 2898 1233 2955 Non
1253 2917 1529 2969 possumus
1560 2900 1834 2955 amborum
1857 2918 1969 2957 esse

393 2998 571 3053 amici.
593 3028 663 3038 —
686 2995 765 3050 En
790 2996 972 3066 aliqua
1008 2999 1124 3048 loca
1148 2994 1202 3048 in
1237 2992 1478 3048 secunda
1509 2994 1735 3063 epistola
1763 2994 1830 3048 ad
1856 2993 1966 3050 Co-

389 3091 645 3154 rinthios,
678 3104 799 3159 quae
829 3086 895 3142 ad
928 3100 1109 3141 mores
1140 3085 1437 3156 pertinent.
1470 3084 1676 3140 Auctor
1699 3085 1790 3141 hic
1828 3086 1963 3142 hor-

387 3192 536 3240 tatur
565 3180 900 3244 Corinthios,
950 3186 1010 3233 ut
1052 3185 1273 3232 terrena
1312 3177 1496 3231 omnia
1536 3176 1859 3247 despiciant,
1910 3186 1965 3234 et

388 3275 630 3330 cmiestia
647 3270 987 3329 solummodo
1003 3270 1423 3338 concupiscant;
1443 3268 1966 3340 validissima,quam

389 3370 565 3431 alicrt,
590 3367 755 3428 ratio,
788 3372 845 3418 ut
869 3363 992 3417 illos
1016 3361 1082 3416 ad
1109 3362 1162 3415 id
1191 3362 1559 3432 peragendum
1590 3368 1824 3426 moveat,
1842 3371 1960 3417 est:

281 3450 293 3471 “
384 3461 512 3531 quia
543 3458 668 3513 dum
695 3458 794 3511 illa
829 3452 1094 3525 possidere
1121 3455 1548 3522 concupiscimus
1582 3454 1824 3525 (terrena
1853 3455 1964 3511 sci-

349 5286 360 5347 ἑ

387 3550 860 3625 licet),excidimus
887 3565 919 3602 α
954 3548 1040 3601 via
1069 3547 1222 3615 justa
1259 3545 1404 3618 (52);
1442 3546 1568 3600 inde
1600 3561 1729 3600 vero
1773 3544 1959 3611 infert,

387 3643 533 3714 quod
565 3656 794 3712 prtcsens
826 3638 1077 3693 smculum
1097 3646 1146 3691 et
1176 3637 1413 3706 futurum
1447 3646 1569 3690 sunt
1599 3634 1702 3691 duo
1728 3636 1959 3702 inimici;

385 3734 512 3804 quia
539 3731 789 3786 swculum
836 3745 1067 3798 praesens
1105 3726 1360 3797 prwdicat
1392 3726 1734 3793 adulterium,
1773 3745 1960 3783 corru-

383 3827 599 3897 ptelam,
656 3822 935 3877 auaritiam
966 3830 1015 3874 et
1059 3818 1339 3889 fraudem;
1384 3820 1622 3887 futurum
1666 3835 1796 3876 vero
1838 3821 1956 3875 istis

397 3917 687 3972 renuntiat.
730 3913 902 3968 Porro
934 3912 1030 3967 hoc
1066 3911 1317 3967 sa'culum
1348 3921 1399 3965 et
1426 3910 1665 3981 futurum
1701 3920 1823 3967 sunt
1850 3912 1955 3967 duo

382 4008 649 4063 inimici...
680 4005 802 4061 Non
830 4022 950 4077 ergo
974 4020 1272 4068 possumus,
1304 4004 1579 4058 concludit
1601 4004 1737 4075 ipse.
1773 4004 1954 4058 ambo-

382 4118 499 4155 rum
528 4101 685 4154 amici
725 4116 857 4153 esse.
898 4097 1113 4166 Oportet
1144 4104 1341 4159 autem,
1372 4105 1430 4148 ut
1460 4095 1802 4152 valedicentes
1848 4098 1951 4166 illi,

381 4193 476 4247 hoc
506 4202 720 4247 utamur
750 4191 884 4263 (55).
918 4188 1136 4245 Veritas
1185 4188 1301 4242 hmo
1359 4187 1495 4243 satis
1552 4188 1706 4242 firma
1754 4199 1839 4244 est
1887 4205 1953 4246 ac

380 4284 729 4357 gravissima;
782 4288 836 4337 et
889 4282 935 4337 si
980 4278 1393 4350 probationibus
1442 4278 1730 4350 indigeret,
1780 4296 1949 4336 unum

379 4376 649 4432 suliiceret
704 4373 760 4427 in
803 4370 1038 4428 medium
1069 4369 1260 4425 afferre
1293 4367 1592 4425 Salvatoris
1626 4371 1945 4427 oraculum:

381 4466 551 4522 Nemo
584 4474 752 4536 potest
779 4462 982 4517 duobus
1010 4461 1237 4516 dominis
1268 4463 1460 4517 servire
1482 4462 1548 4518 δι.
1579 4462 1767 4528 Quoad
1796 4463 1938 4518 futu.

2074 1982 2175 2047 dit,
2205 1983 2351 2053 quod
2381 1982 2523 2039 Deus
2553 1983 2817 2039 concedat
2837 1983 2998 2040 nobis
3025 1984 3343 2054 temporalis
3372 1983 3539 2054 hujus
3568 1986 3657 2038 vi-

2073 2081 2141 2128 ta:
2173 2082 2408 2144 tempus,
2461 2080 2521 2128 ut
2561 2074 2881 2143 paenitentia
2925 2073 3213 2129 ducamur.
3257 2072 3468 2144 Quippe
3515 2084 3660 2143 post-

2071 2182 2229 2237 quam
2258 2183 2286 2221 e
2307 2165 2502 2220 mundo
2524 2167 2802 2232 emittimus,
2836 2166 2912 2220 ait
2953 2167 3070 2236 ipse
3093 2165 3231 2237 (56),
3274 2183 3380 2220 non
3422 2167 3654 2236 amplius

2071 2274 2351 2328 possumus
2376 2258 2451 2312 ibi
2469 2259 2731 2329 conﬁteri,
2755 2266 2849 2311 aut
2876 2259 3235 2328 paenitentiam
3265 2257 3446 2313 adhuc
3476 2274 3653 2327 agere.

2073 2346 2203 2401 Vult
2229 2362 2382 2418 ergo,
2414 2354 2474 2401 ut
2510 2346 2755 2418 quandiu
2779 2344 2833 2401 id
2859 2346 3020 2401 nobis
3042 2345 3186 2404 Deus
3214 2346 3491 2411 tribuerit,
3520 2348 3655 2403 totis

2070 2437 2283 2493 viribus
2339 2453 2602 2495 conemur
2637 2437 2814 2494 nostri
2863 2438 3120 2509 baptismi
3162 2439 3484 2494 munditiem
3531 2454 3655 2495 ser-

2068 2544 2228 2597 vare,
2278 2539 2375 2587 aut
2432 2531 2677 2587 maculas
2730 2545 2827 2601 per
2882 2538 3108 2601 peccata
3158 2531 3416 2588 inductas
3466 2533 3652 2589 deter-

2067 2637 2216 2694 gere.

2141 2713 2582 2772 Christianorum
2638 2713 2817 2770 ollicia
2870 2721 3099 2771 sanctus
3145 2712 3400 2770 Pontifex
3456 2715 3650 2785 paucis

2067 2809 2389 2881 complexus
2414 2815 2501 2865 est
2521 2808 2727 2872 omnia,
2750 2807 2881 2862 dum
2905 2807 2981 2861 ait
3006 2804 3436 2877 Corinthiosque
3462 2808 3649 2864 admo-

2066 2910 2162 2957 net
2194 2901 2330 2973 (57),
2351 2910 2411 2953 ut
2452 2898 2740 2954 Dominum
2794 2898 2979 2954 Iesum
3016 2897 3289 2975 Christum
3316 2910 3643 2965 venerentur,

2062 2996 2375 3066 pra'positos
2425 3004 2778 3057 revereantur,
2830 2993 3058 3047 seniores
3102 2991 3375 3058 honorent,
3424 2992 3646 3062 juvenes

2073 3086 2300 3141 doceant
2328 3085 2673 3154 disciplinam
2697 3085 2905 3140 timoris
2932 3084 3032 3139 Dei
3056 3097 3074 3142 :
3100 3098 3291 3139 uxores
3322 3100 3447 3138 suas
3476 3085 3548 3137 ad
3584 3083 3646 3137 id

2068 3177 2206 3249 quod
2236 3176 2428 3231 bonum
2465 3187 2543 3230 est
2568 3176 2859 3239 inducant;
2889 3174 3143 3229 amabiles
3169 3175 3435 3229 castitatis
3472 3192 3644 3229 mores

2069 3268 2370 3332 ostendant,
2403 3268 2692 3337 simplicem
2718 3283 2781 3321 ac
2800 3268 3059 3321 sincerum
3079 3265 3500 3321 mansuetudinis
3529 3282 3645 3321 suc

2066 3361 2386 3416 voluntatem
2431 3359 2806 3423 demonstrent,
2856 3357 3268 3413 moderationem
3306 3358 3499 3430 lingua:
3528 3374 3644 3414 sua:

2066 3456 2276 3511 silentio
2309 3454 2648 3523 manifestam
2685 3452 2919 3521 faciant;
2966 3450 3278 3506 charitatem
3317 3469 3471 3506 suam
3534 3469 3643 3507 uois

2063 3548 2346 3603 secundum
2396 3546 2560 3600 animi
2602 3545 2993 3614 propensiones,
3039 3543 3130 3598 sed
3182 3544 3422 3599 omnibus
3464 3543 3642 3600 Deum

2062 3649 2244 3694 sancte
2285 3636 2586 3693 timentibus
2624 3636 2877 3707 arqualem
2918 3636 3207 3705 prebeant.
3242 3636 3416 3692 Liberi
3466 3639 3643 3693 nostri

2059 3734 2356 3804 disciplina:
2404 3730 2606 3788 Christi
2635 3732 2913 3801 participes
2957 3732 3096 3797 sint,
3126 3730 3335 3785 discant
3384 3731 3511 3801 quid
3535 3733 3642 3785 Itu-

2058 3827 2260 3881 militas
2290 3823 2429 3894 apud
2460 3824 2627 3877 Deum
2658 3823 2853 3884 valeat,
2886 3822 3012 3893 quid
3035 3832 3187 3877 casta
3226 3822 3461 3877 charitas
3491 3823 3639 3893 apud

2056 3920 2226 3977 Deum
2245 3920 2430 3990 possit,
2460 3917 2718 3990 quomodo
2752 3918 2912 3971 timor
2926 3919 3042 3987 ejus
3066 3915 3331 3987 (Domini)
3352 3916 3521 3972 bonus
3551 3927 3639 3973 est

2056 4031 2119 4069 ac
2157 4029 2378 4084 magnus
2402 4020 2451 4066 et
2474 4026 2686 4065 servans
2725 4024 2901 4063 omues
2945 4009 3036 4079 qui
3059 4008 3115 4063 in
3137 4008 3249 4078 ipso
3271 4019 3547 4063 versantur
3576 4010 3637 4064 its

2051 4124 2188 4179 pm
2214 4116 2400 4223 ""f"e'
2581 4170 2975 4227 ARTICULUS
3007 4170 3095 4227 ιιι.

2192 4286 2259 4325 DE
2288 4283 2521 4325 EBRATIS
2542 4281 2699 4321 VEIIS
2725 4280 2827 4319 νει.
2856 4279 3041 4320 Ρλιειε
3071 4279 3119 4319 8.
3154 4279 3481 4322 CLBIENTIS.

2123 4363 2264 4430 Quid
2312 4360 2533 4416 Pltotius
2577 4358 2633 4411 in
2665 4356 2784 4410 dico
2829 4354 3094 4411 Clemente
3145 4356 3517 4427 reprehendat.
3555 4386 3631 4397 —

2051 4456 2179 4510 Tria
2210 4456 2264 4510 in
2306 4452 2474 4524 priori
2519 4450 2587 4505 ad
2617 4447 2937 4505 Corinthios
2965 4449 3194 4519 epistola
3223 4447 3451 4504 Photius
3507 4448 3628 4520 (58)

376 4574 499 4614 rum
527 4556 785 4614 saeculum
818 4562 1008 4607 auctor
1036 4553 1138 4608 iste
1173 4551 1338 4607 tradit
1364 4551 1439 4615 id,
1473 4567 1581 4622 quo
1622 4552 1945 4610 deberemus
1977 4566 2021 4623 ι)
2050 4546 2418 4621 reprehendit.
2463 4543 2730 4606 Primum,
2781 4541 2928 4612 quod
2966 4549 3160 4595 auctor
3207 4541 3442 4598 mundos
3482 4541 3628 4599 alios

374 4648 848 4707 vehementissime
871 4646 1235 4709 commoveri,
1284 4645 1514 4712 scilicet,
1557 4647 1700 4716 quod
1731 4662 1835 4701 non
1862 4648 1945 4700 in-

377 4742 631 4795 trabimus
664 4741 717 4794 in
738 4754 949 4809 regnum
975 4736 1092 4802 Dei,
1120 4738 1223 4791 nisi
1252 4752 1442 4806 purum
1467 4745 1516 4790 et
1546 4737 1943 4791 immaculatum

374 4834 748 4891 servaverimus
796 4840 1034 4885 nostrum
1074 4828 1369 4895 baptisma,
1413 4828 1521 4884 hoc
1561 4830 1796 4891 est,nisi
1838 4844 1945 4885 no-

375 4932 544 4981 stram
579 4922 834 4995 baptismi
869 4918 1237 4976 innocentiam
1262 4918 1684 4981 servaverimus,
1716 4926 1809 4973 aut
1836 4918 1942 4975 nisi

374 5031 471 5087 per
507 5014 880 5085 pmnitentiam
927 5009 1398 5081 impetraverimus
1444 5008 1824 5066 remissionem
1868 5012 1946 5067 le-

446 5151 490 5185 “
525 5149 717 5205 Matth.
742 5164 819 5213 vr,
853 5147 947 5203 Ἡ.

446 5285 558 5357 (52)
586 5284 758 5357 Epist.
793 5281 851 5346 2,
864 5295 986 5349 cap.
1004 5280 1057 5334 ὅ.

444 5354 557 5431 ea
588 5354 746 5431 uid...
788 5367 908 5421 cap.
942 5357 995 5404 σ-

447 5421 558 5499 eo
591 5421 721 5499 om.

448 5493 560 5564 (55)
590 5496 747 5555 lb:d..
772 5493 977 5564 cap._‘7.

595 5567 651 5621 S.
682 5554 855 5620 Clem:
895 5561 1075 5637 lium,
1101 5575 1186 5637 ep.
1215 5560 1249 5612 2
1280 5559 1345 5614 ad
1373 5558 1644 5637 Corinth,
1678 5572 1837 5637 num.
1882 5554 1938 5611 8.

375 5628 511 5693 llinc
535 5628 872 5707 praevertitur
898 5628 1151 5707 Origenis
1174 5646 1349 5693 error,
1374 5629 1601 5707 ejusque
1626 5628 1939 5707 sequacium

374 5697 753 5763 iquernorum
812 5697 1149 5771 theistartim,
1169 5718 1299 5771 quo,
1332 5697 1657 5771 ut’loquitur
1679 5697 1935 5753 Justinia-

372 5796 497 5844 nus,
536 5787 667 5831 tom.
706 5774 738 5829 ἵ
786 5773 985 5828 Concil.
1019 5770 1328 5844 Lab.7666,
1360 5770 1601 5844 omnium
1642 5771 1929 5844 impiorum

370 5839 648 5909 hominum
662 5860 706 5903 et
727 5854 982 5917 prictcrca
996 5843 1296 5899 dasinonum
1312 5856 1525 5913 pmnam
1542 5842 1698 5896 linem
1715 5839 1930 5894 habitu—

2050 4642 2194 4696 ultra
2244 4650 2529 4710 oceanum.
2557 4649 2680 4690 esse
2725 4634 3040 4689 existimare
3087 4632 3356 4688 videatur.
3416 4630 3628 4688 Deinde

2047 4728 2192 4800 quod
2225 4725 2292 4780 ad
2313 4740 2601 4794 corporum
2617 4723 3068 4779 resurrectionem
3099 4720 3434 4792 probandam
3465 4722 3627 4793 plice-

2047 4822 2189 4877 nicis
2222 4816 2627 4887 comparatione
2674 4821 2879 4880 utatur,
2931 4819 3090 4885 quasi
3137 4815 3256 4871 avis
3295 4816 3390 4870 illa
3429 4830 3624 4871 revera

2047 4915 2325 4974 existeret,
2369 4916 2427 4965 et
2452 4922 2539 4970 ea,
2566 4922 2687 4978 quae
2713 4906 2784 4963 de
2810 4908 2903 4962 illa
2940 4908 3210 4975 feruntur,
3231 4922 3361 4963 vera
3391 4908 3625 4963 omnino

2051 5005 2250 5061 forent.
2280 5001 2584 5065 Postremo,
2629 4997 2799 5070 quod,
2826 4998 2921 5053 ubi
2946 4997 3014 5055 de
3045 4997 3176 5056 Jesu
3218 4996 3444 5055 Christo
3482 4999 3619 5072 agit,

2038 5290 2151 5329 ram
2206 5288 2348 5335 esse,
2398 5273 2825 5341 restitutumque
2863 5270 2929 5325 iri
2982 5280 3096 5325 tum
3138 5269 3335 5340 impios
3362 5269 3623 5329 homines

2038 5355 2150 5397 tum
2182 5344 2453 5398 dieiiiones
2490 5346 2541 5396 in
2575 5343 2866 5412 pristinum
2887 5341 3136 5412 ordinem
3173 5356 3332 5395 suum
3371 5344 3617 5399 censuit.

2040 5414 2165 5468 llaec
2189 5414 2331 5469 enim
2363 5414 2479 5468 sine
2502 5410 2700 5483 praevia
2730 5413 3053 5483 poenitentia
3071 5410 3281 5483 admitti
3309 5422 3617 5483 nequeunt.

2036 5484 2386 5552 Rursumque
2414 5481 2541 5537 dum
2559 5497 2785 5537 numero
2811 5482 3060 5553 sequenti
3088 5482 3368 5553 docemur,
3395 5481 3622 5537 nullum

2038 5564 2163 5627 post
2194 5557 2332 5608 hanc
2373 5553 2539 5627 vitam
2587 5567 2873 5627 superesse
2912 5561 3146 5627 tempus,
3191 5552 3248 5607 in
3278 5568 3390 5623 quo
3423 5553 3620 5608 sanari

2040 5623 2337 5686 valeamus,
2376 5624 2465 5676 illa
2505 5623 2560 5676 in
2611 5623 2899 5691 pristinum
2945 5624 3194 5677 ordinem
3227 5638 3385 5679 suum
3426 5638 3625 5678 rever-

2042 5696 2188 5749 tendi
2221 5710 2345 5763 spes
2376 5693 2556 5762 impiis
2579 5707 2804 5763 prprsus
2842 5694 3110 5748 aufertur.

2113 5766 2223 5835 (57)
2346 5760 2598 5817 Clemens
2631 5760 2811 5835 Bouh,
2843 5778 2931 5832 ep.
2970 5765 2994 5818 1
3029 5765 3097 5820 ad
3137 5761 3289 5830 Con,
3329 5778 3480 5820 num.
3512 5764 3621 5821 2|.

2110 5833 2221 5906 (ὃὸ)
2249 5834 2492 5895 Pliotius,
2525 5833 2713 5888 calice
2735 5848 2918 5889 CXXVI.
