  <div class='ocr_page' id='page_1' title='image "/cluster/home/n/w/nwhite01/storage/ocr_20150623/1 (St. Clemens; pt. 1)/nyp.33433019854052/097.png"; bbox 0 0 3784 6254; ppageno 0'>
   <div class='ocr_carea' id='block_1_1' title="bbox 400 325 501 379">
    <p class='ocr_par' dir='ltr' id='par_1_1' title="bbox 400 325 501 379">
     <span class='ocr_line' id='line_1_1' title="bbox 400 325 501 379; baseline 0 0"><span class='ocrx_word' id='word_1_1' title='bbox 400 325 501 379; x_wconf 80' lang='grc'><strong>179</strong></span> 
     </span>
    </p>
   </div>
   <div class='ocr_carea' id='block_1_2' title="bbox 1464 317 2416 374">
    <p class='ocr_par' dir='ltr' id='par_1_2' title="bbox 1464 317 2416 374">
     <span class='ocr_line' id='line_1_2' title="bbox 1464 317 2416 374; baseline -0.001 -1"><span class='ocrx_word' id='word_1_2' title='bbox 1464 320 1551 373; x_wconf 78' lang='lat' dir='ltr'><strong>AD</strong></span> <span class='ocrx_word' id='word_1_3' title='bbox 1590 318 1645 373; x_wconf 91' lang='lat' dir='ltr'><strong>S.</strong></span> <span class='ocrx_word' id='word_1_4' title='bbox 1687 318 2099 374; x_wconf 69' lang='lat' dir='ltr'><strong>CLEMENTEM</strong></span> <span class='ocrx_word' id='word_1_5' title='bbox 2138 318 2159 372; x_wconf 83' lang='lat' dir='ltr'><strong>I</strong></span> <span class='ocrx_word' id='word_1_6' title='bbox 2193 317 2416 373; x_wconf 65' lang='lat' dir='ltr'><strong>PAPAM</strong></span> 
     </span>
    </p>
   </div>
   <div class='ocr_carea' id='block_1_3' title="bbox 3639 300 3747 356">
    <p class='ocr_par' dir='ltr' id='par_1_3' title="bbox 3639 300 3747 356">
     <span class='ocr_line' id='line_1_3' title="bbox 3639 300 3747 356; baseline -0.019 0"><span class='ocrx_word' id='word_1_7' title='bbox 3639 300 3747 356; x_wconf 79' lang='grc'><strong>180</strong></span> 
     </span>
    </p>
   </div>
   <div class='ocr_carea' id='block_1_4' title="bbox 475 423 3743 504">
    <p class='ocr_par' dir='ltr' id='par_1_4' title="bbox 475 423 3743 504">
     <span class='ocr_line' id='line_1_4' title="bbox 475 423 3743 504; baseline -0.004 -15"><span class='ocrx_word' id='word_1_8' title='bbox 475 435 607 490; x_wconf 76' lang='lat' dir='ltr'><strong>Usus</strong></span> <span class='ocrx_word' id='word_1_9' title='bbox 630 438 728 504; x_wconf 75' lang='lat' dir='ltr'><strong>fuit</strong></span> <span class='ocrx_word' id='word_1_10' title='bbox 776 440 1001 491; x_wconf 80' lang='lat' dir='ltr'><strong>rersl&#39;one</strong></span> <span class='ocrx_word' id='word_1_11' title='bbox 1040 436 1186 490; x_wconf 75' lang='lat' dir='ltr'><strong><em>LXX</em></strong></span> <span class='ocrx_word' id='word_1_12' title='bbox 1227 438 1573 499; x_wconf 72' lang='lat' dir='ltr'><strong>intcrpremm.</strong></span> <span class='ocrx_word' id='word_1_13' title='bbox 1602 466 1668 474; x_wconf 90' lang='lat'><strong>—-—</strong></span> <span class='ocrx_word' id='word_1_14' title='bbox 1697 433 1927 488; x_wconf 89' lang='lat' dir='ltr'><strong>Sanctus</strong></span> <span class='ocrx_word' id='word_1_15' title='bbox 1956 442 1997 494; x_wconf 80' lang='grc' dir='ltr'>Α</span> <span class='ocrx_word' id='word_1_16' title='bbox 2028 433 2223 488; x_wconf 97' lang='lat' dir='ltr'><strong>fatetur</strong></span> <span class='ocrx_word' id='word_1_17' title='bbox 2249 436 2303 487; x_wconf 89' lang='lat' dir='ltr'><strong>in</strong></span> <span class='ocrx_word' id='word_1_18' title='bbox 2338 432 2676 503; x_wconf 79' lang='lat' dir='ltr'><strong>praefatione,</strong></span> <span class='ocrx_word' id='word_1_19' title='bbox 2704 440 2760 485; x_wconf 84' lang='lat' dir='ltr'><strong>et</strong></span> <span class='ocrx_word' id='word_1_20' title='bbox 2786 432 3029 485; x_wconf 73' lang='lat' dir='ltr'><strong>litteras</strong></span> <span class='ocrx_word' id='word_1_21' title='bbox 3059 423 3417 481; x_wconf 76' lang='lat' dir='ltr'><strong>vetustate</strong></span> <span class='ocrx_word' id='word_1_22' title='bbox 3484 427 3703 467; x_wconf 77' lang='lat' dir='ltr'><strong>exesas</strong></span> <span class='ocrx_word' id='word_1_23' title='bbox 3727 456 3743 477; x_wconf 72' lang='grc' dir='ltr'><strong>ν</strong></span> 
     </span>
    </p>
   </div>
   <div class='ocr_carea' id='block_1_5' title="bbox 400 524 1920 596">
    <p class='ocr_par' dir='ltr' id='par_1_5' title="bbox 400 524 1920 596">
     <span class='ocr_line' id='line_1_5' title="bbox 400 524 1920 596; baseline -0.001 -20"><span class='ocrx_word' id='word_1_24' title='bbox 400 526 649 580; x_wconf 82' lang='lat' dir='ltr'><strong>Clemens</strong></span> <span class='ocrx_word' id='word_1_25' title='bbox 681 528 1023 596; x_wconf 80' lang='lat' dir='ltr'><strong>Septuaginta</strong></span> <span class='ocrx_word' id='word_1_26' title='bbox 1071 526 1416 593; x_wconf 88' lang='lat' dir='ltr'><strong>Iuterpretum</strong></span> <span class='ocrx_word' id='word_1_27' title='bbox 1449 527 1699 580; x_wconf 80' lang='lat' dir='ltr'><strong>versione</strong></span> <span class='ocrx_word' id='word_1_28' title='bbox 1731 526 1783 577; x_wconf 93' lang='lat' dir='ltr'><strong>in</strong></span> <span class='ocrx_word' id='word_1_29' title='bbox 1816 524 1920 590; x_wconf 89' lang='lat' dir='ltr'><strong>epi-</strong></span> 
     </span>
    </p>
   </div>
   <div class='ocr_carea' id='block_1_6' title="bbox 402 613 1928 682">
    <p class='ocr_par' dir='ltr' id='par_1_6' title="bbox 402 613 1928 682">
     <span class='ocr_line' id='line_1_6' title="bbox 402 613 1928 682; baseline -0.001 -15"><span class='ocrx_word' id='word_1_30' title='bbox 402 616 557 667; x_wconf 86' lang='lat' dir='ltr'><strong>stolis</strong></span> <span class='ocrx_word' id='word_1_31' title='bbox 601 617 713 669; x_wconf 86' lang='lat' dir='ltr'><strong>suis</strong></span> <span class='ocrx_word' id='word_1_32' title='bbox 767 618 956 682; x_wconf 88' lang='lat' dir='ltr'><strong>utitur;</strong></span> <span class='ocrx_word' id='word_1_33' title='bbox 1010 630 1190 668; x_wconf 89' lang='lat' dir='ltr'><strong>verum</strong></span> <span class='ocrx_word' id='word_1_34' title='bbox 1242 615 1557 682; x_wconf 83' lang='lat' dir='ltr'><strong>plerumque</strong></span> <span class='ocrx_word' id='word_1_35' title='bbox 1600 613 1928 667; x_wconf 81' lang='lat' dir='ltr'><strong>sententiam</strong></span> 
     </span>
    </p>
   </div>
   <div class='ocr_carea' id='block_1_7' title="bbox 404 702 1931 775">
    <p class='ocr_par' dir='ltr' id='par_1_7' title="bbox 404 702 1931 775">
     <span class='ocr_line' id='line_1_7' title="bbox 404 702 1931 775; baseline -0.001 -18"><span class='ocrx_word' id='word_1_36' title='bbox 404 707 602 772; x_wconf 82' lang='lat' dir='ltr'><strong>potius,</strong></span> <span class='ocrx_word' id='word_1_37' title='bbox 626 721 785 775; x_wconf 89' lang='lat' dir='ltr'><strong>quam</strong></span> <span class='ocrx_word' id='word_1_38' title='bbox 812 708 970 760; x_wconf 86' lang='lat' dir='ltr'><strong>verba</strong></span> <span class='ocrx_word' id='word_1_39' title='bbox 1000 706 1111 774; x_wconf 85' lang='lat' dir='ltr'><strong>ipsa</strong></span> <span class='ocrx_word' id='word_1_40' title='bbox 1141 711 1501 772; x_wconf 70' lang='lat' dir='ltr'><strong>repraesentat.</strong></span> <span class='ocrx_word' id='word_1_41' title='bbox 1530 702 1782 756; x_wconf 90' lang='lat' dir='ltr'><strong>Invidiam</strong></span> <span class='ocrx_word' id='word_1_42' title='bbox 1806 716 1931 755; x_wconf 88' lang='lat' dir='ltr'><strong>vero</strong></span> 
     </span>
    </p>
   </div>
   <div class='ocr_carea' id='block_1_8' title="bbox 404 790 1930 848">
    <p class='ocr_par' dir='ltr' id='par_1_8' title="bbox 404 790 1930 848">
     <span class='ocr_line' id='line_1_8' title="bbox 404 790 1930 848; baseline -0.002 -4"><span class='ocrx_word' id='word_1_43' title='bbox 404 808 829 848; x_wconf 67' lang='lat' dir='ltr'><strong>commemorans</strong></span> <span class='ocrx_word' id='word_1_44' title='bbox 864 795 917 847; x_wconf 92' lang='lat' dir='ltr'><strong>in</strong></span> <span class='ocrx_word' id='word_1_45' title='bbox 947 794 1203 846; x_wconf 80' lang='lat' dir='ltr'><strong>Aaroncm</strong></span> <span class='ocrx_word' id='word_1_46' title='bbox 1218 793 1287 846; x_wconf 91' lang='lat' dir='ltr'><strong>ob</strong></span> <span class='ocrx_word' id='word_1_47' title='bbox 1309 792 1664 846; x_wconf 88' lang='lat' dir='ltr'><strong>sacerdotium</strong></span> <span class='ocrx_word' id='word_1_48' title='bbox 1694 790 1930 842; x_wconf 85' lang='lat' dir='ltr'><strong>concita-</strong></span> 
     </span>
    </p>
   </div>
   <div class='ocr_carea' id='block_1_9' title="bbox 404 876 1933 950">
    <p class='ocr_par' dir='ltr' id='par_1_9' title="bbox 404 876 1933 950">
     <span class='ocr_line' id='line_1_9' title="bbox 404 876 1933 950; baseline -0.003 -19"><span class='ocrx_word' id='word_1_49' title='bbox 404 889 537 942; x_wconf 88' lang='lat' dir='ltr'><strong>tam,</strong></span> <span class='ocrx_word' id='word_1_50' title='bbox 569 883 840 950; x_wconf 84' lang='lat' dir='ltr'><strong>complura</strong></span> <span class='ocrx_word' id='word_1_51' title='bbox 866 881 1044 941; x_wconf 85' lang='lat' dir='ltr'><strong>rel‘ert,</strong></span> <span class='ocrx_word' id='word_1_52' title='bbox 1072 894 1188 947; x_wconf 69' lang='lat' dir='ltr'><strong>qua:</strong></span> <span class='ocrx_word' id='word_1_53' title='bbox 1216 879 1271 931; x_wconf 92' lang='lat' dir='ltr'><strong>in</strong></span> <span class='ocrx_word' id='word_1_54' title='bbox 1296 878 1645 931; x_wconf 87' lang='lat' dir='ltr'><strong>Numerorum</strong></span> <span class='ocrx_word' id='word_1_55' title='bbox 1675 876 1812 929; x_wconf 89' lang='lat' dir='ltr'><strong>libro</strong></span> <span class='ocrx_word' id='word_1_56' title='bbox 1827 890 1933 928; x_wconf 90' lang='lat' dir='ltr'><strong>non</strong></span> 
     </span>
    </p>
   </div>
   <div class='ocr_carea' id='block_1_10' title="bbox 405 967 1936 1040">
    <p class='ocr_par' dir='ltr' id='par_1_10' title="bbox 405 967 1936 1040">
     <span class='ocr_line' id='line_1_10' title="bbox 405 967 1936 1040; baseline -0.005 -16"><span class='ocrx_word' id='word_1_57' title='bbox 405 972 673 1040; x_wconf 82' lang='lat' dir='ltr'><strong>leguntur.</strong></span> <span class='ocrx_word' id='word_1_58' title='bbox 706 970 885 1038; x_wconf 83' lang='lat' dir='ltr'><strong>Itaque</strong></span> <span class='ocrx_word' id='word_1_59' title='bbox 912 984 941 1022; x_wconf 89' lang='lat' dir='ltr'><strong>e</strong></span> <span class='ocrx_word' id='word_1_60' title='bbox 966 969 1265 1022; x_wconf 69' lang='lat' dir='ltr'><strong>Judaeorum</strong></span> <span class='ocrx_word' id='word_1_61' title='bbox 1304 967 1587 1020; x_wconf 90' lang='lat' dir='ltr'><strong>traditione</strong></span> <span class='ocrx_word' id='word_1_62' title='bbox 1619 967 1686 1019; x_wconf 85' lang='lat' dir='ltr'><strong>ab</strong></span> <span class='ocrx_word' id='word_1_63' title='bbox 1706 980 1769 1019; x_wconf 90' lang='lat' dir='ltr'><strong>eo</strong></span> <span class='ocrx_word' id='word_1_64' title='bbox 1789 978 1936 1017; x_wconf 86' lang='lat' dir='ltr'><strong>acce-</strong></span> 
     </span>
    </p>
   </div>
   <div class='ocr_carea' id='block_1_11' title="bbox 407 1054 1935 1129">
    <p class='ocr_par' dir='ltr' id='par_1_11' title="bbox 407 1054 1935 1129">
     <span class='ocr_line' id='line_1_11' title="bbox 407 1054 1935 1129; baseline -0.003 -16"><span class='ocrx_word' id='word_1_65' title='bbox 407 1072 494 1129; x_wconf 86' lang='lat' dir='ltr'><strong>pta</strong></span> <span class='ocrx_word' id='word_1_66' title='bbox 523 1061 685 1114; x_wconf 83' lang='lat' dir='ltr'><strong>fuisse</strong></span> <span class='ocrx_word' id='word_1_67' title='bbox 713 1059 1112 1123; x_wconf 78' lang='lat' dir='ltr'><strong>existimamus;</strong></span> <span class='ocrx_word' id='word_1_68' title='bbox 1141 1057 1586 1126; x_wconf 87' lang='lat' dir='ltr'><strong>quemadmodum</strong></span> <span class='ocrx_word' id='word_1_69' title='bbox 1618 1063 1669 1109; x_wconf 90' lang='lat' dir='ltr'><strong>et</strong></span> <span class='ocrx_word' id='word_1_70' title='bbox 1696 1055 1838 1123; x_wconf 89' lang='lat' dir='ltr'><strong>quod</strong></span> <span class='ocrx_word' id='word_1_71' title='bbox 1870 1054 1935 1108; x_wconf 90' lang='lat' dir='ltr'><strong>de</strong></span> 
     </span>
    </p>
   </div>
   <div class='ocr_carea' id='block_1_12' title="bbox 406 1145 1935 1218">
    <p class='ocr_par' dir='ltr' id='par_1_12' title="bbox 406 1145 1935 1218">
     <span class='ocr_line' id='line_1_12' title="bbox 406 1145 1935 1218; baseline -0.005 -13"><span class='ocrx_word' id='word_1_72' title='bbox 406 1152 797 1211; x_wconf 80' lang='lat' dir='ltr'><strong>llahabhabet,</strong></span> <span class='ocrx_word' id='word_1_73' title='bbox 830 1164 945 1205; x_wconf 89' lang='lat' dir='ltr'><strong>eam</strong></span> <span class='ocrx_word' id='word_1_74' title='bbox 975 1150 1041 1203; x_wconf 91' lang='lat' dir='ltr'><strong>de</strong></span> <span class='ocrx_word' id='word_1_75' title='bbox 1078 1149 1474 1218; x_wconf 77' lang='lat' dir='ltr'><strong>exploratorum</strong></span> <span class='ocrx_word' id='word_1_76' title='bbox 1520 1146 1605 1201; x_wconf 86' lang='lat' dir='ltr'><strong>via</strong></span> <span class='ocrx_word' id='word_1_77' title='bbox 1629 1145 1736 1215; x_wconf 69' lang='grc'><strong>(74)</strong></span> <span class='ocrx_word' id='word_1_78' title='bbox 1768 1146 1935 1198; x_wconf 91' lang='lat' dir='ltr'><strong>inter-</strong></span> 
     </span>
    </p>
   </div>
   <div class='ocr_carea' id='block_1_13' title="bbox 408 1234 1935 1309">
    <p class='ocr_par' dir='ltr' id='par_1_13' title="bbox 408 1234 1935 1309">
     <span class='ocr_line' id='line_1_13' title="bbox 408 1234 1935 1309; baseline -0.005 -15"><span class='ocrx_word' id='word_1_79' title='bbox 408 1250 671 1309; x_wconf 82' lang='lat' dir='ltr'><strong>rogatam,</strong></span> <span class='ocrx_word' id='word_1_80' title='bbox 704 1241 857 1308; x_wconf 88' lang='lat' dir='ltr'><strong>longe</strong></span> <span class='ocrx_word' id='word_1_81' title='bbox 906 1240 1064 1292; x_wconf 86' lang='lat' dir='ltr'><strong>aliam</strong></span> <span class='ocrx_word' id='word_1_82' title='bbox 1095 1240 1494 1292; x_wconf 83' lang='lat' dir='ltr'><strong>demonstrasse</strong></span> <span class='ocrx_word' id='word_1_83' title='bbox 1524 1237 1590 1290; x_wconf 88' lang='lat' dir='ltr'><strong>ab</strong></span> <span class='ocrx_word' id='word_1_84' title='bbox 1615 1251 1701 1298; x_wconf 89' lang='lat' dir='ltr'><strong>ea,</strong></span> <span class='ocrx_word' id='word_1_85' title='bbox 1730 1251 1834 1304; x_wconf 90' lang='lat' dir='ltr'><strong>qua</strong></span> <span class='ocrx_word' id='word_1_86' title='bbox 1860 1234 1935 1287; x_wconf 84' lang='lat' dir='ltr'><strong>illi</strong></span> 
     </span>
    </p>
   </div>
   <div class='ocr_carea' id='block_1_14' title="bbox 406 1325 1938 1399">
    <p class='ocr_par' dir='ltr' id='par_1_14' title="bbox 406 1325 1938 1399">
     <span class='ocr_line' id='line_1_14' title="bbox 406 1325 1938 1399; baseline -0.005 -16"><span class='ocrx_word' id='word_1_87' title='bbox 406 1330 629 1385; x_wconf 84' lang='lat' dir='ltr'><strong>redituri</strong></span> <span class='ocrx_word' id='word_1_88' title='bbox 665 1338 843 1395; x_wconf 88' lang='lat' dir='ltr'><strong>erant;</strong></span> <span class='ocrx_word' id='word_1_89' title='bbox 887 1329 1030 1399; x_wconf 89' lang='lat' dir='ltr'><strong>quod</strong></span> <span class='ocrx_word' id='word_1_90' title='bbox 1079 1330 1134 1382; x_wconf 92' lang='lat' dir='ltr'><strong>in</strong></span> <span class='ocrx_word' id='word_1_91' title='bbox 1181 1328 1320 1382; x_wconf 90' lang='lat' dir='ltr'><strong>libro</strong></span> <span class='ocrx_word' id='word_1_92' title='bbox 1365 1326 1546 1388; x_wconf 77' lang='lat' dir='ltr'><strong>Josue,</strong></span> <span class='ocrx_word' id='word_1_93' title='bbox 1585 1325 1676 1379; x_wconf 87' lang='lat' dir='ltr'><strong>ubi</strong></span> <span class='ocrx_word' id='word_1_94' title='bbox 1713 1325 1938 1379; x_wconf 85' lang='lat' dir='ltr'><strong>historia</strong></span> 
     </span>
    </p>
   </div>
   <div class='ocr_carea' id='block_1_15' title="bbox 408 1415 1937 1482">
    <p class='ocr_par' dir='ltr' id='par_1_15' title="bbox 408 1415 1937 1482">
     <span class='ocr_line' id='line_1_15' title="bbox 408 1415 1937 1482; baseline -0.005 -9"><span class='ocrx_word' id='word_1_95' title='bbox 408 1421 519 1473; x_wconf 69' lang='lat' dir='ltr'><strong>haec</strong></span> <span class='ocrx_word' id='word_1_96' title='bbox 550 1420 891 1482; x_wconf 86' lang='lat' dir='ltr'><strong>describitur,</strong></span> <span class='ocrx_word' id='word_1_97' title='bbox 927 1420 1147 1473; x_wconf 88' lang='lat' dir='ltr'><strong>minime</strong></span> <span class='ocrx_word' id='word_1_98' title='bbox 1190 1418 1447 1472; x_wconf 89' lang='lat' dir='ltr'><strong>occurrit.</strong></span> <span class='ocrx_word' id='word_1_99' title='bbox 1491 1415 1760 1470; x_wconf 84' lang='lat' dir='ltr'><strong>Hactenus</strong></span> <span class='ocrx_word' id='word_1_100' title='bbox 1788 1431 1839 1468; x_wconf 92' lang='lat' dir='ltr'><strong>v.</strong></span> <span class='ocrx_word' id='word_1_101' title='bbox 1867 1415 1937 1467; x_wconf 91' lang='lat' dir='ltr'><strong>cl.</strong></span> 
     </span>
    </p>
   </div>
   <div class='ocr_carea' id='block_1_16' title="bbox 407 1503 1941 1578">
    <p class='ocr_par' dir='ltr' id='par_1_16' title="bbox 407 1503 1941 1578">
     <span class='ocr_line' id='line_1_16' title="bbox 407 1503 1941 1578; baseline -0.005 -16"><span class='ocrx_word' id='word_1_102' title='bbox 407 1508 558 1564; x_wconf 78' lang='lat' dir='ltr'><strong>Remi</strong></span> <span class='ocrx_word' id='word_1_103' title='bbox 588 1509 820 1564; x_wconf 85' lang='lat' dir='ltr'><strong>Ceillier.</strong></span> <span class='ocrx_word' id='word_1_104' title='bbox 860 1509 1056 1563; x_wconf 81' lang='lat' dir='ltr'><strong>Verum</strong></span> <span class='ocrx_word' id='word_1_105' title='bbox 1080 1507 1220 1578; x_wconf 86' lang='lat' dir='ltr'><strong>quod</strong></span> <span class='ocrx_word' id='word_1_106' title='bbox 1250 1508 1316 1562; x_wconf 90' lang='lat' dir='ltr'><strong>de</strong></span> <span class='ocrx_word' id='word_1_107' title='bbox 1342 1507 1428 1561; x_wconf 92' lang='lat' dir='ltr'><strong>via</strong></span> <span class='ocrx_word' id='word_1_108' title='bbox 1456 1504 1728 1561; x_wconf 89' lang='lat' dir='ltr'><strong>contraria</strong></span> <span class='ocrx_word' id='word_1_109' title='bbox 1758 1503 1941 1571; x_wconf 84' lang='lat' dir='ltr'><strong>explo-</strong></span> 
     </span>
    </p>
   </div>
   <div class='ocr_carea' id='block_1_17' title="bbox 406 1592 1942 1662">
    <p class='ocr_par' dir='ltr' id='par_1_17' title="bbox 406 1592 1942 1662">
     <span class='ocr_line' id='line_1_17' title="bbox 406 1592 1942 1662; baseline -0.007 -6"><span class='ocrx_word' id='word_1_110' title='bbox 406 1603 678 1656; x_wconf 85' lang='lat' dir='ltr'><strong>ratoribus</strong></span> <span class='ocrx_word' id='word_1_111' title='bbox 714 1616 745 1654; x_wconf 93' lang='lat' dir='ltr'><strong>a</strong></span> <span class='ocrx_word' id='word_1_112' title='bbox 783 1600 970 1655; x_wconf 80' lang='lat' dir='ltr'><strong>Bahab</strong></span> <span class='ocrx_word' id='word_1_113' title='bbox 995 1600 1380 1662; x_wconf 86' lang='lat' dir='ltr'><strong>demonstrata,</strong></span> <span class='ocrx_word' id='word_1_114' title='bbox 1424 1613 1490 1652; x_wconf 87' lang='lat' dir='ltr'><strong>ex</strong></span> <span class='ocrx_word' id='word_1_115' title='bbox 1533 1609 1754 1652; x_wconf 88' lang='lat' dir='ltr'><strong>erronea</strong></span> <span class='ocrx_word' id='word_1_116' title='bbox 1795 1592 1942 1647; x_wconf 87' lang='lat' dir='ltr'><strong>Junii</strong></span> 
     </span>
    </p>
   </div>
   <div class='ocr_carea' id='block_1_18' title="bbox 408 1683 1941 1760">
    <p class='ocr_par' dir='ltr' id='par_1_18' title="bbox 408 1683 1941 1760">
     <span class='ocr_line' id='line_1_18' title="bbox 408 1683 1941 1760; baseline -0.008 -12"><span class='ocrx_word' id='word_1_117' title='bbox 408 1693 636 1748; x_wconf 80' lang='lat' dir='ltr'><strong>lectione</strong></span> <span class='ocrx_word' id='word_1_118' title='bbox 667 1692 827 1760; x_wconf 89' lang='lat' dir='ltr'><strong>hujus</strong></span> <span class='ocrx_word' id='word_1_119' title='bbox 856 1690 1174 1745; x_wconf 89' lang='lat' dir='ltr'><strong>Clementini</strong></span> <span class='ocrx_word' id='word_1_120' title='bbox 1205 1689 1309 1744; x_wconf 88' lang='lat' dir='ltr'><strong>loci</strong></span> <span class='ocrx_word' id='word_1_121' title='bbox 1340 1685 1705 1756; x_wconf 80' lang='lat' dir='ltr'><strong>deprompsit;</strong></span> <span class='ocrx_word' id='word_1_122' title='bbox 1747 1683 1941 1737; x_wconf 84' lang='lat' dir='ltr'><strong>Junius</strong></span> 
     </span>
    </p>
   </div>
   <div class='ocr_carea' id='block_1_19' title="bbox 2030 504 3744 591">
    <p class='ocr_par' dir='ltr' id='par_1_19' title="bbox 2030 504 3744 591">
     <span class='ocr_line' id='line_1_19' title="bbox 2030 504 3744 591; baseline -0.012 -16"><span class='ocrx_word' id='word_1_123' title='bbox 2030 525 2219 591; x_wconf 73' lang='lat' dir='ltr'><strong>spatiis</strong></span> <span class='ocrx_word' id='word_1_124' title='bbox 2257 532 2311 577; x_wconf 91' lang='lat' dir='ltr'><strong>et</strong></span> <span class='ocrx_word' id='word_1_125' title='bbox 2365 522 2672 576; x_wconf 85' lang='lat' dir='ltr'><strong>interstitiis</strong></span> <span class='ocrx_word' id='word_1_126' title='bbox 2699 517 3172 574; x_wconf 78' lang='lat' dir='ltr'><strong>accuratissime</strong></span> <span class='ocrx_word' id='word_1_127' title='bbox 3230 504 3573 564; x_wconf 84' lang='lat' dir='ltr'><strong>dimensis</strong></span> <span class='ocrx_word' id='word_1_128' title='bbox 3609 520 3744 573; x_wconf 84' lang='lat' dir='ltr'><strong>sup-</strong></span> 
     </span>
    </p>
   </div>
   <div class='ocr_carea' id='block_1_20' title="bbox 2031 595 3747 680">
    <p class='ocr_par' dir='ltr' id='par_1_20' title="bbox 2031 595 3747 680">
     <span class='ocr_line' id='line_1_20' title="bbox 2031 595 3747 680; baseline -0.013 -16"><span class='ocrx_word' id='word_1_129' title='bbox 2031 612 2213 680; x_wconf 87' lang='lat' dir='ltr'><strong>plevit,</strong></span> <span class='ocrx_word' id='word_1_130' title='bbox 2244 620 2298 667; x_wconf 91' lang='lat' dir='ltr'><strong>et</strong></span> <span class='ocrx_word' id='word_1_131' title='bbox 2338 613 2506 666; x_wconf 90' lang='lat' dir='ltr'><strong>minio</strong></span> <span class='ocrx_word' id='word_1_132' title='bbox 2536 611 2703 664; x_wconf 85' lang='lat' dir='ltr'><strong>rubro</strong></span> <span class='ocrx_word' id='word_1_133' title='bbox 2736 608 3009 670; x_wconf 72' lang='lat' dir='ltr'><strong>notavit;</strong></span> <span class='ocrx_word' id='word_1_134' title='bbox 3038 618 3118 657; x_wconf 90' lang='lat' dir='ltr'><strong>eo</strong></span> <span class='ocrx_word' id='word_1_135' title='bbox 3168 598 3512 654; x_wconf 87' lang='lat' dir='ltr'><strong>nimirum</strong></span> <span class='ocrx_word' id='word_1_136' title='bbox 3550 595 3747 646; x_wconf 83' lang='lat' dir='ltr'><strong>consi-</strong></span> 
     </span>
    </p>
   </div>
   <div class='ocr_carea' id='block_1_21' title="bbox 2032 685 3749 772">
    <p class='ocr_par' dir='ltr' id='par_1_21' title="bbox 2032 685 3749 772">
     <span class='ocr_line' id='line_1_21' title="bbox 2032 685 3749 772; baseline -0.01 -18"><span class='ocrx_word' id='word_1_137' title='bbox 2032 702 2104 755; x_wconf 90' lang='lat' dir='ltr'><strong>lio</strong></span> <span class='ocrx_word' id='word_1_138' title='bbox 2128 742 2141 764; x_wconf 93' lang='lat'><strong>,</strong></span> <span class='ocrx_word' id='word_1_139' title='bbox 2174 710 2231 754; x_wconf 91' lang='lat' dir='ltr'><strong>ut</strong></span> <span class='ocrx_word' id='word_1_140' title='bbox 2260 719 2378 772; x_wconf 74' lang='lat' dir='ltr'><strong>qua:</strong></span> <span class='ocrx_word' id='word_1_141' title='bbox 2410 704 2464 757; x_wconf 92' lang='lat' dir='ltr'><strong>in</strong></span> <span class='ocrx_word' id='word_1_142' title='bbox 2496 702 2698 756; x_wconf 90' lang='lat' dir='ltr'><strong>laceris</strong></span> <span class='ocrx_word' id='word_1_143' title='bbox 2717 696 3092 754; x_wconf 83' lang='lat' dir='ltr'><strong>membranis</strong></span> <span class='ocrx_word' id='word_1_144' title='bbox 3125 686 3479 758; x_wconf 88' lang='lat' dir='ltr'><strong>temporis</strong></span> <span class='ocrx_word' id='word_1_145' title='bbox 3531 685 3749 754; x_wconf 79' lang='lat' dir='ltr'><strong>injuria</strong></span> 
     </span>
    </p>
   </div>
   <div class='ocr_carea' id='block_1_22' title="bbox 2032 775 3749 861">
    <p class='ocr_par' dir='ltr' id='par_1_22' title="bbox 2032 775 3749 861">
     <span class='ocr_line' id='line_1_22' title="bbox 2032 775 3749 861; baseline -0.013 -16"><span class='ocrx_word' id='word_1_146' title='bbox 2032 802 2350 861; x_wconf 85' lang='lat' dir='ltr'><strong>consumpta</strong></span> <span class='ocrx_word' id='word_1_147' title='bbox 2377 792 2862 851; x_wconf 82' lang='lat' dir='ltr'><strong>desiderabantur,</strong></span> <span class='ocrx_word' id='word_1_148' title='bbox 2891 788 2969 840; x_wconf 89' lang='lat' dir='ltr'><strong>ab</strong></span> <span class='ocrx_word' id='word_1_149' title='bbox 3002 786 3109 848; x_wconf 90' lang='lat' dir='ltr'><strong>iis,</strong></span> <span class='ocrx_word' id='word_1_150' title='bbox 3156 794 3321 849; x_wconf 75' lang='lat' dir='ltr'><strong>qua:</strong></span> <span class='ocrx_word' id='word_1_151' title='bbox 3366 775 3619 835; x_wconf 84' lang='lat' dir='ltr'><strong>addita,</strong></span> <span class='ocrx_word' id='word_1_152' title='bbox 3667 776 3749 825; x_wconf 84' lang='lat' dir='ltr'><strong>vel</strong></span> 
     </span>
    </p>
   </div>
   <div class='ocr_carea' id='block_1_23' title="bbox 2034 864 3753 950">
    <p class='ocr_par' dir='ltr' id='par_1_23' title="bbox 2034 864 3753 950">
     <span class='ocr_line' id='line_1_23' title="bbox 2034 864 3753 950; baseline -0.01 -15"><span class='ocrx_word' id='word_1_153' title='bbox 2034 883 2272 950; x_wconf 88' lang='lat' dir='ltr'><strong>suppleta</strong></span> <span class='ocrx_word' id='word_1_154' title='bbox 2297 882 2516 943; x_wconf 81' lang='lat' dir='ltr'><strong>fuerint,</strong></span> <span class='ocrx_word' id='word_1_155' title='bbox 2546 882 2777 935; x_wconf 87' lang='lat' dir='ltr'><strong>lectores</strong></span> <span class='ocrx_word' id='word_1_156' title='bbox 2811 864 3059 931; x_wconf 82' lang='lat' dir='ltr'><strong>facilius</strong></span> <span class='ocrx_word' id='word_1_157' title='bbox 3088 874 3572 929; x_wconf 87' lang='lat' dir='ltr'><strong>secernerent.</strong></span> <span class='ocrx_word' id='word_1_158' title='bbox 3614 864 3753 928; x_wconf 76' lang='lat' dir='ltr'><strong>Quzc</strong></span> 
     </span>
    </p>
   </div>
   <div class='ocr_carea' id='block_1_24' title="bbox 2035 954 3749 1038">
    <p class='ocr_par' dir='ltr' id='par_1_24' title="bbox 2035 954 3749 1038">
     <span class='ocr_line' id='line_1_24' title="bbox 2035 954 3749 1038; baseline -0.01 -16"><span class='ocrx_word' id='word_1_159' title='bbox 2035 969 2247 1035; x_wconf 87' lang='lat' dir='ltr'><strong>quidem</strong></span> <span class='ocrx_word' id='word_1_160' title='bbox 2276 971 2646 1038; x_wconf 86' lang='lat' dir='ltr'><strong>supplementa</strong></span> <span class='ocrx_word' id='word_1_161' title='bbox 2679 966 2925 1020; x_wconf 87' lang='lat' dir='ltr'><strong>Juniana</strong></span> <span class='ocrx_word' id='word_1_162' title='bbox 2968 960 3397 1033; x_wconf 83' lang='lat' dir='ltr'><strong>posteriores</strong></span> <span class='ocrx_word' id='word_1_163' title='bbox 3453 954 3749 1015; x_wconf 82' lang='lat' dir='ltr'><strong>editores,</strong></span> 
     </span>
    </p>
   </div>
   <div class='ocr_carea' id='block_1_25' title="bbox 2037 1043 3750 1128">
    <p class='ocr_par' dir='ltr' id='par_1_25' title="bbox 2037 1043 3750 1128">
     <span class='ocr_line' id='line_1_25' title="bbox 2037 1043 3750 1128; baseline -0.011 -16"><span class='ocrx_word' id='word_1_164' title='bbox 2037 1060 2393 1113; x_wconf 83' lang='lat' dir='ltr'><strong>utuncinulis</strong></span> <span class='ocrx_word' id='word_1_165' title='bbox 2425 1061 2613 1113; x_wconf 88' lang='lat' dir='ltr'><strong>clausa</strong></span> <span class='ocrx_word' id='word_1_166' title='bbox 2648 1059 2795 1128; x_wconf 83' lang='lat' dir='ltr'><strong>typis</strong></span> <span class='ocrx_word' id='word_1_167' title='bbox 2851 1055 3433 1125; x_wconf 85' lang='lat' dir='ltr'><strong>imprimerentur,</strong></span> <span class='ocrx_word' id='word_1_168' title='bbox 3495 1043 3750 1112; x_wconf 85' lang='lat' dir='ltr'><strong>diligen-</strong></span> 
     </span>
    </p>
   </div>
   <div class='ocr_carea' id='block_1_26' title="bbox 2036 1130 3751 1216">
    <p class='ocr_par' dir='ltr' id='par_1_26' title="bbox 2036 1130 3751 1216">
     <span class='ocr_line' id='line_1_26' title="bbox 2036 1130 3751 1216; baseline -0.01 -15"><span class='ocrx_word' id='word_1_169' title='bbox 2036 1155 2119 1201; x_wconf 90' lang='lat' dir='ltr'><strong>ter</strong></span> <span class='ocrx_word' id='word_1_170' title='bbox 2150 1156 2429 1201; x_wconf 88' lang='lat' dir='ltr'><strong>cnrarunt.</strong></span> <span class='ocrx_word' id='word_1_171' title='bbox 2464 1148 2656 1216; x_wconf 82' lang='lat' dir='ltr'><strong>Magna</strong></span> <span class='ocrx_word' id='word_1_172' title='bbox 2713 1149 3043 1208; x_wconf 74' lang='lat' dir='ltr'><strong>enimvero,</strong></span> <span class='ocrx_word' id='word_1_173' title='bbox 3097 1150 3162 1196; x_wconf 92' lang='lat' dir='ltr'><strong>et</strong></span> <span class='ocrx_word' id='word_1_174' title='bbox 3224 1134 3570 1192; x_wconf 83' lang='lat' dir='ltr'><strong>laudanda</strong></span> <span class='ocrx_word' id='word_1_175' title='bbox 3599 1130 3751 1186; x_wconf 83' lang='lat' dir='ltr'><strong>Junii</strong></span> 
     </span>
    </p>
   </div>
   <div class='ocr_carea' id='block_1_27' title="bbox 2038 1234 3752 1310">
    <p class='ocr_par' dir='ltr' id='par_1_27' title="bbox 2038 1234 3752 1310">
     <span class='ocr_line' id='line_1_27' title="bbox 2038 1234 3752 1310; baseline -0.009 -15"><span class='ocrx_word' id='word_1_176' title='bbox 2038 1242 2279 1304; x_wconf 89' lang='lat' dir='ltr'><strong>solertia,</strong></span> <span class='ocrx_word' id='word_1_177' title='bbox 2310 1242 2355 1295; x_wconf 91' lang='lat' dir='ltr'><strong>si</strong></span> <span class='ocrx_word' id='word_1_178' title='bbox 2390 1240 2521 1295; x_wconf 83' lang='lat' dir='ltr'><strong>fides</strong></span> <span class='ocrx_word' id='word_1_179' title='bbox 2546 1242 2648 1310; x_wconf 90' lang='lat' dir='ltr'><strong>ipsi</strong></span> <span class='ocrx_word' id='word_1_180' title='bbox 2680 1238 3040 1294; x_wconf 89' lang='lat' dir='ltr'><strong>adhibenda.</strong></span> <span class='ocrx_word' id='word_1_181' title='bbox 3084 1234 3344 1289; x_wconf 83' lang='lat' dir='ltr'><strong>Verum</strong></span> <span class='ocrx_word' id='word_1_182' title='bbox 3386 1241 3585 1284; x_wconf 83' lang='lat' dir='ltr'><strong>secus</strong></span> <span class='ocrx_word' id='word_1_183' title='bbox 3631 1241 3752 1281; x_wconf 82' lang='lat' dir='ltr'><strong>sen-</strong></span> 
     </span>
    </p>
   </div>
   <div class='ocr_carea' id='block_1_28' title="bbox 2039 1318 3747 1400">
    <p class='ocr_par' dir='ltr' id='par_1_28' title="bbox 2039 1318 3747 1400">
     <span class='ocr_line' id='line_1_28' title="bbox 2039 1318 3747 1400; baseline -0.01 -15"><span class='ocrx_word' id='word_1_184' title='bbox 2039 1332 2181 1385; x_wconf 88' lang='lat' dir='ltr'><strong>tiunt</strong></span> <span class='ocrx_word' id='word_1_185' title='bbox 2205 1333 2270 1386; x_wconf 90' lang='lat' dir='ltr'><strong>de</strong></span> <span class='ocrx_word' id='word_1_186' title='bbox 2297 1348 2382 1395; x_wconf 89' lang='lat' dir='ltr'><strong>eo,</strong></span> <span class='ocrx_word' id='word_1_187' title='bbox 2411 1331 2586 1400; x_wconf 85' lang='lat' dir='ltr'><strong>deque</strong></span> <span class='ocrx_word' id='word_1_188' title='bbox 2616 1331 2739 1399; x_wconf 87' lang='lat' dir='ltr'><strong>ejus</strong></span> <span class='ocrx_word' id='word_1_189' title='bbox 2771 1331 2977 1383; x_wconf 80' lang='lat' dir='ltr'><strong>labore</strong></span> <span class='ocrx_word' id='word_1_190' title='bbox 3028 1327 3093 1380; x_wconf 88' lang='lat' dir='ltr'><strong>in</strong></span> <span class='ocrx_word' id='word_1_191' title='bbox 3128 1318 3593 1379; x_wconf 78' lang='lat' dir='ltr'><strong>describenda</strong></span> <span class='ocrx_word' id='word_1_192' title='bbox 3638 1332 3747 1370; x_wconf 85' lang='lat' dir='ltr'><strong>ms.</strong></span> 
     </span>
    </p>
   </div>
   <div class='ocr_carea' id='block_1_29' title="bbox 2038 1404 3749 1490">
    <p class='ocr_par' dir='ltr' id='par_1_29' title="bbox 2038 1404 3749 1490">
     <span class='ocr_line' id='line_1_29' title="bbox 2038 1404 3749 1490; baseline -0.01 -16"><span class='ocrx_word' id='word_1_193' title='bbox 2038 1421 2399 1476; x_wconf 81' lang='lat' dir='ltr'><strong>Alexandrino</strong></span> <span class='ocrx_word' id='word_1_194' title='bbox 2425 1422 2525 1475; x_wconf 90' lang='lat' dir='ltr'><strong>viri</strong></span> <span class='ocrx_word' id='word_1_195' title='bbox 2558 1421 2717 1490; x_wconf 81' lang='lat' dir='ltr'><strong>longe</strong></span> <span class='ocrx_word' id='word_1_196' title='bbox 2746 1415 3091 1472; x_wconf 83' lang='lat' dir='ltr'><strong>doctissimi</strong></span> <span class='ocrx_word' id='word_1_197' title='bbox 3122 1412 3504 1466; x_wconf 73' lang='lat' dir='ltr'><strong>VVottonus</strong></span> <span class='ocrx_word' id='word_1_198' title='bbox 3542 1406 3604 1458; x_wconf 91' lang='lat' dir='ltr'><strong>in</strong></span> <span class='ocrx_word' id='word_1_199' title='bbox 3638 1404 3749 1474; x_wconf 88' lang='lat' dir='ltr'><strong>pri-</strong></span> 
     </span>
    </p>
   </div>
   <div class='ocr_carea' id='block_1_30' title="bbox 2040 1498 3751 1579">
    <p class='ocr_par' dir='ltr' id='par_1_30' title="bbox 2040 1498 3751 1579">
     <span class='ocr_line' id='line_1_30' title="bbox 2040 1498 3751 1579; baseline -0.011 -14"><span class='ocrx_word' id='word_1_200' title='bbox 2040 1513 2163 1574; x_wconf 88' lang='lat' dir='ltr'><strong>mis,</strong></span> <span class='ocrx_word' id='word_1_201' title='bbox 2191 1511 2390 1565; x_wconf 83' lang='lat' dir='ltr'><strong>Millius</strong></span> <span class='ocrx_word' id='word_1_202' title='bbox 2413 1521 2467 1565; x_wconf 88' lang='lat' dir='ltr'><strong>et</strong></span> <span class='ocrx_word' id='word_1_203' title='bbox 2484 1510 2719 1563; x_wconf 83' lang='lat' dir='ltr'><strong>Grabius</strong></span> <span class='ocrx_word' id='word_1_204' title='bbox 2745 1508 2892 1579; x_wconf 77' lang='lat'><strong>(76),</strong></span> <span class='ocrx_word' id='word_1_205' title='bbox 2915 1514 2987 1559; x_wconf 85' lang='lat' dir='ltr'><strong>ut</strong></span> <span class='ocrx_word' id='word_1_206' title='bbox 3014 1502 3311 1574; x_wconf 81' lang='lat' dir='ltr'><strong>proinde</strong></span> <span class='ocrx_word' id='word_1_207' title='bbox 3348 1498 3577 1551; x_wconf 86' lang='lat' dir='ltr'><strong>minus</strong></span> <span class='ocrx_word' id='word_1_208' title='bbox 3603 1505 3751 1550; x_wconf 89' lang='lat' dir='ltr'><strong>recte</strong></span> 
     </span>
    </p>
   </div>
   <div class='ocr_carea' id='block_1_31' title="bbox 2040 1587 3755 1667">
    <p class='ocr_par' dir='ltr' id='par_1_31' title="bbox 2040 1587 3755 1667">
     <span class='ocr_line' id='line_1_31' title="bbox 2040 1587 3755 1667; baseline -0.009 -10"><span class='ocrx_word' id='word_1_209' title='bbox 2040 1602 2309 1657; x_wconf 88' lang='lat' dir='ltr'><strong>censuerit</strong></span> <span class='ocrx_word' id='word_1_210' title='bbox 2337 1600 2513 1654; x_wconf 85' lang='lat' dir='ltr'><strong>Fellus</strong></span> <span class='ocrx_word' id='word_1_211' title='bbox 2541 1599 2654 1667; x_wconf 85' lang='lat'><strong>(&#39;17)</strong></span> <span class='ocrx_word' id='word_1_212' title='bbox 2693 1616 2705 1650; x_wconf 95' lang='lat'><strong>:</strong></span> <span class='ocrx_word' id='word_1_213' title='bbox 2745 1616 2764 1648; x_wconf 76' lang='grc' dir='ltr'><strong>σ</strong></span> <span class='ocrx_word' id='word_1_214' title='bbox 2790 1599 3033 1656; x_wconf 85' lang='lat' dir='ltr'><strong>Actum,</strong></span> <span class='ocrx_word' id='word_1_215' title='bbox 3084 1592 3389 1651; x_wconf 86' lang='lat' dir='ltr'><strong>scilicet,</strong></span> <span class='ocrx_word' id='word_1_216' title='bbox 3441 1587 3627 1640; x_wconf 88' lang='lat' dir='ltr'><strong>irrito</strong></span> <span class='ocrx_word' id='word_1_217' title='bbox 3668 1601 3755 1641; x_wconf 84' lang='lat' dir='ltr'><strong>co-</strong></span> 
     </span>
    </p>
   </div>
   <div class='ocr_carea' id='block_1_32' title="bbox 2042 1677 3749 1754">
    <p class='ocr_par' dir='ltr' id='par_1_32' title="bbox 2042 1677 3749 1754">
     <span class='ocr_line' id='line_1_32' title="bbox 2042 1677 3749 1754; baseline -0.01 -9"><span class='ocrx_word' id='word_1_218' title='bbox 2042 1702 2170 1745; x_wconf 89' lang='lat' dir='ltr'><strong>natu</strong></span> <span class='ocrx_word' id='word_1_219' title='bbox 2236 1698 2481 1744; x_wconf 89' lang='lat' dir='ltr'><strong>acturum</strong></span> <span class='ocrx_word' id='word_1_220' title='bbox 2540 1689 2712 1743; x_wconf 86' lang='lat' dir='ltr'><strong>fuisse</strong></span> <span class='ocrx_word' id='word_1_221' title='bbox 2766 1689 2953 1748; x_wconf 89' lang='lat' dir='ltr'><strong>illum,</strong></span> <span class='ocrx_word' id='word_1_222' title='bbox 2987 1684 3096 1754; x_wconf 89' lang='lat' dir='ltr'><strong>qui</strong></span> <span class='ocrx_word' id='word_1_223' title='bbox 3139 1690 3299 1752; x_wconf 79' lang='lat' dir='ltr'><strong>post</strong></span> <span class='ocrx_word' id='word_1_224' title='bbox 3366 1679 3633 1738; x_wconf 86' lang='lat' dir='ltr'><strong>Junium</strong></span> <span class='ocrx_word' id='word_1_225' title='bbox 3685 1677 3749 1729; x_wconf 82' lang='lat' dir='ltr'><strong>ad</strong></span> 
     </span>
    </p>
   </div>
   <div class='ocr_carea' id='block_1_33' title="bbox 408 1759 3742 1849">
    <p class='ocr_par' dir='ltr' id='par_1_33' title="bbox 408 1759 3742 1849">
     <span class='ocr_line' id='line_1_33' title="bbox 408 1759 3742 1849; baseline -0.005 -10"><span class='ocrx_word' id='word_1_226' title='bbox 408 1783 550 1836; x_wconf 83' lang='lat' dir='ltr'><strong>enim</strong></span> <span class='ocrx_word' id='word_1_227' title='bbox 581 1780 722 1849; x_wconf 86' lang='lat' dir='ltr'><strong>quod</strong></span> <span class='ocrx_word' id='word_1_228' title='bbox 762 1780 850 1834; x_wconf 82' lang='lat' dir='ltr'><strong>hic</strong></span> <span class='ocrx_word' id='word_1_229' title='bbox 888 1779 943 1831; x_wconf 86' lang='lat' dir='ltr'><strong>in</strong></span> <span class='ocrx_word' id='word_1_230' title='bbox 991 1778 1280 1847; x_wconf 77' lang='lat' dir='ltr'><strong>archetypo</strong></span> <span class='ocrx_word' id='word_1_231' title='bbox 1305 1775 1659 1836; x_wconf 70' lang='lat' dir='ltr'><strong>desideratur.</strong></span> <span class='ocrx_word' id='word_1_232' title='bbox 1722 1772 1943 1828; x_wconf 72' lang='lat' dir='ltr'><strong>studens</strong></span> <span class='ocrx_word' id='word_1_233' title='bbox 1975 1759 2015 1813; x_wconf 77' lang='grc' dir='ltr'><strong>Β</strong></span> <span class='ocrx_word' id='word_1_234' title='bbox 2042 1779 2314 1847; x_wconf 80' lang='lat' dir='ltr'><strong>exemplar</strong></span> <span class='ocrx_word' id='word_1_235' title='bbox 2351 1778 2776 1832; x_wconf 80' lang='lat' dir='ltr'><strong>Alexandrinum</strong></span> <span class='ocrx_word' id='word_1_236' title='bbox 2820 1775 3027 1828; x_wconf 81' lang='lat' dir='ltr'><strong>omnia</strong></span> <span class='ocrx_word' id='word_1_237' title='bbox 3067 1772 3372 1839; x_wconf 85' lang='lat' dir='ltr'><strong>denique</strong></span> <span class='ocrx_word' id='word_1_238' title='bbox 3406 1767 3742 1838; x_wconf 72' lang='lat' dir='ltr'><strong>exegisset:</strong></span> 
     </span>
    </p>
   </div>
   <div class='ocr_carea' id='block_1_34' title="bbox 411 1862 1945 1940">
    <p class='ocr_par' dir='ltr' id='par_1_34' title="bbox 411 1862 1945 1940">
     <span class='ocr_line' id='line_1_34' title="bbox 411 1862 1945 1940; baseline -0.008 -16"><span class='ocrx_word' id='word_1_239' title='bbox 411 1871 678 1939; x_wconf 82' lang='lat' dir='ltr'><strong>supplere,</strong></span> <span class='ocrx_word' id='word_1_240' title='bbox 695 1870 933 1925; x_wconf 82' lang='lat' dir='ltr'><strong>ediderat</strong></span> <span class='ocrx_word' id='word_1_241' title='bbox 953 1868 1105 1940; x_wconf 83' lang='grc' dir='ltr'>(ὁδὸν)</span> <span class='ocrx_word' id='word_1_242' title='bbox 1123 1867 1531 1919; x_wconf 80' lang='grc' dir='ltr'><strong>ὑποδεικνύουσα</strong></span> <span class='ocrx_word' id='word_1_243' title='bbox 1558 1864 1737 1923; x_wconf 82' lang='grc' dir='ltr'>αὐτοῖς</span> <span class='ocrx_word' id='word_1_244' title='bbox 1764 1862 1945 1927; x_wconf 83' lang='grc' dir='ltr'><strong>ὲ(ναν-</strong></span> 
     </span>
    </p>
   </div>
   <div class='ocr_carea' id='block_1_35' title="bbox 410 1950 1947 2030">
    <p class='ocr_par' dir='ltr' id='par_1_35' title="bbox 410 1950 1947 2030">
     <span class='ocr_line' id='line_1_35' title="bbox 410 1950 1947 2030; baseline -0.006 -18"><span class='ocrx_word' id='word_1_245' title='bbox 410 1962 638 2030; x_wconf 75' lang='grc' dir='ltr'><strong>τίαν),εῐ</strong></span> <span class='ocrx_word' id='word_1_246' title='bbox 664 1960 849 2014; x_wconf 87' lang='lat' dir='ltr'><strong>Latine</strong></span> <span class='ocrx_word' id='word_1_247' title='bbox 875 1977 890 2012; x_wconf 88' lang='lat'><strong>:</strong></span> <span class='ocrx_word' id='word_1_248' title='bbox 916 1959 1051 2011; x_wconf 81' lang='lat' dir='ltr'><strong>viam</strong></span> <span class='ocrx_word' id='word_1_249' title='bbox 1076 1955 1341 2011; x_wconf 75' lang='lat' dir='ltr'><strong>ostendens</strong></span> <span class='ocrx_word' id='word_1_250' title='bbox 1353 1956 1426 2009; x_wconf 76' lang='lat' dir='ltr'><strong>eis</strong></span> <span class='ocrx_word' id='word_1_251' title='bbox 1441 1954 1775 2008; x_wconf 79' lang='lat' dir='ltr'><strong>contrariam.</strong></span> <span class='ocrx_word' id='word_1_252' title='bbox 1794 1950 1947 2015; x_wconf 84' lang='lat' dir='ltr'><strong>Quod</strong></span> 
     </span>
    </p>
   </div>
   <div class='ocr_carea' id='block_1_36' title="bbox 413 2039 1949 2111">
    <p class='ocr_par' dir='ltr' id='par_1_36' title="bbox 413 2039 1949 2111">
     <span class='ocr_line' id='line_1_36' title="bbox 413 2039 1949 2111; baseline -0.007 -8"><span class='ocrx_word' id='word_1_253' title='bbox 413 2065 534 2103; x_wconf 92' lang='lat' dir='ltr'><strong>cum</strong></span> <span class='ocrx_word' id='word_1_254' title='bbox 570 2047 868 2103; x_wconf 87' lang='lat' dir='ltr'><strong>Cotelerius</strong></span> <span class='ocrx_word' id='word_1_255' title='bbox 894 2045 1340 2100; x_wconf 83' lang='lat' dir='ltr'><strong>animadverteret</strong></span> <span class='ocrx_word' id='word_1_256' title='bbox 1368 2055 1664 2111; x_wconf 84' lang='lat' dir='ltr'><strong>repugnare</strong></span> <span class='ocrx_word' id='word_1_257' title='bbox 1700 2039 1949 2093; x_wconf 70' lang='lat' dir='ltr'><strong>Historia:</strong></span> 
     </span>
    </p>
   </div>
   <div class='ocr_carea' id='block_1_37' title="bbox 413 2130 1947 2205">
    <p class='ocr_par' dir='ltr' id='par_1_37' title="bbox 413 2130 1947 2205">
     <span class='ocr_line' id='line_1_37' title="bbox 413 2130 1947 2205; baseline -0.008 -12"><span class='ocrx_word' id='word_1_258' title='bbox 413 2152 601 2200; x_wconf 67' lang='lat' dir='ltr'><strong>sacrae,</strong></span> <span class='ocrx_word' id='word_1_259' title='bbox 638 2151 755 2205; x_wconf 56' lang='lat' dir='ltr'><strong>qua</strong></span> <span class='ocrx_word' id='word_1_260' title='bbox 786 2135 1149 2203; x_wconf 74' lang='lat' dir='ltr'><strong>exploratores</strong></span> <span class='ocrx_word' id='word_1_261' title='bbox 1180 2148 1210 2186; x_wconf 89' lang='lat' dir='ltr'><strong>e</strong></span> <span class='ocrx_word' id='word_1_262' title='bbox 1248 2132 1408 2186; x_wconf 91' lang='lat' dir='ltr'><strong>domo</strong></span> <span class='ocrx_word' id='word_1_263' title='bbox 1451 2130 1635 2183; x_wconf 79' lang='lat' dir='ltr'><strong>Bahah</strong></span> <span class='ocrx_word' id='word_1_264' title='bbox 1665 2137 1779 2181; x_wconf 88' lang='lat' dir='ltr'><strong>tum</strong></span> <span class='ocrx_word' id='word_1_265' title='bbox 1810 2143 1947 2181; x_wconf 89' lang='lat' dir='ltr'><strong>nou-</strong></span> 
     </span>
    </p>
   </div>
   <div class='ocr_carea' id='block_1_38' title="bbox 412 2219 1951 2287">
    <p class='ocr_par' dir='ltr' id='par_1_38' title="bbox 412 2219 1951 2287">
     <span class='ocr_line' id='line_1_38' title="bbox 412 2219 1951 2287; baseline -0.007 -6"><span class='ocrx_word' id='word_1_266' title='bbox 412 2228 539 2281; x_wconf 86' lang='lat' dir='ltr'><strong>dum</strong></span> <span class='ocrx_word' id='word_1_267' title='bbox 575 2227 788 2287; x_wconf 78' lang='lat' dir='ltr'><strong>exiisse,</strong></span> <span class='ocrx_word' id='word_1_268' title='bbox 807 2224 899 2279; x_wconf 89' lang='lat' dir='ltr'><strong>sed</strong></span> <span class='ocrx_word' id='word_1_269' title='bbox 932 2224 985 2276; x_wconf 94' lang='lat' dir='ltr'><strong>in</strong></span> <span class='ocrx_word' id='word_1_270' title='bbox 1013 2238 1073 2275; x_wconf 88' lang='lat' dir='ltr'><strong>ea</strong></span> <span class='ocrx_word' id='word_1_271' title='bbox 1094 2223 1269 2275; x_wconf 89' lang='lat' dir='ltr'><strong>adhuc</strong></span> <span class='ocrx_word' id='word_1_272' title='bbox 1295 2222 1504 2274; x_wconf 84' lang='lat' dir='ltr'><strong>latitare</strong></span> <span class='ocrx_word' id='word_1_273' title='bbox 1532 2219 1715 2284; x_wconf 81' lang='lat' dir='ltr'><strong>docet;</strong></span> <span class='ocrx_word' id='word_1_274' title='bbox 1743 2219 1839 2287; x_wconf 76' lang='grc' dir='ltr'><strong>οὐχ</strong></span> <span class='ocrx_word' id='word_1_275' title='bbox 1855 2232 1951 2286; x_wconf 88' lang='lat' dir='ltr'><strong>pro</strong></span> 
     </span>
    </p>
   </div>
   <div class='ocr_carea' id='block_1_39' title="bbox 408 2308 1952 2386">
    <p class='ocr_par' dir='ltr' id='par_1_39' title="bbox 408 2308 1952 2386">
     <span class='ocr_line' id='line_1_39' title="bbox 408 2308 1952 2386; baseline -0.006 -15"><span class='ocrx_word' id='word_1_276' title='bbox 408 2320 546 2378; x_wconf 72' lang='grc' dir='ltr'><strong>ὁδὸν,</strong></span> <span class='ocrx_word' id='word_1_277' title='bbox 586 2317 863 2386; x_wconf 71' lang='grc' dir='ltr'><strong>ἐ(κείνους)</strong></span> <span class='ocrx_word' id='word_1_278' title='bbox 906 2330 1000 2383; x_wconf 86' lang='lat' dir='ltr'><strong>pro</strong></span> <span class='ocrx_word' id='word_1_279' title='bbox 1039 2313 1320 2383; x_wconf 83' lang='grc' dir='ltr'><strong>ὲ(ναντίαν)</strong></span> <span class='ocrx_word' id='word_1_280' title='bbox 1367 2311 1660 2366; x_wconf 85' lang='lat' dir='ltr'><strong>substituit.</strong></span> <span class='ocrx_word' id='word_1_281' title='bbox 1709 2309 1817 2362; x_wconf 81' lang='lat' dir='ltr'><strong>Nec</strong></span> <span class='ocrx_word' id='word_1_282' title='bbox 1851 2308 1952 2361; x_wconf 88' lang='lat' dir='ltr'><strong>du-</strong></span> 
     </span>
    </p>
   </div>
   <div class='ocr_carea' id='block_1_40' title="bbox 413 2397 1951 2473">
    <p class='ocr_par' dir='ltr' id='par_1_40' title="bbox 413 2397 1951 2473">
     <span class='ocr_line' id='line_1_40' title="bbox 413 2397 1951 2473; baseline -0.008 -12"><span class='ocrx_word' id='word_1_283' title='bbox 413 2408 582 2469; x_wconf 84' lang='lat' dir='ltr'><strong>bium,</strong></span> <span class='ocrx_word' id='word_1_284' title='bbox 627 2406 755 2473; x_wconf 78' lang='lat' dir='ltr'><strong>quin</strong></span> <span class='ocrx_word' id='word_1_285' title='bbox 798 2404 916 2472; x_wconf 85' lang='lat' dir='ltr'><strong>ejus</strong></span> <span class='ocrx_word' id='word_1_286' title='bbox 956 2402 1218 2456; x_wconf 88' lang='lat' dir='ltr'><strong>correctio</strong></span> <span class='ocrx_word' id='word_1_287' title='bbox 1244 2401 1487 2454; x_wconf 67' lang='lat' dir='ltr'><strong>Juniana:</strong></span> <span class='ocrx_word' id='word_1_288' title='bbox 1515 2400 1586 2453; x_wconf 88' lang='lat' dir='ltr'><strong>sit</strong></span> <span class='ocrx_word' id='word_1_289' title='bbox 1621 2397 1951 2466; x_wconf 62' lang='lat' dir='ltr'><strong>praeferenda</strong></span> 
     </span>
    </p>
   </div>
   <div class='ocr_carea' id='block_1_41' title="bbox 411 2486 1950 2559">
    <p class='ocr_par' dir='ltr' id='par_1_41' title="bbox 411 2486 1950 2559">
     <span class='ocr_line' id='line_1_41' title="bbox 411 2486 1950 2559; baseline -0.006 -9"><span class='ocrx_word' id='word_1_290' title='bbox 411 2498 659 2551; x_wconf 84' lang='lat' dir='ltr'><strong>lectioni:</strong></span> <span class='ocrx_word' id='word_1_291' title='bbox 697 2496 924 2548; x_wconf 83' lang='lat' dir='ltr'><strong>maxime</strong></span> <span class='ocrx_word' id='word_1_292' title='bbox 964 2508 1084 2546; x_wconf 91' lang='lat' dir='ltr'><strong>cum</strong></span> <span class='ocrx_word' id='word_1_293' title='bbox 1116 2494 1253 2546; x_wconf 86' lang='lat' dir='ltr'><strong>hanc</strong></span> <span class='ocrx_word' id='word_1_294' title='bbox 1282 2486 1346 2545; x_wconf 82' lang='lat' dir='ltr'><strong>ad</strong></span> <span class='ocrx_word' id='word_1_295' title='bbox 1371 2491 1736 2559; x_wconf 81' lang='lat' dir='ltr'><strong>exploratores</strong></span> <span class='ocrx_word' id='word_1_296' title='bbox 1767 2487 1950 2550; x_wconf 89' lang='lat' dir='ltr'><strong>Josue,</strong></span> 
     </span>
    </p>
   </div>
   <div class='ocr_carea' id='block_1_42' title="bbox 2045 1864 3745 1942">
    <p class='ocr_par' dir='ltr' id='par_1_42' title="bbox 2045 1864 3745 1942">
     <span class='ocr_line' id='line_1_42' title="bbox 2045 1864 3745 1942; baseline -0.005 -16"><span class='ocrx_word' id='word_1_297' title='bbox 2045 1872 2326 1942; x_wconf 83' lang='lat' dir='ltr'><strong>siquidem,</strong></span> <span class='ocrx_word' id='word_1_298' title='bbox 2342 1873 2544 1935; x_wconf 86' lang='lat' dir='ltr'><strong>subdit,</strong></span> <span class='ocrx_word' id='word_1_299' title='bbox 2566 1887 2628 1925; x_wconf 86' lang='lat' dir='ltr'><strong>ea</strong></span> <span class='ocrx_word' id='word_1_300' title='bbox 2652 1872 2891 1925; x_wconf 89' lang='lat' dir='ltr'><strong>habetur</strong></span> <span class='ocrx_word' id='word_1_301' title='bbox 2911 1872 2987 1924; x_wconf 89' lang='lat' dir='ltr'><strong>de</strong></span> <span class='ocrx_word' id='word_1_302' title='bbox 3015 1868 3432 1929; x_wconf 71' lang='lat' dir='ltr'><strong>eruditione,</strong></span> <span class='ocrx_word' id='word_1_303' title='bbox 3455 1864 3745 1918; x_wconf 82' lang='lat' dir='ltr'><strong>industria</strong></span> 
     </span>
    </p>
   </div>
   <div class='ocr_carea' id='block_1_43' title="bbox 2045 1956 3745 2032">
    <p class='ocr_par' dir='ltr' id='par_1_43' title="bbox 2045 1956 3745 2032">
     <span class='ocr_line' id='line_1_43' title="bbox 2045 1956 3745 2032; baseline -0.006 -16"><span class='ocrx_word' id='word_1_304' title='bbox 2045 1970 2099 2016; x_wconf 90' lang='lat' dir='ltr'><strong>et</strong></span> <span class='ocrx_word' id='word_1_305' title='bbox 2131 1961 2233 2016; x_wconf 80' lang='lat' dir='ltr'><strong>fide</strong></span> <span class='ocrx_word' id='word_1_306' title='bbox 2254 1962 2317 2016; x_wconf 90' lang='lat' dir='ltr'><strong>D.</strong></span> <span class='ocrx_word' id='word_1_307' title='bbox 2351 1961 2494 2015; x_wconf 85' lang='lat' dir='ltr'><strong>Junii</strong></span> <span class='ocrx_word' id='word_1_308' title='bbox 2523 1964 2664 2032; x_wconf 87' lang='lat' dir='ltr'><strong>apud</strong></span> <span class='ocrx_word' id='word_1_309' title='bbox 2699 1977 2902 2016; x_wconf 91' lang='lat' dir='ltr'><strong>omnes</strong></span> <span class='ocrx_word' id='word_1_310' title='bbox 2939 1961 3137 2021; x_wconf 88' lang='lat' dir='ltr'><strong>fama,</strong></span> <span class='ocrx_word' id='word_1_311' title='bbox 3182 1965 3263 2011; x_wconf 83' lang='lat' dir='ltr'><strong>ut</strong></span> <span class='ocrx_word' id='word_1_312' title='bbox 3297 1956 3600 2011; x_wconf 85' lang='lat' dir='ltr'><strong>eamdem</strong></span> <span class='ocrx_word' id='word_1_313' title='bbox 3654 1971 3745 2009; x_wconf 82' lang='lat' dir='ltr'><strong>su-</strong></span> 
     </span>
    </p>
   </div>
   <div class='ocr_carea' id='block_1_44' title="bbox 2047 2047 3746 2121">
    <p class='ocr_par' dir='ltr' id='par_1_44' title="bbox 2047 2047 3746 2121">
     <span class='ocr_line' id='line_1_44' title="bbox 2047 2047 3746 2121; baseline -0.002 -17"><span class='ocrx_word' id='word_1_314' title='bbox 2047 2052 2289 2119; x_wconf 90' lang='lat' dir='ltr'><strong>spicione</strong></span> <span class='ocrx_word' id='word_1_315' title='bbox 2311 2052 2488 2121; x_wconf 89' lang='lat' dir='ltr'><strong>aliqua</strong></span> <span class='ocrx_word' id='word_1_316' title='bbox 2522 2052 2855 2107; x_wconf 83' lang='lat' dir='ltr'><strong>labefactare</strong></span> <span class='ocrx_word' id='word_1_317' title='bbox 2889 2066 3014 2105; x_wconf 92' lang='lat' dir='ltr'><strong>non</strong></span> <span class='ocrx_word' id='word_1_318' title='bbox 3044 2049 3329 2104; x_wconf 80' lang='lat' dir='ltr'><strong>incivile</strong></span> <span class='ocrx_word' id='word_1_319' title='bbox 3356 2047 3558 2102; x_wconf 88' lang='lat' dir='ltr'><strong>modo</strong></span> <span class='ocrx_word' id='word_1_320' title='bbox 3583 2086 3600 2111; x_wconf 93' lang='lat'><strong>,</strong></span> <span class='ocrx_word' id='word_1_321' title='bbox 3655 2047 3746 2100; x_wconf 80' lang='lat' dir='ltr'><strong>sed</strong></span> 
     </span>
    </p>
   </div>
   <div class='ocr_carea' id='block_1_45' title="bbox 2049 2141 2918 2210">
    <p class='ocr_par' dir='ltr' id='par_1_45' title="bbox 2049 2141 2918 2210">
     <span class='ocr_line' id='line_1_45' title="bbox 2049 2141 2918 2210; baseline -0.002 -17"><span class='ocrx_word' id='word_1_322' title='bbox 2049 2141 2290 2209; x_wconf 86' lang='lat' dir='ltr'><strong>iniquum</strong></span> <span class='ocrx_word' id='word_1_323' title='bbox 2319 2157 2543 2210; x_wconf 86' lang='lat' dir='ltr'><strong>prorsus</strong></span> <span class='ocrx_word' id='word_1_324' title='bbox 2576 2142 2849 2195; x_wconf 85' lang='lat' dir='ltr'><strong>videatur.</strong></span> <span class='ocrx_word' id='word_1_325' title='bbox 2898 2163 2918 2191; x_wconf 76' lang='grc' dir='ltr'><strong><em>ο</em></strong></span> 
     </span>
    </p>
   </div>
   <div class='ocr_carea' id='block_1_46' title="bbox 2118 2228 3723 2299">
    <p class='ocr_par' dir='ltr' id='par_1_46' title="bbox 2118 2228 3723 2299">
     <span class='ocr_line' id='line_1_46' title="bbox 2118 2228 3723 2299; baseline 0.001 -20"><span class='ocrx_word' id='word_1_326' title='bbox 2118 2228 2186 2279; x_wconf 83' lang='lat' dir='ltr'><strong>At</strong></span> <span class='ocrx_word' id='word_1_327' title='bbox 2218 2230 2449 2297; x_wconf 88' lang='lat' dir='ltr'><strong>pretium</strong></span> <span class='ocrx_word' id='word_1_328' title='bbox 2477 2229 2639 2283; x_wconf 85' lang='lat' dir='ltr'><strong>fuerit</strong></span> <span class='ocrx_word' id='word_1_329' title='bbox 2658 2246 2843 2299; x_wconf 68' lang='lat' dir='ltr'><strong>opera:</strong></span> <span class='ocrx_word' id='word_1_330' title='bbox 2877 2230 2978 2283; x_wconf 90' lang='lat' dir='ltr'><strong>hic</strong></span> <span class='ocrx_word' id='word_1_331' title='bbox 3011 2230 3075 2282; x_wconf 87' lang='lat' dir='ltr'><strong>in</strong></span> <span class='ocrx_word' id='word_1_332' title='bbox 3119 2229 3421 2282; x_wconf 84' lang='lat' dir='ltr'><strong>medium</strong></span> <span class='ocrx_word' id='word_1_333' title='bbox 3456 2228 3723 2297; x_wconf 82' lang='lat' dir='ltr'><strong>proferre</strong></span> 
     </span>
    </p>
   </div>
   <div class='ocr_carea' id='block_1_47' title="bbox 2022 2317 3745 2389">
    <p class='ocr_par' dir='ltr' id='par_1_47' title="bbox 2022 2317 3745 2389">
     <span class='ocr_line' id='line_1_47' title="bbox 2022 2317 3745 2389; baseline 0.001 -19"><span class='ocrx_word' id='word_1_334' title='bbox 2022 2344 2025 2347; x_wconf 55' lang='grc' dir='ltr'>ι</span> <span class='ocrx_word' id='word_1_335' title='bbox 2049 2334 2169 2387; x_wconf 71' lang='lat' dir='ltr'><strong>quae</strong></span> <span class='ocrx_word' id='word_1_336' title='bbox 2192 2320 2243 2372; x_wconf 93' lang='lat' dir='ltr'><strong>in</strong></span> <span class='ocrx_word' id='word_1_337' title='bbox 2266 2317 2495 2372; x_wconf 88' lang='lat' dir='ltr'><strong>Juniana</strong></span> <span class='ocrx_word' id='word_1_338' title='bbox 2518 2319 3004 2374; x_wconf 88' lang='lat' dir='ltr'><strong>Clementinarum</strong></span> <span class='ocrx_word' id='word_1_339' title='bbox 3025 2320 3471 2389; x_wconf 85' lang='lat' dir='ltr'><strong>epistolarum</strong></span> <span class='ocrx_word' id='word_1_340' title='bbox 3498 2319 3745 2372; x_wconf 85' lang='lat' dir='ltr'><strong>editione</strong></span> 
     </span>
    </p>
   </div>
   <div class='ocr_carea' id='block_1_48' title="bbox 2051 2404 3743 2477">
    <p class='ocr_par' dir='ltr' id='par_1_48' title="bbox 2051 2404 3743 2477">
     <span class='ocr_line' id='line_1_48' title="bbox 2051 2404 3743 2477; baseline 0.001 -18"><span class='ocrx_word' id='word_1_341' title='bbox 2051 2406 2201 2460; x_wconf 89' lang='lat' dir='ltr'><strong>fuere</strong></span> <span class='ocrx_word' id='word_1_342' title='bbox 2233 2407 2299 2459; x_wconf 90' lang='lat' dir='ltr'><strong>ab</strong></span> <span class='ocrx_word' id='word_1_343' title='bbox 2318 2406 2435 2475; x_wconf 90' lang='lat' dir='ltr'><strong>ipso</strong></span> <span class='ocrx_word' id='word_1_344' title='bbox 2461 2404 2942 2477; x_wconf 77' lang='lat' dir='ltr'><strong>Grabio(78-100)</strong></span> <span class='ocrx_word' id='word_1_345' title='bbox 2958 2406 3277 2461; x_wconf 81' lang='lat' dir='ltr'><strong>adnotata</strong></span> <span class='ocrx_word' id='word_1_346' title='bbox 3303 2406 3433 2466; x_wconf 89' lang='lat' dir='ltr'><strong>;sic</strong></span> <span class='ocrx_word' id='word_1_347' title='bbox 3463 2416 3661 2460; x_wconf 86' lang='lat' dir='ltr'><strong>autem</strong></span> <span class='ocrx_word' id='word_1_348' title='bbox 3688 2422 3743 2460; x_wconf 81' lang='lat' dir='ltr'><strong>se</strong></span> 
     </span>
    </p>
   </div>
   <div class='ocr_carea' id='block_1_49' title="bbox 2051 2496 3744 2560">
    <p class='ocr_par' dir='ltr' id='par_1_49' title="bbox 2051 2496 3744 2560">
     <span class='ocr_line' id='line_1_49' title="bbox 2051 2496 3744 2560; baseline 0.001 -11"><span class='ocrx_word' id='word_1_349' title='bbox 2051 2497 2282 2550; x_wconf 87' lang='lat' dir='ltr'><strong>habent:</strong></span> <span class='ocrx_word' id='word_1_350' title='bbox 2307 2515 2323 2544; x_wconf 85' lang='grc'><strong>‹</strong></span> <span class='ocrx_word' id='word_1_351' title='bbox 2346 2496 2476 2560; x_wconf 62' lang='lat' dir='ltr'><strong>Quae</strong></span> <span class='ocrx_word' id='word_1_352' title='bbox 2507 2510 2573 2548; x_wconf 81' lang='lat' dir='ltr'><strong>ex</strong></span> <span class='ocrx_word' id='word_1_353' title='bbox 2605 2497 2907 2549; x_wconf 89' lang='lat' dir='ltr'><strong>collatione</strong></span> <span class='ocrx_word' id='word_1_354' title='bbox 2936 2512 3055 2551; x_wconf 88' lang='lat' dir='ltr'><strong>ms.</strong></span> <span class='ocrx_word' id='word_1_355' title='bbox 3096 2496 3367 2551; x_wconf 89' lang='lat' dir='ltr'><strong>codicis</strong></span> <span class='ocrx_word' id='word_1_356' title='bbox 3392 2496 3744 2551; x_wconf 80' lang='lat' dir='ltr'><strong>Alexandri-</strong></span> 
     </span>
    </p>
   </div>
   <div class='ocr_carea' id='block_1_50' title="bbox 412 2581 3741 2656">
    <p class='ocr_par' dir='ltr' id='par_1_50' title="bbox 412 2581 3741 2656">
     <span class='ocr_line' id='line_1_50' title="bbox 412 2581 3741 2656; baseline -0.004 -18"><span class='ocrx_word' id='word_1_357' title='bbox 412 2587 608 2656; x_wconf 80' lang='lat' dir='ltr'><strong>quihns</strong></span> <span class='ocrx_word' id='word_1_358' title='bbox 638 2587 760 2640; x_wconf 90' lang='lat' dir='ltr'><strong>unis</strong></span> <span class='ocrx_word' id='word_1_359' title='bbox 783 2584 969 2637; x_wconf 81' lang='lat' dir='ltr'><strong>Bahab</strong></span> <span class='ocrx_word' id='word_1_360' title='bbox 997 2583 1135 2635; x_wconf 87' lang='lat' dir='ltr'><strong>viam</strong></span> <span class='ocrx_word' id='word_1_361' title='bbox 1164 2583 1489 2637; x_wconf 85' lang='lat' dir='ltr'><strong>contrariam</strong></span> <span class='ocrx_word' id='word_1_362' title='bbox 1519 2581 1818 2635; x_wconf 85' lang='lat' dir='ltr'><strong>ostendisse</strong></span> <span class='ocrx_word' id='word_1_363' title='bbox 1842 2594 1956 2632; x_wconf 88' lang='lat' dir='ltr'><strong>me-</strong></span> <span class='ocrx_word' id='word_1_364' title='bbox 2054 2585 2109 2639; x_wconf 83' lang='lat' dir='ltr'><strong>ni</strong></span> <span class='ocrx_word' id='word_1_365' title='bbox 2134 2584 2563 2638; x_wconf 69' lang='lat' dir='ltr'><strong>emendationem</strong></span> <span class='ocrx_word' id='word_1_366' title='bbox 2595 2584 2864 2652; x_wconf 54' lang='lat' dir='ltr'><strong>praebent,</strong></span> <span class='ocrx_word' id='word_1_367' title='bbox 2901 2584 2978 2638; x_wconf 73' lang='lat' dir='ltr'><strong>ad</strong></span> <span class='ocrx_word' id='word_1_368' title='bbox 3028 2586 3175 2638; x_wconf 50' lang='lat' dir='ltr'><strong>hac</strong></span> <span class='ocrx_word' id='word_1_369' title='bbox 3228 2585 3376 2640; x_wconf 74' lang='lat' dir='ltr'><strong>fere</strong></span> <span class='ocrx_word' id='word_1_370' title='bbox 3423 2588 3626 2655; x_wconf 54' lang='lat' dir='ltr'><strong>capita</strong></span> <span class='ocrx_word' id='word_1_371' title='bbox 3661 2602 3741 2640; x_wconf 67' lang='grc' dir='ltr'><strong>η-</strong></span> 
     </span>
    </p>
   </div>
   <div class='ocr_carea' id='block_1_51' title="bbox 414 2669 3745 2739">
    <p class='ocr_par' dir='ltr' id='par_1_51' title="bbox 414 2669 3745 2739">
     <span class='ocr_line' id='line_1_51' title="bbox 414 2669 3745 2739; baseline -0.002 -8"><span class='ocrx_word' id='word_1_372' title='bbox 414 2686 684 2738; x_wconf 84' lang='lat' dir='ltr'><strong>moratur,</strong></span> <span class='ocrx_word' id='word_1_373' title='bbox 726 2676 913 2730; x_wconf 82' lang='lat' dir='ltr'><strong>referri</strong></span> <span class='ocrx_word' id='word_1_374' title='bbox 953 2674 1219 2728; x_wconf 89' lang='lat' dir='ltr'><strong>orationis</strong></span> <span class='ocrx_word' id='word_1_375' title='bbox 1254 2673 1421 2727; x_wconf 89' lang='lat' dir='ltr'><strong>series</strong></span> <span class='ocrx_word' id='word_1_376' title='bbox 1452 2686 1558 2724; x_wconf 88' lang='lat' dir='ltr'><strong>non</strong></span> <span class='ocrx_word' id='word_1_377' title='bbox 1591 2672 1752 2725; x_wconf 88' lang='lat' dir='ltr'><strong>sinat.</strong></span> <span class='ocrx_word' id='word_1_378' title='bbox 1784 2669 1955 2722; x_wconf 83' lang='lat' dir='ltr'><strong>Antea</strong></span> <span class='ocrx_word' id='word_1_379' title='bbox 2052 2674 2341 2727; x_wconf 90' lang='lat' dir='ltr'><strong>ducuntur.</strong></span> <span class='ocrx_word' id='word_1_380' title='bbox 2369 2671 2551 2724; x_wconf 87' lang='lat' dir='ltr'><strong>Primo</strong></span> <span class='ocrx_word' id='word_1_381' title='bbox 2571 2673 2834 2724; x_wconf 90' lang='lat' dir='ltr'><strong>nonnulla</strong></span> <span class='ocrx_word' id='word_1_382' title='bbox 2863 2673 2919 2725; x_wconf 91' lang='lat' dir='ltr'><strong>in</strong></span> <span class='ocrx_word' id='word_1_383' title='bbox 2953 2674 3151 2727; x_wconf 80' lang='lat' dir='ltr'><strong>editis</strong></span> <span class='ocrx_word' id='word_1_384' title='bbox 3174 2674 3603 2734; x_wconf 88' lang='lat' dir='ltr'><strong>omittuntur,</strong></span> <span class='ocrx_word' id='word_1_385' title='bbox 3628 2687 3745 2739; x_wconf 70' lang='lat' dir='ltr'><strong>quae</strong></span> 
     </span>
    </p>
   </div>
   <div class='ocr_carea' id='block_1_52' title="bbox 413 2753 1907 2833">
    <p class='ocr_par' dir='ltr' id='par_1_52' title="bbox 413 2753 1907 2833">
     <span class='ocr_line' id='line_1_52' title="bbox 413 2753 1907 2833; baseline -0.007 -13"><span class='ocrx_word' id='word_1_386' title='bbox 413 2768 574 2820; x_wconf 90' lang='lat' dir='ltr'><strong>etiam</strong></span> <span class='ocrx_word' id='word_1_387' title='bbox 606 2766 741 2819; x_wconf 86' lang='lat' dir='ltr'><strong>forte</strong></span> <span class='ocrx_word' id='word_1_388' title='bbox 766 2762 1043 2833; x_wconf 81' lang='lat' dir='ltr'><strong>legendum</strong></span> <span class='ocrx_word' id='word_1_389' title='bbox 1088 2764 1179 2815; x_wconf 72' lang='grc' dir='ltr'><strong>καὶ</strong></span> <span class='ocrx_word' id='word_1_390' title='bbox 1208 2760 1308 2813; x_wconf 84' lang='grc' dir='ltr'><strong>ποῦ</strong></span> <span class='ocrx_word' id='word_1_391' title='bbox 1329 2760 1660 2831; x_wconf 81' lang='grc' dir='ltr'><strong>πορεύονται,</strong></span> <span class='ocrx_word' id='word_1_392' title='bbox 1694 2760 1794 2811; x_wconf 83' lang='grc' dir='ltr'><strong>οὐκ</strong></span> <span class='ocrx_word' id='word_1_393' title='bbox 1817 2753 1907 2810; x_wconf 68' lang='grc' dir='ltr'><strong>οἷδι</strong></span> 
     </span>
    </p>
   </div>
   <div class='ocr_carea' id='block_1_53' title="bbox 2248 2753 3742 2833">
    <p class='ocr_par' dir='ltr' id='par_1_53' title="bbox 2248 2762 3742 2830">
     <span class='ocr_line' id='line_1_53' title="bbox 2248 2762 3742 2830; baseline 0.003 -18"><span class='ocrx_word' id='word_1_394' title='bbox 2248 2768 2425 2830; x_wconf 85' lang='lat' dir='ltr'><strong>Lotypo</strong></span> <span class='ocrx_word' id='word_1_395' title='bbox 2454 2767 2693 2824; x_wconf 85' lang='lat' dir='ltr'><strong>exstant,</strong></span> <span class='ocrx_word' id='word_1_396' title='bbox 2727 2769 2787 2813; x_wconf 92' lang='lat' dir='ltr'><strong>ut</strong></span> <span class='ocrx_word' id='word_1_397' title='bbox 2817 2776 2888 2815; x_wconf 83' lang='lat' dir='ltr'><strong>ex</strong></span> <span class='ocrx_word' id='word_1_398' title='bbox 2931 2763 3257 2817; x_wconf 89' lang='lat' dir='ltr'><strong>versione</strong></span> <span class='ocrx_word' id='word_1_399' title='bbox 3325 2762 3560 2818; x_wconf 83' lang='lat' dir='ltr'><strong>Latina</strong></span> <span class='ocrx_word' id='word_1_400' title='bbox 3613 2777 3742 2817; x_wconf 81' lang='lat' dir='ltr'><strong>coa-</strong></span> 
     </span>
    </p>
   </div>
   <div class='ocr_carea' id='block_1_54' title="bbox 413 2849 3742 2923">
    <p class='ocr_par' dir='ltr' id='par_1_54' title="bbox 413 2849 3742 2923">
     <span class='ocr_line' id='line_1_54' title="bbox 413 2849 3742 2923; baseline -0.001 -15"><span class='ocrx_word' id='word_1_401' title='bbox 413 2866 464 2908; x_wconf 81' lang='lat' dir='ltr'><strong>et</strong></span> <span class='ocrx_word' id='word_1_402' title='bbox 489 2871 587 2923; x_wconf 88' lang='lat' dir='ltr'><strong>quo</strong></span> <span class='ocrx_word' id='word_1_403' title='bbox 614 2865 825 2923; x_wconf 80' lang='lat' dir='ltr'><strong>pergant</strong></span> <span class='ocrx_word' id='word_1_404' title='bbox 854 2855 1043 2916; x_wconf 74' lang='lat' dir='ltr'><strong>nescio,</strong></span> <span class='ocrx_word' id='word_1_405' title='bbox 1071 2851 1335 2919; x_wconf 87' lang='lat' dir='ltr'><strong>conjectat</strong></span> <span class='ocrx_word' id='word_1_406' title='bbox 1368 2866 1418 2903; x_wconf 83' lang='grc' dir='ltr'><strong>ν.</strong></span> <span class='ocrx_word' id='word_1_407' title='bbox 1446 2850 1514 2903; x_wconf 83' lang='lat' dir='ltr'><strong>cl.</strong></span> <span class='ocrx_word' id='word_1_408' title='bbox 1538 2849 1875 2911; x_wconf 89' lang='lat' dir='ltr'><strong>Coutantius,</strong></span> <span class='ocrx_word' id='word_1_409' title='bbox 1903 2854 1958 2899; x_wconf 87' lang='lat' dir='ltr'><strong>at</strong></span> <span class='ocrx_word' id='word_1_410' title='bbox 2057 2858 2193 2917; x_wconf 87' lang='lat' dir='ltr'><strong>stat;</strong></span> <span class='ocrx_word' id='word_1_411' title='bbox 2226 2851 2464 2904; x_wconf 89' lang='lat' dir='ltr'><strong>secundo</strong></span> <span class='ocrx_word' id='word_1_412' title='bbox 2495 2851 2642 2903; x_wconf 89' lang='lat' dir='ltr'><strong>haud</strong></span> <span class='ocrx_word' id='word_1_413' title='bbox 2667 2866 2845 2918; x_wconf 86' lang='lat' dir='ltr'><strong>pauca</strong></span> <span class='ocrx_word' id='word_1_414' title='bbox 2881 2854 3203 2906; x_wconf 87' lang='lat' dir='ltr'><strong>vocabula</strong></span> <span class='ocrx_word' id='word_1_415' title='bbox 3261 2855 3509 2908; x_wconf 88' lang='lat' dir='ltr'><strong>litteris</strong></span> <span class='ocrx_word' id='word_1_416' title='bbox 3542 2855 3742 2906; x_wconf 82' lang='lat' dir='ltr'><strong>minia-</strong></span> 
     </span>
    </p>
   </div>
   <div class='ocr_carea' id='block_1_55' title="bbox 417 2939 3744 3014">
    <p class='ocr_par' dir='ltr' id='par_1_55' title="bbox 417 2939 3744 3014">
     <span class='ocr_line' id='line_1_55' title="bbox 417 2939 3744 3014; baseline 0 -18"><span class='ocrx_word' id='word_1_417' title='bbox 417 2958 725 3013; x_wconf 86' lang='lat' dir='ltr'><strong>perperam;</strong></span> <span class='ocrx_word' id='word_1_418' title='bbox 771 2958 895 2995; x_wconf 92' lang='lat' dir='ltr'><strong>nam</strong></span> <span class='ocrx_word' id='word_1_419' title='bbox 926 2942 1092 3009; x_wconf 82' lang='lat' dir='ltr'><strong>hujus</strong></span> <span class='ocrx_word' id='word_1_420' title='bbox 1128 2939 1481 3009; x_wconf 87' lang='lat' dir='ltr'><strong>supplementi</strong></span> <span class='ocrx_word' id='word_1_421' title='bbox 1523 2953 1687 3006; x_wconf 80' lang='lat' dir='ltr'><strong>capax</strong></span> <span class='ocrx_word' id='word_1_422' title='bbox 1723 2954 1828 2992; x_wconf 89' lang='lat' dir='ltr'><strong>non</strong></span> <span class='ocrx_word' id='word_1_423' title='bbox 1876 2946 1959 2992; x_wconf 86' lang='lat' dir='ltr'><strong>est</strong></span> <span class='ocrx_word' id='word_1_424' title='bbox 2057 2940 2127 2995; x_wconf 89' lang='lat' dir='ltr'><strong>tis</strong></span> <span class='ocrx_word' id='word_1_425' title='bbox 2150 2941 2405 3005; x_wconf 89' lang='lat' dir='ltr'><strong>eduntur,</strong></span> <span class='ocrx_word' id='word_1_426' title='bbox 2454 2955 2575 3009; x_wconf 65' lang='lat' dir='ltr'><strong>quae</strong></span> <span class='ocrx_word' id='word_1_427' title='bbox 2605 2941 2658 2994; x_wconf 91' lang='lat' dir='ltr'><strong>in</strong></span> <span class='ocrx_word' id='word_1_428' title='bbox 2689 2941 2884 2996; x_wconf 83' lang='lat' dir='ltr'><strong>codice</strong></span> <span class='ocrx_word' id='word_1_429' title='bbox 2923 2952 3195 2997; x_wconf 76' lang='lat' dir='ltr'><strong>exstant</strong></span> <span class='ocrx_word' id='word_1_430' title='bbox 3225 2982 3246 3008; x_wconf 85' lang='lat'><strong>,</strong></span> <span class='ocrx_word' id='word_1_431' title='bbox 3310 2945 3489 3014; x_wconf 82' lang='lat' dir='ltr'><strong>quod</strong></span> <span class='ocrx_word' id='word_1_432' title='bbox 3538 2942 3744 2998; x_wconf 81' lang='lat' dir='ltr'><strong>factum</strong></span> 
     </span>
    </p>
   </div>
   <div class='ocr_carea' id='block_1_56' title="bbox 417 3033 993 3101">
    <p class='ocr_par' dir='ltr' id='par_1_56' title="bbox 417 3033 993 3101">
     <span class='ocr_line' id='line_1_56' title="bbox 417 3033 993 3101; baseline -0.005 -13"><span class='ocrx_word' id='word_1_433' title='bbox 417 3033 767 3101; x_wconf 82' lang='lat' dir='ltr'><strong>tnanuscripti</strong></span> <span class='ocrx_word' id='word_1_434' title='bbox 784 3033 993 3085; x_wconf 86' lang='lat' dir='ltr'><strong>lacuna.</strong></span> 
     </span>
    </p>
   </div>
   <div class='ocr_carea' id='block_1_57' title="bbox 939 3137 1435 3195">
    <p class='ocr_par' dir='ltr' id='par_1_57' title="bbox 939 3137 1435 3195">
     <span class='ocr_line' id='line_1_57' title="bbox 939 3137 1435 3195; baseline 0.002 -3"><span class='ocrx_word' id='word_1_435' title='bbox 939 3139 1326 3195; x_wconf 81' lang='lat' dir='ltr'><strong>ARTICULUS</strong></span> <span class='ocrx_word' id='word_1_436' title='bbox 1351 3137 1435 3193; x_wconf 77' lang='lat' dir='ltr'><strong>IV.</strong></span> 
     </span>
    </p>
   </div>
   <div class='ocr_carea' id='block_1_58' title="bbox 452 3241 1917 3288">
    <p class='ocr_par' dir='ltr' id='par_1_58' title="bbox 452 3241 1917 3288">
     <span class='ocr_line' id='line_1_58' title="bbox 452 3241 1917 3288; baseline -0.004 0"><span class='ocrx_word' id='word_1_437' title='bbox 452 3248 626 3288; x_wconf 64' lang='lat' dir='ltr'><strong>VARUS</strong></span> <span class='ocrx_word' id='word_1_438' title='bbox 656 3247 936 3288; x_wconf 66' lang='lat' dir='ltr'><strong>IDJ&#39;UONES</strong></span> <span class='ocrx_word' id='word_1_439' title='bbox 973 3247 1340 3287; x_wconf 75' lang='lat' dir='ltr'><strong>EPISTOLARUI</strong></span> <span class='ocrx_word' id='word_1_440' title='bbox 1374 3245 1420 3283; x_wconf 83' lang='lat' dir='ltr'><strong>S.</strong></span> <span class='ocrx_word' id='word_1_441' title='bbox 1452 3241 1749 3282; x_wconf 64' lang='grc' dir='ltr'><strong>οιεηιητιε</strong></span> <span class='ocrx_word' id='word_1_442' title='bbox 1785 3242 1917 3283; x_wconf 68' lang='grc' dir='ltr'><strong>λοι.</strong></span> 
     </span>
    </p>
   </div>
   <div class='ocr_carea' id='block_1_59' title="bbox 1017 3317 1333 3356">
    <p class='ocr_par' dir='ltr' id='par_1_59' title="bbox 1017 3317 1333 3356">
     <span class='ocr_line' id='line_1_59' title="bbox 1017 3317 1333 3356; baseline 0 0"><span class='ocrx_word' id='word_1_443' title='bbox 1017 3317 1333 3356; x_wconf 71' lang='lat' dir='ltr'><strong>PONTIFICIS.</strong></span> 
     </span>
    </p>
   </div>
   <div class='ocr_carea' id='block_1_60' title="bbox 1983 3032 3745 3122">
    <p class='ocr_par' dir='ltr' id='par_1_60' title="bbox 1983 3032 3745 3122">
     <span class='ocr_line' id='line_1_60' title="bbox 1983 3032 3745 3122; baseline 0.003 -39"><span class='ocrx_word' id='word_1_444' title='bbox 1983 3064 2027 3122; x_wconf 64' lang='grc' dir='ltr'>ϐ</span> <span class='ocrx_word' id='word_1_445' title='bbox 2055 3045 2178 3084; x_wconf 87' lang='lat' dir='ltr'><strong>esse</strong></span> <span class='ocrx_word' id='word_1_446' title='bbox 2218 3045 2249 3082; x_wconf 92' lang='lat' dir='ltr'><strong>a</strong></span> <span class='ocrx_word' id='word_1_447' title='bbox 2303 3032 2593 3100; x_wconf 88' lang='lat' dir='ltr'><strong>typothetis</strong></span> <span class='ocrx_word' id='word_1_448' title='bbox 2634 3034 2936 3089; x_wconf 86' lang='lat' dir='ltr'><strong>verisimile</strong></span> <span class='ocrx_word' id='word_1_449' title='bbox 2986 3045 3131 3102; x_wconf 88' lang='lat' dir='ltr'><strong>est;</strong></span> <span class='ocrx_word' id='word_1_450' title='bbox 3169 3038 3381 3092; x_wconf 82' lang='lat' dir='ltr'><strong>tertio</strong></span> <span class='ocrx_word' id='word_1_451' title='bbox 3434 3047 3581 3092; x_wconf 87' lang='lat' dir='ltr'><strong>sunt</strong></span> <span class='ocrx_word' id='word_1_452' title='bbox 3605 3037 3745 3089; x_wconf 86' lang='lat' dir='ltr'><strong>haud</strong></span> 
     </span>
    </p>
   </div>
   <div class='ocr_carea' id='block_1_61' title="bbox 2056 3127 3748 3200">
    <p class='ocr_par' dir='ltr' id='par_1_61' title="bbox 2056 3127 3748 3200">
     <span class='ocr_line' id='line_1_61' title="bbox 2056 3127 3748 3200; baseline 0.005 -27"><span class='ocrx_word' id='word_1_453' title='bbox 2056 3134 2245 3190; x_wconf 88' lang='lat' dir='ltr'><strong>pauca,</strong></span> <span class='ocrx_word' id='word_1_454' title='bbox 2276 3136 2395 3190; x_wconf 66' lang='lat' dir='ltr'><strong>quae</strong></span> <span class='ocrx_word' id='word_1_455' title='bbox 2436 3136 2544 3175; x_wconf 90' lang='lat' dir='ltr'><strong>non</strong></span> <span class='ocrx_word' id='word_1_456' title='bbox 2603 3131 2752 3178; x_wconf 90' lang='lat' dir='ltr'><strong>recte</strong></span> <span class='ocrx_word' id='word_1_457' title='bbox 2806 3127 3143 3196; x_wconf 78' lang='lat' dir='ltr'><strong>exscripsit</strong></span> <span class='ocrx_word' id='word_1_458' title='bbox 3204 3129 3475 3197; x_wconf 86' lang='lat' dir='ltr'><strong>editor;</strong></span> <span class='ocrx_word' id='word_1_459' title='bbox 3548 3138 3748 3200; x_wconf 86' lang='lat' dir='ltr'><strong>quarto</strong></span> 
     </span>
    </p>
   </div>
   <div class='ocr_carea' id='block_1_62' title="bbox 2056 3211 3749 3290">
    <p class='ocr_par' dir='ltr' id='par_1_62' title="bbox 2056 3211 3749 3290">
     <span class='ocr_line' id='line_1_62' title="bbox 2056 3211 3749 3290; baseline 0.004 -25"><span class='ocrx_word' id='word_1_460' title='bbox 2056 3211 2314 3265; x_wconf 89' lang='lat' dir='ltr'><strong>nonnulla</strong></span> <span class='ocrx_word' id='word_1_461' title='bbox 2336 3212 2490 3266; x_wconf 88' lang='lat' dir='ltr'><strong>aliter</strong></span> <span class='ocrx_word' id='word_1_462' title='bbox 2519 3213 2722 3283; x_wconf 85' lang='lat' dir='ltr'><strong>scripta</strong></span> <span class='ocrx_word' id='word_1_463' title='bbox 2749 3224 2905 3276; x_wconf 87' lang='lat' dir='ltr'><strong>sunt,</strong></span> <span class='ocrx_word' id='word_1_464' title='bbox 2924 3232 3119 3286; x_wconf 90' lang='lat' dir='ltr'><strong>quam</strong></span> <span class='ocrx_word' id='word_1_465' title='bbox 3152 3220 3389 3274; x_wconf 86' lang='lat' dir='ltr'><strong>editor</strong></span> <span class='ocrx_word' id='word_1_466' title='bbox 3416 3234 3749 3290; x_wconf 62' lang='lat' dir='ltr'><strong>repraesen-</strong></span> 
     </span>
    </p>
   </div>
   <div class='ocr_carea' id='block_1_63' title="bbox 2055 3302 3751 3385">
    <p class='ocr_par' dir='ltr' id='par_1_63' title="bbox 2055 3302 3751 3385">
     <span class='ocr_line' id='line_1_63' title="bbox 2055 3302 3751 3385; baseline 0.008 -32"><span class='ocrx_word' id='word_1_467' title='bbox 2055 3302 2191 3355; x_wconf 89' lang='lat' dir='ltr'><strong>tavit</strong></span> <span class='ocrx_word' id='word_1_468' title='bbox 2215 3317 2281 3356; x_wconf 84' lang='lat' dir='ltr'><strong>ex</strong></span> <span class='ocrx_word' id='word_1_469' title='bbox 2314 3303 2574 3372; x_wconf 77' lang='lat' dir='ltr'><strong>singulari</strong></span> <span class='ocrx_word' id='word_1_470' title='bbox 2603 3305 2841 3374; x_wconf 87' lang='lat' dir='ltr'><strong>quadam</strong></span> <span class='ocrx_word' id='word_1_471' title='bbox 2870 3308 3001 3382; x_wconf 78' lang='lat' dir='ltr'><strong>ejus</strong></span> <span class='ocrx_word' id='word_1_472' title='bbox 3032 3311 3376 3381; x_wconf 83' lang='lat' dir='ltr'><strong>opinione</strong></span> <span class='ocrx_word' id='word_1_473' title='bbox 3405 3329 3424 3380; x_wconf 89' lang='lat'><strong>;</strong></span> <span class='ocrx_word' id='word_1_474' title='bbox 3489 3328 3611 3385; x_wconf 84' lang='lat' dir='ltr'><strong>qua</strong></span> <span class='ocrx_word' id='word_1_475' title='bbox 3659 3312 3751 3366; x_wconf 88' lang='lat' dir='ltr'><strong>ad-</strong></span> 
     </span>
    </p>
   </div>
   <div class='ocr_carea' id='block_1_64' title="bbox 489 3389 3752 3467">
    <p class='ocr_par' dir='ltr' id='par_1_64' title="bbox 489 3389 3752 3467">
     <span class='ocr_line' id='line_1_64' title="bbox 489 3389 3752 3467; baseline -0.001 -18"><span class='ocrx_word' id='word_1_476' title='bbox 489 3395 785 3450; x_wconf 87' lang='lat' dir='ltr'><strong>Clementis</strong></span> <span class='ocrx_word' id='word_1_477' title='bbox 802 3393 1030 3447; x_wconf 81' lang='lat' dir='ltr'><strong>Romani</strong></span> <span class='ocrx_word' id='word_1_478' title='bbox 1056 3391 1124 3445; x_wconf 91' lang='lat' dir='ltr'><strong>ad</strong></span> <span class='ocrx_word' id='word_1_479' title='bbox 1144 3391 1453 3445; x_wconf 77' lang='lat' dir='ltr'><strong>Corinthios</strong></span> <span class='ocrx_word' id='word_1_480' title='bbox 1472 3391 1732 3458; x_wconf 69' lang='lat' dir='ltr'><strong>epistolae,</strong></span> <span class='ocrx_word' id='word_1_481' title='bbox 1756 3398 1958 3458; x_wconf 88' lang='lat' dir='ltr'><strong>quanto</strong></span> <span class='ocrx_word' id='word_1_482' title='bbox 2056 3389 2181 3444; x_wconf 91' lang='lat' dir='ltr'><strong>duci</strong></span> <span class='ocrx_word' id='word_1_483' title='bbox 2244 3405 2353 3444; x_wconf 91' lang='lat' dir='ltr'><strong>non</strong></span> <span class='ocrx_word' id='word_1_484' title='bbox 2409 3393 2616 3461; x_wconf 87' lang='lat' dir='ltr'><strong>potuit,</strong></span> <span class='ocrx_word' id='word_1_485' title='bbox 2644 3402 2704 3447; x_wconf 90' lang='lat' dir='ltr'><strong>ut</strong></span> <span class='ocrx_word' id='word_1_486' title='bbox 2764 3397 3161 3467; x_wconf 85' lang='lat' dir='ltr'><strong>scriptionem</strong></span> <span class='ocrx_word' id='word_1_487' title='bbox 3236 3412 3534 3459; x_wconf 79' lang='lat' dir='ltr'><strong>veterem</strong></span> <span class='ocrx_word' id='word_1_488' title='bbox 3594 3405 3752 3457; x_wconf 65' lang='lat' dir='ltr'><strong>aliter</strong></span> 
     </span>
    </p>
   </div>
   <div class='ocr_carea' id='block_1_65' title="bbox 425 3480 1955 3556">
    <p class='ocr_par' dir='ltr' id='par_1_65' title="bbox 425 3480 1955 3556">
     <span class='ocr_line' id='line_1_65' title="bbox 425 3480 1955 3556; baseline -0.005 -16"><span class='ocrx_word' id='word_1_489' title='bbox 425 3488 649 3556; x_wconf 87' lang='lat' dir='ltr'><strong>reliquis</strong></span> <span class='ocrx_word' id='word_1_490' title='bbox 673 3486 773 3540; x_wconf 92' lang='lat' dir='ltr'><strong>sub</strong></span> <span class='ocrx_word' id='word_1_491' title='bbox 804 3484 926 3552; x_wconf 87' lang='lat' dir='ltr'><strong>ejus</strong></span> <span class='ocrx_word' id='word_1_492' title='bbox 951 3483 1167 3536; x_wconf 90' lang='lat' dir='ltr'><strong>nomine</strong></span> <span class='ocrx_word' id='word_1_493' title='bbox 1190 3480 1426 3549; x_wconf 80' lang='lat' dir='ltr'><strong>vulgatis</strong></span> <span class='ocrx_word' id='word_1_494' title='bbox 1452 3481 1780 3534; x_wconf 89' lang='lat' dir='ltr'><strong>sinceriores</strong></span> <span class='ocrx_word' id='word_1_495' title='bbox 1808 3486 1955 3541; x_wconf 90' lang='lat' dir='ltr'><strong>sunt,</strong></span> 
     </span>
    </p>
   </div>
   <div class='ocr_carea' id='block_1_66' title="bbox 2057 3481 3750 3559">
    <p class='ocr_par' dir='ltr' id='par_1_66' title="bbox 2057 3481 3750 3559">
     <span class='ocr_line' id='line_1_66' title="bbox 2057 3481 3750 3559; baseline 0.006 -22"><span class='ocrx_word' id='word_1_496' title='bbox 2057 3481 2351 3545; x_wconf 78' lang='lat' dir='ltr'><strong>exhiberet,</strong></span> <span class='ocrx_word' id='word_1_497' title='bbox 2375 3498 2533 3550; x_wconf 89' lang='lat' dir='ltr'><strong>quam</strong></span> <span class='ocrx_word' id='word_1_498' title='bbox 2559 3486 2862 3539; x_wconf 91' lang='lat' dir='ltr'><strong>secundum</strong></span> <span class='ocrx_word' id='word_1_499' title='bbox 2892 3490 3233 3559; x_wconf 78' lang='lat' dir='ltr'><strong>vulgarem</strong></span> <span class='ocrx_word' id='word_1_500' title='bbox 3261 3495 3597 3551; x_wconf 84' lang='lat' dir='ltr'><strong>scribendi</strong></span> <span class='ocrx_word' id='word_1_501' title='bbox 3635 3511 3750 3548; x_wconf 77' lang='lat' dir='ltr'><strong>mo—</strong></span> 
     </span>
    </p>
   </div>
   <div class='ocr_carea' id='block_1_67' title="bbox 424 3571 3744 3657">
    <p class='ocr_par' dir='ltr' id='par_1_67' title="bbox 424 3571 3744 3657">
     <span class='ocr_line' id='line_1_67' title="bbox 424 3571 3744 3657; baseline 0.003 -25"><span class='ocrx_word' id='word_1_502' title='bbox 424 3586 480 3632; x_wconf 88' lang='lat' dir='ltr'><strong>et</strong></span> <span class='ocrx_word' id='word_1_503' title='bbox 502 3593 530 3630; x_wconf 89' lang='lat' dir='ltr'><strong>a</strong></span> <span class='ocrx_word' id='word_1_504' title='bbox 553 3578 803 3646; x_wconf 59' lang='lat' dir='ltr'><strong>primaeva</strong></span> <span class='ocrx_word' id='word_1_505' title='bbox 829 3574 1182 3643; x_wconf 83' lang='lat' dir='ltr'><strong>simplicitate</strong></span> <span class='ocrx_word' id='word_1_506' title='bbox 1212 3573 1392 3626; x_wconf 90' lang='lat' dir='ltr'><strong>minus</strong></span> <span class='ocrx_word' id='word_1_507' title='bbox 1421 3572 1629 3637; x_wconf 61' lang='lat' dir='ltr'><strong>alienae,</strong></span> <span class='ocrx_word' id='word_1_508' title='bbox 1658 3578 1810 3625; x_wconf 88' lang='lat' dir='ltr'><strong>tanto</strong></span> <span class='ocrx_word' id='word_1_509' title='bbox 1838 3571 1959 3639; x_wconf 86' lang='lat' dir='ltr'><strong>plus</strong></span> <span class='ocrx_word' id='word_1_510' title='bbox 2057 3589 2197 3635; x_wconf 85' lang='lat' dir='ltr'><strong>rem;</strong></span> <span class='ocrx_word' id='word_1_511' title='bbox 2227 3576 2415 3643; x_wconf 84' lang='lat' dir='ltr'><strong>quinto</strong></span> <span class='ocrx_word' id='word_1_512' title='bbox 2433 3590 2574 3643; x_wconf 63' lang='lat' dir='ltr'><strong>saepe</strong></span> <span class='ocrx_word' id='word_1_513' title='bbox 2596 3591 2719 3630; x_wconf 91' lang='lat' dir='ltr'><strong>cum</strong></span> <span class='ocrx_word' id='word_1_514' title='bbox 2754 3578 2874 3647; x_wconf 87' lang='lat' dir='ltr'><strong>ipse</strong></span> <span class='ocrx_word' id='word_1_515' title='bbox 2905 3581 3059 3635; x_wconf 88' lang='lat' dir='ltr'><strong>male</strong></span> <span class='ocrx_word' id='word_1_516' title='bbox 3097 3587 3580 3657; x_wconf 78' lang='lat' dir='ltr'><strong>exscripserit,</strong></span> <span class='ocrx_word' id='word_1_517' title='bbox 3617 3605 3744 3642; x_wconf 83' lang='lat' dir='ltr'><strong>cor.-</strong></span> 
     </span>
    </p>
   </div>
   <div class='ocr_carea' id='block_1_68' title="bbox 425 3660 1957 3737">
    <p class='ocr_par' dir='ltr' id='par_1_68' title="bbox 425 3660 1957 3737">
     <span class='ocr_line' id='line_1_68' title="bbox 425 3660 1957 3737; baseline -0.007 -14"><span class='ocrx_word' id='word_1_518' title='bbox 425 3684 600 3737; x_wconf 72' lang='lat' dir='ltr'><strong>operze</strong></span> <span class='ocrx_word' id='word_1_519' title='bbox 622 3668 807 3721; x_wconf 88' lang='lat' dir='ltr'><strong>iisdem</strong></span> <span class='ocrx_word' id='word_1_520' title='bbox 821 3665 1064 3728; x_wconf 88' lang='lat' dir='ltr'><strong>edendis,</strong></span> <span class='ocrx_word' id='word_1_521' title='bbox 1090 3664 1143 3717; x_wconf 92' lang='lat' dir='ltr'><strong>in</strong></span> <span class='ocrx_word' id='word_1_522' title='bbox 1169 3663 1301 3716; x_wconf 86' lang='lat' dir='ltr'><strong>alias</strong></span> <span class='ocrx_word' id='word_1_523' title='bbox 1320 3662 1530 3731; x_wconf 81' lang='lat' dir='ltr'><strong>linguas</strong></span> <span class='ocrx_word' id='word_1_524' title='bbox 1551 3660 1957 3725; x_wconf 88' lang='lat' dir='ltr'><strong>transferendis,</strong></span> 
     </span>
    </p>
   </div>
   <div class='ocr_carea' id='block_1_69' title="bbox 2060 3664 3758 3748">
    <p class='ocr_par' dir='ltr' id='par_1_69' title="bbox 2060 3664 3758 3748">
     <span class='ocr_line' id='line_1_69' title="bbox 2060 3664 3758 3748; baseline 0.009 -31"><span class='ocrx_word' id='word_1_525' title='bbox 2060 3664 2355 3718; x_wconf 89' lang='lat' dir='ltr'><strong>rectionem</strong></span> <span class='ocrx_word' id='word_1_526' title='bbox 2393 3678 2458 3717; x_wconf 73' lang='lat' dir='ltr'><strong>ex</strong></span> <span class='ocrx_word' id='word_1_527' title='bbox 2489 3665 2806 3733; x_wconf 88' lang='lat' dir='ltr'><strong>conjectura</strong></span> <span class='ocrx_word' id='word_1_528' title='bbox 2835 3667 2995 3721; x_wconf 86' lang='lat' dir='ltr'><strong>addit</strong></span> <span class='ocrx_word' id='word_1_529' title='bbox 3027 3670 3113 3723; x_wconf 88' lang='lat' dir='ltr'><strong>ad</strong></span> <span class='ocrx_word' id='word_1_530' title='bbox 3150 3679 3574 3745; x_wconf 84' lang='lat' dir='ltr'><strong>marginem;</strong></span> <span class='ocrx_word' id='word_1_531' title='bbox 3638 3692 3758 3748; x_wconf 77' lang='lat' dir='ltr'><strong>quae</strong></span> 
     </span>
    </p>
   </div>
   <div class='ocr_carea' id='block_1_70' title="bbox 426 3750 3758 3827">
    <p class='ocr_par' dir='ltr' id='par_1_70' title="bbox 426 3750 3758 3827">
     <span class='ocr_line' id='line_1_70' title="bbox 426 3750 3758 3827; baseline 0.002 -16"><span class='ocrx_word' id='word_1_532' title='bbox 426 3769 482 3811; x_wconf 87' lang='lat' dir='ltr'><strong>ct</strong></span> <span class='ocrx_word' id='word_1_533' title='bbox 512 3757 844 3811; x_wconf 89' lang='lat' dir='ltr'><strong>illustrandis</strong></span> <span class='ocrx_word' id='word_1_534' title='bbox 875 3754 1250 3823; x_wconf 85' lang='lat' dir='ltr'><strong>impenderunt</strong></span> <span class='ocrx_word' id='word_1_535' title='bbox 1273 3754 1372 3806; x_wconf 84' lang='lat' dir='ltr'><strong>viri</strong></span> <span class='ocrx_word' id='word_1_536' title='bbox 1402 3752 1746 3827; x_wconf 67' lang='lat' dir='ltr'><strong>antiquitatis</strong></span> <span class='ocrx_word' id='word_1_537' title='bbox 1784 3750 1962 3827; x_wconf 63' lang='lat' dir='ltr'><strong>eccle-</strong></span> <span class='ocrx_word' id='word_1_538' title='bbox 2061 3753 2324 3807; x_wconf 87' lang='lat' dir='ltr'><strong>correctio</strong></span> <span class='ocrx_word' id='word_1_539' title='bbox 2351 3752 2405 3805; x_wconf 92' lang='lat' dir='ltr'><strong>in</strong></span> <span class='ocrx_word' id='word_1_540' title='bbox 2435 3752 2554 3821; x_wconf 84' lang='lat' dir='ltr'><strong>ipso</strong></span> <span class='ocrx_word' id='word_1_541' title='bbox 2580 3754 2768 3810; x_wconf 87' lang='lat' dir='ltr'><strong>codice</strong></span> <span class='ocrx_word' id='word_1_542' title='bbox 2796 3760 3120 3827; x_wconf 87' lang='lat' dir='ltr'><strong>reperitur.</strong></span> <span class='ocrx_word' id='word_1_543' title='bbox 3168 3782 3196 3813; x_wconf 81' lang='grc'>›</span> <span class='ocrx_word' id='word_1_544' title='bbox 3242 3765 3584 3824; x_wconf 84' lang='lat' dir='ltr'><strong>Hactenus</strong></span> <span class='ocrx_word' id='word_1_545' title='bbox 3619 3768 3758 3823; x_wconf 80' lang='lat' dir='ltr'><strong>Gra-</strong></span> 
     </span>
    </p>
   </div>
   <div class='ocr_carea' id='block_1_71' title="bbox 426 3820 1949 3910">
    <p class='ocr_par' dir='ltr' id='par_1_71' title="bbox 426 3820 1949 3910">
     <span class='ocr_line' id='line_1_71' title="bbox 426 3820 1949 3910; baseline -0.024 -1"><span class='ocrx_word' id='word_1_546' title='bbox 426 3852 658 3910; x_wconf 70' lang='lat' dir='ltr'><strong>siasticaz</strong></span> <span class='ocrx_word' id='word_1_547' title='bbox 677 3844 920 3903; x_wconf 73' lang='lat' dir='ltr'><strong>studiosi.</strong></span> <span class='ocrx_word' id='word_1_548' title='bbox 950 3820 1221 3893; x_wconf 68' lang='lat' dir='ltr'><strong>Laudatur</strong></span> <span class='ocrx_word' id='word_1_549' title='bbox 1253 3834 1354 3886; x_wconf 90' lang='lat' dir='ltr'><strong>hoc</strong></span> <span class='ocrx_word' id='word_1_550' title='bbox 1382 3827 1596 3882; x_wconf 90' lang='lat' dir='ltr'><strong>nomine</strong></span> <span class='ocrx_word' id='word_1_551' title='bbox 1628 3824 1678 3876; x_wconf 92' lang='lat' dir='ltr'><strong>in</strong></span> <span class='ocrx_word' id='word_1_552' title='bbox 1707 3820 1949 3876; x_wconf 88' lang='lat' dir='ltr'><strong>Gallandi</strong></span> 
     </span>
    </p>
   </div>
   <div class='ocr_carea' id='block_1_72' title="bbox 426 3914 1950 4011">
    <p class='ocr_par' dir='ltr' id='par_1_72' title="bbox 426 3914 1950 4011">
     <span class='ocr_line' id='line_1_72' title="bbox 426 3914 1950 4011; baseline -0.024 -13"><span class='ocrx_word' id='word_1_553' title='bbox 426 3937 821 4011; x_wconf 86' lang='lat' dir='ltr'><strong>Prolegomenis</strong></span> <span class='ocrx_word' id='word_1_554' title='bbox 844 3930 1098 3987; x_wconf 86' lang='lat' dir='ltr'><strong>Patritius</strong></span> <span class='ocrx_word' id='word_1_555' title='bbox 1120 3924 1311 3980; x_wconf 77' lang='lat' dir='ltr'><strong>Junius</strong></span> <span class='ocrx_word' id='word_1_556' title='bbox 1344 3919 1534 3975; x_wconf 91' lang='lat' dir='ltr'><strong>Scotus</strong></span> <span class='ocrx_word' id='word_1_557' title='bbox 1576 3915 1710 3983; x_wconf 79' lang='lat'><strong>(75),</strong></span> <span class='ocrx_word' id='word_1_558' title='bbox 1740 3914 1950 3967; x_wconf 84' lang='lat' dir='ltr'><strong>hetero-</strong></span> 
     </span>
    </p>
   </div>
   <div class='ocr_carea' id='block_1_73' title="bbox 428 4007 1949 4096">
    <p class='ocr_par' dir='ltr' id='par_1_73' title="bbox 428 4007 1949 4096">
     <span class='ocr_line' id='line_1_73' title="bbox 428 4007 1949 4096; baseline -0.022 -10"><span class='ocrx_word' id='word_1_559' title='bbox 428 4007 607 4088; x_wconf 72' lang='lat' dir='ltr'><strong>.10qu</strong></span> <span class='ocrx_word' id='word_1_560' title='bbox 642 4028 877 4096; x_wconf 87' lang='lat' dir='ltr'><strong>quidem,</strong></span> <span class='ocrx_word' id='word_1_561' title='bbox 912 4033 995 4076; x_wconf 88' lang='lat' dir='ltr'><strong>ast</strong></span> <span class='ocrx_word' id='word_1_562' title='bbox 1026 4018 1288 4075; x_wconf 89' lang='lat' dir='ltr'><strong>eruditus,</strong></span> <span class='ocrx_word' id='word_1_563' title='bbox 1318 4020 1371 4068; x_wconf 87' lang='lat' dir='ltr'><strong>et</strong></span> <span class='ocrx_word' id='word_1_564' title='bbox 1392 4007 1762 4076; x_wconf 83' lang='lat' dir='ltr'><strong>antiquitatum</strong></span> <span class='ocrx_word' id='word_1_565' title='bbox 1797 4016 1949 4056; x_wconf 81' lang='lat' dir='ltr'><strong>scru-</strong></span> 
     </span>
    </p>
   </div>
   <div class='ocr_carea' id='block_1_74' title="bbox 430 4092 1949 4181">
    <p class='ocr_par' dir='ltr' id='par_1_74' title="bbox 430 4092 1949 4181">
     <span class='ocr_line' id='line_1_74' title="bbox 430 4092 1949 4181; baseline -0.023 -2"><span class='ocrx_word' id='word_1_566' title='bbox 430 4136 573 4179; x_wconf 84' lang='lat' dir='ltr'><strong>tator</strong></span> <span class='ocrx_word' id='word_1_567' title='bbox 598 4092 890 4175; x_wconf 89' lang='lat' dir='ltr'><strong>indefessus</strong></span> <span class='ocrx_word' id='word_1_568' title='bbox 915 4131 930 4177; x_wconf 89' lang='lat'><strong>;</strong></span> <span class='ocrx_word' id='word_1_569' title='bbox 962 4113 1052 4181; x_wconf 90' lang='lat' dir='ltr'><strong>qui</strong></span> <span class='ocrx_word' id='word_1_570' title='bbox 1086 4109 1293 4176; x_wconf 82' lang='lat' dir='ltr'><strong>insigne</strong></span> <span class='ocrx_word' id='word_1_571' title='bbox 1319 4104 1421 4157; x_wconf 89' lang='lat' dir='ltr'><strong>hoe</strong></span> <span class='ocrx_word' id='word_1_572' title='bbox 1446 4098 1616 4155; x_wconf 77' lang='lat' dir='ltr'><strong>:etatis</strong></span> <span class='ocrx_word' id='word_1_573' title='bbox 1642 4092 1949 4165; x_wconf 78' lang='lat' dir='ltr'><strong>apostolica:</strong></span> 
     </span>
    </p>
   </div>
   <div class='ocr_carea' id='block_1_75' title="bbox 430 4187 1947 4268">
    <p class='ocr_par' dir='ltr' id='par_1_75' title="bbox 430 4187 1947 4268">
     <span class='ocr_line' id='line_1_75' title="bbox 430 4187 1947 4268; baseline -0.025 0"><span class='ocrx_word' id='word_1_574' title='bbox 430 4217 830 4268; x_wconf 87' lang='lat' dir='ltr'><strong>monumentum</strong></span> <span class='ocrx_word' id='word_1_575' title='bbox 878 4202 966 4255; x_wconf 90' lang='lat' dir='ltr'><strong>diu</strong></span> <span class='ocrx_word' id='word_1_576' title='bbox 1007 4195 1240 4253; x_wconf 88' lang='lat' dir='ltr'><strong>tenebris</strong></span> <span class='ocrx_word' id='word_1_577' title='bbox 1277 4187 1641 4257; x_wconf 88' lang='lat' dir='ltr'><strong>consepultum</strong></span> <span class='ocrx_word' id='word_1_578' title='bbox 1665 4224 1680 4248; x_wconf 95' lang='lat'><strong>,</strong></span> <span class='ocrx_word' id='word_1_579' title='bbox 1730 4198 1760 4236; x_wconf 92' lang='lat' dir='ltr'><strong>e</strong></span> <span class='ocrx_word' id='word_1_580' title='bbox 1794 4190 1947 4234; x_wconf 85' lang='lat' dir='ltr'><strong>vetu-</strong></span> 
     </span>
    </p>
   </div>
   <div class='ocr_carea' id='block_1_76' title="bbox 428 4270 1950 4360">
    <p class='ocr_par' dir='ltr' id='par_1_76' title="bbox 428 4270 1950 4360">
     <span class='ocr_line' id='line_1_76' title="bbox 428 4270 1950 4360; baseline -0.025 0"><span class='ocrx_word' id='word_1_581' title='bbox 428 4303 667 4360; x_wconf 86' lang='lat' dir='ltr'><strong>stissimo</strong></span> <span class='ocrx_word' id='word_1_582' title='bbox 694 4313 795 4350; x_wconf 90' lang='lat' dir='ltr'><strong>ms.</strong></span> <span class='ocrx_word' id='word_1_583' title='bbox 825 4292 1007 4348; x_wconf 90' lang='lat' dir='ltr'><strong>codice</strong></span> <span class='ocrx_word' id='word_1_584' title='bbox 1030 4283 1406 4345; x_wconf 80' lang='lat' dir='ltr'><strong>Alexandrino,</strong></span> <span class='ocrx_word' id='word_1_585' title='bbox 1440 4291 1595 4347; x_wconf 81' lang='lat' dir='ltr'><strong>quem</strong></span> <span class='ocrx_word' id='word_1_586' title='bbox 1620 4289 1777 4328; x_wconf 89' lang='lat' dir='ltr'><strong>manu</strong></span> <span class='ocrx_word' id='word_1_587' title='bbox 1810 4270 1950 4360; x_wconf 86' lang='lat' dir='ltr'><strong>The-</strong></span> 
     </span>
    </p>
   </div>
   <div class='ocr_carea' id='block_1_77' title="bbox 428 4359 1947 4444">
    <p class='ocr_par' dir='ltr' id='par_1_77' title="bbox 428 4359 1947 4444">
     <span class='ocr_line' id='line_1_77' title="bbox 428 4359 1947 4444; baseline -0.022 0"><span class='ocrx_word' id='word_1_588' title='bbox 428 4359 525 4444; x_wconf 63' lang='lat' dir='ltr'><strong>ciae</strong></span> <span class='ocrx_word' id='word_1_589' title='bbox 554 4385 746 4440; x_wconf 90' lang='lat' dir='ltr'><strong>nobilis</strong></span> <span class='ocrx_word' id='word_1_590' title='bbox 773 4380 982 4434; x_wconf 72' lang='lat' dir='ltr'><strong>femina:</strong></span> <span class='ocrx_word' id='word_1_591' title='bbox 1014 4372 1273 4444; x_wconf 66' lang='lat' dir='ltr'><strong>Egyptia:</strong></span> <span class='ocrx_word' id='word_1_592' title='bbox 1300 4370 1448 4423; x_wconf 22' lang='lat' dir='ltr'><strong>circa.</strong></span> <span class='ocrx_word' id='word_1_593' title='bbox 1476 4363 1687 4418; x_wconf 86' lang='lat' dir='ltr'><strong>concilii</strong></span> <span class='ocrx_word' id='word_1_594' title='bbox 1709 4359 1904 4415; x_wconf 61' lang='lat' dir='ltr'><strong>Nicasni</strong></span> <span class='ocrx_word' id='word_1_595' title='bbox 1932 4374 1947 4411; x_wconf 89' lang='grc' dir='ltr'>ι</span> 
     </span>
    </p>
   </div>
   <div class='ocr_carea' id='block_1_78' title="bbox 426 4449 1951 4544">
    <p class='ocr_par' dir='ltr' id='par_1_78' title="bbox 426 4449 1951 4544">
     <span class='ocr_line' id='line_1_78' title="bbox 426 4449 1951 4544; baseline -0.022 -12"><span class='ocrx_word' id='word_1_596' title='bbox 426 4483 661 4544; x_wconf 86' lang='lat' dir='ltr'><strong>tempora</strong></span> <span class='ocrx_word' id='word_1_597' title='bbox 700 4479 996 4530; x_wconf 87' lang='lat' dir='ltr'><strong>exaratum,</strong></span> <span class='ocrx_word' id='word_1_598' title='bbox 1043 4462 1274 4532; x_wconf 78' lang='lat' dir='ltr'><strong>Cyl-illus</strong></span> <span class='ocrx_word' id='word_1_599' title='bbox 1314 4454 1533 4509; x_wconf 76' lang='lat' dir='ltr'><strong>Lucaris</strong></span> <span class='ocrx_word' id='word_1_600' title='bbox 1557 4493 1571 4515; x_wconf 94' lang='lat'><strong>,</strong></span> <span class='ocrx_word' id='word_1_601' title='bbox 1617 4466 1682 4504; x_wconf 83' lang='lat' dir='ltr'><strong>ex</strong></span> <span class='ocrx_word' id='word_1_602' title='bbox 1722 4449 1951 4544; x_wconf 53' lang='lat' dir='ltr'><strong>Alexan-</strong></span> 
     </span>
    </p>
   </div>
   <div class='ocr_carea' id='block_1_79' title="bbox 426 4534 1951 4622">
    <p class='ocr_par' dir='ltr' id='par_1_79' title="bbox 426 4534 1951 4622">
     <span class='ocr_line' id='line_1_79' title="bbox 426 4534 1951 4622; baseline -0.019 -3"><span class='ocrx_word' id='word_1_603' title='bbox 426 4534 585 4619; x_wconf 76' lang='lat' dir='ltr'><strong>drino</strong></span> <span class='ocrx_word' id='word_1_604' title='bbox 628 4551 1246 4622; x_wconf 85' lang='lat' dir='ltr'><strong>Constantinopolitanus</strong></span> <span class='ocrx_word' id='word_1_605' title='bbox 1298 4540 1630 4614; x_wconf 85' lang='lat' dir='ltr'><strong>patriarcha,</strong></span> <span class='ocrx_word' id='word_1_606' title='bbox 1683 4554 1774 4606; x_wconf 88' lang='lat' dir='ltr'><strong>per</strong></span> <span class='ocrx_word' id='word_1_607' title='bbox 1815 4534 1951 4590; x_wconf 43' lang='lat' dir='ltr'><strong>Th0.-</strong></span> 
     </span>
    </p>
   </div>
   <div class='ocr_carea' id='block_1_80' title="bbox 429 4626 1950 4708">
    <p class='ocr_par' dir='ltr' id='par_1_80' title="bbox 429 4626 1950 4708">
     <span class='ocr_line' id='line_1_80' title="bbox 429 4626 1950 4708; baseline -0.021 -1"><span class='ocrx_word' id='word_1_608' title='bbox 429 4670 569 4708; x_wconf 87' lang='lat' dir='ltr'><strong>mam</strong></span> <span class='ocrx_word' id='word_1_609' title='bbox 603 4655 868 4704; x_wconf 70' lang='lat' dir='ltr'><strong>liowreum</strong></span> <span class='ocrx_word' id='word_1_610' title='bbox 901 4661 966 4700; x_wconf 82' lang='lat' dir='ltr'><strong>ex</strong></span> <span class='ocrx_word' id='word_1_611' title='bbox 994 4642 1208 4697; x_wconf 89' lang='lat' dir='ltr'><strong>Oriente</strong></span> <span class='ocrx_word' id='word_1_612' title='bbox 1235 4635 1479 4689; x_wconf 91' lang='lat' dir='ltr'><strong>reducem</strong></span> <span class='ocrx_word' id='word_1_613' title='bbox 1505 4668 1519 4693; x_wconf 91' lang='lat'><strong>,</strong></span> <span class='ocrx_word' id='word_1_614' title='bbox 1550 4628 1743 4682; x_wconf 80' lang='lat' dir='ltr'><strong>Carolo</strong></span> <span class='ocrx_word' id='word_1_615' title='bbox 1774 4627 1811 4687; x_wconf 94' lang='lat' dir='ltr'><strong>I,</strong></span> <span class='ocrx_word' id='word_1_616' title='bbox 1841 4626 1950 4677; x_wconf 85' lang='lat' dir='ltr'><strong>An—</strong></span> 
     </span>
    </p>
   </div>
   <div class='ocr_carea' id='block_1_81' title="bbox 428 4718 1951 4813">
    <p class='ocr_par' dir='ltr' id='par_1_81' title="bbox 428 4718 1951 4813">
     <span class='ocr_line' id='line_1_81' title="bbox 428 4718 1951 4813; baseline -0.018 -16"><span class='ocrx_word' id='word_1_617' title='bbox 428 4746 545 4813; x_wconf 67' lang='lat' dir='ltr'><strong>glia:</strong></span> <span class='ocrx_word' id='word_1_618' title='bbox 570 4744 677 4812; x_wconf 86' lang='lat' dir='ltr'><strong>regi</strong></span> <span class='ocrx_word' id='word_1_619' title='bbox 707 4742 849 4794; x_wconf 88' lang='lat' dir='ltr'><strong>dono</strong></span> <span class='ocrx_word' id='word_1_620' title='bbox 876 4737 1109 4793; x_wconf 89' lang='lat' dir='ltr'><strong>miserat,</strong></span> <span class='ocrx_word' id='word_1_621' title='bbox 1149 4742 1288 4782; x_wconf 89' lang='lat' dir='ltr'><strong>anno</strong></span> <span class='ocrx_word' id='word_1_622' title='bbox 1320 4725 1482 4787; x_wconf 75' lang='grc'><strong>1655,</strong></span> <span class='ocrx_word' id='word_1_623' title='bbox 1528 4719 1716 4774; x_wconf 83' lang='lat' dir='ltr'><strong>Oxouii</strong></span> <span class='ocrx_word' id='word_1_624' title='bbox 1749 4718 1951 4785; x_wconf 89' lang='lat' dir='ltr'><strong>primus</strong></span> 
     </span>
    </p>
   </div>
   <div class='ocr_carea' id='block_1_82' title="bbox 429 4808 1947 4888">
    <p class='ocr_par' dir='ltr' id='par_1_82' title="bbox 429 4808 1947 4888">
     <span class='ocr_line' id='line_1_82' title="bbox 429 4808 1947 4888; baseline -0.019 0"><span class='ocrx_word' id='word_1_625' title='bbox 429 4808 595 4888; x_wconf 70' lang='lat' dir='ltr'><strong>edidit</strong></span> <span class='ocrx_word' id='word_1_626' title='bbox 633 4808 781 4885; x_wconf 67' lang='lat' dir='ltr'><strong>in-4°</strong></span> <span class='ocrx_word' id='word_1_627' title='bbox 830 4828 1013 4882; x_wconf 66' lang='lat' dir='ltr'><strong>Graece</strong></span> <span class='ocrx_word' id='word_1_628' title='bbox 1065 4837 1129 4875; x_wconf 88' lang='lat' dir='ltr'><strong>ac</strong></span> <span class='ocrx_word' id='word_1_629' title='bbox 1190 4818 1417 4872; x_wconf 86' lang='lat' dir='ltr'><strong>Latine:</strong></span> <span class='ocrx_word' id='word_1_630' title='bbox 1470 4812 1695 4881; x_wconf 88' lang='lat' dir='ltr'><strong>priorem</strong></span> <span class='ocrx_word' id='word_1_631' title='bbox 1736 4808 1947 4876; x_wconf 88' lang='lat' dir='ltr'><strong>quidem</strong></span> 
     </span>
    </p>
   </div>
   <div class='ocr_carea' id='block_1_83' title="bbox 431 4899 1952 4993">
    <p class='ocr_par' dir='ltr' id='par_1_83' title="bbox 431 4899 1952 4993">
     <span class='ocr_line' id='line_1_83' title="bbox 431 4899 1952 4993; baseline -0.02 -15"><span class='ocrx_word' id='word_1_632' title='bbox 431 4923 709 4993; x_wconf 73' lang='lat' dir='ltr'><strong>epistolam</strong></span> <span class='ocrx_word' id='word_1_633' title='bbox 760 4919 935 4971; x_wconf 88' lang='lat' dir='ltr'><strong>addita</strong></span> <span class='ocrx_word' id='word_1_634' title='bbox 987 4913 1174 4967; x_wconf 88' lang='lat' dir='ltr'><strong>Latina</strong></span> <span class='ocrx_word' id='word_1_635' title='bbox 1219 4906 1492 4963; x_wconf 83' lang='lat' dir='ltr'><strong>versione,</strong></span> <span class='ocrx_word' id='word_1_636' title='bbox 1539 4902 1786 4967; x_wconf 84' lang='lat' dir='ltr'><strong>notisque</strong></span> <span class='ocrx_word' id='word_1_637' title='bbox 1832 4899 1952 4950; x_wconf 91' lang='lat' dir='ltr'><strong>illu-</strong></span> 
     </span>
    </p>
   </div>
   <div class='ocr_carea' id='block_1_84' title="bbox 428 4988 1944 5076">
    <p class='ocr_par' dir='ltr' id='par_1_84' title="bbox 428 4988 1944 5076">
     <span class='ocr_line' id='line_1_84' title="bbox 428 4988 1944 5076; baseline -0.018 -11"><span class='ocrx_word' id='word_1_638' title='bbox 428 4988 686 5068; x_wconf 75' lang='lat' dir='ltr'><strong>stratum;</strong></span> <span class='ocrx_word' id='word_1_639' title='bbox 736 5003 1050 5076; x_wconf 86' lang='lat' dir='ltr'><strong>posterioris</strong></span> <span class='ocrx_word' id='word_1_640' title='bbox 1108 5014 1234 5052; x_wconf 90' lang='lat' dir='ltr'><strong>vero</strong></span> <span class='ocrx_word' id='word_1_641' title='bbox 1272 4992 1523 5061; x_wconf 85' lang='lat' dir='ltr'><strong>reliquias</strong></span> <span class='ocrx_word' id='word_1_642' title='bbox 1581 4988 1762 5043; x_wconf 55' lang='lat' dir='ltr'><strong>Gra’ee</strong></span> <span class='ocrx_word' id='word_1_643' title='bbox 1828 4997 1944 5040; x_wconf 86' lang='lat' dir='ltr'><strong>tan-</strong></span> 
     </span>
    </p>
   </div>
   <div class='ocr_carea' id='block_1_85' title="bbox 454 5086 1949 5159">
    <p class='ocr_par' dir='ltr' id='par_1_85' title="bbox 454 5086 1949 5159">
     <span class='ocr_line' id='line_1_85' title="bbox 454 5086 1949 5159; baseline -0.02 -5"><span class='ocrx_word' id='word_1_644' title='bbox 454 5118 541 5154; x_wconf 91' lang='lat' dir='ltr'><strong>um</strong></span> <span class='ocrx_word' id='word_1_645' title='bbox 584 5099 647 5151; x_wconf 89' lang='lat' dir='ltr'><strong>ad</strong></span> <span class='ocrx_word' id='word_1_646' title='bbox 683 5097 876 5150; x_wconf 89' lang='lat' dir='ltr'><strong>calcem</strong></span> <span class='ocrx_word' id='word_1_647' title='bbox 919 5092 1162 5159; x_wconf 75' lang='lat' dir='ltr'><strong>reiectas.</strong></span> <span class='ocrx_word' id='word_1_648' title='bbox 1205 5086 1322 5150; x_wconf 82' lang='lat' dir='ltr'><strong>Quo</strong></span> <span class='ocrx_word' id='word_1_649' title='bbox 1374 5094 1500 5135; x_wconf 86' lang='lat' dir='ltr'><strong>vero</strong></span> <span class='ocrx_word' id='word_1_650' title='bbox 1527 5092 1682 5131; x_wconf 89' lang='lat' dir='ltr'><strong>suum</strong></span> <span class='ocrx_word' id='word_1_651' title='bbox 1726 5088 1949 5143; x_wconf 86' lang='lat' dir='ltr'><strong>pensum</strong></span> 
     </span>
    </p>
   </div>
   <div class='ocr_carea' id='block_1_86' title="bbox 431 5169 1952 5247">
    <p class='ocr_par' dir='ltr' id='par_1_86' title="bbox 431 5169 1952 5247">
     <span class='ocr_line' id='line_1_86' title="bbox 431 5169 1952 5247; baseline -0.02 -2"><span class='ocrx_word' id='word_1_652' title='bbox 431 5194 528 5247; x_wconf 77' lang='lat' dir='ltr'><strong>rite</strong></span> <span class='ocrx_word' id='word_1_653' title='bbox 552 5187 851 5242; x_wconf 84' lang='lat' dir='ltr'><strong>absolveret</strong></span> <span class='ocrx_word' id='word_1_654' title='bbox 886 5182 1078 5243; x_wconf 89' lang='lat' dir='ltr'><strong>editor,</strong></span> <span class='ocrx_word' id='word_1_655' title='bbox 1118 5192 1273 5231; x_wconf 74' lang='lat' dir='ltr'><strong>voces</strong></span> <span class='ocrx_word' id='word_1_656' title='bbox 1296 5171 1615 5242; x_wconf 76' lang='lat' dir='ltr'><strong>deperditus.</strong></span> <span class='ocrx_word' id='word_1_657' title='bbox 1644 5175 1703 5220; x_wconf 85' lang='lat' dir='ltr'><strong>ut</strong></span> <span class='ocrx_word' id='word_1_658' title='bbox 1729 5169 1952 5233; x_wconf 85' lang='lat' dir='ltr'><strong>ipsemet</strong></span> 
     </span>
    </p>
   </div>
   <div class='ocr_carea' id='block_1_87' title="bbox 526 5326 1673 5404">
    <p class='ocr_par' dir='ltr' id='par_1_87' title="bbox 526 5326 1673 5404">
     <span class='ocr_line' id='line_1_87' title="bbox 526 5326 1673 5404; baseline -0.013 -12"><span class='ocrx_word' id='word_1_659' title='bbox 526 5340 613 5404; x_wconf 67' lang='grc' dir='ltr'><strong>Ἡ)</strong></span> <span class='ocrx_word' id='word_1_660' title='bbox 646 5337 701 5391; x_wconf 88' lang='lat' dir='ltr'><strong>S.</strong></span> <span class='ocrx_word' id='word_1_661' title='bbox 728 5336 972 5389; x_wconf 88' lang='lat' dir='ltr'><strong>Clemens</strong></span> <span class='ocrx_word' id='word_1_662' title='bbox 1000 5335 1176 5404; x_wconf 81' lang='lat' dir='ltr'><strong>Rom.,</strong></span> <span class='ocrx_word' id='word_1_663' title='bbox 1209 5349 1292 5401; x_wconf 85' lang='lat' dir='ltr'><strong>ep.</strong></span> <span class='ocrx_word' id='word_1_664' title='bbox 1326 5333 1375 5395; x_wconf 88' lang='grc'><strong>1,</strong></span> <span class='ocrx_word' id='word_1_665' title='bbox 1410 5344 1558 5383; x_wconf 89' lang='lat' dir='ltr'><strong>num.</strong></span> 
     </span>
    </p>
   </div>
   <div class='ocr_carea' id='block_1_88' title="bbox 525 5395 1674 5465">
    <p class='ocr_par' dir='ltr' id='par_1_88' title="bbox 525 5395 1674 5465">
     <span class='ocr_line' id='line_1_88' title="bbox 525 5395 1674 5465; baseline -0.015 -3"><span class='ocrx_word' id='word_1_666' title='bbox 525 5395 614 5465; x_wconf 69' lang='lat'><strong>75&#39;)</strong></span> <span class='ocrx_word' id='word_1_667' title='bbox 643 5406 797 5459; x_wconf 80' lang='lat' dir='ltr'><strong>Tom.</strong></span> <span class='ocrx_word' id='word_1_668' title='bbox 826 5405 844 5457; x_wconf 87' lang='grc' dir='ltr'>ι</span> <span class='ocrx_word' id='word_1_669' title='bbox 881 5404 1016 5457; x_wconf 70' lang='lat' dir='ltr'><strong>Bibl.</strong></span> <span class='ocrx_word' id='word_1_670' title='bbox 1048 5403 1145 5457; x_wconf 88' lang='lat' dir='ltr'><strong>ss.</strong></span> <span class='ocrx_word' id='word_1_671' title='bbox 1166 5395 1410 5462; x_wconf 72' lang='lat' dir='ltr'><strong>Patrum,</strong></span> <span class='ocrx_word' id='word_1_672' title='bbox 1446 5413 1564 5465; x_wconf 73' lang='lat' dir='ltr'><strong>pag.</strong></span> <span class='ocrx_word' id='word_1_673' title='bbox 1592 5395 1674 5447; x_wconf 84' lang='lat' dir='ltr'><strong>ll.</strong></span> 
     </span>
    </p>
   </div>
   <div class='ocr_carea' id='block_1_89' title="bbox 526 5416 1947 5547">
    <p class='ocr_par' dir='ltr' id='par_1_89' title="bbox 526 5416 1947 5547">
     <span class='ocr_line' id='line_1_89' title="bbox 526 5416 1674 5465; baseline -0.016 -2"><span class='ocrx_word' id='word_1_674' title='bbox 526 5416 592 5463; x_wconf 81' lang='lat'><strong>75</strong></span> <span class='ocrx_word' id='word_1_675' title='bbox 643 5416 797 5459; x_wconf 78' lang='lat' dir='ltr'><strong>Tom.</strong></span> <span class='ocrx_word' id='word_1_676' title='bbox 826 5416 844 5457; x_wconf 91' lang='grc' dir='ltr'><strong>Ι</strong></span> <span class='ocrx_word' id='word_1_677' title='bbox 881 5416 1016 5457; x_wconf 78' lang='lat' dir='ltr'><strong>mm.</strong></span> <span class='ocrx_word' id='word_1_678' title='bbox 1048 5416 1145 5457; x_wconf 71' lang='grc' dir='ltr'><strong>δδ.</strong></span> <span class='ocrx_word' id='word_1_679' title='bbox 1177 5416 1410 5462; x_wconf 74' lang='lat' dir='ltr'><strong>Patrum,</strong></span> <span class='ocrx_word' id='word_1_680' title='bbox 1446 5416 1564 5465; x_wconf 72' lang='lat' dir='ltr'><strong>pag.</strong></span> <span class='ocrx_word' id='word_1_681' title='bbox 1592 5416 1674 5447; x_wconf 80' lang='grc' dir='ltr'><strong>ιι.</strong></span> 
     </span>
     <span class='ocr_line' id='line_1_90' title="bbox 526 5416 1947 5547; baseline -0.015 -18"><span class='ocrx_word' id='word_1_682' title='bbox 526 5416 614 5547; x_wconf 54' lang='grc' dir='ltr'><strong>Ἶϐς</strong></span> <span class='ocrx_word' id='word_1_683' title='bbox 642 5472 1293 5547; x_wconf 33' lang='grc' dir='ltr'><strong>Ὓίιυςιιιιμξξγοιρεοη)...</strong></span> <span class='ocrx_word' id='word_1_684' title='bbox 1319 5470 1383 5547; x_wconf 57' lang='lat' dir='ltr'><strong>ad</strong></span> <span class='ocrx_word' id='word_1_685' title='bbox 1412 5466 1594 5547; x_wconf 43' lang='lat' dir='ltr'><strong>_Bib|..._</strong></span> <span class='ocrx_word' id='word_1_686' title='bbox 1631 5459 1914 5547; x_wconf 44' lang='lat' dir='ltr'><strong>polxglott:</strong></span> <span class='ocrx_word' id='word_1_687' title='bbox 1930 5496 1947 5519; x_wconf 94' lang='lat'><strong>,</strong></span> 
     </span>
    </p>
   </div>
   <div class='ocr_carea' id='block_1_90' title="bbox 430 5518 1947 5613">
    <p class='ocr_par' dir='ltr' id='par_1_90' title="bbox 430 5518 1947 5613">
     <span class='ocr_line' id='line_1_91' title="bbox 430 5518 1947 5613; baseline -0.018 -9"><span class='ocrx_word' id='word_1_688' title='bbox 430 5518 651 5607; x_wconf 35' lang='lat' dir='ltr'><strong>sectili),</strong></span> <span class='ocrx_word' id='word_1_689' title='bbox 660 5518 671 5523; x_wconf 38' lang='lat'>&#39;</span> <span class='ocrx_word' id='word_1_690' title='bbox 866 5518 922 5593; x_wconf 52' lang='grc'><strong>’11</strong></span> <span class='ocrx_word' id='word_1_691' title='bbox 931 5518 1083 5594; x_wconf 70' lang='lat' dir='ltr'><strong>illius</strong></span> <span class='ocrx_word' id='word_1_692' title='bbox 1093 5518 1422 5613; x_wconf 43' lang='lat' dir='ltr'><strong>a&#39;p_n_d:ﬂti;t_&#39;lial</strong></span> <span class='ocrx_word' id='word_1_693' title='bbox 1432 5576 1446 5613; x_wconf 83' lang='lat'><strong>._</strong></span> <span class='ocrx_word' id='word_1_694' title='bbox 1456 5577 1469 5595; x_wconf 90' lang='lat'><strong>,</strong></span> <span class='ocrx_word' id='word_1_695' title='bbox 1495 5532 1619 5613; x_wconf 73' lang='lat' dir='ltr'><strong>cdt.</strong></span> <span class='ocrx_word' id='word_1_696' title='bbox 1632 5518 1646 5530; x_wconf 87' lang='grc'><em>’</em></span> <span class='ocrx_word' id='word_1_697' title='bbox 1798 5612 1803 5613; x_wconf 14' lang='grc' dir='ltr'><em>ν</em></span> <span class='ocrx_word' id='word_1_698' title='bbox 1812 5541 1947 5613; x_wconf 63' lang='lat' dir='ltr'><strong>apo:</strong></span> 
     </span>
    </p>
   </div>
   <div class='ocr_carea' id='block_1_91' title="bbox 433 5593 1947 5681">
    <p class='ocr_par' dir='ltr' id='par_1_91' title="bbox 433 5593 1947 5681">
     <span class='ocr_line' id='line_1_92' title="bbox 433 5593 1947 5681; baseline -0.02 -5"><span class='ocrx_word' id='word_1_699' title='bbox 433 5593 729 5681; x_wconf 59' lang='lat' dir='ltr'><strong>Io,</strong></span> <span class='ocrx_word' id='word_1_700' title='bbox 750 5593 889 5679; x_wconf 67' lang='lat' dir='ltr'><strong>part.</strong></span> <span class='ocrx_word' id='word_1_701' title='bbox 929 5625 987 5675; x_wconf 84' lang='lat' dir='ltr'><strong>ll,</strong></span> <span class='ocrx_word' id='word_1_702' title='bbox 1014 5593 1256 5677; x_wconf 60' lang='lat' dir='ltr'><strong>pag.&quot;256</strong></span> <span class='ocrx_word' id='word_1_703' title='bbox 1279 5626 1291 5671; x_wconf 86' lang='lat'><strong>;</strong></span> <span class='ocrx_word' id='word_1_704' title='bbox 1325 5593 1496 5659; x_wconf 79' lang='lat' dir='ltr'><strong>Grahc</strong></span> <span class='ocrx_word' id='word_1_705' title='bbox 1516 5642 1532 5666; x_wconf 88' lang='lat'><strong>,</strong></span> <span class='ocrx_word' id='word_1_706' title='bbox 1562 5598 1851 5667; x_wconf 70' lang='lat' dir='ltr'><strong>Prolegom.</strong></span> <span class='ocrx_word' id='word_1_707' title='bbox 1879 5593 1947 5649; x_wconf 75' lang='lat' dir='ltr'><strong>ad</strong></span> 
     </span>
    </p>
   </div>
   <div class='ocr_carea' id='block_1_92' title="bbox 2060 3842 3760 3916">
    <p class='ocr_par' dir='ltr' id='par_1_92' title="bbox 2060 3842 3760 3916">
     <span class='ocr_line' id='line_1_93' title="bbox 2060 3842 3760 3916; baseline 0.009 -17"><span class='ocrx_word' id='word_1_708' title='bbox 2060 3844 2202 3899; x_wconf 89' lang='lat' dir='ltr'><strong>hius.</strong></span> <span class='ocrx_word' id='word_1_709' title='bbox 2232 3842 2437 3908; x_wconf 85' lang='lat' dir='ltr'><strong>Quibus</strong></span> <span class='ocrx_word' id='word_1_710' title='bbox 2453 3859 2582 3913; x_wconf 88' lang='lat' dir='ltr'><strong>ergo</strong></span> <span class='ocrx_word' id='word_1_711' title='bbox 2616 3846 2764 3899; x_wconf 89' lang='lat' dir='ltr'><strong>vitiis</strong></span> <span class='ocrx_word' id='word_1_712' title='bbox 2793 3847 3063 3903; x_wconf 89' lang='lat' dir='ltr'><strong>laborant</strong></span> <span class='ocrx_word' id='word_1_713' title='bbox 3088 3854 3449 3914; x_wconf 88' lang='lat' dir='ltr'><strong>editiones</strong></span> <span class='ocrx_word' id='word_1_714' title='bbox 3478 3860 3611 3916; x_wconf 88' lang='lat' dir='ltr'><strong>fere</strong></span> <span class='ocrx_word' id='word_1_715' title='bbox 3638 3876 3760 3915; x_wconf 88' lang='lat' dir='ltr'><strong>om-</strong></span> 
     </span>
    </p>
   </div>
   <div class='ocr_carea' id='block_1_93' title="bbox 2065 3933 3766 4007">
    <p class='ocr_par' dir='ltr' id='par_1_93' title="bbox 2065 3933 3766 4007">
     <span class='ocr_line' id='line_1_94' title="bbox 2065 3933 3766 4007; baseline 0.003 -19"><span class='ocrx_word' id='word_1_716' title='bbox 2065 3950 2184 3997; x_wconf 87' lang='lat' dir='ltr'><strong>nes,</strong></span> <span class='ocrx_word' id='word_1_717' title='bbox 2225 3940 2409 4003; x_wconf 83' lang='lat' dir='ltr'><strong>utpote</strong></span> <span class='ocrx_word' id='word_1_718' title='bbox 2428 3948 2550 4002; x_wconf 70' lang='lat' dir='ltr'><strong>qute</strong></span> <span class='ocrx_word' id='word_1_719' title='bbox 2580 3933 2732 3989; x_wconf 90' lang='lat' dir='ltr'><strong>fuere</strong></span> <span class='ocrx_word' id='word_1_720' title='bbox 2768 3936 2837 3990; x_wconf 86' lang='lat' dir='ltr'><strong>ad</strong></span> <span class='ocrx_word' id='word_1_721' title='bbox 2869 3936 3221 3998; x_wconf 84' lang='lat' dir='ltr'><strong>Junianam</strong></span> <span class='ocrx_word' id='word_1_722' title='bbox 3262 3960 3544 4007; x_wconf 61' lang='lat' dir='ltr'><strong>exactae.</strong></span> <span class='ocrx_word' id='word_1_723' title='bbox 3600 3952 3766 4004; x_wconf 83' lang='lat' dir='ltr'><strong>Eam-</strong></span> 
     </span>
    </p>
   </div>
   <div class='ocr_carea' id='block_1_94' title="bbox 2063 4021 3763 4112">
    <p class='ocr_par' dir='ltr' id='par_1_94' title="bbox 2063 4021 3763 4112">
     <span class='ocr_line' id='line_1_95' title="bbox 2063 4021 3763 4112; baseline 0.011 -35"><span class='ocrx_word' id='word_1_724' title='bbox 2063 4022 2181 4078; x_wconf 88' lang='lat' dir='ltr'><strong>dem</strong></span> <span class='ocrx_word' id='word_1_725' title='bbox 2197 4021 2478 4076; x_wconf 88' lang='lat' dir='ltr'><strong>Junianam</strong></span> <span class='ocrx_word' id='word_1_726' title='bbox 2502 4022 2793 4112; x_wconf 87' lang='lat' dir='ltr'><strong>editionem</strong></span> <span class='ocrx_word' id='word_1_727' title='bbox 2814 4024 3463 4094; x_wconf 86' lang='lat' dir='ltr'><strong>Helmstadiensibus</strong></span> <span class='ocrx_word' id='word_1_728' title='bbox 3484 4042 3649 4112; x_wconf 78' lang='lat' dir='ltr'><strong>typis</strong></span> <span class='ocrx_word' id='word_1_729' title='bbox 3670 4057 3763 4097; x_wconf 68' lang='lat' dir='ltr'><strong>ex—</strong></span> 
     </span>
    </p>
   </div>
   <div class='ocr_carea' id='block_1_95' title="bbox 2065 4111 3767 4188">
    <p class='ocr_par' dir='ltr' id='par_1_95' title="bbox 2065 4111 3767 4188">
     <span class='ocr_line' id='line_1_96' title="bbox 2065 4111 3767 4188; baseline 0.009 -22"><span class='ocrx_word' id='word_1_730' title='bbox 2065 4113 2226 4182; x_wconf 91' lang='lat' dir='ltr'><strong>primi</strong></span> <span class='ocrx_word' id='word_1_731' title='bbox 2265 4114 2475 4167; x_wconf 84' lang='lat' dir='ltr'><strong>curavit</strong></span> <span class='ocrx_word' id='word_1_732' title='bbox 2523 4111 2843 4169; x_wconf 88' lang='lat' dir='ltr'><strong>Joachimus</strong></span> <span class='ocrx_word' id='word_1_733' title='bbox 2883 4115 3157 4178; x_wconf 90' lang='lat' dir='ltr'><strong>Joannes</strong></span> <span class='ocrx_word' id='word_1_734' title='bbox 3237 4111 3572 4188; x_wconf 13' lang='lat' dir='ltr'><strong>Maderusw</strong></span> <span class='ocrx_word' id='word_1_735' title='bbox 3620 4150 3767 4187; x_wconf 83' lang='lat' dir='ltr'><strong>anno</strong></span> 
     </span>
    </p>
   </div>
   <div class='ocr_carea' id='block_1_96' title="bbox 2068 4202 3769 4285">
    <p class='ocr_par' dir='ltr' id='par_1_96' title="bbox 2068 4202 3769 4285">
     <span class='ocr_line' id='line_1_97' title="bbox 2068 4202 3769 4285; baseline 0.011 -31"><span class='ocrx_word' id='word_1_736' title='bbox 2068 4202 2229 4265; x_wconf 70' lang='grc'><strong>1654,</strong></span> <span class='ocrx_word' id='word_1_737' title='bbox 2280 4212 2333 4257; x_wconf 90' lang='lat' dir='ltr'><strong>et</strong></span> <span class='ocrx_word' id='word_1_738' title='bbox 2363 4217 2501 4255; x_wconf 90' lang='lat' dir='ltr'><strong>nova</strong></span> <span class='ocrx_word' id='word_1_739' title='bbox 2537 4202 2857 4271; x_wconf 55' lang='lat' dir='ltr'><strong>praefatione</strong></span> <span class='ocrx_word' id='word_1_740' title='bbox 2921 4207 3132 4264; x_wconf 87' lang='lat' dir='ltr'><strong>addita</strong></span> <span class='ocrx_word' id='word_1_741' title='bbox 3199 4222 3582 4285; x_wconf 81' lang='lat' dir='ltr'><strong>genuinum</strong></span> <span class='ocrx_word' id='word_1_742' title='bbox 3643 4240 3769 4278; x_wconf 80' lang='lat' dir='ltr'><strong>esse</strong></span> 
     </span>
    </p>
   </div>
   <div class='ocr_carea' id='block_1_97' title="bbox 2071 4293 3770 4370">
    <p class='ocr_par' dir='ltr' id='par_1_97' title="bbox 2071 4293 3770 4370">
     <span class='ocr_line' id='line_1_98' title="bbox 2071 4293 3770 4370; baseline 0.007 -24"><span class='ocrx_word' id='word_1_743' title='bbox 2071 4294 2214 4347; x_wconf 89' lang='lat' dir='ltr'><strong>hunc</strong></span> <span class='ocrx_word' id='word_1_744' title='bbox 2243 4293 2536 4347; x_wconf 77' lang='lat' dir='ltr'><strong>Clementis</strong></span> <span class='ocrx_word' id='word_1_745' title='bbox 2571 4294 2760 4360; x_wconf 82' lang='lat' dir='ltr'><strong>fetum,</strong></span> <span class='ocrx_word' id='word_1_746' title='bbox 2792 4305 2990 4350; x_wconf 88' lang='lat' dir='ltr'><strong>contra</strong></span> <span class='ocrx_word' id='word_1_747' title='bbox 3035 4310 3419 4370; x_wconf 86' lang='lat' dir='ltr'><strong>quemdam</strong></span> <span class='ocrx_word' id='word_1_748' title='bbox 3477 4313 3770 4369; x_wconf 88' lang='lat' dir='ltr'><strong>Luthera.</strong></span> 
     </span>
    </p>
   </div>
   <div class='ocr_carea' id='block_1_98' title="bbox 2002 4368 3770 4457">
    <p class='ocr_par' dir='ltr' id='par_1_98' title="bbox 2002 4368 3770 4457">
     <span class='ocr_line' id='line_1_99' title="bbox 2002 4368 3770 4457; baseline 0.014 -24"><span class='ocrx_word' id='word_1_749' title='bbox 2002 4368 2046 4423; x_wconf 82' lang='grc' dir='ltr'>Ῑ)</span> <span class='ocrx_word' id='word_1_750' title='bbox 2074 4397 2156 4437; x_wconf 71' lang='lat' dir='ltr'><strong>na:</strong></span> <span class='ocrx_word' id='word_1_751' title='bbox 2177 4381 2574 4435; x_wconf 90' lang='lat' dir='ltr'><strong>communionis</strong></span> <span class='ocrx_word' id='word_1_752' title='bbox 2603 4383 2916 4455; x_wconf 86' lang='lat' dir='ltr'><strong>theologum</strong></span> <span class='ocrx_word' id='word_1_753' title='bbox 2948 4368 3483 4456; x_wconf 76' lang='lat' dir='ltr'><strong>demonstravit.</strong></span> <span class='ocrx_word' id='word_1_754' title='bbox 3509 4368 3770 4457; x_wconf 82' lang='lat' dir='ltr'><strong>Joannes</strong></span> 
     </span>
    </p>
   </div>
   <div class='ocr_carea' id='block_1_99' title="bbox 2072 4469 3770 4549">
    <p class='ocr_par' dir='ltr' id='par_1_99' title="bbox 2072 4469 3770 4549">
     <span class='ocr_line' id='line_1_100' title="bbox 2072 4469 3770 4549; baseline 0.004 -24"><span class='ocrx_word' id='word_1_755' title='bbox 2072 4471 2251 4525; x_wconf 85' lang='lat' dir='ltr'><strong>Fellus</strong></span> <span class='ocrx_word' id='word_1_756' title='bbox 2280 4469 2667 4524; x_wconf 79' lang='lat' dir='ltr'><strong>Oxoniensium</strong></span> <span class='ocrx_word' id='word_1_757' title='bbox 2739 4476 2969 4532; x_wconf 88' lang='lat' dir='ltr'><strong>antistes</strong></span> <span class='ocrx_word' id='word_1_758' title='bbox 3020 4494 3204 4538; x_wconf 90' lang='lat' dir='ltr'><strong>anno</strong></span> <span class='ocrx_word' id='word_1_759' title='bbox 3256 4490 3437 4545; x_wconf 76' lang='grc'><strong>1669</strong></span> <span class='ocrx_word' id='word_1_760' title='bbox 3466 4492 3770 4549; x_wconf 69' lang='grc' dir='ltr'><strong>οχοηίίρι</strong></span> 
     </span>
    </p>
   </div>
   <div class='ocr_carea' id='block_1_100' title="bbox 2073 4557 3770 4637">
    <p class='ocr_par' dir='ltr' id='par_1_100' title="bbox 2073 4557 3770 4637">
     <span class='ocr_line' id='line_1_101' title="bbox 2073 4557 3770 4637; baseline 0.012 -23"><span class='ocrx_word' id='word_1_761' title='bbox 2073 4560 2208 4614; x_wconf 71' lang='grc'><strong>1687</strong></span> <span class='ocrx_word' id='word_1_762' title='bbox 2250 4557 2481 4611; x_wconf 85' lang='lat' dir='ltr'><strong>Londini</strong></span> <span class='ocrx_word' id='word_1_763' title='bbox 2516 4558 2660 4613; x_wconf 86' lang='lat' dir='ltr'><strong>in-8°</strong></span> <span class='ocrx_word' id='word_1_764' title='bbox 2680 4570 2973 4635; x_wconf 88' lang='lat' dir='ltr'><strong>utramque</strong></span> <span class='ocrx_word' id='word_1_765' title='bbox 3014 4567 3400 4635; x_wconf 84' lang='lat' dir='ltr'><strong>Clementis</strong></span> <span class='ocrx_word' id='word_1_766' title='bbox 3442 4583 3524 4637; x_wconf 85' lang='lat' dir='ltr'><strong>ad</strong></span> <span class='ocrx_word' id='word_1_767' title='bbox 3562 4584 3770 4637; x_wconf 82' lang='lat' dir='ltr'><strong>Coriu-</strong></span> 
     </span>
    </p>
   </div>
   <div class='ocr_carea' id='block_1_101' title="bbox 2071 4649 3769 4738">
    <p class='ocr_par' dir='ltr' id='par_1_101' title="bbox 2071 4649 3769 4738">
     <span class='ocr_line' id='line_1_102' title="bbox 2071 4649 3769 4738; baseline 0.013 -33"><span class='ocrx_word' id='word_1_768' title='bbox 2071 4653 2213 4705; x_wconf 88' lang='lat' dir='ltr'><strong>thios</strong></span> <span class='ocrx_word' id='word_1_769' title='bbox 2242 4649 2545 4719; x_wconf 88' lang='lat' dir='ltr'><strong>epistolam,</strong></span> <span class='ocrx_word' id='word_1_770' title='bbox 2581 4651 2788 4709; x_wconf 90' lang='lat' dir='ltr'><strong>minori</strong></span> <span class='ocrx_word' id='word_1_771' title='bbox 2834 4658 3058 4729; x_wconf 75' lang='lat' dir='ltr'><strong>quidem</strong></span> <span class='ocrx_word' id='word_1_772' title='bbox 3118 4662 3382 4738; x_wconf 82' lang='lat' dir='ltr'><strong>forma,</strong></span> <span class='ocrx_word' id='word_1_773' title='bbox 3432 4675 3547 4730; x_wconf 90' lang='lat' dir='ltr'><strong>sed</strong></span> <span class='ocrx_word' id='word_1_774' title='bbox 3620 4676 3769 4729; x_wconf 77' lang='lat' dir='ltr'><strong>notis</strong></span> 
     </span>
    </p>
   </div>
   <div class='ocr_carea' id='block_1_102' title="bbox 2072 4738 3769 4823">
    <p class='ocr_par' dir='ltr' id='par_1_102' title="bbox 2072 4738 3769 4823">
     <span class='ocr_line' id='line_1_103' title="bbox 2072 4738 3769 4823; baseline 0.004 -29"><span class='ocrx_word' id='word_1_775' title='bbox 2072 4758 2181 4795; x_wconf 88' lang='lat' dir='ltr'><strong>non</strong></span> <span class='ocrx_word' id='word_1_776' title='bbox 2206 4740 2383 4793; x_wconf 91' lang='lat' dir='ltr'><strong>minus</strong></span> <span class='ocrx_word' id='word_1_777' title='bbox 2416 4738 2591 4793; x_wconf 90' lang='lat' dir='ltr'><strong>doctis</strong></span> <span class='ocrx_word' id='word_1_778' title='bbox 2626 4748 2990 4815; x_wconf 88' lang='lat' dir='ltr'><strong>conspicuam</strong></span> <span class='ocrx_word' id='word_1_779' title='bbox 3023 4766 3569 4823; x_wconf 58' lang='lat' dir='ltr'><strong>raprzescntaviL</strong></span> <span class='ocrx_word' id='word_1_780' title='bbox 3606 4766 3769 4819; x_wconf 65' lang='grc' dir='ltr'><strong>Ρτίοτ</strong></span> 
     </span>
    </p>
   </div>
   <div class='ocr_carea' id='block_1_103' title="bbox 2072 4829 3769 4915">
    <p class='ocr_par' dir='ltr' id='par_1_103' title="bbox 2072 4829 3769 4915">
     <span class='ocr_line' id='line_1_104' title="bbox 2072 4829 3769 4915; baseline 0.018 -29"><span class='ocrx_word' id='word_1_781' title='bbox 2072 4833 2138 4886; x_wconf 88' lang='lat' dir='ltr'><strong>ad</strong></span> <span class='ocrx_word' id='word_1_782' title='bbox 2160 4829 2471 4885; x_wconf 86' lang='lat' dir='ltr'><strong>Corinthios</strong></span> <span class='ocrx_word' id='word_1_783' title='bbox 2511 4830 2749 4898; x_wconf 87' lang='lat' dir='ltr'><strong>epistola</strong></span> <span class='ocrx_word' id='word_1_784' title='bbox 2778 4836 2975 4896; x_wconf 88' lang='lat' dir='ltr'><strong>Latine</strong></span> <span class='ocrx_word' id='word_1_785' title='bbox 3008 4842 3334 4905; x_wconf 80' lang='lat' dir='ltr'><strong>duntaxat</strong></span> <span class='ocrx_word' id='word_1_786' title='bbox 3362 4855 3545 4912; x_wconf 85' lang='lat' dir='ltr'><strong>inter</strong></span> <span class='ocrx_word' id='word_1_787' title='bbox 3593 4858 3769 4915; x_wconf 84' lang='lat' dir='ltr'><strong>Fran-</strong></span> 
     </span>
    </p>
   </div>
   <div class='ocr_carea' id='block_1_104' title="bbox 2072 4920 3769 5022">
    <p class='ocr_par' dir='ltr' id='par_1_104' title="bbox 2072 4920 3769 5022">
     <span class='ocr_line' id='line_1_105' title="bbox 2072 4920 3769 5022; baseline 0.016 -45"><span class='ocrx_word' id='word_1_788' title='bbox 2072 4922 2203 5022; x_wconf 76' lang='lat' dir='ltr'><strong>cisci</strong></span> <span class='ocrx_word' id='word_1_789' title='bbox 2226 4920 2371 5022; x_wconf 76' lang='lat' dir='ltr'><strong>ltous</strong></span> <span class='ocrx_word' id='word_1_790' title='bbox 2397 4920 2575 5022; x_wconf 48' lang='lat' dir='ltr'><strong>IIl-eti:</strong></span> <span class='ocrx_word' id='word_1_791' title='bbox 2584 4925 2816 5022; x_wconf 82' lang='lat' dir='ltr'><strong>Patrum</strong></span> <span class='ocrx_word' id='word_1_792' title='bbox 2848 4933 3082 4991; x_wconf 90' lang='lat' dir='ltr'><strong>Londini</strong></span> <span class='ocrx_word' id='word_1_793' title='bbox 3109 4939 3289 4997; x_wconf 78' lang='lat' dir='ltr'><strong>in-8°</strong></span> <span class='ocrx_word' id='word_1_794' title='bbox 3326 4948 3505 5005; x_wconf 83' lang='grc'><strong>1650</strong></span> <span class='ocrx_word' id='word_1_795' title='bbox 3531 4954 3769 5022; x_wconf 73' lang='grc' dir='ltr'><strong>οοηερίο</strong></span> 
     </span>
    </p>
   </div>
   <div class='ocr_carea' id='block_1_105' title="bbox 2072 5011 3769 5114">
    <p class='ocr_par' dir='ltr' id='par_1_105' title="bbox 2072 5011 3769 5114">
     <span class='ocr_line' id='line_1_106' title="bbox 2072 5011 3769 5114; baseline 0.02 -47"><span class='ocrx_word' id='word_1_796' title='bbox 2072 5013 2233 5112; x_wconf 71' lang='lat' dir='ltr'><strong>citur.</strong></span> <span class='ocrx_word' id='word_1_797' title='bbox 2253 5011 2409 5065; x_wconf 84' lang='lat' dir='ltr'><strong>Anno</strong></span> <span class='ocrx_word' id='word_1_798' title='bbox 2438 5012 3028 5114; x_wconf 65' lang='lat' dir='ltr'><strong>lti72,has.epistolas</strong></span> <span class='ocrx_word' id='word_1_799' title='bbox 3047 5046 3194 5086; x_wconf 76' lang='lat' dir='ltr'><strong>nova</strong></span> <span class='ocrx_word' id='word_1_800' title='bbox 3225 5011 3769 5112; x_wconf 76' lang='lat' dir='ltr'><strong>interpretatione</strong></span> 
     </span>
    </p>
   </div>
   <div class='ocr_carea' id='block_1_106' title="bbox 2075 5110 3761 5202">
    <p class='ocr_par' dir='ltr' id='par_1_106' title="bbox 2075 5110 3761 5202">
     <span class='ocr_line' id='line_1_107' title="bbox 2075 5110 3761 5202; baseline 0.021 -48"><span class='ocrx_word' id='word_1_801' title='bbox 2075 5110 2338 5202; x_wconf 61' lang='lat' dir='ltr'><strong>novisque</strong></span> <span class='ocrx_word' id='word_1_802' title='bbox 2377 5110 2525 5202; x_wconf 42' lang='grc' dir='ltr'><strong>ποιῇ</strong></span> <span class='ocrx_word' id='word_1_803' title='bbox 2563 5111 2875 5175; x_wconf 76' lang='lat' dir='ltr'><strong>adornatas</strong></span> <span class='ocrx_word' id='word_1_804' title='bbox 2925 5119 3105 5178; x_wconf 88' lang='lat' dir='ltr'><strong>Paris.</strong></span> <span class='ocrx_word' id='word_1_805' title='bbox 3156 5123 3391 5186; x_wconf 69' lang='grc' dir='ltr'><strong>ἰπὶ-[οι.</strong></span> <span class='ocrx_word' id='word_1_806' title='bbox 3417 5110 3515 5187; x_wconf 49' lang='lat' dir='ltr'><strong>—in</strong></span> <span class='ocrx_word' id='word_1_807' title='bbox 3572 5137 3761 5191; x_wconf 85' lang='lat' dir='ltr'><strong>lucem</strong></span> 
     </span>
    </p>
   </div>
   <div class='ocr_carea' id='block_1_107' title="bbox 2078 5191 3762 5298">
    <p class='ocr_par' dir='ltr' id='par_1_107' title="bbox 2078 5191 3762 5298">
     <span class='ocr_line' id='line_1_108' title="bbox 2078 5191 3762 5298; baseline 0.022 -53"><span class='ocrx_word' id='word_1_808' title='bbox 2078 5192 2260 5245; x_wconf 88' lang='lat' dir='ltr'><strong>emisit</strong></span> <span class='ocrx_word' id='word_1_809' title='bbox 2288 5191 2450 5249; x_wconf 79' lang='lat' dir='ltr'><strong>Joan.</strong></span> <span class='ocrx_word' id='word_1_810' title='bbox 2473 5194 2805 5268; x_wconf 89' lang='lat' dir='ltr'><strong>Cotelerius</strong></span> <span class='ocrx_word' id='word_1_811' title='bbox 2848 5213 3043 5269; x_wconf 91' lang='lat' dir='ltr'><strong>doctor</strong></span> <span class='ocrx_word' id='word_1_812' title='bbox 3068 5213 3375 5275; x_wconf 68' lang='lat' dir='ltr'><strong>Sorbonaa</strong></span> <span class='ocrx_word' id='word_1_813' title='bbox 3449 5224 3518 5279; x_wconf 90' lang='lat' dir='ltr'><strong>in</strong></span> <span class='ocrx_word' id='word_1_814' title='bbox 3585 5244 3762 5298; x_wconf 86' lang='lat' dir='ltr'><strong>opere</strong></span> 
     </span>
    </p>
   </div>
   <div class='ocr_carea' id='block_1_108' title="bbox 2075 5340 3254 5459">
    <p class='ocr_par' dir='ltr' id='par_1_108' title="bbox 2075 5344 3254 5459">
     <span class='ocr_line' id='line_1_109' title="bbox 2075 5344 3254 5459; baseline 0.001 0"><span class='ocrx_word' id='word_1_815' title='bbox 2075 5344 2532 5459; x_wconf 58' lang='grc' dir='ltr'><strong>*θῖξὲὟῈΤηΞῑπΞξΧ</strong></span> <span class='ocrx_word' id='word_1_816' title='bbox 2552 5365 3017 5459; x_wconf 45' lang='lat' dir='ltr'><strong>antemnae.-</strong></span> <span class='ocrx_word' id='word_1_817' title='bbox 3043 5370 3119 5459; x_wconf 55' lang='grc' dir='ltr'><strong>ελ.</strong></span> <span class='ocrx_word' id='word_1_818' title='bbox 3138 5369 3254 5459; x_wconf 50' lang='lat' dir='ltr'><strong>ﬁt</strong></span> 
     </span>
    </p>
   </div>
   <div class='ocr_carea' id='block_1_109' title="bbox 2078 5410 3761 5537">
    <p class='ocr_par' dir='ltr' id='par_1_109' title="bbox 2078 5410 3761 5537">
     <span class='ocr_line' id='line_1_110' title="bbox 2078 5410 3761 5537; baseline 0.033 -84"><span class='ocrx_word' id='word_1_819' title='bbox 2078 5410 2255 5537; x_wconf 39' lang='lat' dir='ltr'><strong>wax)</strong></span> <span class='ocrx_word' id='word_1_820' title='bbox 2290 5410 2513 5475; x_wconf 72' lang='lat' dir='ltr'><strong>Praefat.</strong></span> <span class='ocrx_word' id='word_1_821' title='bbox 3049 5410 3264 5503; x_wconf 37' lang='lat' dir='ltr'><strong>Claui;</strong></span> <span class='ocrx_word' id='word_1_822' title='bbox 3306 5442 3481 5501; x_wconf 83' lang='lat' dir='ltr'><strong>edit.</strong></span> <span class='ocrx_word' id='word_1_823' title='bbox 3514 5447 3722 5505; x_wconf 79' lang='lat' dir='ltr'><strong>Oxon.</strong></span> <span class='ocrx_word' id='word_1_824' title='bbox 3748 5489 3761 5510; x_wconf 70' lang='grc' dir='ltr'><strong>ν</strong></span> 
     </span>
    </p>
   </div>
   <div class='ocr_carea' id='block_1_110' title="bbox 2147 5546 2508 5621">
    <p class='ocr_par' dir='ltr' id='par_1_110' title="bbox 2147 5546 2508 5621">
     <span class='ocr_line' id='line_1_111' title="bbox 2147 5546 2508 5621; baseline 0.011 -10"><span class='ocrx_word' id='word_1_825' title='bbox 2147 5546 2508 5621; x_wconf 63' lang='lat' dir='ltr'><strong>(78-190mm</strong></span> 
     </span>
    </p>
   </div>
   <div class='ocr_carea' id='block_1_111' title="bbox 2081 5558 3764 5689">
    <p class='ocr_par' dir='ltr' id='par_1_111' title="bbox 2081 5558 3764 5689">
     <span class='ocr_line' id='line_1_112' title="bbox 2081 5558 3764 5689; baseline 0.033 -23"><span class='ocrx_word' id='word_1_826' title='bbox 2081 5558 2671 5689; x_wconf 48' lang='lat' dir='ltr'><strong>uersutiae:</strong></span> <span class='ocrx_word' id='word_1_827' title='bbox 2688 5583 2832 5689; x_wconf 56' lang='lat' dir='ltr'><strong>and</strong></span> <span class='ocrx_word' id='word_1_828' title='bbox 3224 5579 3304 5633; x_wconf 60' lang='grc' dir='ltr'><strong>δι’</strong></span> 
     </span>
    </p>
   </div>
   <div class='ocr_carea' id='block_1_112' title="bbox 2506 5643 2839 5723">
    <p class='ocr_par' dir='ltr' id='par_1_112' title="bbox 2506 5643 2839 5723">
     <span class='ocr_line' id='line_1_113' title="bbox 2506 5643 2839 5723; baseline 0.003 -13"><span class='ocrx_word' id='word_1_829' title='bbox 2506 5643 2583 5708; x_wconf 65' lang='grc' dir='ltr'><strong>ιι,</strong></span> <span class='ocrx_word' id='word_1_830' title='bbox 2619 5664 2683 5723; x_wconf 74' lang='lat' dir='ltr'><strong>p.</strong></span> <span class='ocrx_word' id='word_1_831' title='bbox 2710 5643 2839 5713; x_wconf 67' lang='lat' dir='ltr'><strong>tot.</strong></span> 
     </span>
    </p>
   </div>
  </div>
