3842 6402
1431 330 1723 389 ιτιιοαειιιι
1735 330 1774 386 ξ
1811 329 2190 389 VARIORUM.
2266 357 2269 360 ·

3334 336 3438 391 189

220 452 548 511 celeberrimo
597 449 665 506 de
715 448 973 505 Patr-ibus
1014 446 1357 518 apostolicis.
1398 445 1505 500 Eas
1541 460 1761 515 quoque
1789 448 1837 505 Α
1870 461 2093 516 parasse
2122 456 2421 515 asseveret,
2459 459 2514 506 et
2543 451 2746 522 passim
2768 468 2835 509 ex
2862 466 2928 509 eo
2949 452 3257 509 accuratior
3283 453 3439 510 reddi

217 544 463 603 recensuit
510 557 574 597 ac
621 550 877 596 notarum
922 539 1264 609 spicilegium
1297 538 1518 608 collegit
1552 536 1758 591 Paulus

216 634 525 693 Colomesius
549 646 694 685 anno
716 631 853 685 1687
876 627 1107 683 Londini
1134 630 1185 683 in
1204 629 1298 693 -8°,
1318 643 1439 697 qua:
1463 628 1630 682 editio
1654 627 1758 679 ite-

215 740 313 785 rata
342 744 400 781 ac
414 724 704 782 emendata
733 723 935 794 prodiit
965 722 1147 777 denuo
1172 720 1312 775 1691
1343 720 1567 774 ibidem.
1600 718 1760 773 Cote-

214 822 312 877 lerii
340 815 844 887 interpretationem
874 813 1106 883 adjectis
1136 814 1253 868 suis
1291 812 1495 866 notulis
1533 812 1758 880 evulga-

212 917 275 970 vit
312 910 546 967 Clericus
589 908 922 977 Antwerpia:
968 921 1065 961 seu
1126 905 1311 960 verius
1350 902 1756 960 Amstaelodami

210 1019 333 1060 anno
360 1001 491 1056 1698
517 1001 572 1054 in
602 999 931 1055 collectione
958 996 1181 1051 Patrum
1214 994 1669 1065 apostolicorum,
1703 999 1758 1047 et

214 1096 402 1149 auctius
427 1092 607 1145 adhuc
632 1105 783 1144 anno
808 1088 946 1143 1724
980 1088 1179 1142 ibidem
1217 1086 1401 1141 in-fol.
1433 1084 1756 1139 Collectioni

208 1188 403 1257 insuper
450 1183 820 1239 conciliorum
858 1196 980 1237 cum
1020 1179 1323 1235 Labheanaz
1362 1186 1479 1232 tum
1520 1176 1757 1232 Mansia-

208 1300 292 1342 ne.
336 1297 395 1336 ac
440 1278 622 1351 primo
652 1276 924 1331 volumini
996 1270 1355 1342 Epistolarum
1387 1268 1743 1323 Romanorum

205 1373 475 1440 pontiﬁcum
573 1369 860 1426 Coutantii
935 1366 1183 1436 epistola:
1244 1364 1483 1435 praefata:
1534 1363 1755 1416 insertae

207 1473 329 1517 sunt.
364 1463 518 1514 Anno
570 1460 747 1524 1718,
792 1456 1259 1526 Cantabrigiensis
1299 1456 1434 1510 satis
1472 1454 1752 1508 luculenta

144 1591 149 1599 -
205 1558 369 1611 harum
398 1554 761 1624 epistolarum
794 1551 961 1606 editio
987 1550 1041 1604 in
1071 1550 1266 1619 vulgus
1296 1548 1501 1618 prodiit
1541 1562 1753 1603 summa

202 1664 313 1704 cura
354 1646 568 1702 Henrici
617 1643 861 1697 Wottoni
908 1641 1217 1706 elaborata;
1262 1654 1381 1693 eam
1415 1641 1559 1693 enim
1608 1638 1753 1694 haud

202 1740 342 1795 semel
366 1738 588 1809 exigens
624 1754 677 1792 v.
722 1737 791 1791 cl.
829 1734 895 1788 ad
930 1733 1086 1788 tidem
1136 1748 1242 1787 ms.
1282 1732 1489 1787 codicis
1522 1730 1755 1787 Alexan-

1863 540 2032 594 editio
2060 542 2321 611 potuerit,
2358 550 2499 599 teste
2527 542 2835 600 Callandio.

1934 632 2117 702 Nuper
2153 635 2371 688 tandem
2402 651 2453 690 v.
2479 637 2550 691 cl.
2580 637 2830 691 Andreas
2860 636 3179 692 Gallandius
3211 636 3439 707 presby-

1863 732 1944 778 ter
1966 728 2409 796 congregationis
2432 727 2669 783 Oratorii
2695 727 2753 782 S.
2781 727 3016 799 Philippi
3040 728 3441 791 Nerii,antece~

1860 817 2105 873 dentium
2161 819 2404 873 omnium
2454 820 2757 875 editionum
2818 818 3068 873 subsidio
3103 817 3434 879 instructus,

1860 909 2341 966 emendatissimas
2377 918 2433 965 et
2457 912 2915 983 castigatissimas
2946 910 3110 966 edere
3139 909 3288 964 omni
3318 916 3438 964 stu-

1858 1002 1949 1057 dio
1984 1017 2048 1057 ac
2076 1017 2240 1073 opere
2284 1002 2509 1059 adnisus
2549 1012 2632 1058 est
2662 1004 2829 1059 hasce
2854 1002 3149 1057 Clementis
3177 1000 3437 1071 epistolas

1861 1093 1916 1148 in
1949 1108 2047 1148 sua
2106 1093 2429 1150 Bibliotheca
2450 1105 2675 1150 veterum
2699 1094 2924 1150 Patrum
2996 1109 3161 1163 opere
3214 1093 3291 1147 uti
3342 1109 3439 1147 ex-

1859 1185 2287 1249 cellentissimo,
2321 1192 2377 1239 et
2427 1186 2697 1249 utilitatis,
2748 1201 2910 1255 quam
2955 1185 3310 1240 scientiarum
3344 1199 3437 1239 ec-

1860 1277 2295 1334 clesiasticarum
2323 1278 2589 1334 studiosis
2615 1278 2873 1333 omnibus
2905 1277 3093 1333 atlerat
3117 1278 3437 1333 cumulatis-

1859 1368 2077 1433 simam,
2104 1369 2264 1424 laude
2294 1369 2766 1438 przestantissimo;
2802 1369 2876 1423 ita
2898 1377 3243 1439 sumptuoso,
3272 1371 3435 1424 char-

1858 1463 1928 1511 ta:
1984 1457 2205 1527 insuper
2230 1458 2411 1513 nitore
2460 1468 2514 1513 et
2543 1458 2917 1514 characterum
2960 1468 3245 1515 venustate
3275 1461 3438 1515 undi-

1859 1563 1965 1617 que
1993 1550 2234 1618 expolito
2264 1565 2331 1604 ex
2388 1551 2747 1621 typographia
2778 1549 2897 1605 Joa.
2920 1550 3147 1605 Albrizii
3194 1550 3435 1607 Venetiis

1860 1638 2020 1694 {1765.
2056 1639 2333 1705 Quantum
2362 1656 2492 1695 vero
2524 1642 2729 1696 laboris
2767 1657 2831 1696 ac
2864 1642 3159 1713 diligentiae
3187 1644 3240 1697 in
3273 1644 3435 1699 ador.-

1860 1732 2043 1788 nanda
2065 1733 2170 1789 hac
2192 1734 2433 1790 editione
2461 1735 2810 1805 impenderit,
2837 1736 3087 1806 pluribus
3117 1738 3337 1809 exponit
3376 1739 3440 1793 in

202 1833 342 1894 drini,
379 1831 630 1886 adhibito
672 1829 834 1884 etiam
874 1827 1021 1881 Junii
1072 1826 1221 1881 edito
1264 1840 1389 1878 cum
1421 1823 1614 1878 eodem
1655 1838 1752 1877 co—
1786 1820 1829 1874 Β
1858 1825 2309 1897 Prolegomenis,
2370 1834 2534 1898 atque
2590 1829 2756 1884 simul
2814 1830 3013 1885 ibidem
3073 1832 3443 1901 epistolarum'

201 1926 338 1979 dicea
360 1922 523 1977 Millio
546 1930 720 1991 atque
744 1918 945 1974 Grabio
957 1920 1183 1984 collato,
1200 1915 1499 1971 Junianum
1518 1923 1750 1981 textum,

199 2031 334 2086 quem
376 2015 556 2070 caueri
608 2013 849 2068 editores
893 2020 1023 2066 sunt
1068 2011 1267 2075 secuti,
1298 2010 1541 2081 octogies
1568 2024 1754 2064 cmen-

201 2109 325 2163 (lavit
344 2106 748 2178 supplevitque;
782 2121 902 2175 quae
926 2119 1059 2160 vero
1098 2104 1326 2159 aberant
1358 2119 1387 2157 a
1418 2118 1522 2158 ms.
1562 2116 1751 2157 exem-

200 2204 313 2274 plari
338 2212 491 2273 atque
526 2217 559 2255 a
595 2198 767 2254 Junio
799 2198 996 2253 litteris
1024 2196 1267 2252 miniatis
1296 2194 1750 2267 designabantur,

198 2281 755 2363 minutioribus'typis
796 2289 1159 2359 imprimenda
1214 2288 1449 2351 curavit,
1490 2288 1752 2344 lectiones

194 2394 242 2441 et
284 2387 651 2456 conjecturas,
681 2381 855 2445 Junii,
888 2380 1078 2441 Boisii,
1121 2378 1402 2443 Cotelerii,
1446 2378 1599 2443 Felli,
1647 2377 1753 2434 Co-

196 2480 377 2534 lomesii
433 2493 498 2533 ac
552 2475 764 2531 Clerici
819 2476 963 2529 inter
1016 2474 1298 2529 variantes
1350 2472 1611 2527 lectiones
1653 2485 1753 2541 po-

194 2573 305 2626 suit.
348 2569 495 2624 Hanc
550 2575 748 2622 autem
806 2565 1221 2620 Wottonianam
1261 2563 1560 2618 editionem
1622 2563 1751 2617 licet

193 2662 403 2717 omnium
460 2658 946 2716 accuratissimam
982 2697 998 2721 ,
1078 2658 1174 2727 qui
1233 2656 1493 2725 deinceps
1545 2655 1751 2725 episto-

194 2754 261 2809 las
304 2752 679 2808 Clementinas
733 2751 875 2822 typis
938 2749 1301 2816 excuderunt,
1356 2748 1460 2802 viri
1520 2748 1746 2812 eruditi,

190 2846 229 2901 si
260 2844 581 2899 Richardum
642 2842 957 2898 Russelium
991 2848 1045 2896 et
1083 2840 1431 2894 Gallandium
1477 2841 1743 2912 excipias,

194 2940 471 3008 praeteriere
536 2938 943 2992 inconsultam.
1005 2934 1164 3001 Quod
1228 2934 1454 3004 quidem
1509 2934 1744 2998 mirum,

191 3033 262 3085 sin
311 3031 482 3086 minus
536 3029 611 3085 de
668 3028 938 3099 reliquis,
1006 3026 1200 3084 saltem
1247 3025 1316 3081 de
1362 3024 1595 3091 Clerico,
1650 3029 1746 3097 qui

188 3128 403 3181 eamdem
448 3142 560 3197 prae
599 3124 861 3179 manibus
909 3123 1138 3189 habuit;
1191 3140 1259 3179 ex
1309 3139 1373 3179 ea
1414 3124 1560 3179 enim
1600 3123 1739 3179 sele-
1771 3159 1815 3217 ο

188 3222 363 3275 ctiores
390 3220 555 3275 Boisii
590 3218 982 3273 adnotationes
1003 3232 1033 3270 a
1064 3216 1327 3273 Wottono
1361 3226 1475 3272 tum
1500 3218 1741 3290 primum

187 3311 668 3382 editasdescripsit,
703 3325 841 3380 quas
866 3311 919 3363 in
946 3309 1244 3365 secundam
1260 3309 1747 3366 Amslaslodamen-

184 3420 281 3459 sem
328 3404 543 3458 Patrum
608 3403 1040 3473 apostolicorum
1097 3403 1393 3457 editionem
1445 3400 1746 3458 Coteleria-

186 3512 292 3552 natn
320 3498 630 3552 transtulit.
655 3495 727 3549 At
761 3509 825 3549 eo
858 3496 912 3548 in
947 3495 1142 3565 primis
1164 3494 1385 3549 nomine
1414 3495 1562 3549 illam
1591 3495 1746 3551 insu—

184 3604 267 3657 per
297 3589 551 3643 habuisse
583 3586 811 3641 videtur
839 3584 1113 3652 Clericus,
1138 3586 1287 3657 quod
1320 3585 1500 3641 editor
1538 3586 1742 3643 Canta.-

186 3679 449 3750 lirigiensis
499 3694 629 3733 tum
677 3677 915 3732 Eduardi
961 3677 1226 3733 Bernardi
1266 3678 1505 3742 notulas,
1545 3679 1745 3748 quibus

181 3777 400 3844 epistola:
430 3777 634 3847 primm
670 3773 957 3828 αὐθεντίαν
996 3774 1211 3829 elevare
1242 3780 1475 3828 conatus
1501 3781 1619 3836 est,
1650 3788 1746 3827 ex-

181 3868 404 3933 suﬂlarit,
441 3880 559 3923 tum
600 3868 901 3937 ipsummet
929 3866 1201 3921 Clericum
1252 3865 1549 3921 identidem
1598 3865 1744 3920 haud

182 3957 427 4013 immerito
455 3958 773 4028 castigarit.
824 3955 984 4011 Anno
1025 3956 1184 4020 ιω.
1224 3955 1385 4011 Joan.
1431 3955 1745 4015 Ludovicus

180 4048 299 4121 Frey
334 4053 611 4121 epistolas
651 4049 873 4104 Patrum
906 4050 1341 4118 apostolicorum
1363 4050 1509 4121 typis
1536 4050 1745 4107 Basilo-

181 4145 379 4201 ensibus
407 4144 786 4213 consignavit,
819 4142 1232 4197 Wottonianum
1261 4145 1571 4215 exemplar,
1597 4145 1745 4216 quod

178 4238 372 4304 quidem
424 4239 767 4309 exoptabat,
832 4239 1067 4307 primum
1118 4237 1393 4305 obtinuit,
1449 4253 1574 4294 cum
1628 4238 1743 4308 jam

178 4328 435 4397 epistola]
490 4328 801 4383 Clementis
853 4344 885 4383 e
943 4329 1097 4399 prelo
1146 4329 1445 4396 evasisset;
1500 4338 1565 4384 ut
1615 4346 1746 4401 pro-

179 4419 288 4475 inde
318 4422 680 4491 posteriorem
707 4419 1083 4476 tantummodo
1111 4421 1274 4490 paulo
1311 4420 1740 4480 emendatiorem

1858 1920 2089 1977 istarum
2112 1922 2511 1992 praestantiam,
2546 1922 2938 1994 integritatem,
2972 1941 3036 1980 ac
3056 1926 3436 1984 sinceritatem

1857 2012 2080 2068 invictis
2106 2014 2451 2079 argumentis
2491 2023 2707 2081 tuetur,
2730 2031 2793 2070 ac
2822 2016 3066 2071 vindieat
3094 2035 3109 2084 ;
3142 2019 3305 2089 cujus
3350 2020 3436 2073 la-

1856 2107 1991 2163 bore
2016 2123 2117 2162 uos
2140 2124 2358 2178 quoque
2392 2108 2691 2178 plurimum
2723 2124 2854 2165 usos
2884 2109 3075 2175 fuisse,
3114 2111 3170 2167 in
3214 2112 3457 2183 signum,

1853 2200 2209 2273 gratitudinis
2241 2202 2418 2271 palam
2450 2199 2705 2255 fatemur.

1926 2290 2152 2361 Anglice
2170 2290 2469 2347 Clementis
2500 2290 2734 2347 Romani
2757 2293 3003 2364 epistolae
3023 2295 3090 2351 ad
3112 2294 3432 2353 Corinthios
3455 2343 3459 2345 .

1856 2400 1955 2455 per
1990 2382 2136 2439 Guil.
2183 2384 2533 2449 Burtonium,
2560 2400 2684 2439 cum
2736 2386 2885 2442 notis
2913 2388 3155 2457 copiosis
3189 2404 3251 2443 ac
3285 2387 3453 2445 Guil-

1854 2477 2017 2533 Cavei
2052 2476 2265 2547 judicio
2307 2476 2547 2532 Londini
2589 2478 2749 2542 1647,
2814 2487 2977 2551 atque
3034 2482 3229 2535 iterum
3283 2483 3431 2539 Cuil.

1854 2567 2077 2624 Wakaao
2108 2570 2429 2639 interprete,
2465 2585 2573 2623 una
2604 2586 2727 2624 cum
2753 2569 3038 2636 Barnabas,
3078 2573 3292 2643 lgnatii,
3328 2574 3434 2628 ιιυ,

1852 2662 2063 2733 lycarpi
2113 2662 2363 2732 epistolis
2411 2670 2577 2732 atque
2617 2660 2830 2718 Hermae
2878 2661 3103 2719 Pastore
3146 2666 3330 2720 itidem
3378 2668 3453 2722 in.

1852 2770 2162 2811 sermonem
2179 2754 2468 2825 Anglicum
2496 2756 2778 2810 conversis
2808 2756 2910 2812 sub
2928 2757 3086 2812 titulo
3109 2777 3121 2812 :
3144 2776 3161 2809 ι
3179 2757 3435 2829 Epistulae

1852 2849 2107 2920 genuinae
2145 2847 2371 2902 Patrum
2404 2849 2840 2918 apostolicorum
2884 2849 2938 2903 in
2970 2851 3259 2920 Anglicum
3306 2869 3429 2907 ser-

1852 2956 2069 2996 monem
2121 2942 2399 2997 translatae
2435 2940 2666 2996 Londini
2703 2940 2859 3007 1693,
2881 2962 2900 2995 ι
2938 2942 3113 3009 ἰιιο8⁰;
3147 2951 3202 2998 et
3232 2944 3435 2998 iterum

1850 3032 2051 3088 ibidem
2084 3032 2221 3087 l7l0
2251 3031 2597 3102 prodierunt.
2630 3031 2688 3085 In
2719 3030 2983 3086 Gallicam
3019 3032 3259 3104 linguam
3310 3048 3451 3087 ain-1

1850 3124 1932 3180 ba:
1977 3141 2009 3179 a
2065 3124 2254 3179 Gratio
2301 3123 2537 3180 Oratorii
2578 3123 3096 3192 sodale,conversa2
3152 3125 3326 3189 fuere,
3378 3135 3453 3182 et.

1848 3227 2047 3290 quarto
2073 3218 2407 3273 Gallicorum
2452 3217 2755 3272 Bibliorum
2789 3225 2961 3282 tomo,
2999 3234 3142 3273 anno
3174 3219 3312 3273 1717
3346 3219 3432 3273 in-

1848 3310 1945 3366 fol.
1979 3309 2208 3365 Parisiis
2238 3308 2481 3363 insertze.
2514 3305 2746 3361 Easdem
2780 3308 2835 3361 in
2871 3307 3073 3361 idioma
3130 3304 3431 3360 Germano-

1848 3420 1973 3459 rum
2005 3401 2290 3457 transtulit
2318 3398 2549 3455 Jo.0tto
2574 3396 2805 3470 Glﬁsing
2826 3396 3128 3468 liambnrgi
3150 3398 3311 3466 1725,
3346 3400 3431 3452 in-

1846 3497 1923 3561 8°,
1956 3511 2081 3550 cum
2107 3493 2361 3565 epistolis
2376 3502 2431 3547 et
2454 3491 2674 3562 scriptis
2705 3491 2950 3545 virorum
2970 3490 3448 3560 apostolicorum...

1846 3588 2137 3658 Antiquior
2164 3584 2345 3641 adhuc
2373 3583 2603 3639 habetur
2630 3582 2919 3637 conversio
2949 3580 3003 3633 in
3054 3580 3245 3637 Bibliis
3296 3579 3427 3637 Ger-

1849 3679 2082 3734 manicis
2111 3675 2412 3747 Hamburgi
2442 3675 2608 3732 editis
2637 3688 2783 3729 anno
2831 3672 2991 3728 1710.
3024 3671 3225 3727 Nostra
3271 3679 3432 3727 aetate
3461 3708 3470 3712 -

1846 3783 2136 3843 utramque
2165 3770 2341 3826 edidit
2371 3768 2697 3823 Germanice
2729 3766 2919 3820 Simon
2953 3762 3221 3836 Grynaeus
3274 3764 3427 3820 Basi-

1845 3867 1944 3922 lca:
1983 3864 2123 3920 1782
2163 3864 2307 3919 iri-8°
2352 3879 2477 3916 cum
2539 3861 2661 3916 aliis
2720 3859 2942 3914 Patrum
2994 3858 3428 3930 apostolicorum

1846 3957 2240 4021 monumentis,
2269 3954 2538 4025 appositis
2573 3952 2906 4023 quibusdam
2928 3950 3133 4005 notulis
3161 3948 3341 4003 dubiae
3368 3949 3431 4007 Γι-

1845 4051 1969 4106 dei:
1996 4048 2122 4104 inde
2153 4048 2381 4108 factum,
2402 4057 2460 4100 ut
2488 4044 2549 4101 P.
2567 4044 2760 4099 Vitalis
2786 4042 2953 4098 Moesl
2971 4042 3273 4097 monachus
3293 4041 3425 4096 0rd.

1850 4142 1909 4198 S.
1926 4139 2209 4196 Benedicti
2240 4137 2545 4208 Salisburgi
2562 4136 2629 4190 ad
2645 4135 2704 4191 S.
2721 4135 2943 4191 Petrum
2955 4175 2970 4202 ,
2989 4150 3100 4206 quo
3124 4134 3428 4190 faciliorem

1847 4245 2013 4307 atque
2042 4232 2379 4291 securiorem
2398 4230 2701 4286 Catholicis
2726 4230 2893 4285 etiam
2914 4230 3137 4284 Patrum
3157 4227 3427 4301 apostoli-

1846 4343 2038 4385 corum
2069 4326 2360 4381 lectionem
2403 4323 2679 4386 redderet,
2712 4321 3199 4395 eamdem,paucis
3233 4333 3443 4379 contra.

1848 4424 2008 4481 tidem
2034 4419 2361 4475 catholicam
2392 4417 2781 4483 militantibus,
2806 4416 3131 4481 immutatis,
3164 4417 3428 4489 Augustae

172 4512 476 4569 exhibuerit.
542 4513 997 4581 Qualemcunque
1038 4520 1221 4567 tamen
1273 4512 1437 4581 hujus
1475 4513 1736 4570 editionis
1768 4527 1814 4582 Β
1851 4514 2265 4572 Vindelicorum
2297 4510 2438 4567 1714
2470 4509 2652 4563 denuo
2684 4509 3093 4579 procudendam
3124 4510 3353 4564 curarit.
3394 4568 3399 4571 ‘

175 4600 431 4673 Freyane,
465 4604 725 4674 alioquin
777 4604 913 4659 satis
937 4604 1145 4668 nitidze,
1179 4604 1453 4659 defectum
1483 4606 1742 4676 supplere

174 4695 379 4751 annisus
401 4705 488 4751 est
509 4696 603 4748 vir
620 4694 877 4750 eruditus.
904 4694 1176 4751 Antonius
1199 4695 1411 4752 Birrius
1440 4696 1496 4750 in
1522 4696 1742 4750 Publica

174 4787 432 4850 speciatim:
486 4784 695 4841 itidem.
742 4785 972 4843 Basileaa
1017 4803 1162 4842 anno
1194 4788 1331 4842 1744
1375 4789 1547 4854 edito,
1575 4799 1742 4862 atque

171 4876 485 4944 conjecturis
515 4876 668 4931 haud
702 4879 1037 4947 plenitendis
1066 4879 1135 4934 ad
1184 4889 1394 4934 textum
1446 4881 1743 4938 Clementi-

172 4980 285 5019 num
304 4969 567 5025 editionis
592 4968 964 5027 Wottoniana:
995 4972 1226 5028 ulterius
1248 4973 1427 5029 adhuc
1454 4974 1741 5046 deterget»

168 5060 281 5115 dum
303 5062 527 5118 referto.
566 5062 876 5119 Russelius.
898 5065 953 5118 in
972 5064 1090 5120 suis
1134 5063 1356 5121 Patrum
1401 5069 1740 5136 apostolico-

172 5165 273 5206 rnm
323 5157 596 5225 operibus
626 5156 881 5226 genuinis
910 5155 1148 5212 Londini
1194 5174 1340 5213 anno
1408 5159 1546 5217 1746
1581 5160 1738 5215 evul-

168 5246 311 5310 gatis,
342 5246 766 5302 Wottonianam
792 5248 1105 5305 editionem-
1118 5266 1231 5320 prae
1267 5250 1482 5307 caeteris
1513 5253 1617 5308 sibi
1659 5269 1764 5308 se-.

167 5337 417 5399 «utendam
447 5340 583 5408 jure
616 5341 866 5408 censuit;
914 5344 1005 5412 qui
1037 5350 1090 5397 et
1123 5343 1190 5397 ad
1231 5345 1443 5398 calcem
1479 5346 1739 5403 secundae

171 5427 325 5490 partis
355 5429 662 5483 voluminis
691 5430 851 5499 primi
899 5431 1162 5487 laudabili
1205 5434 1436 5488 consilio
1477 5434 1739 5505 pleraque

173 5519 393 5587 subjecit
447 5521 718 5576 adnotata
750 5522 965 5578 exJoa.
1029 5523 1182 5577 Millii
1220 5526 1536 5595 apographo
1575 5543 1739 5586 aceti.-

168 5617 272 5662 rate
295 5613 357 5665 ad
390 5630 501 5668 ms.
554 5614 774 5669 codicis.
809 5615 1037 5671 Alexan.
1068 5618 1227 5671 ﬁdem
1274 5628 1469 5672 exacto
1524 5619 1736 5675 descri-

166 5709 279 5765 pla;
310 5722 433 5772 qua:
454 5705 697 5775 quidem.
715 5708 972 5763 adnotata
1000 5708 1293 5764 Wottonus
1353 5714 1731 5778 puriter-misit,

168 5794 409 5858 Quamvis
432 5806 492 5849 ct
535 5796 654 5866 ipse
682 5800 1050 5867 apngraphum
1087 5799 1388 5857 Millianum
1441 5801 1555 5857 sibi.
1580 5818 1731 5857 COIll-

1927 4605 2355 4679 Recognitionum
2402 4602 2526 4659 libri
2557 4617 2588 4655 a
2614 4600 2814 4658 Rulino
2844 4602 3034 4659 Latine
3080 4602 3280 4657 redditi
3305 4602 3428 4661 ,Βειιτ

1846 4704 1996 4760 sileat
2024 4715 2148 4753 cum
2181 4694 2788 4766 pseudo-decretalibus
2825 4710 2972 4749 anno
2996 4693 3154 4757 1526,
3197 4694 3421 4756 in-fol...

1845 4806 1899 4850 et
1919 4792 2081 4848 subin
2105 4787 2333 4843 Parisiis
2364 4785 2497 4840 15M
2529 4792 2583 4840 et
2612 4785 2772 4847 1568,
2799 4786 3041 4841 Colonia:
3074 4783 3231 4842 1569.
3279 4783 3425 4857 Lug-

1844 4884 1979 4941 duni
2010 4882 2066 4935 in
2106 4880 2225 4938 PP.
2254 4880 2581 4934 Bibliotheca
2625 4891 2769 4929 anno
2812 4877 2950 4931 1677
3003 4884 3132 4931 sunt
3162 4876 3420 4946 evulgati.

1843 4973 2219 5033 Coloniensis.
2246 4970 2415 5027 editio
2468 4976 2667 5039 praeter
2736 4967 3162 5040 Recognitionum
3251 4970 3457 5025 libros.

1843 5068 2213 5125 Clementinar.
2234 5078 2473 5133 quoque,
2499 5069 2554 5116 et
2581 5059 2639 5116 S.
2668 5059 2814 5114 Petri
2842 5068 3119 5128 gestorum
3150 5078 3451 5121 summam.

1844 5178 1872 5216 a
1896 5160 2151 5217 Perionio
2178 5170 2500 5212 conversam
2533 5169 2658 5209 cum
2705 5153 2849 5210 notis
2897 5150 3151 5210 Venradii
3182 5158 3423 5227 complea-

1842 5255 2033 5311 ctitur.

1913 5343 2131 5398 Primus
2161 5342 2452 5396 Turnebus
2481 5338 2725 5392 eamdem
2754 5335 2940 5394 Gneoe
2969 5346 3025 5393 et
3061 5337 3256 5395 Latine
3304 5343 3443 5396 edi!

1840 5435 1920 5491 dit
1946 5434 2175 5491 Parisiis
2207 5448 2350 5487 anno
2388 5430 2525 5485 1554
2556 5427 2706 5483 ἰιι-ἆο.
2748 5426 3072 5483 Clementina
3103 5442 3156 5485 et
3186 5430 3430 5499 Epitome

1842 5530 1934 5583 illa
1958 5535 2179 5583 exstant
2202 5527 2365 5585 etiam
2398 5525 2451 5579 in
2473 5522 2816 5577 Coteleriana
2843 5521 3187 5589 collectione;
3222 5523 3290 5578 de
3318 5540 3425 5591 qua

1840 5622 2097 5691 superius
2122 5619 2328 5673 mentio
2357 5633 2387 5670 a
2419 5616 2577 5670 nobis
2607 5615 2860 5670 instituta
2886 5623 2993 5678 est,
3017 5631 3141 5669 cum
3169 5618 3422 5685 suppOsi-

1841 5712 1978 5766 titiis
2014 5711 2188 5766 sancti
2220 5709 2518 5764 Clementis
2551 5707 2749 5761 litteris
2781 5705 2847 5759 ad
2877 5715 3128 5764 sanctum
3159 5706 3439 5765 Jacobuut.

1839 5807 2156 5874 episcopum
2187 5801 2775 5872 lli‘erosolymitanum..
