3842 6434
429 344 530 401 185

1537 349 1625 403 Al)
1665 338 1739 403 εί
1765 346 2193 407 CLEMENTEM
2234 350 2254 405 1
2294 352 2525 409 ΡΑΡΑΜ

3570 358 3671 415 181

428 560 3647 603 .________________________________________________________

612 727 760 816 DE
866 726 1326 817 DUABUS

1430 726 2065 822 EPISTOLIS
2170 732 2854 825 CLEMENTIS

2955 734 3462 829 ROMANI.

1170 920 1406 983 (HBFBLE,
1430 922 1638 972 Patrum
1669 923 2047 986 apostolicorum
2070 925 2253 988 Opera,
2278 926 2536 990 'Publngaa,
2561 926 2700 987 1842,
2721 926 2893 989 in-8‘.)

480 1224 521 1279 l.
552 1223 881 1279 Clementem
928 1222 1234 1281 Romanum
1278 1225 1531 1280 eumdem
1559 1240 1683 1281 esse
1733 1239 1856 1280 cum
1889 1241 1976 1290 eo,
2006 1232 2054 1287 Α
2079 1224 2236 1281 daica
2263 1242 2390 1284 esse
2423 1226 2652 1282 editum.
2700 1223 2805 1297 Ipsi
2852 1224 3085 1296 primum
3135 1226 3373 1280 accessit
3400 1224 3652 1282 Coutan-

407 1330 567 1386 quem
613 1312 669 1369 S.
702 1312 903 1369 Paulus
929 1315 985 1369 in
1028 1314 1126 1387 Ep.
1152 1316 1221 1371 ad
1265 1313 1500 1386 Philipp.
1527 1330 1602 1380 tv,
1643 1316 1697 1383 3,
1730 1315 1984 1372 laudibus

403 1406 556 1463 effert
589 1406 695 1477 (l),
720 1406 831 1477 jam
873 1407 1133 1479 Origenes
1157 1407 1235 1480 (2)
1257 1451 1272 1475 ,
1300 1406 1567 1464 Eusebius
1607 1410 1714 1479 (5),
1747 1408 1986 1481 Epipha-

402 1500 527 1553 nius
545 1497 642 1569 (4),
674 1498 1035 1572 Hieronymus
1056 1500 1131 1570 (5)
1159 1507 1213 1555 et
1241 1500 1331 1553 alii
1356 1506 1596 1555 veterum
1623 1499 1979 1555 allirmarunt.

400 1590 557 1657 Quod
582 1592 628 1648 si
662 1608 753 1647 res
775 1596 850 1649 ita
883 1608 943 1648 se
967 1592 1148 1653 habet,
1175 1590 1334 1647 facile
1369 1599 1615 1663 apparet,
1641 1592 1980 1648 Clementem

401 1679 460 1735 δ.
499 1680 682 1746 Pauli,
727 1681 992 1754 Philippis
1036 1684 1092 1737 in
1135 1680 1454 1737 Macedonia
1501 1683 1745 1741 secundo
1786 1684 1980 1740 itinere

398 1776 700 1842 apostolico
742 1794 791 1834 a.
822 1776 989 1831 55-55
1019 1776 1142 1847 (cfr.
1163 1777 1284 1834 Act.
1312 1778 1428 1845 xvr)
1457 1775 1807 1847 Evangelium
1839 1791 1979 1846 pra:-

398 1866 658 1932 dicantis,
697 1867 908 1923 socium
949 1884 1013 1924 ac
1056 1868 1432 1942 coadjutorem
1476 1869 1681 1939 optime
1720 1867 1975 1923 meritum

395 1964 591 2021 fuisse.

464 2055 892 2129 Chrysostomus
967 2054 1022 2111 in
1093 2055 1505 2112 Commentario
1553 2055 1621 2110 ad
1666 2054 1687 2107 l
1730 2052 1970 2109 Timoth.

394 2148 732 2218 suspicatur,
753 2147 1111 2213 Clementem,
1144 2150 1350 2218 pariter
1378 2163 1443 2204 ac
1471 2147 1675 2201 Lucam
1700 2152 1756 2201 et
1783 2144 1974 2200 Timo-

393 2238 602 2303 theum,
618 2247 937 2310 perpetuum
957 2238 1171 2295 itineris
1186 2238 1439 2293 comitem
1465 2236 1575 2293 divi
1604 2235 1757 2290 Pauli
1776 2235 1966 2290 fuisse.

463 2329 592 2384 Mihi
632 2338 812 2385 autem
864 2330 1120 2387 Clemens
1169 2330 1298 2384 civis
1355 2327 1500 2382 urbis
1548 2327 1971 2398 Pliilippensium

394 2420 567 2477 fuisse
618 2421 852 2486 videtur,
897 2420 992 2493 qui
1049 2434 1081 2475 a
1126 2418 1328 2485 Paulo,
1378 2418 1646 2509 Philippis
1692 2425 1967 2482 morante,

392 2527 706 2576 conversus,
735 2514 854 2584 ipse
894 2527 1201 2585 praeconem
1240 2512 1518 2584 Evangelii
1550 2513 1608 2567 in
1637 2526 1803 2582 opere
1833 2525 1971 2581 apo-

2086 1318 2195 1375 tius
2226 1320 2283 1375 in
2320 1319 2677 1375 celeberrima
2709 1333 2810 1373 sua
2846 1316 3091 1373 editione
3149 1315 3509 1386 Epistolarum
3554 1317 3654 1372 Ro-

2080 1429 2355 1469 manorum
2380 1414 2685 1484 pontiﬁcum
2714 1455 2728 1480 ,
2754 1422 2796 1470 t.
2860 1408 2903 1473 1,
2946 1425 3001 1480 p.
3040 1410 3136 1476 11;
3172 1417 3363 1481 postea
3405 1426 3538 1466 vero
3583 1412 3653 1482 (Ι.

2081 1519 2132 1558 c.
2162 1519 2217 1574 p.
2242 1504 2333 1573 41)
2363 1504 2449 1558 vir
2475 1502 2833 1560 doctissimus
2862 1516 3018 1556 suam
3045 1501 3277 1557 mutavit
3299 1503 3650 1557 sententiam.

2080 1591 2411 1651 Tillemontii
2460 1591 2789 1648 sententiam
2856 1590 3142 1660 amplexus
3191 1597 3278 1645 est
3336 1587 3655 1644 Herm.\'e-

2079 1701 2261 1751 nema,
2286 1695 2345 1741 ut
2373 1685 2569 1741 exinde
2597 1694 2977 1756 argumentum
3011 1682 3309 1739 deduceret
3332 1692 3526 1738 contra
3538 1682 3653 1752 epi-

2079 1777 2273 1833 stolam
2298 1777 2677 1849 posteriorem,
2702 1774 2862 1845 cujus
2891 1775 3129 1845 scriptor
3149 1775 3359 1847 origine
3399 1776 3653 1845 gentilem

2077 1878 2265 1940 aperte
2294 1885 2353 1925 se
2382 1869 2583 1939 prodit.

2144 1962 2525 2019 Tillemontius
2555 1960 2760 2015 addere
2798 1966 3032 2030 poterat,
3060 1959 3395 2014 Clementem
3423 1973 3537 2013 non
3563 1975 3655 2014 so-

2074 2054 2187 2109 lum
2218 2070 2338 2125 cap.
2364 2054 2421 2120 ι,
2454 2053 2550 2111 sed
2574 2060 2629 2108 et
2657 2066 2778 2123 cap.
2810 2051 2872 2107 51
2908 2050 2957 2123 (6
2985 2050 3168 2122 πατὴρ
3187 2050 3345 2121 ἡμῶν
3379 2050 3654 2123 Ἀδραάμ)

2072 2145 2444 2216 patriarcham
2473 2142 2783 2199 Iudaeorum
2809 2152 3014 2212 patrem
3043 2150 3282 2196 nostrum
3306 2142 3605 2214 appellare.

2143 2236 2409 2293 Praeterea
2428 2235 2681 2293 Clemens
2716 2250 2769 2291 c.
2795 2235 2865 2290 55
2908 2234 2977 2289 de
3007 2248 3197 2289 amore
3238 2248 3368 2305 erga
3420 2235 3655 2305 patriam

2070 2329 2380 2400 disputans,
2417 2328 2683 2399 exemplis
2727 2327 2961 2397 gentium
2996 2325 3248 2396 prolatis,
3294 2325 3362 2379 ad
3400 2327 3656 2395 exempla

2070 2437 2260 2479 eorum
2291 2422 2558 2493 procedit,
2597 2436 2759 2491 quos,
2793 2427 2856 2474 ut
2900 2418 3058 2485 dicit,
3093 2418 3234 2473 inter
3260 2434 3354 2472 nos
3392 2418 3655 2489 cognovi-

2070 2532 2215 2571 mus.
2242 2515 2453 2583 Quibus
2485 2529 2609 2569 cum
2630 2512 2884 2583 judaicas
2923 2512 3208 2577 mulieres,
3241 2510 3431 2566 Iudith
3462 2520 3518 2566 et
3549 2510 3652 2565 Es-

391 2604 587 2658 stolico
615 2580 821 2675 optime
850 2580 1081 2676 adjuvit,
1114 2604 1285 2660 Paulo
1307 2580 1490 2660 autem
1532 2580 1788 2666 abeunte,
1819 2580 1969 2657 domi
1997 2580 2041 2635 Β
2069 2608 2212 2673 iber,
2242 2580 2520 2665 ascribere
2548 2580 2822 2670 videatur,
2851 2606 2972 2678 ipse
3010 2605 3065 2661 in
3095 2612 3253 2660 onus
3280 2604 3489 2675 judaici
3557 2622 3655 2687 sq.

391 2695 678 2760 remansit,
702 2696 846 2753 inter
877 2713 1009 2753 suos
1033 2696 1239 2753 Christi
1270 2712 1494 2751 causam
1528 2711 1716 2766 agens.

457 2784 715 2845 Pluribus
739 2789 1056 2860 conjectura
1080 2796 1269 2843 nostra
1300 2787 1522 2857 probari
1551 2794 1751 2857 potest.

459 2879 512 2949 a)
552 2878 691 2935 Cum
735 2877 941 2935 Paulus
974 2878 1259 2950 Philippos
1303 2884 1644 2948 properaret,
1690 2874 1968 2931 neminem

563 2971 669 3025 nisi
722 2968 926 3037 Silam,
974 2970 1323 3025 Timotheum
1363 2977 1417 3023 et
1456 2968 1662 3025 Lucam
1710 2967 1963 3024 comitem

563 3062 823 3120 habuisse
851 3065 1089 3119 videtur.
1118 3063 1234 3120 Cfr.
1267 3063 1391 3117 Act.
1415 3078 1528 3117 xvi.

459 3155 515 3226 b)
554 3156 755 3212 Nullibi
790 3174 947 3213 sacra
998 3156 1282 3229 Scriptura
1336 3155 1636 3211 Clementis
1682 3153 1960 3218 meminit,

565 3249 873 3319 apostolum
902 3247 1129 3303 Paulum
1158 3249 1215 3303 in
1242 3246 1530 3304 itineribus
1553 3247 1889 3302 comitantis.

459 3338 511 3409 c)
552 3338 633 3395 Ex
687 3338 921 3411 Philipp.
961 3356 1034 3404 ιν,
1081 3340 1151 3404 '5,
1203 3344 1354 3395 clare
1400 3346 1661 3410 apparet,
1717 3346 1963 3409 tempore

564 3432 753 3503 prima:
780 3432 933 3489 Pauli
962 3435 1293 3506 captivitatis
1330 3433 1590 3489 Romana:
1627 3432 1963 3490 Clementem

566 3524 830 3597 Philippis
862 3525 1098 3598 degislse.

458 3618 522 3690 d.)
552 3616 787 3689 Philipp.
816 3635 889 3684 iv,
913 3620 967 3685 3,
997 3618 1296 3674 Clementis
1323 3634 1434 3674 non
1463 3618 1621 3675 aliter
1648 3615 1705 3671 llt
1733 3618 1958 3683 mentio,

564 3727 629 3767 ac
654 3728 868 3776 eorum,
897 3713 990 3784 qui
1023 3714 1172 3769 cives
1200 3710 1581 3784 Philippenses
1612 3711 1819 3783 absque
1855 3712 1960 3768 du-

560 3805 649 3862 bio
671 3805 912 3860 fuerunt.

2067 2696 2367 2768 spicionem
2387 2696 2638 2754 incurrit.

2140 2791 2248 2848 Sed
2288 2806 2400 2847 non
2429 2790 2586 2847 valde
2615 2790 2800 2862 gravia
2830 2789 2946 2845 haec
2988 2796 3121 2844 sunt
3158 2796 3504 2861 argumenta.
3540 2787 3654 2842 No-

2065 2895 2180 2943 tum
2210 2884 2358 2940 enim
2381 2891 2488 2948 est,
2510 2891 2565 2940 et
2590 2884 2727 2939 alios
2754 2881 2966 2945 Patres,
2992 2898 3132 2953 quos
3156 2898 3186 2937 e
3215 2882 3472 2953 gentibus
3493 2889 3652 2937 ortos

2063 2989 2188 3032 esse
2216 2986 2379 3028 nemo
2402 2974 2605 3034 nescit.
2641 2973 2822 3043 justas
2859 2971 3077 3028 Veteris
3119 2970 3456 3027 Testamenti
3508 2987 3645 3042 per-

2066 3080 2233 3121 sonas
2274 3065 2393 3120 suis
2440 3065 2721 3121 ascribere
2748 3064 3079 3133 majoribus.
3107 3062 3168 3119 E.
3210 3078 3263 3134 g.
3304 3061 3651 3131 Theophilus

2063 3158 2162 3212 lib.
2186 3171 2251 3211 ιιι
2297 3155 2364 3210 ad
2391 3156 2602 3220 Autol.,
2640 3172 2698 3212 n.
2729 3154 2830 3219 24,
2880 3154 3075 3209 scribit
3110 3173 3125 3210 :
3172 3152 3425 3225 Ἀϐραὰμ
3467 3154 3498 3206 6
3542 3169 3652 3205 πα-

2061 3247 2329 3320 τριάρχης
2382 3246 2561 3318 ἡμῶν,
2592 3262 2648 3301 n.
2676 3245 2795 3300 ‘27:
2847 3245 3097 3317 Ἀϐραὰμ
3140 3243 3239 3298 τοῦ
3301 3243 3652 3316 προπάτορος

2064 3342 2097 3411 ἡ
2108 3339 2244 3411 μῶν,
2268 3348 2325 3394 et
2354 3355 2411 3393 n.
2441 3337 2512 3392 94
2547 3356 2561 3393 :
2592 3337 2755 3391 Δαϐιδ
2780 3339 2810 3391 6
2839 3338 3104 3409 πρόγονος
3128 3338 3162 3408 ἡ
3173 3334 3307 3407 μῶν.

2132 3431 2290 3497 Quod
2339 3436 2524 3486 autem
2554 3437 2857 3486 memorata
2887 3430 3087 3500 capitis
3130 3429 3199 3485 55
3232 3427 3482 3497 exempla
3514 3428 3645 3483 atti-

2061 3530 2179 3587 net,
2213 3521 2549 3577 monendum
2587 3528 2874 3591 praeterea,
2898 3520 3238 3575 Clementem
3273 3517 3513 3573 fortasse
3540 3518 3653 3589 pri-

2060 3626 2210 3666 mum
2242 3627 2274 3667 e
2315 3610 2589 3681 gentibus,
2628 3618 2742 3665 tum
2783 3624 2815 3664 e
2844 3609 3196 3671 Christianis,
3219 3606 3456 3678 denique
3491 3624 3523 3663 e
3548 3606 3653 3663 lu-

2061 3703 2195 3759 datis
2222 3702 2472 3774 exempla
2502 3702 2713 3757 amoris
2741 3702 2933 3772 patria:
2964 3701 3283 3771 protulisse.

2129 3794 2486 3857 Clementem,
2517 3793 2891 3865 apostolorum
2921 3793 3274 3862 discipulum,
3302 3809 3333 3848 a
3360 3792 3657 3851 Clemente

454 3894 715 3960 Quando,
735 3895 825 3948 ubi
856 3903 910 3949 et
942 3909 1194 3988 quonam.
1210 3908 1407 3988 genere
1437 3891 1797 3988 ortus-luerit
1834 3891 1962 3988 Cle:
1982 3922 2032 3988 α
2058 3886 2431 3988 Alexandrino
2456 3885 2705 3988 ,Λωίδι-σιξ
2744 3885 2963 3988 nomine
3019 3885 3343 3988 insignitum
3378 3885 3490 3957 (6),
3527 3885 3649 3988 llo-

392 3991 551 4033 mens
586 3985 793 4044 noster,
816 3974 1112 4032 nescimus.
1159 3975 1321 4032 Liber
1349 3978 1672 4049 pontiﬁcalia
1690 4021 1706 4045 ,
1735 3974 2032 4048 catalogi'
2058 3994 2233 4032 manu:
2263 3976 2516 4031 Ecclesiw
2557 3976 2721 4045 fuisse
2747 3976 3067 4045 episcopum,
3096 3977 3385 4031 unanimes
3416 3978 3652 4031 tradunt

389 4068 766 4124 Romanorum
795 4070 1135 4140 pontiﬁcum,
1177 4070 1236 4125 S.
1287 4068 1592 4125 Eucherius
1634 4067 1965 4139 Lugdunen-

388 4162 470 4218 sis
510 4169 565 4217 et
605 4161 935 4217 Breviarium
980 4165 1277 4221 Romanum
1316 4180 1383 4220 ex
1427 4162 1885 4233 Recognitionibus
1908 4170 1963 4215 ct

384 4255 629 4311 homiliis
659 4256 1214 4324 pseudoclementinis
1234 4257 1537 4313 fabulosam
1561 4256 1708 4311 illam
1742 4269 1962 4324 recepe-

381 4352 515 4399 runt.
540 4346 939 4411 narrationem,
991 4362 1115 4416 quae
1140 4346 1411 4404 Clementi
1445 4364 1621 4419 genus
1651 4348 1839 4404 Romae
1867 4365 1957 4404 se-

380 4438 682 4503 natorium,
741 4446 1059 4509 patremque
1113 4438 1437 4495 Faustinum
1467 4457 1535 4497 ex
1571 4442 1743 4512 stirpe
1767 4440 1954 4499 Caesa-

378 4547 503 4588 rum
537 4530 801 4587 vindicat.
833 4529 985 4585 Talia
1019 4530 1348 4588 refutatione
1378 4549 1487 4591 non
1517 4535 1785 4605 indigent.

449 4618 831 4675 Tillemontius
861 4619 1164 4692 (Mémoires
1195 4622 1259 4686 ll,
1290 4640 1342 4694 p.
1372 4625 1498 4689 M9)
1526 4642 1592 4682 ex
1623 4628 1798 4697 prima
1830 4626 1955 4683 Cle-

377 4716 579 4772 mentis
616 4716 880 4787 epistola,
926 4734 1047 4789 cap.
1077 4719 1113 4774 4
1157 4720 1364 4793 (πατὴρ
1387 4720 1546 4792 ἡμῶν
1588 4722 1806 4790 Ἰακώϐ)
1841 4724 1957 4778 col-

374 4807 535 4880 legit,
582 4809 757 4864 virum
802 4820 1052 4865 nostrum
1103 4814 1465 4883 apostolicum
1513 4831 1582 4871 ex
1628 4816 1801 4887 stirpe
1849 4816 1959 4870 Ju-

444 4985 521 5056 (l)
542 4989 670 5071 .Ka}
697 4989 888 5071 ἐρεοτῶ
916 4992 1011 5071 κᾳῖ
1039 4993 1118 5071 σὲ3
1152 4992 1359 5071 σρζυγε-
1382 4996 1961 5071 γνήσιεξμσυλλαμϐἀη.

372 5072 466 5107 νου
492 5058 934 5140 advertite-iniice
961 5064 1020 5114 ὲν
1045 5063 1123 5140 τῷ
1143 5058 1445 5140 εραγῖέελίὶρ
1469 5058 1949 5140 ὰυνήθλησάν’μοι,

371 5126 645 5213 ειετὰὶξαξ
666 5118 781 5201 KH;
790 5118 1129 5213 μξντρςωκαῖκ
1138 5118 1267 5213 τῷκί
1284 5118 1486 5189 λοιπῶν

369 5196 543 5275 (ivisti:
560 5196 803 5275 ρνόυατᾶ
822 5203 882 5254 ὲν
904 5201 1076 5275 βξϐλῳ
1098 5202 1260 5275 ζωῆς.

444 5265 521 5340 (ἓ)
563 5257 807 5340 [919m
836 5288 874 5333 ι.
898 5257 990 5340 ἐξ).
1022 5257 1067 5329 ο

444 5335 523 5403 (3)
558 5336 630 5394 Η.
656 5336 722 5392 E.
748 5356 834 5402 Ill,
860 5342 950 5398 15.

560 5406 767 5485 Haeres.
791 5412 885 5485 26,
915 5432 972 5471 n.
996 5416 1050 5471 6.

372 5546 382 5563 ,
443 5476 518 5546 (5)
562 5481 1152 5563 Calql;_script.¢:_ccl.,_
1218 5489 1388 5563 (3.15.
1422 5487 1770 5563 Opinionem
1801 5491 1943 5563 hanc

370 5550 694 5632 impugnari}
713 5550 1192 5632 Gieseler,_Lel_irb.
1217 5550 1724 5632 d1liirchengesch.
1753 5560 1790 5625 Ι,
1815 5562 1947 5626 121..

365 5615 855 5701 (ἱιιρνίὶιρ,Ηδ-ηᾲιρτ
886 5615 1032 5701 αςκ.
1057 5626 1122 5682 G.
1151 5615 1194 5695 ις
1224 5628 1328 5683 167
1371 5638 1427 5686 et
1455 5615 1570 5693 ani:
1600 5615 1666 5687 ad
1702 5615 1939 5697 uniuni-3

369 5686 677 5769 augendam
695 5688 1094 5769 dubitationem
1130 5686 1387 5769 magnum
1412 5686 1753 5757 Jacobsonu‘s
1782 5686 1940 5759 accc;

369 5754 499 5812 dere
531 5764 684 5827 putat
716 5764 927 5833 pondus
966 5781 1031 5823 cx
1060 5784 1147 5833 eo,
1178 5754 1760 5844 (ιιῖοάμιιίρυ-ίέὺὲξῷἶί
1786 5754 1951 5832 omni

2058 4078 2306 4137 veteres;
2337 4068 2438 4125 sed
2467 4077 2672 4140 quotus
2700 4069 2896 4124 ordine
2920 4067 3225 4123 Romanam
3253 4068 3523 4124 insederit
3558 4086 3651 4125 ca-

2056 4162 2332 4227 thedram,
2358 4172 2518 4219 vetus
2547 4171 2601 4217 et
2627 4161 2807 4216 adhuc
2838 4161 2943 4217 sub
2968 4159 3156 4231 judice
3185 4160 3252 4215 lis
3282 4168 3387 4215 est.

2129 4257 2182 4312 1.
2221 4256 2556 4313 Clementem
2610 4256 2986 4311 immediatum
3050 4253 3201 4309 Petri
3256 4268 3651 4309 successorem

2058 4348 2251 4413 fuisse,
2286 4349 2533 4420 plerique
2555 4348 2876 4404 Latinorum
2905 4347 3108 4418 priscis
3128 4347 3242 4417 jam
3273 4347 3643 4417 temporibus,

2054 4450 2194 4499 teste
2224 4441 2557 4514 Hieronymo
2580 4442 2681 4513 (7),
2706 4441 3065 4497 allirmarunt.

2129 4534 2265 4588 Eum
2296 4549 2327 4588 a
2350 4533 2513 4589 Petro
2536 4535 2656 4605 ipso
2687 4534 2863 4591 fuisse
2888 4534 3226 4597 ordinatum,
3254 4532 3645 4588 Tertullianus

2054 4626 2207 4680 addit
2235 4625 2334 4696 (8).
2386 4625 2751 4698 Hieronymus
2799 4627 2935 4697 ipse,
2981 4627 3236 4697 quamvis
3281 4627 3335 4680 in
3374 4624 3649 4696 Catalogo

2052 4717 2387 4774 Clementem
2418 4716 2555 4773 Lino
2603 4725 2658 4773 ct
2690 4717 2954 4774 Anacleto
2994 4718 3399 4788 postposuerit,
3446 4728 3649 4785 postea

2054 4811 2382 4867 sententiam
2409 4817 2679 4875 mutasse,
2720 4811 3047 4881 ueterisque
3074 4808 3286 4865 Latinis
3328 4810 3656 4866 accessisse

2048 5007 2213 5063 laude
2242 5006 2575 5063 Clementem
2604 5017 2853 5064 nostrum
2884 5011 3149 5074 cumulat,
3173 5012 3241 5065 de
3264 5012 3355 5064 tali
3381 5027 3445 5066 ac
3476 5020 3644 5067 tanto.

2051 5080 2372 5203 ltisizsat‘imonio
2407 5078 2664 5151 (Philipp.
2692 5097 2764 5149 iv,
2795 5080 2850 5151 5)
2891 5098 2959 5137 ne
2989 5084 3218 5137 verbum
3263 5082 3487 5153 quidem
3537 5085 3651 5137 haa

2127 5220 2206 5287 (6)
2241 5217 2443 5290 Strom.
2469 5236 2542 5275 Iv.
2577 5221 2663 5286 l7,
2701 5236 2752 5290 p.
2778 5221 2904 5285 609,
2930 5222 3015 5277 ed.
3051 5221 3193 5279 Putt.

1070 5291 1162 5345 pp.
1218 5284 1259 5330 t.
1282 5274 1373 5342 IV,
1402 5291 1458 5345 ι).
1488 5276 1611 5341 155,
1641 5278 1729 5334 ed.
1796 5281 1902 5338 B'B.
1979 5282 2027 5342 D
2126 5274 2434 5365 “Calal.
2471 5292 2624 5365 scipt.
2652 5274 2903 5352 ἐἑέιζζὲῖ
2926 5274 3028 5347 13ξ
3054 5274 3372 5350 Clemens...
3405 5305 3651 5365 quarta:

2046 5371 2165 5434 post
2210 5360 2427 5434 Petrum
2480 5361 2655 5434 licata:
2702 5377 3005 5431 episcopus;
3048 5365 3309 5434 siquidem
3361 5360 3638 5421 secundus

2044 5429 2210 5485 Linus
2234 5430 2556 5505 fuit,t_erlius
2578 5429 2884 5505 Auqcletus,
2913 5429 3124 5489 tametsi
3142 5436 3375 5505 plerique
3404 5436 3630 5489 Latmo-

2044 5518 2166 5626 ἓὶηι
2197 5500 2482 5554 secundum
2509 5513 2625 5570 post
2659 5502 2875 5556 Petrum
2902 5500 3202 5573 apostolum
3240 5500 3422 5577 putent
3462 5508 3653 5577 [uissc-

2112 5582 2382 5625 ementem.

2116 5640 2195 5716 l8)
2218 5642 2307 5716 Di:
2323 5641 2633 5716 pricscripl.
2676 5642 2829 5708 lacn,
2862 5659 2911 5699 c.
2941 5644 3013 5699 3‘2
3041 5665 3053 5700 :
3091 5647 3453 5702 Romanorum
3486 5649 3629 5716 (Ec-

2044 5711 2236 5783 clesia)
2267 5710 2585 5767 Clementem
2616 5732 2645 5766 η
2680 5718 2842 5769 Petro
2874 5732 2930 5770 or
2945 5716 3181 5772 liuatum
3208 5718 3335 5773 edit.
