3784 6258
238 318 343 373 185
1510 325 1732 381 ιδιιοαῖι

1942 324 2251 384 lRlORUM.
3340 328 3436 385 106

228 427 484 484 videtur.
517 422 751 480 scribens
775 438 793 475 :
834 417 903 473 Et
934 420 1211 492 Clemens,
1238 432 1328 484 vir
1364 434 1700 502 apostolicus,
1727 434 1816 503 qui
1842 438 1892 495 Α
2084 433 2548 503 comprehenderis,
2572 452 2675 489 non
2702 434 2801 489 sibi
2829 450 3047 489 consone
3073 435 3443 501 respondebunt

220 525 347 585 post
396 516 621 571 Petrum
650 512 942 568 Romanam
992 512 1304 575 Ecclesium
1337 523 1495 587 rexit,
1538 522 1720 577 scribit
1749 521 1816 575 ad
2090 523 2216 576 anni
2264 524 2571 592 pontiﬁcum
2617 521 2966 576 Romanorum
3020 521 3169 573 annis
3220 522 3453 590 impera--

222 607 553 664 Corinthios
574 608 669 678 (9).
2089 620 2275 665 torum.

295 697 356 751 9..
404 700 744 755 Clementem
772 703 1032 751 nostrum
1064 693 1206 753 Lino
1230 698 1451 757 demum
1493 702 1821 756 successisse
1987 700 2041 769 γ)
2082 699 2222 753 Beda
2271 699 2618 761 venerabilis,
2667 697 2945 761 Rabanus,
2994 697 3197 769 Haymo
3243 707 3296 754 et
3330 701 3446 754 alii.

222 797 479 843 censent
512 786 853 858 Augustinus
888 785 1030 857 (10),
1048 784 1287 856 Optatus
1320 789 1657 845 Milevitanus
1685 789 1818 857 (ll),
2088 789 2201 843 Cir.
2225 788 2456 843 Coteler.
2488 788 2574 843 ed.
2650 786 2763 841 PP.
2792 798 2980 854 apost.,
3008 797 3050 844 t.
3079 790 3100 844 l
3128 828 3145 854 ,
3177 805 3231 860 p.
3260 790 3363 843 492
3390 800 3444 847 ct

226 880 670 934 Constitutiones
697 877 1066 948 apostolorum
1090 878 1205 947 (l2)
1229 886 1284 933 et
1311 875 1597 947 Catalogus
1622 876 1818 934 Roma-
2075 863 2141 944 ἰ).
2175 876 2299 931 387.

226 986 448 1024 norum
480 970 835 1040 pontiﬁcum,
862 986 896 1026 a
923 968 1270 1024 Bollandistis
1298 968 1350 1022 in
1374 968 1644 1039 Propylteo
1664 984 1814 1025 men-
1984 966 2319 1034 Conjecturae
2354 964 2479 1018 huic
2522 965 2784 1021 Eusebius
2825 967 3031 1030 obstat,
3067 969 3289 1031 docens,
3323 971 3445 1025 Cle-

229 1062 319 1115 sis
358 1060 491 1115 Μειῆ
526 1061 848 1131 evulgatus.
1917 1059 2147 1107 mentem
2177 1066 2318 1121 anno
2340 1050 2551 1106 demum
2580 1053 2649 1106 92
2677 1054 2854 1108 sedem
2880 1055 3236 1126 episcOpalem
3263 1072 3448 1112 ascen-

307 1150 373 1204 3.
419 1150 671 1217 Denique
702 1164 817 1203 non
843 1148 1045 1203 Linum
1076 1148 1275 1207 solum,
1303 1145 1393 1200 sed
1422 1154 1474 1197 et
1494 1144 1697 1198 Cletum
1718 1160 1815 1201 seu
1916 1143 2082 1205 disse,
2113 1142 2182 1195 24
2214 1141 2372 1197 annis
2404 1158 2432 1195 a
2463 1148 2633 1196 morte
2661 1141 2718 1197 S.
2741 1142 2882 1196 Petri
2915 1147 3291 1215 praeterlapsis,
3319 1164 3449 1217 quo-

232 1240 575 1294 Anacletum
594 1248 729 1294 ante
744 1240 1082 1294 Clementem
1099 1246 1342 1290 nostrum
1365 1233 1611 1286 Romamn
1638 1233 1815 1290 Eccle-
1916 1246 2035 1284 rum
2065 1230 2131 1284 l2
2157 1230 2311 1294 Lino,
2347 1237 2400 1284 et
2446 1231 2645 1299 pariter
2674 1232 2739 1284 l2
2764 1233 3054 1291 Anencleto
3082 1238 3443 1307 assignantur.

233 1318 341 1372 size
390 1319 777 1389 gubernacula
815 1324 1079 1385 tenuisse,
1134 1321 1365 1379 lrenaeus
1397 1320 1505 1391 (15)
1536 1320 1824 1375 contendit:
1919 1321 2024 1377 Sed
2057 1321 2145 1376 vix
2171 1320 2404 1383 credam,
2436 1320 2723 1375 Eusebium
2758 1324 2831 1387 id,
2860 1325 3197 1381 documentis
3231 1326 3443 1389 fultum,

222 1407 694 1476 Θεμελιὼσαντες
732 1410 829 1465 οὖν
872 1416 965 1467 καὶ
992 1415 1434 1485 οἰκοδομήσαντες
1474 1414 1523 1464 οἱ
1569 1412 1716 1482 μοικά

1950 1411 2222 1479 cripsisse.
2260 1410 2511 1466 Fortasse
2544 1428 2638 1482 per
2669 1416 3009 1472 traditionem
3053 1418 3154 1487 ipsi
3196 1420 3444 1472 innotue—

238 1497 568 1552 ’Δπόστολοι
599 1502 1059 1573 τὴνῈκκλησίαν,
1088 1505 1233 1574 Λίνῳ
1260 1504 1357 1574 τὴν
1400 1502 1495 1571 τῆς
1524 1503 1732 1553 ὲπισκοι

1953 1508 2021 1559 at,
2055 1500 2244 1554 Linum
2271 1510 2325 1554 et
2353 1503 2700 1557 Anencletum
2738 1504 2803 1557 l2
2844 1522 3013 1561 annos
3044 1506 3332 1560 Romanam
3361 1522 3447 1561 re—

226 1586 587 1659 λειτουργίαν
605 1591 974 1661 ἐνεχείρισαν.
1005 1592 1203 1645 Τούτου
1231 1591 1324 1644 τοῦ
1348 1591 1504 1644 Λίνου
1533 1589 1720 1649 Παῦλος

1955 1590 2060 1644 isse
2103 1588 2418 1647 Ecclesiam.
2484 1590 2616 1645 Cum
2659 1602 2832 1647 autem
2865 1595 3036 1663 ipsum
3075 1596 3280 1659 lateret,
3326 1596 3446 1651 illos

224 1682 361 1743 ταῖς
388 1680 528 1749 πρὸς
550 1680 833 1751 Τιμόθεον
845 1682 1179 1745 Ἐπιστολαῖς
1211 1681 1478 1751 μέμνηται
1497 1697 1509 1708 ·
1529 1678 1718 1749 διαδὲχε

1954 1677 2255 1744 onjunctos,
2291 1696 2394 1731 una
2423 1695 2539 1731 cum
2567 1682 2759 1734 vivente
2786 1682 2949 1735 adhuc
2981 1682 3156 1746 Petro,
3184 1685 3448 1754 guberna-

228 1768 291 1821 δὲ
321 1736 483 1823 αὐτὸν
505 1736 523 1743 ⁷
544 1736 946 1842 ’Δνέγκλητοςσ
986 1771 1124 1842 μετὰ
1159 1736 1350 1823 ῖιοῦνιὲον
1376 1736 1444 1821 ’δὲ
1487 1768 1650 1838 τρίτῳ
1672 1736 1722 1820 ἐξ(

1954 1767 2038 1820 ula
2069 1771 2334 1834 tenuisse;
2382 1768 2494 1822 ﬁeri
2534 1776 2765 1838 poterat,
2798 1779 2884 1833 ut,
2915 1736 3225 1843 Catalogum
3261 1772 3446 1829 lrenmi

233 1860 353 1913 ἀπὸ
375 1861 480 1913 τῶν
526 1861 883 1913 Ἀποστόλων
909 1862 1008 1932 τὴν
1035 1861 1334 1931 ἐπισκοπὴν
1368 1857 1654 1929 κληροῦται
1681 1859 1727 1910 Κ

1953 1857 2233 1925 aspiciens,
2275 1873 2482 1912 summa
2516 1858 2708 1913 ﬁducia
2740 1875 2889 1914 suam
2934 1862 3085 1917 nobis
3125 1870 3447 1933 proponeret

241 1969 371 2021 μης,
395 1956 425 2005 ὁ
453 1953 559 2005 καὶ
581 1950 859 2021 ἑωρακὼς
875 1953 1001 2014 τοὺς
1022 1952 1320 2022 μακαρίους
1350 1948 1711 2010 Ἀποστόλους,
1732 1966 1735 1999 :

892 1953 1001 2014 tab;
1022 1952 1320 2022 μακαρίους
1350 1948 1711 2010 Ἀποστόλους,
1732 1949 1823 2000 καὶ
1919 1944 2386 2012 computationem.

240 2041 649 2111 συμϐεϐληκὼς
691 2043 903 2103 αὐτοῖς,
954 2042 1049 2094 κα.)⁸
1091 2040 1171 2092 ἔτι
1211 2038 1425 2091 ἔναυλον
1463 2037 1524 2089 τὸ
1568 2038 1734 2107 κήρυγ

1988 2036 2041 2090 5.
2079 2034 2187 2089 Nec
2227 2034 2294 2088 de
2326 2034 2608 2104 Epiphanii
2655 2036 2963 2105 conjectura
3013 2045 3307 2103 taceamus,
3353 2038 3446 2108 qui

239 2133 351 2184 τῶν
381 2131 770 2195 Ἀποπόλων,
809 2132 905 2184 καὶ
945 2130 1045 2200 τὴν
1082 2129 1369 2198 παράδοσιν
1399 2127 1501 2198 πρὸ
1536 2127 1733 2195 ὁφϐαλμ

1972 2121 2161 2184 Clem.,
2190 2136 2240 2175 c.
2274 2122 2375 2186 54,
2408 2124 2545 2178 male
2589 2125 2988 2194 interpretatus,
3029 2125 3383 2193 Clementem,
3412 2142 3448 2182 ι

242 2221 370 2291 ἔχων
398 2241 455 2277 κ.
487 2240 545 2275 τ.
587 2222 645 2274 λ.
1919 2210 2076 2265 Petro
2104 2212 2429 2278 ordinatum,
2463 2215 2611 2283 pacis
2638 2230 2798 2270 causa
2842 2216 3072 2270 cessisse
3118 2214 3250 2269 Lino
3290 2225 3451 2269 autu-

322 2310 451 2365 Cum
478 2308 706 2362 Irenaeo
736 2313 849 2360 stat
864 2301 1130 2357 Eusebius
1151 2300 1247 2370 (H.
1269 2301 1334 2355 Ε.
1354 2316 1435 2365 ιιι,
1467 2301 1551 2364 l5,
1587 2301 1673 2362 l5.
1701 2303 1814 2369 54),
1919 2308 2057 2365 mat;
2104 2299 2235 2354 Lino
2266 2310 2442 2356 autem
2486 2305 2814 2359 successisse
2860 2305 3066 2358 Cletum
3088 2346 3103 2369 ,
3145 2306 3295 2359 Cleto
3327 2305 3450 2360 Cle-

252 2399 471 2461 docens,
495 2397 708 2450 Linum
728 2395 800 2447 ab
831 2406 974 2447 anno
1002 2391 1070 2445 68
1110 2406 1280 2459 usque
1303 2390 1370 2444 ad
1401 2406 1491 2443 an.
1516 2389 1603 2456 80,
1637 2390 1814 2445 Anen-
1918 2398 2147 2443 mentem
2180 2398 2453 2459 resumpto
2484 2392 2822 2460 pontiﬁcatu,
2850 2395 3144 2448 arbitratur
3168 2395 3301 2465 (16).
3338 2395 3451 2451 Nos

252 2489 441 2543 ειεωηι
472 2484 681 2550 30.92,
706 2483 1042 2538 Clementem
1073 2478 1265 2535 92-10!
1310 2494 1363 2547 p.
1415 2478 1514 2533 Ch.
1550 2494 1604 2531 n.
1633 2478 1811 2533 sedem
1918 2475 2057 2529 hanc
2082 2478 2427 2545 quaestionem
2472 2480 2663 2534 iterum
2709 2482 3053 2551 attingemus,
3081 2485 3146 2538 de
3187 2492 3445 2553 tempore,

252 2576 557 2632 Romanam
589 2574 863 2629 tenuisse.
1917 2580 2025 2634 quo
2069 2564 2090 2617 1
2134 2565 2423 2623 Clementis
2479 2569 2707 2638 epistola
2761 2572 2959 2640 scripta
3010 2572 3205 2638 fuerit,
3258 2572 3449 2643 dispu~

315 2666 585 2721 Eamdem
645 2661 973 2717 sententiam
1049 2656 1403 2727 Hieronymus
1452 2657 1503 2709 in
1558 2654 1811 2724 Catalogo
1916 2659 2113 2706 tantes.

248 2760 571 2826 scriptorum
601 2751 1084 2807 ecclesiasticarum
1113 2764 1163 2804 c.
1188 2748 1253 2801 l5
1279 2748 1540 2811 tuebatur,
1564 2755 1620 2799 ut
1647 2760 1809 2814 supra
1918 2824 1927 2826 Α
1984 2738 2100 2792 Jam
2137 2738 2205 2794 de
2231 2751 2396 2795 morte
2427 2741 2718 2800 Clementis
2747 2745 2908 2799 verba
2960 2745 3235 2804 faciamus.
3279 2747 3449 2804 Euse-

247 2824 479 2903 vidi‘mus
515 2846 661 2911 (ﬂ).
1915 2824 2037 2880 bius
2082 2828 2374 2891 contendit,
2417 2828 2742 2885 Clementem
2789 2849 2961 2886 novem
3007 2850 3178 2891 annos
3223 2852 3450 2895 munera

301 2928 358 2980 4.
404 2926 612 2980 Varias
656 2925 762 2978 bas
808 2924 1113 2979 sententias
1160 2923 1233 2977 ita
1278 2924 1671 2993 componebant
1716 2926 1817 2980 viri
1917 2915 2207 2987 episcopali
2231 2917 2493 2983 functum,
2519 2921 2679 2974 tertio
2700 2920 3223 2994 Trajanianno(lOl
3249 2925 3448 2997 p.Cb)

244 3018 384 3073 docti
434 3028 493 3072 et
536 3017 861 3088 priscorum
891 3023 948 3070 et
988 3017 1346 3070 recentiorum
1397 3024 1722 3086 temporum,

1953 3012 2143 3059 iortem
2175 3007 2391 3061 obiisse.
2424 3007 2503 3061 Ad
2533 3024 2593 3062 ea
2626 3018 2827 3075 autem.
2858 3028 2974 3079 quae
3003 3030 3162 3083 supra
3192 3014 3447 3080 diximus,

241 3109 627 3177 conﬁcerem,
683 3107 880 3164 Linum
935 3112 990 3159 et
1038 3108 1242 3163 metum
1296 3106 1596 3161 viventibus
1645 3108 1821 3161 adhuc
1852 3096 1885 3103 '
1922 3105 1975 3150 et
2005 3096 2141 3150 infra
2168 3098 2424 3164 dicemus,
2463 3100 2819 3166 attendentes,
2849 3118 3023 3157 novem
3051 3106 3261 3174 quidem
3310 3107 3449 3175 regi-

238 3199 512 3269 apostolis
540 3196 722 3250 Paulo
743 3203 799 3252 et
820 3194 980 3249 Petro
1003 3195 1366 3248 Romanorum
1396 3194 1630 3248 ﬁdelium
1657 3196 1824 3251 fuisse
1920 3188 2081 3242 minis
2119 3204 2290 3245 annos
2332 3191 2592 3245 Clementi
2638 3192 2922 3248 tribuimus
2973 3195 3056 3263 (a.
3097 3195 3282 3267 68—77)
3326 3211 3449 3251 cum

236 3282 917 3350 antistites;Clementem
935 3288 1135 3343 autem,
1155 3280 1264 3335 illis
1290 3279 1515 3337 lortasse
1536 3283 1821 3351 defunctis,
1920 3279 2113 3345 Cavea,
2150 3279 2437 3344 Dodwello,
2466 3281 2678 3336 Fleurio
2692 3291 2762 3337 et
2802 3283 2949 3350 aliis;
2978 3298 3098 3337 eum
3129 3293 3304 3339 autem
3336 3286 3449 3355 jam

231 3389 330 3428 seu
369 3373 482 3427 sub
513 3370 742 3426 Nerone
774 3369 1036 3440 martyrio
1076 3370 1346 3425 coronatis
1398 3370 1532 3439 (l5),
1583 3388 1612 3425 a
1640 3371 1820 3435 Petro,
1921 3369 2022 3422 sub
2052 3368 2383 3438 Vespasiano
2408 3371 2717 3425 defunctum
2749 3387 2869 3427 esse
2898 3382 3163 3442 putamus.
3191 3372 3291 3438 Qui
3319 3389 3450 3429 vero

232 3465 297 3518 ad
334 3470 578 3517 mortem
628 3468 984 3530 properante,
1023 3457 1279 3514 Romanae
1310 3458 1561 3516 Ecclesia:
1613 3460 1824 3529 episco.
1920 3454 2147 3511 Eusebio
2182 3457 2335 3512 ﬁdem
2366 3460 2563 3514 habere
2602 3462 2749 3524 velit,
2783 3477 2905 3515 cum
2942 3463 3058 3531 ipso
3086 3463 3267 3516 credat
3295 3479 3451 3532 opor—

231 3567 370 3625 pum
400 3569 531 3608 esse
561 3551 912 3605 ordinatum.
1918 3551 2015 3609 tet,
2062 3545 2206 3600 brevi
2239 3554 2497 3616 tempore,
2543 3566 2593 3603 a.
2628 3550 2879 3612 lOl-l55,
2911 3564 3021 3602 non
3069 3551 3245 3604 minus
3288 3565 3449 3619 quam

307 3642 468 3696 Hanc
500 3641 844 3697 sententiam
880 3638 1005 3693 tuiti
1039 3649 1167 3694 sunt
1919 3641 2120 3703 septem
2149 3649 2243 3688 seu
2269 3643 2392 3689 octo
2422 3638 2695 3705 pontiﬁces
2722 3637 2901 3692 sedem
2937 3636 3229 3691 Romanam
3259 3653 3451 3692 ascen-

305 3734 367 3800 α)
410 3731 655 3785 Ruﬁnus
710 3728 903 3799 (Praei.
953 3730 1009 3782 in
1058 3726 1114 3781 S.
1150 3727 1442 3785 Clementis
1481 3727 1770 3800 Recognit.)
1804 3749 1820 3788 :
1918 3724 2082 3791 disse,
2104 3725 2346 3794 quamvis
2369 3742 2473 3778 una
2499 3733 2703 3780 tantum
2740 3726 3038 3796 persecutio
3062 3727 3163 3780 boc
3192 3728 3455 3795 temporis.

423 3822 599 3889 Cujus
630 3820 713 3872 rei
751 3819 889 3871 hanc
920 3818 1210 3886 accepimus
1238 3834 1349 3871 esse
1379 3819 1654 3883 rationem,
1684 3822 1821 3889 quod
1918 3814 2147 3884 spatium
2179 3818 2563 3883 perturbasset.

419 3911 594 3964 Linus
634 3917 687 3962 et
721 3907 905 3962 Cletus
940 3906 1153 3974 fuerunt
1190 3906 1395 3975 quidem
1438 3917 1557 3960 ante
1584 3907 1821 3962 Clemen-
1989 3902 2250 3957 Eusebius
2271 3914 2323 3958 et
2358 3904 2713 3975 Hieronymus
2746 3905 2866 3971 (1.1.
2891 3920 2940 3958 c.
2966 3905 3041 3973 c.)
3073 3912 3295 3958 mortem
3326 3903 3450 3959 Cle-

422 4014 529 4055 tem
551 4001 790 4067 episcopi
816 3999 873 4050 in
896 3997 1021 4049 urbe
1036 3996 1218 4060 Roma,
1242 3996 1331 4050 sed
1351 3999 1621 4065 superstite
1643 3997 1819 4063 Petro,
1918 3993 2111 4047 mentis
2139 3995 2283 4047 nulla
2323 3995 2390 4048 de
2421 3995 2677 4063 martyrio
2718 3996 2985 4050 mentione
3024 3996 3263 4048 instituta
3301 4010 3453 4048 com-

419 4091 689 4151 ridelicet,
723 4096 783 4140 ut
821 4088 904 4140 illi
950 4088 1276 4154 episcopatus
1330 4103 1510 4139 curam
1555 4098 1818 4156 gererent,
1916 4088 2234 4135 memorant.
2264 4081 2496 4137 lrenteus
2539 4098 2751 4152 quoque
2782 4082 2891 4152 (lll,
2920 4086 2997 4153 3),
3045 4084 3324 4154 pontilices
3355 4099 3453 4138 us-

423 4182 534 4248 ἱρδι
578 4195 705 4232 vero
755 4177 1082 4244 apostolatus
1126 4176 1356 4244 impleret
1401 4177 1637 4245 ofﬁcium.
1673 4177 1821 4232 Sicut
1916 4183 2020 4237 que
2048 4168 2115 4221 ad
2149 4167 2509 4223 Eleutherium
2543 4185 2850 4234 recensens,
2894 4186 3077 4225 eorum
3124 4187 3451 4240 quemquam

428 4269 705 4321 invenitur
755 4268 921 4319 etiam
957 4264 1095 4333 apud
1135 4263 1427 4321 Caesaream
1477 4265 1685 4334 fecisse;
1731 4266 1820 4321 ubi
1915 4259 2229 4328 martyrium
2252 4274 2469 4327 passum
2496 4268 2686 4328 praeter
2708 4259 3091 4330 Telesphorum
3122 4260 3262 4314 haud
3288 4262 3447 4331 signi-

424 4376 547 4411 cum
579 4359 695 4426 ipse
751 4366 886 4411 esset
918 4372 1166 4423 prtesens,
1197 4355 1473 4410 Zaclueum
1504 4366 1673 4411 tamen
1699 4375 1732 4411 a
1767 4376 1821 4413 se
1850 4363 1893 4416 ι)
1922 4348 2062 4405 ﬁcat.
2106 4350 2149 4402 A
2196 4349 2392 4403 Ruﬁno
2432 4365 2560 4404 vero
2602 4361 2655 4404 et
2707 4350 2921 4407 Zosimo
2968 4352 3217 4406 Clemens
3263 4359 3460 4404 noster-

427 4449 751 4502 ordinatum
802 4444 1026 4498 habebat
1069 4447 1383 4514 episcopum.
1430 4445 1497 4499 Et
1526 4446 1619 4500 hoc
1666 4447 1814 4501 modo
1914 4449 2114 4509 martyr
2140 4442 2435 4509 appellatur
2467 4441 2598 4509 (l7).

428 4553 722 4607 utrumque
756 4551 931 4590 verum
960 4534 1214 4588 videbitur
1235 4549 1253 4583 :
1286 4543 1343 4586 ut
1370 4545 1417 4588 et
1448 4536 1528 4588 illi
1555 4546 1672 4590 ante
1707 4535 1819 4592 Cle-

1982 4527 2058 4581 Ex
2088 4528 2238 4582 Actis
2265 4530 2527 4600 martyrii,
2555 4530 2672 4584 sine
2693 4530 2856 4584 dubio
2888 4530 3265 4597 supposititiis,
3290 4528 3456 4581 Lum-

427 4640 658 4683 mentem
690 4635 1031 4679 numerentur
1074 4625 1327 4693 episcopi,
1371 4633 1420 4678 et
1449 4625 1681 4681 Clemens
1732 4637 1816 4680 ια-
1913 4634 2073 4687 perus
2124 4619 2400 4673 historiam
2444 4621 2683 4689 martyrii
2716 4620 2773 4675 S.
2814 4620 3104 4675 Clementis
3150 4620 3234 4672 bis
3264 4619 3451 4674 verbis.

429 4738 548 4773 men
568 4727 690 4786 post
709 4717 910 4770 obitum
927 4714 1069 4767 Petri
1088 4714 1305 4767 docendi
1320 4716 1595 4782 susceperit
1625 4714 1811 4770 sedem.
1913 4708 2109 4763 refert:
2140 4727 2158 4759 ι
2186 4708 2534 4773 Clementem,
2564 4727 2592 4763 a
2624 4709 2958 4770 Mamertino,
2991 4708 3140 4761 urbis
3166 4707 3444 4776 praefecto,

333 4811 381 4881 β)
419 4808 739 4864 Chronicon
768 4804 986 4858 Damasi
1013 4821 1027 4857 :
1060 4802 1183 4856 Nisi
1216 4814 1443 4869 tempora
1486 4805 1816 4873 pontiﬁcatus
1914 4797 2034 4852 ﬁdei
2064 4813 2225 4852 causa
2256 4806 2597 4861 accusatum,
2648 4798 2913 4868 Trajanus
2943 4800 2995 4851 in
3044 4796 3447 4853 Chersonesum

439 4896 559 4949 Lini
588 4905 746 4965 atque
770 4891 908 4947 Cleti
937 4891 1031 4945 sub
1052 4892 1224 4960 spatio
1245 4890 1554 4958 prcsulalus
1586 4890 1646 4945 Β.
1672 4891 1816 4945 Petri
1915 4885 2051 4939 ultra
2096 4884 2322 4939 Pontum
2366 4885 2631 4941 Euxinum
2673 4886 2945 4955 relegavit.
2980 4884 3187 4941 Invenit
3214 4901 3341 4940 vero
3367 4886 3447 4943 ibi

340 5048 412 5119 (9)
450 5050 503 5103 In
538 5048 666 5103 lsai.
718 5061 893 5119 C.ALI_I.
1180 5110 1213 5119 λ
1564 5115 1574 5119 ,
1634 5112 1691 5119 --

1984 5040 2096 5119 (15)
2145 5039 2271 5095 Adv.
2296 5042 2452 5103 Imm,
2483 5042 2519 5094 l.
2546 5057 2628 5107 ιιι,
2660 5057 2709 5095 c.
2735 5042 2804 5108 5,
2852 5043 2995 5112 apud
3055 5042 3247 5098 Euseb.
3276 5040 3344 5096 Η.
3364 5041 3430 5095 Ε.

343 5109 446 5183 (11))
487 5119 584 5187 Ep.
612 5119 683 5171 55
712 5116 781 5187 ad
830 5114 1091 5187 Generos.
1122 5110 1324 5187 r-Petro
1353 5115 1597 5165 successit
1625 5112 1812 5176 Linus,
1926 5109 2063 5187 νηςὶε

273 5176 393 5246 Lino
414 5176 675 5247 Clemens,
709 5182 971 5239 Clementi
1000 5179 1296 5233 Anacletus.
1983 5177 2092 5247 (14)
2131 5176 2243 5247 Cir.
2277 5191 2438 5247 supra
2460 5188 2569 5247 not.
2613 5176 2710 5247 (7).

326 5259 431 5326 (11)
468 5257 587 5310 Lib.
620 5244 704 5326 ii:
740 5250 1146 5326 Cathedra‘una
1174 5248 1814 5326 estiseditprt’orPetrus,
1927 5312 1946 5326 '
1968 5245 2093 5324 ⁸(15)
2131 5244 2403 5326 ξιιιηιξιιιιιε
2457 5244 2615 5326 Rgmz
2660 5245 3058 5326 Pontil.__supra
3094 5256 3443 5326 memoratus,

262 5312 341 5379 cui
356 5312 605 5381 successit
620 5320 966 5384 Linus,Lino
982 5318 1237 5387 Clemens,
1238 5312 1495 5387 _Clemen'ti
1508 5316 1815 5387 Anacletus.
1915 5312 2101 5387 Linum
2128 5313 2386 5387 Capitone
2424 5322 2477 5365 et
2505 5314 2646 5366 Rufo
2687 5330 2826 5370 coss.
2858 5318 2918 5385 (i.
2942 5312 2990 5372 ὁ.
3042 5336 3089 5373 a.
3111 5319 3200 5384 67,
3232 5334 3284 5387 p.
3306 5317 3440 5387 Ch.)

325 5380 431 5460 (l2)
464 5380 585 5450 Lib.
614 5410 718 5451 vn,
756 5380 810 5445 c.
841 5390 913 5441 46
947 5404 959 5436 ε
1003 5386 1114 5460 ’[ἦς
1144 5380 1819 5460 δξἹξω-ιέαίξιθνἙκὲλησίας

1221 5380 1819 5460 Ἰξω-ιέαίςρνἙκὲλησίας
1916 5399 1946 5436 e
1977 5384 2112 5460 vivis
2136 5380 2444 5460 decessisse
2476 5391 2714 5460 annotat.

255 5450 397 5530 Δῖνος
420 5450 527 5530 ’μὲν
563 5468 592 5517 ὀ
628 5450 915 5530 Κὶζαυᾷίας
934 5450 1162 5530 πρῶἠος.
1184 5450 1548 5530 υπὺηηταυλου,
1582 5450 1749 5530 *Κλῆμ

1191 5450 1548 5530 ξπὺηητειυλου,
1582 5450 1819 5530 *Κλήμης
2136 5450 2331 5530 limes.
2356 5453 2685 5530 xxvii,n..6.

255 5486 397 5530 litvo;
471 5486 527 5520 εν
563 5486 592 5517 ο
628 5486 911 5518 ιιιαυυιυιεο
934 5486 1162 5537 Ἰδιιωυυν,
1187 5486 1548 5527 ν¹“’¹.,““⁵“”“ν””
1595 5486 1744 5523 “’"ll‘

250 5534 298 5587 δὲ
317 5486 467 5605 per:
470 5537 566 5588 τὸν
592 5534 768 5588 Λίνου
806 5527 1041 5579 Θάνατον
1072 5521 1147 5571 ὑπ
1195 5520 1323 5586 ἐμου
1355 5520 1552 5587 Πέτρου
1578 5520 1744 5591 δεύτεε

251 5620 701 5643 νῑνειινιρηυνιτηι-

2135 5486 3201 5591 ἰδιιιΐέΐῖᾶἧίξιοιίὶἵιΙιεοίοῃῦτο-ετὶιίαι,
3284 5528 3325 5575 ι.
3372 5517 3446 5589 Ιδ

251 5602 707 5678 κεχειροτόνηταιι
1921 5602 1974 5657 Ρ.
2010 5602 2098 5643 ιη.
