3784 6272
319 316 410 371 191

1399 310 1485 363 AD
1522 307 1580 363 S.
1619 301 2031 362 CLEMENTEM
2070 302 2090 355 I
2126 302 2354 357 PAPAM

3562 255 3673 314 ιη

313 432 424 486 κῶν
468 430 843 502 ὲνσκηψάντων
881 430 1191 501 νοσημάτων
1218 426 1434 486 ἑαυτοὺς
1462 422 1661 492 σφάγια
1698 417 1849 487 ,ὑπὲρ

2093 457 2106 482 .
2128 435 2182 489 p.
2205 418 2295 482 61,
2332 417 2423 472 ed.
2461 414 2523 469 Β.
2550 413 2612 469 Β.
2639 410 2839 469 scribit
2859 424 2879 502 ς.
2925 393 3145 501 Ἀλὲρὰ

308 521 406 576 τοῦ
461 523 635 576 κοινοῦ
678 522 1080 592 παραδεδώκασι
1101 537 1115 550 ·
1157 520 1247 572 καὶ
1291 516 1642 587 παραδέχεται
1692 510 1841 565 ταῦθ’

312 615 482 678 οὕτως
509 615 781 683 γεγονέναι
809 615 905 667 οὐκ
933 613 1134 680 ἀλόγως
1148 608 1433 670 πιστεύσας
1445 608 1562 668 ταῖς
1590 603 1845 674 ἱστορίαις

1942 471 2333 581 ἀρξαὲκέᾆτὲρᾷν
2361 506 2422 577 (ι.
2454 498 2892 576 ἀρχαϊκώτερος)
2913 514 2928 527 ·
2952 489 3102 581 Ζῆτ
3144 478 3387 581 φησὶ-ξ’
3420 475 3474 576 d_
3492 471 3672 581 θέδξξ

1942 561 2045 654 1ιὲιῖ
2065 561 2319 666 «ilicem;-
2360 561 2596 668 "Ino’bsc
2638 561 2927 661 Χριστὸς,
2966 580 3103 639 καὶ
3160 573 3248 630 τὸ
3282 564 3575 633 Πνεῦμα
3604 561 3675 614 τὸ

312 707 343 758 ὁ
371 707 560 770 πιστὸς
586 707 832 777 Κλήμης,
855 706 955 758 ὑπὸ
970 703 1172 757 Παύλου
1192 698 1641 773 μαρτυρούμενος,
1668 696 1847 765 λέγον·
1941 691 2107 762 ἅγιον
2134 691 2265 762 (29).

312 810 422 858 τος·
467 797 626 849 Μετὰ
650 796 1064 865 Κλήμεντος,κ.
1084 810 1132 844 τ.
1161 792 1210 844 λ.
1232 788 1390 846 Cfr.l
1419 790 1586 846 Clem.
1612 804 1661 844 c.
1686 789 1774 843 55.

315 884 392 956 (e)
429 885 707 946 Eusebium
736 884 974 940 eamdem
1011 897 1129 952 quae
1164 896 1306 936 nunc
1339 889 1537 943 exstat,
1557 878 1846 933 Clementis

454 977 734 1045 epistolam
762 983 886 1028 ante
912 974 1101 1028 oculos
1132 972 1409 1036 habuisse,
1432 970 1595 1026 verba
1617 970 1736 1039 ejus
1759 984 1848 1023 sa-

452 1067 521 1118 tis
544 1066 933 1119 demonstrant:

388 1153 525 1209 Hist.
549 1155 679 1209 ccci.
704 1153 790 1214 III.
823 1153 888 1207 16
921 1174 933 1209 :
965 1154 1163 1206 Τούτου
1306 1147 1396 1205 οὖν
1422 1150 1515 1205 τοῦ
1544 1150 1850 1221 Κλήμεντος

314 1246 704 1316 ὁμολογουμένη
751 1247 843 1315 μία
873 1246 1119 1315 ἐπιστολὴ
1161 1245 1411 1315 φέρεται,
1444 1242 1645 1314 μεγάλη
1672 1258 1731 1293 τε
1758 1241 1850 1293 καὶ

316 1336 606 1405 θαυμασία,
648 1337 713 1404 ἣν
742 1335 815 1397 ὡς
858 1336 962 1387 ἀπὸ
988 1336 1083 1405 τῆς
1123 1334 1398 1404 Ῥωμαίων
1437 1332 1751 1401 Ἐκκλησίας
1784 1334 1848 1401 τῇ

315 1425 611 1495 Κορινθίων
636 1425 1021 1489 διετυπώσατο,
1053 1425 1289 1487 στάσεως
1314 1425 1559 1494 τηνικάδε
1590 1422 1729 1476 κατὰ
1754 1422 1851 1494 τὴν

312 1515 570 1585 Κόρινθον
599 1516 909 1586 γενομένης.

382 1605 517 1663 Ibid.
554 1606 653 1672 III,
678 1608 745 1661 38
787 1625 802 1664 :
852 1606 958 1659 Τοῦ
1000 1607 1305 1676 Κλήμεντος
1342 1606 1400 1658 ἐν
1425 1608 1489 1675 τῇ
1518 1604 1853 1674 ἀνωμολογη-

316 1697 450 1766 μένῃ
479 1698 627 1767 παρὰ
672 1701 853 1762 πᾶσιν,
906 1699 971 1767 ἢν
1016 1699 1079 1750 ὲκ
1121 1696 1402 1767 προσώπου
1442 1697 1538 1766 τῆς
1566 1697 1850 1783 ῘΡωμαίων
1882 1727 1926 1783 Β

326 1786 643 1858 Ἐκκλησίας
656 1792 721 1859 τῇ
740 1790 1032 1860 Κορινθίων
1046 1788 1421 1841 διετυπώσατο.
1453 1789 1536 1839 Ἑν
1606 1787 1702 1856 τῆς
1720 1785 1853 1855 πρὸς

325 1877 604 1948 Ἐϐραίους
630 1878 799 1931 πολλὰ
824 1883 1064 1950 νοήματα
1092 1878 1371 1950 παραθεὶς,
1387 1878 1483 1947 ἥδη
1503 1877 1556 1931 δὲ
1583 1878 1673 1930 καὶ
1698 1877 1854 1929 αὑτο-

313 1965 452 2031 λεξεὶ
484 1971 660 2038 ῥητοῖς
687 1968 745 2033 ἐξ
764 1969 928 2039 αὐτῆς
955 1968 1373 2040 χρησάμενος,κ.
1397 1985 1447 2021 τ.
1477 1967 1526 2020 λ.

388 2059 675 2129 Epistolam
700 2069 939 2116 nostram
970 2078 1109 2132 saepe
1132 2061 1320 2115 iisdem
1344 2059 1524 2114 verbis
1541 2053 1640 2119 uti,
1658 2072 1775 2127 quae
1800 2057 1855 2110 in

318 2149 556 2219 Epistola
584 2153 651 2205 ad
673 2151 925 2207 Hebraeos
953 2152 1319 2216 inveniuntur,
1339 2165 1494 2205 nemo
1522 2149 1694 2203 nescit
1723 2148 1852 2219 (28).

318 2241 382 2311 (Γ)
425 2241 655 2311 Cyrillus
681 2242 1205 2312 Hierosolymitanus,
1222 2242 1439 2297 Catech.
1465 2242 1615 2296 l8.c.
1639 2241 1692 2305 8,
1711 2240 1858 2294 fabu-

460 2334 563 2386 lam
592 2332 658 2387 de
688 2334 937 2402 phoenice
975 2332 1015 2405 (I
1039 2322 1205 2388 Clem.
1236 2333 1347 2403 25),
1379 2341 1438 2387 ut
1465 2334 1578 2403 ipse
1607 2338 1853 2395 testatur,

458 2440 522 2479 ex
553 2428 785 2486 epistola
809 2425 1098 2480 Clementis
1127 2424 1350 2493 profert.

319 2515 392 2585 (ε)
425 2518 748 2589 Epiphanius
779 2518 907 2571 hair.
936 2516 1026 2580 27,
1053 2532 1108 2569 n.
1133 2515 1165 2569 6
1187 2534 1199 2569 :
1221 2515 1387 2584 Λέγει
1417 2517 1527 2584 τὰρ
1549 2512 1848 2585 (Clemens)

456 2607 524 2658 ἐν
546 2606 652 2675 μιᾷ
700 2607 815 2659 τῶν
842 2605 1171 2660 ἐπιστολῶν
1216 2604 1428 2659 αὑτοῦ·
1467 2622 1487 2655 ι
1537 2602 1856 2673 Ἀναχωρῶ,

464 2700 684 2767 ἄπειμι,
713 2696 1050 2762 ἐνσταθήτω
1096 2698 1128 2749 ό
1154 2693 1300 2760 λαὸς
1328 2692 1431 2746 τοῦ
1482 2692 1645 2747 θεοῦ.
1685 2712 1703 2744 ι
1743 2691 1856 2748 Cfr.

459 2793 477 2844 l
505 2792 699 2853 Clem.,
730 2805 780 2843 c.
809 2788 896 2841 54.

325 2884 403 2952 (ιι)
440 2878 791 2949 Ilieronymus
833 2874 1003 2931 Catal.
1040 2876 1217 2941 script.
1248 2876 1370 2927 eccl.
1411 2887 1461 2926 c.
1490 2871 1593 2927 l5:
1637 2870 1859 2939 Scripsit

464 2970 754 3038 (Clemens)
776 2981 838 3021 ex
863 2981 1081 3035 persona
1111 2963 1356 3018 Romana:
1384 2962 1630 3016 Ecclesia:
1665 2962 1732 3015 ad
1759 2961 1860 3014 Ec-

2016 745 2354 838 Sed\fultiles
2393 786 2523 834 sunt
2560 776 2784 831 illorum
2817 770 3147 829 rationes,
3218 754 3347 828 qui
3385 751 3557 806 hanc
3598 745 3674 799 οἱ»

1944 888 2164 928 causam
2193 871 2526 926 authentiam
2560 866 2816 939 epistolae
2847 867 3100 918 nostra
3137 846 3667 939 Eimpugnarunt;

1945 961 2177 1018 fortasse
2215 962 2358 1017 enim
2388 974 2579 1014 omnes
2623 957 2681 1011 hi
2721 956 2860 1016 loci,
2914 959 3223 1021 quorum
3286 948 3537 1009 parvus
3582 938 3673 986 est

1945 1068 2221 1117 numerus,
2251 1052 2377 1107 olim
2406 1059 2526 1119 post
2550 1055 2714 1117 caput
2741 1046 2814 1100 57
2842 1043 3277 1119 legebantur;
3310 1026 3424 1083 ubi
3438 1023 3667 1119 lolium

1947 1115 2213 1213 integrum
2226 1115 2443 1197 excidii.
2469 1115 2631 1194 Certe
2646 1136 2841 1205 ῥῆσις
2860 1116 2963 1188 illa
2995 1125 3279 1184 Basilii.
3315 1130 3391 1174 ut
3414 1115 3669 1187 Freyius

1946 1233 2175 1297 monuit,
2208 1238 2611 1302 peropportune
2642 1228 2724 1281 illi
2756 1228 2888 1280 loco
2923 1215 3295 1293 convenit,
3326 1221 3396 1266 et
3431 1222 3669 1263 accom-

1947 1326 2151 1380 modari
2184 1330 2357 1395 potest
2387 1323 2441 1376 in
2466 1319 2697 1390 epistola
2728 1317 2802 1372 ad
2830 1317 3016 1370 ﬁnem
3059 1309 3514 1365 decurrente.

2016 1415 2081 1471 V.
2107 1414 2223 1469 lam
2248 1416 2313 1468 de
2338 1414 2634 1482 integritate
2656 1407 2975 1463 dicendum
3011 1406 3155 1459 est.

1950 1506 2024 1577 (ει)
2055 1505 2251 1559 Eodem
2285 1518 2427 1557 anno
2459 1502 2617 1565 l655,
2650 1514 2766 1569 quo
2797 1498 3075 1567 primum
3113 1485 3411 1577 epistola
3459 1489 3663 1577 nos—tra

2087 1595 2227 1665 typis
2252 1592 2597 1661 vulgabatur,
2631 1588 2866 1643 Hieron.
2893 1577 3297 1652 Bignonius,
3329 1573 3515 1629 Jctus
3555 1571 3663 1625 Pa-

2088 1686 2311 1748 risinus,
2342 1685 2704 1755 integritatem
2752 1679 2885 1747 ejus
2939 1677 3006 1730 in
3047 1671 3341 1728 dubium
3395 1667 3663 1729 vocavit,

2086 1776 2265 1845 plures
2293 1772 2567 1827 clausulas
2599 1778 2653 1825 et
2678 1784 2848 1822 voces
2879 1764 3186 1836 epistola:
3223 1759 3531 1831 genuinae
3566 1755 3663 1809 ad-

2087 1868 2227 1921 ditas
2240 1880 2359 1919 esse
2375 1871 2589 1934 putans.
2604 1858 2933 1914 Praesertim
2955 1856 3100 1909 viro
3114 1850 3514 1907 doctissimo
3539 1848 3662 1903 dis-

2084 1956 2313 2026 plicebat

2021 2047 2100 2117 (α)
2136 2046 2378 2100 narratio
2400 2045 2465 2098 de
2500 2041 2759 2113 phmnice
2790 2055 2846 2093 c.
2884 2038 2989 2092 ‘25.

2020 2137 2095 2206 (β)
2131 2135 2441 2206 frequentia
2482 2133 2887 2204 epithetoruin.

2020 2230 2097 2297 (γ)
2131 2244 2235 2282 vox
2262 2226 2445 2288 λαῖκός
2473 2241 2523 2280 c.
2555 2226 2626 2279 40
2650 2234 2704 2277 et

2022 2320 2091 2389 (δ)
2126 2321 2278 2373 locus
2322 2318 2516 2389 capitis
2539 2317 2648 2371 47:
2700 2313 2793 2369 ubi
2829 2312 3125 2369 Ecclesia
3163 2309 3655 2366 Corinthiorum

1951 2411 2151 2481 ἀρχαία
2178 2420 2419 2464 vocatur.

2022 2502 2127 2572 Ipsi
2171 2501 2446 2570 respondit
2478 2497 2632 2568 Hugo
2653 2495 2909 2566 Grotius,
2936 2497 3108 2566 (30),
3143 2496 3332 2548 inter
3369 2493 3497 2546 alia
3525 2506 3651 2543 m0-

1953 2611 2089 2651 nens
2116 2595 2443 2650 Clementem
2474 2594 2593 2648 sine
2620 2592 2791 2646 dubio
2814 2605 2987 2659 aeque
3019 2604 3103 2642 ac
3137 2594 3496 2642 auctorem
3518 2584 3645 2654 Epi-

1955 2687 2107 2741 stolze
2152 2684 2219 2739 ad
2252 2683 2504 2739 Hebraeos
2532 2681 2784 2737 Graecum
2830 2694 3225 2745 sermonem,
3266 2693 3353 2732 ex
3391 2676 3655 2732 eruditis

1956 2777 2265 2833 auctoribus
2280 2776 2547 2838 hausisse,
2567 2773 2801 2842 ideoque
2820 2769 3109 2824 liberiori
3151 2766 3477 2831 dictione,
3508 2781 3649 2833 non,

1955 2876 2016 2921 ut
2066 2866 2424 2938 ἐϐραῖζουσιν,
2469 2865 2527 2919 in
2562 2862 2825 2918 minutias
2874 2860 3175 2926 concisa,
3242 2859 3365 2913 sed
3427 2858 3652 2928 largius

1958 2956 2163 3023 fluenti,
2193 2970 2352 3010 usum
2383 2969 2529 3009 esse.

464 3061 674 3115 rlesiam
722 3055 1108 3112 Corinthiorum
1154 3053 1300 3107 valde
1344 3054 1520 3106 utilem
1559 3053 1851 3121 epistolam,
1877 3051 1925 3111 ο
2020 3046 2170 3111 Quod
2201 3045 2564 3098 narrationem
2599 3041 2667 3097 de
2713 3042 2984 3112 phanice
3031 3041 3308 3107 attinet,
3365 3041 3474 3095 alii
3503 3055 3649 3110 quo-

467 3166 582 3219 qua:
635 3158 683 3202 et
720 3148 775 3200 in
812 3144 1072 3199 nonnullis
1103 3143 1230 3215 locis
1269 3141 1467 3211 publice
1507 3143 1712 3212 legitur,
1746 3159 1859 3213 quae

466 3242 592 3294 mihi
623 3240 820 3294 videtur
849 3239 1139 3292 characteri
1166 3236 1416 3305 epistolte,
1450 3253 1565 3305 qua
1587 3236 1679 3290 sub
1702 3236 1862 3289 Pauli

467 3336 673 3387 nomine
704 3332 771 3385 ad
824 3331 1071 3385 Hebrwos
1114 3333 1299 3401 fertur,
1342 3330 1626 3383 convenire.
1673 3327 1778 3382 Sed
1816 3338 1865 3381 et

466 3427 642 3478 multis
665 3424 727 3477 de
746 3424 922 3477 eadem
943 3424 1297 3492 epistola,non
1315 3423 1479 3476 solum
1504 3420 1757 3485 sensibus,
1775 3419 1863 3473 sed

459 3518 617 3585 juxta
640 3515 906 3570 verborum
926 3531 1124 3585 quoque
1156 3514 1385 3567 ordinem
1407 3514 1658 3566 abutitur.

402 3608 541 3662 Idem
588 3607 682 3661 lib.
743 3619 833 3659 xuv
895 3601 1670 3669 Comment.inlsai.,c.ui,l3
1700 3619 1713 3653 ε
1744 3598 1865 3654 ϐιο-

333 3716 495 3759 mens,
526 3698 604 3751 vir
641 3695 977 3763 apostolicus,
1007 3694 1096 3763 qui
1132 3701 1245 3759 post
1276 3692 1487 3744 Petrum
1527 3691 1659 3742 rexit
1690 3688 1868 3742 Eccle-

331 3787 677 3851 si-Im,scribit
706 3784 772 3839 ad
786 3784 1081 3840 Corinthios
1106 3798 1160 3835 ε(
1185 3781 1450 3849 Sceptrum
1477 3780 1590 3841 Dei,
1620 3779 1867 3832 Dominus

332 3881 484 3933 Jesus
511 3878 775 3939 Christus,
806 3894 907 3929 non
932 3876 1064 3929 venit
1097 3875 1150 3927 in
1168 3873 1434 3941 jactantia
1457 3869 1727 3937 superbia,
1754 3885 1869 3921 cum

332 3972 491 4040 possit
521 3971 717 4031 omnia,
736 3967 823 4022 sed
854 3969 905 4021 in
930 3965 1240 4018 humilitate.
1267 3983 1284 4015 ι
1311 3962 1422 4016 Cir.
1450 3961 1468 4013 I
1497 3961 1754 4023 Clem.,c.
1782 3958 1868 4013 16.

407 4061 547 4116 Idem
580 4062 675 4114 lib.
717 4073 735 4113 ι
766 4056 1135 4113 Coinment.in
1151 4054 1245 4124 Ep.
1263 4059 1329 4111 ad
1345 4055 1493 4123 Eph.,
1512 4050 1683 4117 c.n,2
1708 4069 1723 4106 :
1751 4049 1871 4105 Cle-

336 4169 499 4213 mens.
525 4153 578 4205 in
611 4149 829 4219 epistola
859 4164 954 4201 sua
978 4147 1193 4199 scribit:
1219 4144 1452 4199 Oceanus
1476 4150 1526 4196 et
1555 4140 1753 4205 mundi,
1785 4141 1874 4210 qui

340 4252 485 4298 trans
510 4242 677 4310 ipsum
709 4248 848 4292 sunt.
879 4236 991 4289 Cfr.
1021 4235 1040 4287 I
1069 4235 1234 4289 Clem.
1265 4250 1316 4288 c.
1345 4233 1435 4288 20.

409 4333 551 4388 Idem
580 4330 709 4385 ibid.
765 4329 857 4382 lib.
899 4344 957 4390 ιι,
1001 4326 1065 4379 ad
1094 4341 1231 4383 c.1v.
1260 4326 1283 4378 1
1323 4343 1337 4379 :
1378 4323 1537 4393 Cujus
1568 4325 1639 4377 rei
1669 4332 1717 4377 et
1750 4321 1866 4377 Cle-

326 4440 479 4482 amens
509 4421 574 4474 ad
605 4418 896 4475 Corinthios
921 4416 1063 4469 testis
1094 4425 1210 4470 est:
1239 4433 1257 4465 ι
1299 4414 1567 4467 Vinculum
1589 4414 1863 4468 charitatis

338 4515 436 4571 Dei
455 4514 568 4584 quis
596 4511 780 4580 poterit
808 4509 1091 4562 enarrare?
1130 4526 1149 4556 ι
1182 4503 1294 4558 Cfr.
1327 4503 1529 4557 lClem.
1552 4518 1601 4557 c.
1630 4504 1719 4561 49.

407 4601 737 4658 Testimonia
770 4599 1123 4669 posteriorum
1157 4602 1450 4648 taceamus.

410 4691 495 4746 IV.
526 4690 777 4745 Nonnulli
805 4699 1045 4742 veterum
1088 4687 1235 4738 locos
1262 4683 1500 4754 epistolae
1526 4682 1870 4739 Clementinee

341 4784 583 4848 laudant,
612 4784 703 4853 qui
729 4783 783 4835 in
821 4780 1025 4834 nostris
1048 4775 1447 4845 exemplaribus
1469 4789 1575 4828 non
1598 4774 1867 4845 leguntur.

345 4875 407 4931 Ε.
438 4892 490 4945 g.
522 4874 776 4935 Basilius,
808 4873 901 4927 lib.
935 4871 1001 4926 de
1042 4868 1244 4938 Spiritu
1273 4875 1460 4921 sancto
1481 4880 1530 4920 c.
1561 4864 1650 4931 29,
1694 4881 1748 4919 n.
1780 4864 1869 4928 72,

347 5090 465 5161 (28)
498 5088 647 5161 Multi
690 5094 1057 5161 autumarunt.
1078 5093 1170 5141 aut
1197 5084 1521 5161 Clementem
1559 5083 1734 5153 ipsum
1758 5084 1875 5152 epi-

487 5158 680 5212 stolam
723 5157 787 5209 ad
834 5156 1082 5211 Hebraeos
1114 5155 1418 5222 scripsisse,
1457 5162 1548 5205 aut
1579 5161 1725 5222 certe
1757 5168 1872 5207 eam

488 5228 540 5280 in
578 5241 675 5278 sua
700 5224 980 5277 scribenda
1011 5234 1133 5277 ante
1171 5220 1657 5290 oculoshabuisse.
1697 5220 1877 5290 Longe

489 5296 644 5347 aliter
672 5293 895 5359 coniicit
924 5293 1178 5347 Dr.Mack
1222 5288 1467 5356 (Tubing.
1508 5286 1665 5357 theql.
1703 5286 1876 5359 ρμαῖ..

496 5356 963 5431 ιαιεεΙινῆῙιῚὸἵξδ,
1031 5360 1160 5415 fasc.
1223 5376 1313 5421 ιιι,
1362 5375 1412 5431 p.
1474 5359 1578 5431 385
1612 5356 1778 5431 ειμι),
1825 5356 1878 5409 id

496 5375 755 5431 tatschrrtt
804 5375 963 5421 1606,
1031 5375 1160 5415 tasc.
1223 5376 1313 5421 ιιι,
1362 5375 1412 5425 p.
1474 5375 1578 5413 οδε)
1612 5375 1640 5412 s
1677 5375 1778 5425 (1.),
1825 5375 1878 5409 ια

491 5446 676 5498 agens,
720 5437 777 5498 ut
812 5427 970 5498 nobis
998 5435 1270 5498 ostendat,
1314 5428 1596 5498 epistolam
1641 5375 1879 5498 Clemen-

493 5494 561 5553 tis
578 5496 811 5563 Epistula
834 5494 899 5545 ad
930 5494 1178 5550 Hebraeos
1202 5494 1367 5549 fuisse
1396 5495 1645 5563 priorem,
1674 5503 1726 5547 et
1744 5494 1881 5563 lianc

494 5567 558 5619 ad
590 5562 883 5619 Clementis
912 5564 1188 5630 epistolam
1229 5566 1362 5618 bene
1398 5562 1541 5631 apud
1572 5562 1879 5631 Corinthios

499 5631 942 5694 itllroduccndant
991 5631 1308 5696 confectam,
1364 5630 1565 5686 ct'una
1592 5646 1712 5685 cum
1758 5630 1879 5686 Cle-

1958 3152 2063 3205 que
2100 3142 2359 3198 veterum,
2387 3149 2436 3188 e.
2467 3149 2518 3203 g.
2552 3131 2776 3187 Tacitus
2813 3132 3060 3203 (Annal.
3107 3149 3205 3195 Vl.
3263 3133 3384 3203 28)
3422 3141 3485 3187 et
3533 3131 3649 3185 Pli-

1959 3226 2084 3280 nius
2113 3223 2214 3295 (H.
2237 3222 2309 3276 N.
2330 3237 2425 3289 vn,
2455 3222 2523 3277 19
2559 3238 2575 3288 ;
2606 3235 2725 3286 xm,
2756 3220 2790 3274 9
2822 3238 2838 3288 ;
2870 3236 3039 3288 nix,
3079 3220 3152 3293 9)
3188 3224 3409 3280 eidem
3432 3223 3649 3277 fabulae

1961 3316 2116 3371 fidem
2153 3313 2435 3368 habebant.
2762 3320 2767 3325 ‘

2030 3402 2322 3457 Ecclesiam
2370 3401 2781 3457 Corinthiorum
2826 3400 2947 3471 jam
3004 3417 3039 3454 a
3116 3402 3502 3466 Clemente,
3555 3419 3648 3458 re-

1964 3503 2148 3564 spectu
2177 3494 2400 3547 aliarum
2428 3491 2822 3555 Ecclesiarum,
2857 3491 3132 3562 ἀρχαίαν
3171 3495 3494 3565 appellari
3538 3510 3633 3566 po-

1963 3586 2153 3647 tuisse,
2183 3600 2339 3638 nemo
2368 3585 2602 3653 negabit.

2035 3674 2271 3761 Denique
2291 3675 2356 3729 dc
2380 3691 2508 3729 voce
2532 3676 2742 3742 λατκός
2765 3691 2894 3746 qua:
2912 3676 3197 3733 dicenda
3233 3688 3417 3746 sunt,
3450 3682 3513 3736 in
3542 3696 3646 3736 no-

1968 3766 2038 3820 tis
2067 3765 2132 3818 ad
2161 3781 2208 3820 c.
2234 3766 2303 3821 40
2329 3767 2587 3835 reperies.

1970 3858 2047 3927 (b)
2078 3857 2251 3927 Supra
2283 3858 2393 3926 jam
2422 3857 2680 3921 diximus,
2712 3858 3074 3917 Clementem
3134 3864 3645 3921 Alexandrinum

2108 3949 2270 4001 multa
2286 3949 2525 4017 epistola:
2555 3957 2757 4003 nostra:
2788 3952 2983 4020 capita
3015 3954 3107 4019 (1.
3137 3954 3387 4011 9-12,
3410 3959 3509 4011 17.
3549 3959 3641 4012 18.

2104 4038 2191 4092 21.
2237 4038 2325 4095 2‘2.
2356 4039 2442 4092 '56.
2477 4039 2563 4092 58.
2596 4039 2686 4093 40.
2733 4041 2824 4093 LI.
2859 4042 2957 4096 48.
3004 4045 3134 4099 49.‘
3163 4048 3285 4102 50.
3339 4050 3445 4103 5l.
3494 4050 3641 4117 53.),

2109 4137 2247 4182 tecto
2287 4128 2512 4182 Romani
2543 4128 2842 4185 Clementis
2875 4137 3153 4200 nomine,
3200 4142 3640 4210 excerpsisse,

2107 4228 2159 4275 et
2206 4220 2518 4274 abbreviata
2575 4220 2718 4274 libro
2780 4232 2990 4290 quarto
3055 4224 3477 4285 Stromatum
3554 4232 3645 4286 in-

2111 4311 2346 4367 texuisse
2372 4310 2506 4380 (51).
2532 4308 2817 4366 Eduardus
2844 4329 2982 4367 vero
2998 4314 3381 4376 Bernartius
3421 4333 3483 4378 et
3503 4322 3640 4378 Cle-

2105 4402 2253 4457 ricus
2286 4400 2339 4452 in
2382 4408 2612 4469 utraque
2641 4400 3202 4464 Amstaelodamensi
3246 4412 3641 4470 Coteleriana

2101 4492 2332 4548 editione
2360 4489 2578 4544 Patrum
2606 4494 3073 4561 apostolicorum,
3127 4505 3639 4575 suspicabamur

2106 4599 2295 4639 omnes
2322 4582 2420 4636 hos
2452 4582 2596 4635 locos
2642 4582 3095 4641 Alexandrinum
3137 4591 3371 4663 ipsum
3416 4598 3640 4653 habere

2106 4682 2400 4735 auctorem,
2429 4688 2458 4726 e
2485 4673 2644 4741 cujus
2676 4674 2815 4730 libro
2853 4676 3312 4748 interpolatam
3355 4705 3501 4747 esse
3530 4709 3637 4747 no.

2107 4777 2268 4822 stram
2294 4765 2574 4835 epistolam
2601 4767 2963 4822 contendunt.

2038 4858 2150 4913 Illis
2179 4855 2412 4912 accessit
2437 4846 2757 4914 Laurentius
2771 4857 3046 4914 Mosheim
3076 4860 3156 4919 γ,
3195 4867 3289 4924 ο,
3334 4873 3490 4943 (32)⁸
3520 4874 3632 4947 Ipsi

2110 5076 2554 5150 mentisepistola
2577 5075 2755 5150 datam
2779 5092 2904 5150 esse
2925 5079 2996 5150 ad
3026 5082 3440 5147 Corinthios.
3474 5098 3631 5150 Mar-

2108 5148 2256 5225 !siu")
2308 5137 2777 5225 ίηὶριιειιθγὲεέν,
2816 5141 2881 5195 F-
2925 5137 3133 5225 φησι(
3159 5137 3649 5225 ’ί“;.““’ῦ“ἰὶι;ἐὲι’ὲέιῖε

2110 5216 2335 5301 ams-,3:
2356 5209 2729 5301 K,'3"-._t’%§9-,,
2746 5209 2909 5301 ἔθεος.
2934 5217 3037 5301 ξίν..
3069 5238 3139 5301 ιιλ
3165 5209 3447 5301 Φοίὲῑε

2046 5285 2451 5406 (ῗμζβῧὶίέἓοε
2509 5283 2656 5337 locos
2705 5286 2954 5353 reperies
2998 5276 3629 5361 iii-Callziriidj‘lbibl.

2009 5366 2047 5411 t.
2078 5366 2113 5412 I,
2148 5368 2202 5412 ῐ).
2234 5366 2300 5406 44
2323 5370 2405 5412 sq.

2078 5368 2113 5412 l,
2148 5368 2202 5421 p.
2234 5368 2300 5406 44
2323 5370 2405 5421 sq.

2047 5422 2155 5493 (50)
2188 5420 2535 5493 \ji-desnpra,
2569 5421 2674 5493 col.
2704 5422 2795 5493 {7.

2047 5490 2156 5559 (51)
2191 5490 2303 5559 Cir.
2332 5490 2453 5542 Not.
2485 5490 2519 5542 2
2548 5491 2611 5559 ad
2643 5505 2692 5542 c.
2724 5491 2777 5542 9.

2051 5557 2164 5632 (52)
2198 5557 2371 5616 lnstit.
2398 5562 2518 5616 hist.
2544 5558 2651 5614 chr.
2675 5561 2940 5635 majores,
2995 5579 3053 5628 ι).
3086 5564 3239 5622 2η.
3287 5587 3397 5645 sq,
