3842 6364
219 354 308 409 195
845 373 857 387 ε
1441 347 1784 406 ΡιιοαειιιΑ

1920 340 2208 406 RIORUM.

217 467 352 526 enim
382 465 439 520 in
482 463 723 534 epistola
772 471 963 519 nostra
1014 463 1185 519 multa
1220 464 1452 534 proferri
1499 463 1791 526 videntur,
1821 464 1870 522 Α

215 573 441 633 quorum
476 558 632 613 nulla
660 564 747 612 est
773 572 899 611 cum
928 556 1184 622 consilio,
1216 556 1533 613 Corinthios
1562 557 1631 612 ad
1657 572 1791 611 con-

215 651 455 708 cordiam
484 650 751 713 vocandi,
800 651 1076 721 cognatio.
1108 650 1328 715 Priora,
1376 650 1575 719 inquit,
1619 648 1797 702 decem

212 745 386 814 capita
429 742 680 814 quadam
726 740 919 796 habent
945 743 1165 813 uestigia
1205 759 1395 797 manus
1438 741 1674 811 fallacis,
1705 740 1795 794 sed

212 856 312 892 non
346 839 427 892 ita
464 836 637 889 multa
663 850 683 890 :
710 835 1042 905 persequitur
1072 845 1259 889 auctor
1286 844 1594 891 constanter
1623 835 1798 916 consi-

214 933 342 985 lium
371 948 552 990 suunt.
594 931 665 984 At
695 930 867 1000 capite
898 928 983 983 XI
1010 937 1061 984 et
1097 927 1218 983 XII
1250 927 1320 982 ad
1362 928 1518 999 ﬁdem
1545 938 1594 983 et
1622 928 1800 999 hospi.

214 1025 476 1078 uilitatem
506 1021 980 1077 commendandam
1009 1021 1232 1087 accedit,
1260 1022 1318 1076 in
1346 1037 1448 1093 quo
1468 1022 1618 1076 nulla
1642 1023 1799 1093 plane

215 1124 430 1183 apparet
463 1116 786 1169 cohaerentia
816 1129 933 1167 cum
954 1112 1387 1184 prcecedentibus.
1408 1113 1673 1180 Quocirca
1700 1129 1797 1183 pa-

213 1223 330 1259 rum
355 1207 527 1270 abest,
571 1208 698 1277 quin
740 1207 851 1260 lucc
873 1206 1048 1272 capita
1087 1204 1382 1260 existimem
1416 1205 1625 1259 intrusa
1664 1221 1795 1260 esse.

213 1299 367 1353 Redit
412 1300 483 1352 ad
528 1300 837 1353 institutum
880 1298 1118 1354 Clemens
1148 1299 1319 1367 capite
1353 1296 1532 1361 XIII,
1576 1306 1626 1352 et
1652 1299 1709 1352 in
1737 1314 1798 1353 eo

211 1393 383 1462 pergit
416 1393 488 1445 ad
508 1409 559 1446 c.
588 1390 787 1446 XXII.
822 1390 937 1445 Hoc
957 1407 1075 1446 vero
1100 1391 1273 1460 capite
1293 1399 1520 1461 repente,
1544 1390 1695 1444 nulla
1717 1391 1798 1459 ip-

211 1500 330 1537 sum
344 1485 557 1537 ratione
579 1485 854 1550 invitante,
876 1482 945 1537 ad
961 1492 1325 1554 argumentum
1342 1483 1491 1553 longe
1506 1481 1655 1536 aliud
1674 1498 1799 1552 pro-

210 1585 386 1643 perat,
427 1574 500 1628 ad
534 1576 975 1630 resurrectionem
1026 1590 1310 1645 corporum
1338 1584 1693 1639 mortuorum,
1733 1579 1797 1628 de

211 1686 317 1738 qua
340 1667 411 1720 ad
435 1677 593 1737 caput
611 1684 777 1735 usque
802 1666 906 1721 XX
918 1666 1064 1721 VIII
1078 1667 1313 1723 disserit.
1330 1666 1518 1737 Capite
1535 1667 1641 1721 XX
1653 1666 1796 1721 VIII

210 1760 451 1814 instituti
482 1761 568 1814 sui
588 1760 860 1814 recordari
877 1759 1080 1815 videtur
1102 1760 1331 1823 iterum;
1356 1769 1512 1830 atque
1528 1760 1684 1830 hujus
1705 1776 1797 1814 ca-

211 1853 337 1921 pitis
364 1853 583 1906 initium
609 1851 737 1907 bene
758 1852 989 1907 concinit
1012 1853 1109 1923 ﬁni
1139 1853 1334 1923 capitis
1363 1850 1525 1917 XXI,
1550 1849 1799 1923 diﬁcilli-

214 1962 297 1999 me
320 1962 443 1999 vero
465 1961 587 1999 cum
613 1945 763 2000 exitu
783 1944 973 2015 capitis
998 1943 1105 1998 XX
1118 1944 1229 1999 VII
1256 1945 1411 2016 jungi
1430 1955 1622 2015 potest.
1650 1946 1800 2013 Qua-

214 2049 429 2107 propter
452 2052 572 2107 que
596 2036 661 2091 de
684 2036 998 2091 cadan
1024 2038 1079 2091 in
1104 2038 1267 2091 vitam
1292 2037 1464 2092 reditu
1486 2036 1801 2108 praccipiun-

216 2138 304 2183 tur
331 2145 425 2184 sea:
453 2129 748 2199 capitibus,
779 2128 1013 2198 subjecta
1050 2128 1291 2183 uidentur
1315 2146 1429 2185 esse
1464 2128 1795 2186 Clementi...

219 2221 402 2293 Neque
423 2223 616 2277 melius
639 2223 886 2277 existimo
911 2221 976 2275 de
998 2221 1261 2292 capitibus
1284 2220 1382 2275 XL
1399 2222 1579 2276 —-XL
1595 2223 1635 2277 V
1663 2234 1711 2278 et
1735 2223 1799 2279 de

214 2316 388 2381 capite
419 2313 520 2368 LV
564 2313 754 2385 quibus
799 2330 862 2368 ea
897 2313 1062 2381 legas,
1094 2330 1213 2384 qua:
1258 2314 1394 2369 nulli
1421 2324 1705 2384 potuerunt
1743 2318 1800 2371 in

218 2416 442 2460 mentem
486 2407 663 2461 venire
698 2406 804 2460 nisi
845 2405 1064 2473 homini,
1108 2407 1187 2461 rei
1214 2422 1374 2477 quam
1420 2408 1554 2477 agit,
1580 2422 1799 2476 prorsus

210 2500 535 2554 immemori.
642 2514 645 2517 λ

286 2589 445 2657 Quod
465 2590 734 2646 Bernardi
749 2599 804 2647 et
822 2592 1015 2649 Clerici
1033 2592 1226 2648 attinet
1244 2593 1799 2665 argumentationem,

207 2684 357 2739 bene
380 2682 672 2739 Wottonus
717 2684 832 2756 (33)
866 2686 938 2740 ita
977 2686 1203 2742 disserit
1236 2702 1252 2739 :
1285 2685 1441 2741 Irriti
1473 2696 1648 2743 tamen
1678 2697 1803 2743 sunt

208 2777 375 2847 thujus
414 2788 663 2834 conatus.
725 2778 828 2846 Qui
882 2780 1019 2833 enim
1069 2779 1164 2834 hoc
1229 2780 1385 2835 modo
1421 2797 1488 2835 ea:
1537 2779 1804 2837 Clemente

222 2871 589 2927 Alexandrino
633 2872 830 2942 arguit,
859 2883 951 2926 aut
989 2889 1107 2927 eum
1157 2890 1261 2928 non
1313 2873 1474 2944 probe
1516 2876 1678 2940 novit,
1708 2884 1804 2930 aut

220 2966 363 3018 mala
385 2964 494 3034 ﬁde
521 2966 652 3035 agit.
680 2964 879 3020 Eadem
901 2966 1038 3020 enim
1066 2967 1270 3021 ratione
1299 2976 1478 3021 actum
1500 2968 1600 3022 erit
1624 2968 1687 3023 de
1705 2984 1805 3022 att-

212 3058 418 3111 'thentia
450 3068 499 3112 et
516 3058 622 3127 ﬁde
638 3075 821 3113 eorum
839 3060 1091 3122 omnium,
1110 3059 1201 3131 qui
1227 3077 1260 3115 a
1286 3057 1552 3115 Clemente
1572 3059 1807 3115 Alexan-

210 3150 373 3203 drino
412 3168 640 3221 usquam
671 3153 924 3217 citantur,
958 3155 1293 3222 scriptorum.
1327 3152 1497 3209 Nemo
1524 3155 1664 3210 enim
1694 3154 1806 3211 Pa-
1829 3171 1874 3231 ο

213 3252 362 3296 trum
379 3244 588 3313 majore
622 3244 833 3298 licentia
858 3261 986 3299 usus
1015 3255 1091 3299 est
1115 3247 1169 3299 in
1199 3246 1430 3301 citandis
1471 3248 1799 3314 auctoribus,

212 3336 328 3388 sive
356 3339 555 3401 sacris,
586 3337 694 3390 sive
726 3336 977 3400 ethnicis;
1002 3354 1119 3391 cum
1150 3339 1197 3391 ei
1219 3339 1272 3393 in
1303 3354 1447 3394 more
1476 3341 1567 3403 sit,
1592 3357 1695 3395 non
1720 3341 1805 3395 in-

225 3438 369 3498 tegra
399 3439 688 3483 auctorum
719 3430 869 3483 verba
894 3446 1098 3499 semper
1130 3430 1378 3495 recitare,
1415 3430 1506 3486 sed
1536 3448 1631 3502 pro
1659 3433 1805 3486 arbi-

212 3524 327 3575 trio
364 3540 464 3577 suo
490 3540 634 3577 nunc
664 3524 988 3588 contrahere,
1015 3541 1152 3579 nunc
1180 3524 1245 3581 de
1272 3543 1369 3580 suo
1408 3527 1656 3593 inserere,
1692 3527 1804 3583 alia

213 3616 485 3680 omittere,
510 3616 626 3669 alia
655 3617 818 3669 uariis
841 3616 1011 3672 modis
1041 3627 1267 3674 mutare.

291 3728 601 3785 Moshemio
633 3728 870 3801 denique
901 3731 976 3786 ita
1009 3732 1445 3802 respondeamus
1475 3752 1489 3790 :

212 3844 303 3911 (α)
336 3844 508 3914 Capp.
544 3843 617 3898 XI
652 3853 708 3901 et
746 3844 841 3899 Xll
879 3845 1127 3917 epistolae
1162 3854 1371 3904 nostra:
1413 3863 1538 3904 cum
1577 3859 1801 3906 antece-

365 3936 629 3993 dentibus
662 3938 801 3993 bene
835 3939 1134 4003 cobaarent,
1166 3941 1370 4012 quippe
1401 3958 1524 4013 qua:
1553 3943 1802 3999 eamdem

356 4046 493 4084 cum
520 4031 610 4085 his
640 4032 925 4086 materiam
965 4039 1223 4097 tractent,
1260 4034 1472 4090 invidia:
1498 4035 1807 4091 Corinthio.

367 4139 489 4176 rum
507 4124 761 4193 exempla
788 4122 1190 4193 hospitalitatis,
1220 4126 1441 4196 pietatis
1466 4134 1521 4182 et
1550 4126 1678 4184 fidei
1705 4142 1806 4199 op-

368 4223 612 4285 ponant,
646 4215 920 4287 simulque
962 4232 1154 4287 ptenas
1194 4216 1535 4275 dissensionis
1580 4218 1666 4292 (c.
1700 4217 1805 4292 XI)

367 4307 688 4364 ostendant.

3369 353 3469 412 191

2034 461 2335 518 Clementis
2353 468 2705 537 respondent,
2725 466 3001 538 simulque
3022 466 3331 524 arctissime
3345 483 3473 527 cum

2038 554 2309 625 capitibus
2334 557 2403 610 57
2433 565 2488 612 et
2509 558 2579 613 38
2603 560 2903 617 cohaerent.

1898 640 1968 713 (δ)
2026 645 2204 716 Caput
2226 645 2461 717 denique
2483 648 2570 702 LV
2606 651 2679 705 nil
2706 653 2813 706 nisi
2853 652 3103 722 exempla
3143 652 3266 722 ejus
3294 652 3477 710 chari-

2036 736 2167 791 tatis
2201 738 2432 808 profert,
2464 740 2532 796 de
2560 758 2668 813 qua
2704 743 2884 814 capite
2915 744 3263 801 antecedenti
3306 747 3477 801 verba

2041 826 2259 883 fiebant.

1899 915 1970 989 (ε)
2043 916 2214 972 Porro
2242 924 2502 977 nonnulla
2535 926 2735 996 capita,
2770 925 3073 983 Moshemio
3101 928 3472 999 displicentia,

2034 1009 2146 1079 jam
2178 1026 2209 1065 a
2246 1010 2537 1073 Veteribus
2561 1018 2855 1073 laudantur
2878 1028 2933 1074 et
2963 1021 3225 1085 citantur,
3249 1037 3301 1077 e.
3340 1039 3393 1093 g.
3419 1039 3474 1082 c.

2040 1102 2151 1157 LIV
2184 1106 2253 1161 ab
2282 1105 2520 1179 Origene
2549 1111 2603 1165 in
2630 1109 2831 1168 Ioann.
2858 1128 2898 1177 ι,
2929 1112 3001 1169 29
3022 1132 3038 1182 ;
3063 1131 3115 1171 c.
3146 1113 3292 1170 XXV
3315 1133 3346 1170 a
3366 1115 3478 1187 Cy-

2038 1196 2164 1249 rillo
2192 1195 2407 1255 Hieros.
2442 1200 2665 1257 Catech.
2696 1203 2785 1267 18,
2813 1204 2867 1259 8.

1898 1282 1974 1357 (ζ)
2049 1286 2243 1344 Omnia
2275 1292 2455 1362 capita
2500 1294 2552 1348 in
2594 1294 2820 1351 dubium
2847 1308 3040 1353 vocata
3069 1299 3126 1353 in
3155 1299 3477 1370 antiquissi-

2040 1396 2130 1435 mo
2158 1380 2251 1435 illo
2284 1384 2473 1438 codice
2501 1385 2870 1442 Alexandrino
2894 1390 3260 1459 reperiuntur.

1900 1471 1981 1545 (η)
2054 1472 2233 1540 Quum
2272 1477 2501 1545 epistola
2546 1479 2842 1536 Clementis
2885 1482 3101 1550 publice
3130 1483 3184 1537 in
3211 1483 3476 1543 Ecclesiis

2041 1569 2444 1638 pmiegeretur,
2491 1571 2583 1625 vix
2632 1571 2749 1627 ﬁeri
2795 1582 3031 1644 poterat,
3061 1583 3119 1630 ut
3148 1577 3216 1631 ab
3256 1577 3478 1633 homine

2044 1660 2292 1731 improbo
2318 1662 2639 1718 ftedaretur.

1904 1748 1981 1822 (θ)
2056 1750 2195 1823 Styli
2227 1766 2291 1807 ac
2314 1754 2588 1809 orationis
2610 1755 2905 1812 diversitas
2928 1758 3125 1813 nullibi
3157 1758 3213 1814 in
3242 1760 3477 1831 epistola

2039 1852 2228 1899 nostra
2252 1855 2334 1901 est
2360 1848 2702 1918 reperienda.

1970 1933 2056 1991 Vl.
2090 1935 2476 1994 Recentiorum
2510 1951 2818 2012 temporum
2843 1944 2947 2000 viri
2982 1944 3131 2001 docti
3172 1953 3228 2001 et
3254 1946 3481 2001 authen-

1902 2030 2031 2084 tiam
2058 2038 2114 2086 et
2140 2031 2493 2101 integritatem
2532 2035 2722 2105 primae
2767 2036 3066 2093 Clementis
3113 2039 3356 2110 epistolae
3408 2041 3478 2095 ad

1902 2138 2071 2177 unum
2101 2138 2293 2180 omnes
2323 2135 2648 2198 agnoscunt,
2676 2136 2731 2184 et
2755 2131 2909 2184 nulla
2941 2131 3055 2201 jam
3086 2132 3303 2202 gravior
3318 2132 3482 2186 dubi-

1901 2216 2037 2270 tatio
2052 2216 2156 2272 hac
2177 2218 2244 2273 de
2277 2235 2335 2274 re
2366 2230 2634 2276 movetur.
2665 2221 2840 2288 Quem
2867 2223 3197 2278 enimlateat
3223 2223 3482 2292 primaeva

1902 2308 2247 2378 simplicitas,
2270 2326 2378 2382 qua
2417 2318 2667 2378 ornatur,
2697 2315 3014 2386 evangelica
3055 2315 3345 2385 sapientia,
3372 2329 3483 2385 qua

1901 2401 2139 2465 excellit,
2164 2403 2465 2473 apostolica
2488 2406 2823 2475 praedicatio,
2853 2422 3016 2480 quam
3041 2417 3201 2462 sonat
3216 2407 3332 2462 haec
3357 2406 3481 2473 Cle-

1900 2494 2102 2549 mentis
2141 2496 2403 2565 epistola?
2434 2496 2626 2554 Nonne
2652 2500 2771 2554 viro
2805 2500 3108 2570 apostolico
3148 2515 3213 2555 ea
3248 2515 3308 2556 se
3342 2513 3483 2569 prte-

1902 2583 1994 2640 het
2019 2585 2436 2657 dignissimam?
2456 2588 2653 2645 Omnia
2684 2606 2819 2647 sane
2848 2590 2899 2647 ei
2934 2593 3234 2649 authentia:
3274 2591 3480 2649 indicia

1904 2677 2129 2734 adsunt.
2162 2678 2306 2735 Audi
2332 2679 2657 2737 Wottonum
2693 2680 2806 2756 (3i)
2838 2700 2856 2740 ε
2898 2683 2961 2738 In
2992 2686 3112 2751 illa,
3146 2685 3345 2757 inquit,
3375 2701 3482 2739 non

1902 2769 2132 2824 violatur
2159 2773 2404 2843 temporis
2435 2775 2598 2839 ratio,
2627 2775 2762 2829 nihil
2790 2786 2979 2832 contra
3008 2777 3337 2851 (antiquam)
3376 2777 3479 2832 Ec-

1904 2859 2080 2916 clesiae
2124 2862 2464 2935 disciplinam
2500 2866 2834 2933 instituitur;
2879 2868 3014 2923 nihil
3052 2879 3239 2924 contra
3283 2870 3485 2925 doctri-

1906 2969 2030 3006 nam
2064 2952 2425 3011 Christianam
2464 2959 2805 3028 prwcipitur;
2834 2960 3003 3031 stylus
3034 2977 3098 3016 ac
3133 2960 3341 3017 dicendi
3373 2979 3484 3017 me-

1906 3045 2094 3102 thodus
2133 3049 2372 3116 proxime
2418 3052 2672 3105 accedunt
2709 3051 2778 3105 ad
2811 3050 3020 3106 Nouum
3068 3052 3481 3121 Testamentum,

1906 3154 2069 3210 neque
2098 3140 2321 3211 aliquid,
2361 3141 2500 3211 quod
2528 3160 2632 3196 non
2662 3153 2739 3197 est
2770 3145 3000 3199 maxime
3029 3145 3140 3199 uiro
3188 3147 3483 3215 apostolico

1908 3233 2144 3303 dignum,
2177 3233 2231 3287 in
2261 3250 2324 3288 ea
2356 3237 2633 3304 reperitur.
2658 3234 2724 3289 Et
2749 3236 2857 3291 alio
2882 3236 3003 3292 loco
3021 3237 3166 3307 ('55):
3199 3237 3310 3292 Illa
3337 3240 3412 3293 vis
3432 3247 3484 3293 et

1904 3327 2155 3399 ἐνέργεια
2183 3326 2362 3381 divina
2388 3327 2577 3398 ubique
2606 3328 2661 3381 in
2680 3344 2739 3381 eo
2764 3327 3085 3400 (Clemente)
3108 3330 3350 3402 refulget,
3367 3348 3485 3402 qua:

1905 3436 2001 3473 suo
2029 3419 2235 3490 fulgore
2263 3419 2499 3489 percellit
2527 3421 2768 3474 animum
2796 3421 3044 3491 legentis;
3067 3422 3216 3490 adeo,
3247 3433 3306 3477 ut
3336 3439 3484 3493 ptrue

1905 3512 2101 3574 dicam,
2135 3510 2397 3579 Spiritum
2430 3511 2551 3577 Dei,
2580 3529 2684 3565 non
2718 3512 2979 3567 hominem
3020 3514 3074 3569 in
3093 3531 3153 3569 eo
3192 3515 3484 3587 loquentem

1905 3604 2128 3659 sentias.

1976 3696 2131 3768 Hugo
2156 3696 2380 3753 Grotius
2397 3696 2509 3769 (36)
2534 3712 2641 3752 non
2667 3698 2937 3754 simulatae
2964 3699 3255 3755 vetustatis
3279 3698 3483 3753 iudicia

1907 3791 1964 3847 in
2002 3791 2234 3864 cpistola
2268 3799 2459 3847 nostra
2509 3791 2740 3861 reperiri
2783 3792 3064 3847 contendit
3096 3809 3110 3844 :
3146 3792 3223 3846 De
3270 3788 3486 3848 Christo

1906 3899 2106 3952 semper
2135 3884 2386 3954 loquitur,
2414 3900 2518 3937 non
2545 3892 2603 3936 ut
2634 3884 2948 3952 posteriores
2975 3882 3485 3955 πλατωνικὼτερον,

1905 3978 1996 4030 sed
2030 3974 2337 4045 simpliciter
2379 3975 2566 4044 plane,
2596 3982 2646 4029 et
2676 3984 2733 4028 ut
2775 3973 2983 4029 Paulus
3012 3975 3299 4045 Apostolus
3328 3976 3484 4033 solet.

1905 4068 2030 4122 Alia
2056 4084 2256 4140 quoque
2275 4067 2548 4139 dogmata,
2571 4078 2755 4138 postea
2776 4066 3030 4123 subtilius
3057 4069 3342 4139 explicata,
3372 4079 3487 4125 tra-

1906 4170 2015 4215 ctat
2042 4161 2420 4232 ἀφελὲστερον,
2449 4169 2501 4216 et
2531 4159 2739 4215 vocibus
2766 4160 3031 4233 κλήσεως,
3061 4159 3299 4234 ulmi»),
3332 4160 3487 4215 ἔκλεε

1904 4255 2070 4318 κτῶν,
2095 4271 2251 4309 sensu
2276 4254 2432 4323 plane
2469 4252 2696 4307 Paulino
2725 4253 2918 4310 utitur.

1976 4345 2091 4404 VII.
2118 4345 2314 4418 Magna
2337 4345 2441 4400 fuit
2466 4344 2609 4416 apud
2650 4349 2866 4401 veteres
2888 4344 3137 4415 epistolae
3159 4352 3366 4402 nostra:
3386 4360 3487 4400 au-

213 4422 307 4493 είβ)
338 4421 450 4479 Nec
478 4426 664 4494 capita
692 4421 1151 4482 XXIII—XXVIII
1176 4442 1207 4482 a
1238 4428 1472 4483 consilio
1505 4426 1799 4487 Clementis

1914 4439 2333 4510 ctoritas,quam
2364 4435 2602 4494 [remees
2620 4437 2958 4510 ἱκανωτάτην
2986 4438 3207 4511 γραφήν
3235 4437 3487 4510 (37),Eu-

371 4525 583 4570 remota
612 4524 761 4572 sunt.
787 4516 1233 4575 Resurrectionis
1254 4519 1401 4576 enim
1422 4520 1678 4579 Clemens
1710 4531 1799 4578 aut

1914 4532 2095 4589 sebius
2127 4532 2368 4605 μεγάλην
2393 4548 2455 4585 τε
2482 4532 2577 4586 καὶ
2604 4530 2914 4603 θαυμασίαν
2946 4530 3060 4603 (38)
3091 4531 3347 4601 appellat.
3375 4529 3486 4585 Pu-

370 4608 498 4663 ideo
525 4610 796 4674 meminit,
823 4612 950 4681 quia
979 4611 1295 4667 testelCor.
1326 4612 1417 4676 15,
1440 4614 1530 4679 η,
1552 4615 1804 4671 nonnulli

366 4702 785 4758 Corinthion
824 4706 1284 4761 resurrectionem
1330 4718 1670 4764 mortuorum
1700 4724 1805 4765 ne-

362 4798 612 4867 gabant;
645 4805 739 4852 aut
776 4797 936 4863 ideo,
973 4806 1035 4853 ut
1062 4806 1146 4863 ea,
1186 4814 1310 4871 quae
1345 4798 1542 4857 Noster
1569 4818 1621 4859 c.
1647 4800 1713 4858 21
1751 4810 1806 4860 et

367 4890 445 4946 22
469 4893 541 4948 de
583 4893 763 4963 plenis
796 4892 1169 4963 improborum
1210 4893 1459 4960 dixerat,
1501 4894 1806 4966 probaren-

367 4991 485 5040 ιιιιι.

225 5077 311 5149 (τ)
336 5077 531 5148 Capita
551 5076 858 5134 XL—XLV
881 5087 1067 5150 aperte
1084 5077 1137 5134 id
1165 5086 1352 5150 agunt,
1383 5087 1443 5133 ut
1464 5078 1803 5147 Corinthios,

372 5176 567 5224 contra
597 5170 805 5225 clerum
850 5171 1181 5227 rebellantes
1203 5212 1219 5239 ,
1253 5171 1325 5226 ad
1359 5172 1710 5227 concordiam
1752 5183 1808 5228 et

371 5262 765 5330 subjectionem
786 5272 1126 5321 revocarent.
1151 5263 1365 5335 Optime
1389 5264 1554 5337 igitur
1571 5267 1807 5324 consilio

400 5443 418 5510 )
446 5442 506 5496 In
539 5440 693 5496 Notis
722 5441 790 5495 ad
814 5440 835 5494 1
855 5443 1053 5506 Clem.,
1077 5454 1128 5501 c.
1153 5442 1208 5498 9.

328 5514 417 5580 54)
442 5511 606 5568 Praef.
636 5528 689 5580 p.
720 5528 861 5568 ccvt.

308 5584 418 5653 (35)
453 5582 508 5637 In
538 5582 783 5653 Dedicat.

308 5652 419 5721 (36)
457 5654 513 5708 In
541 5652 691 5723 Epist
704 5696 729 5725 ._
754 5653 823 5707 ad
854 5652 1199 5725 Biguonium,
1230 5652 1372 5722 apud
1427 5653 1683 5725 Cotelcr.,
1707 5653 1796 5713 ed.

253 5721 622 5797 Patriapostl,
649 5733 689 5777 t.
711 5721 754 5786 l,
789 5739 839 5787 ρ.
862 5724 983 5797 1ξ4.
1012 5723 1232 5795 (Supra,
1266 5721 1370 5781 eol.
1405 5725 1521 5796 47.)

308 5794 421 5866 (37)
446 5795 580 5850 Adv.
601 5794 759 5860 lucu,
790 5807 874 5859 ιιι,
906 5795 958 5849 5.

1906 4626 2048 4681 hlice
2072 4639 2217 4689 eam,
2252 4624 2557 4696 praesrtim
2594 4623 2789 4680 diebus
2810 4624 3132 4687 Dominicis,
3163 4624 3219 4678 in
3246 4624 3487 4678 nonnul-

1909 4719 1976 4775 lis
1997 4718 2255 4775 Ecclesiis
2284 4717 2455 4774 fuisse
2480 4716 2816 4788 praelectam,
2844 4715 3141 4787 Dionysius
3164 4715 3483 4772 Corinthius

1908 4810 2043 4881 (39),
2064 4809 2335 4867 Eusebius
2354 4808 2491 4881 (40),
2507 4806 2871 4880 Hieronymus
2898 4806 3033 4877 (41),
3057 4814 3111 4862 et
3125 4804 3355 4863 Photius
3370 4808 3484 4882 (42)

1909 4911 2201 4959 testantur.

1977 4996 2204 5051 Minoris
2232 5010 2353 5051 eam
2383 4991 2617 5051 Photius
2660 4994 2778 5065 ipse
2812 4993 3142 5061 aestimabat,
3185 4994 3331 5065 quod
3360 4996 3485 5052 Cle-

1906 5104 2061 5145 mens
2092 5088 2329 5144 muudos
2361 5097 2514 5143 trans
2573 5101 2838 5141 oceanum
2871 5086 3108 5141 existere
3150 5099 3485 5158 supponeret

1909 5181 1981 5251 (c.
2005 5180 2122 5249 ΞΟ),
2154 5178 2428 5250 phmnicis
2459 5177 2579 5233 avis
2619 5177 2869 5247 exemplo
2901 5186 3161 5248 tanquam
3190 5179 3483 5235 verissimo

1906 5280 2150 5327 uteretur
2179 5270 2254 5345 (c.
2296 5270 2413 5341 25),
2443 5268 2697 5342 quodque
2731 5267 3048 5325 Pontiﬁcem
3077 5271 3484 5344 Praesidemque

1978 5439 2092 5509 (58)
2127 5439 2202 5500 Η.
2236 5439 2302 5495 Ε.
2334 5458 2415 5503 ιιι.
2443 5441 2531 5497 16.

1982 5510 2094 5582 (59)
2127 5512 2278 5582 Apud
2307 5511 2505 5567 Euseb.
2541 5511 2613 5566 II.
2651 5511 2715 5567 Ε.
2744 5530 2817 5582 ιν,
2852 5516 2945 5573 35.

1977 5580 2087 5649 (in)
2130 5582 2198 5635 Η.
2334 5584 2525 5642 “1.16.

1978 5651 2085 5718 (il)
2115 5653 2286 5705 (latnt.
2325 5666 2507 5720 script.
2538 5653 2665 5706 eccl.
2692 5668 2745 5707 c.
2787 5654 2876 5712 15.

1981 5722 2090 5791 (42)
2130 5723 2374 5777 ΒὲιιιὶυιΙι.
2399 5724 2518 5780 cod.
2541 5739 2695 5779 CXIII.
