1892 3154
190 170 240 197 lilii

187 225 328 251 Dominum
371 229 493 253 nostrum
523 224 615 252 Iesum
650 223 786 250 Christum
820 223 956 257 appellans
970 226 993 254 Α

187 269 223 303 (c.
239 269 296 304 56).
313 269 374 297 illas
384 269 438 296 Deo
452 270 640 296 convenientes
655 275 686 295 ac
694 268 865 295 sublimiorcs
879 267 912 295 de
922 275 954 295 eo

187 322 269 341 voces
285 323 338 341 non
355 315 518 349 protulisset.

222 359 288 387 Vill.
304 359 362 386 iam
382 359 414 386 de
430 364 557 393 tempore,
573 364 627 392 quo
642 357 727 392 prima
741 357 888 384 Clementis
898 357 955 392 epi-

187 405 254 431 stola
271 405 370 438 scripta
384 404 472 434 fuerit,
489 404 665 436 disputemus.

221 449 354 483 Scriptam
366 456 423 475 cam
435 456 493 475 esse
509 448 580 474 brevi
602 450 663 482 post
676 446 888 482 persecutionem
904 446 951 473 ali-

185 502 275 528 quam,
292 497 398 520 constat
411 500 442 519 ex
456 493 513 526 ipsa
524 492 648 526 epistola,
662 499 687 518 c.
699 491 718 518 Ι.
735 491 802 519 Esse
815 492 856 518 vel
869 491 954 519 Nero-

186 539 228 566 nis
244 539 284 565 vel
296 538 437 564 Dmuitiani
453 537 664 571 persecutionem
679 543 757 563 nemo
765 536 877 563 dubitat.
887 536 953 563 Gra-

186 583 371 617 bius,Pagius,
386 582 491 614 Orsius,
505 581 672 612 Gallandius,
688 580 831 608 Wottonus
842 582 951 616 aliique,

186 627 297 656 Neronis
306 627 495 661 persecutione
511 626 661 658 desinente,
674 626 795 660 proxime
808 630 868 661 post
879 626 952 660 Apo-

185 673 313 698 stolorum
336 671 409 699 Petri
435 675 461 698 et
486 670 562 697 Pauli
579 671 754 706 martyrium,
775 671 847 698 circa
869 671 902 698 A.
918 671 951 699 68

184 717 311 750 scriptam
327 724 386 743 eam
400 723 462 743 esse
482 716 659 743 contendunt.
680 716 829 744 Cotelerius
850 721 950 748 autem,

183 761 369 789 Tillemontius
383 765 410 788 et
424 761 572 796 Lumperus
581 782 588 793 ,
601 762 740 789 Domitiani
767 762 951 796 persecutione

182 807 330 838 desinente,
353 808 424 834 circa
444 814 470 834 a.
490 807 523 833 96
540 808 581 834 vel
601 807 636 834 97
654 815 712 834 eam
727 811 863 834 exaratam
878 808 951 834 arbi—

181 856 298 879 trautur.

733 168 778 195 AD
797 167 824 194 S.
843 166 1050 194 CLEMENTI!“
1068 167 1079 194 1
1097 167 1209 195 ΡΑΡΛΜ

1788 164 1840 191 196

1074 223 1226 251 Lardnerus
1239 227 1265 250 et
1281 223 1326 251 alii
1341 223 1506 257 exemplum
1516 220 1653 255 Iosephi
1664 218 1763 246 Flavii
1776 226 1839 253 pro-

1072 268 1202 298 terebant.
1220 268 1265 302 qui
1286 276 1313 295 a.
1328 267 1364 294 95
1379 275 1407 301 p.
1422 267 1476 293 Ch.
1493 275 1524 294 ιι.
1540 265 1583 292 de
1601 262 1774 291 sacriﬁciis
1787 271 1840 291 non

1073 313 1149 339 aliter
1170 313 1328 346 disputavit,
1347 320 1382 339 ac
1403 312 1429 339 si
1455 311 1609 345 templum
1631 308 1740 335 adhuc
1753 309 1841 336 exsti-

1072 358 1148 385 tisset
1170 357 1235 391 (ιδ).

1038 401 1089 428 Sed
1102 410 1144 429 res
1159 406 1283 436 utraque,
1298 401 1413 437 Josephi
1429 406 1458 429 et
1470 399 1663 430 Clementis,
1680 399 1771 433 longe
1787 399 1842 428 die

1002 446 1098 475 similis
1122 452 1174 475 est.
1189 447 1333 482 Josephus,
1353 454 1453 475 sacros
1470 446 1579 481 populi
1602 445 1657 472 sui
1691 444 1770 471 ritus
1792 444 1840 471 de-

1003 492 1135 524 scribens,
1157 500 1204 527 per
1222 493 1346 527 ﬁguram,
1374 492 1525 519 historicis
1549 498 1620 518 non
1654 489 1840 521 inusitatam,

1002 537 1137 571 praesenti,
1152 536 1223 571 quod
1238 536 1367 568 dicimus,
1389 536 1534 563 historico
1559 534 1679 560 utitur.
1706 532 1842 559 Clemens

1001 585 1101 612 autem.
1113 586 1143 608 ut
1159 581 1317 608 Corinthios
1331 581 1365 608 ad
1381 580 1518 607 ordinem
1535 577 1739 606 servandum
1758 577 1842 604 addu-

1001 630 1083 658 ceret,
1096 627 1241 654 lectoribus
1251 627 1376 654 ordinem
1386 625 1504 653 Judaici
1522 624 1636 652 cultus
1654 627 1730 650 ante
1743 623 1840 651 oculos

1000 671 1086 706 ponit.
1102 671 1178 704 Quod
1196 672 1218 698 si
1234 676 1324 698 autem
1342 672 1480 706 templum
1501 670 1568 705 jam
1595 669 1715 696 fuisset
1728 668 1841 696 destru-

1000 718 1151 746 ctum,tota
1167 714 1195 742 S.
1217 715 1306 743 Patris
1329 714 1545 750 argumentatio
1569 713 1691 741 fuisset
1716 712 1840 744 inﬁrma.

1000 758 1111 793 ipsaque
1134 759 1304 787 adversarios
1327 759 1489 790 invitasset,
1525 762 1560 785 ut
1589 757 1741 784 dicerent
1763 766 1772 784 :
1796 765 1840 789 en,

1000 803 1139 830 eversione
1159 804 1250 838 templi
1268 803 1526 838 Hierosolymitani
1548 802 1641 830 Deus
1666 802 1735 837 ipse
1757 806 1842 829 testa-

1002 852 1045 876 tus
1058 853 1110 880 est,
1135 850 1215 877 talem
1229 850 1353 877 ordinem
1379 850 1435 877 sibi
1458 857 1522 876 non
1548 856 1627 877 esse
1655 853 1840 883 exoptatum.

216 898 283 924 Tota
304 899 359 925 haec
381 898 493 932 quaestio
521 897 648 925 facillime
667 902 757 932 posset
779 898 901 930 dissolvi,
927 899 950 925 si
968 889 987 915 Β
1034 894 1073 921 Ex
1087 895 1130 922 his
1145 894 1307 929 colligimus,
1329 895 1484 929 epistolam
1510 897 1663 922 nostram
1688 894 1842 921 desinente

181 945 286 976 tempus
316 943 475 970 Clementini
508 943 679 977 episcopatus
704 943 782 977 plane
805 946 948 970 constaret.

180 986 219 1013 Ex
232 995 314 1022 supra
331 988 410 1015 dictis
424 992 513 1015 autem
529 988 719 1019 intelleximus,
738 988 949 1015 ecclesiasticum

179 1030 326 1058 Clementis
341 1032 460 1066 regimen
477 1035 523 1058 aut
534 1032 614 1059 annis
634 1032 749 1064 68—77,
768 1036 813 1059 aut
829 1032 947 1059 92-101

178 1084 240 1104 esse
254 1077 434 1104 tribuendum.

214 1121 301 1153 Quum
317 1128 381 1148 vero
399 1128 442 1148 res
465 1121 502 1148 ita
522 1129 551 1148 se
572 1122 680 1154 habeat,
701 1122 841 1157 epistolam
864 1123 949 1158 ipsam

179 1166 366 1200 iuSpiciamus,
383 1166 511 1200 temporis
524 1167 622 1193 indicia
635 1167 831 1201 investigaturi.

178 1212 215 1246 (a)
234 1211 493 1246 Clemenscmartyrii
510 1211 702 1246 Apostolorum
722 1212 796 1239 Petri
817 1216 843 1240 et
872 1213 949 1241 Pauli

247 1256 335 1290 capite
344 1256 360 1282 5
370 1257 533 1283 mentionem
547 1256 649 1283 faciens
668 1256 705 1283 ait
719 1263 740 1285 ε,
754 1257 890 1292 Ἔλθωμεν
904 1259 949 1285 ἐπὶ

244 1300 313 1332 τοὺς
326 1301 446 1334 ἔγγιστα
466 1301 622 1336 γενομένους
643 1301 767 1336 ἀθλητάς.
783 1301 846 1329 Inde
865 1310 948 1337 appa-

244 1349 295 1376 ret,
311 1345 451 1379 epistolam
462 1349 580 1372 nostram
591 1353 645 1372 non
659 1347 743 1373 multo
752 1350 812 1380 post
823 1354 948 1381 persecu-

246 1389 345 1416 tionem
358 1389 471 1416 Neronis
486 1394 622 1417 exaratam
636 1397 705 1417 esse.

177 1432 216 1467 (b)
234 1432 327 1467 Capite
345 1433 361 1459 6
383 1435 532 1468 persecutio
555 1441 641 1468 nuper
666 1435 836 1470 praeterlapsa
853 1435 888 1470 (c.
909 1436 946 1472 l),

246 1478 312 1504 adeo
331 1482 452 1510 cruenta,
480 1482 506 1505 et
533 1479 677 1506 multitudo
704 1484 851 1515 martyrum
872 1485 947 1509 tanta

244 1524 421 1555 describitur.
444 1528 473 1551 ut
493 1524 617 1556 Neronis,
642 1533 695 1553 non
714 1526 858 1553 Domitiani
878 1530 946 1552 tem-

245 1576 309 1602 pora
328 1569 490 1597 indicentur.
509 1569 641 1605 lugentem
658 1570 729 1598 enim
753 1571 944 1598 multitudinem

245 1614 296 1640 sub
315 1613 420 1642 Nerone
439 1615 585 1642 cruciatam
602 1616 695 1649 fuisse,
713 1615 823 1643 Tacitus
841 1616 944 1646 (eadem

243 1665 309 1684 sane
323 1658 424 1692 phrasi,
436 1667 488 1694 qua
502 1660 585 1686 utitur
604 1660 633 1687 S.
648 1660 737 1693 Pater,
753 1661 819 1687 πολὺ
835 1660 943 1695 πλῆθος)

242 1702 321 1729 nobis
341 1702 424 1730 refert
436 1704 506 1739 (t5);
520 1704 553 1731 de
569 1704 722 1732 Domitiano
734 1709 822 1732 autem
837 1704 943 1732 Tertul-

243 1749 332 1777 lianus
344 1750 379 1776 ita
397 1749 517 1783 loquitur
534 1758 540 1776 :
558 1749 710 1776 Tentaverat
727 1754 751 1775 et
766 1749 942 1781 Domitianus,

242 1795 326 1824 portio
345 1793 456 1820 Neronis
469 1793 499 1820 de
517 1794 679 1826 crudelitate,
695 1794 739 1821 sed
758 1802 809 1829 qua
821 1799 845 1820 et
856 1795 942 1827 homo,

241 1839 318 1873 facile
336 1844 443 1871 coeptum
465 1839 596 1872 repressit,
618 1839 745 1866 restitutis
771 1840 850 1866 etiam
879 1848 942 1874 quos

241 1885 396 1920 relegaverat
409 1884 464 1919 (44)

173 1929 210 1964 (c)
235 1930 318 1965 Capp.
341 1930 357 1957 5
374 1934 401 1957 et
418 1930 445 1962 6,
467 1930 558 1957 nullus
575 1933 613 1956 tot
628 1930 770 1958 illustrium
783 1934 942 1965 martyrum,

241 1976 286 2009 qui
302 1976 352 2002 sub
364 1975 513 2002 Domitiano
524 1975 596 2010 passi
609 1979 681 2007 sunt.
699 1976 851 2002 nominatur
866 1985 873 2003 :
888 1983 942 2002 non

241 2019 347 2047 Flavius
370 2019 504 2051 Clemens,
529 2027 583 2046 non
619 2020 720 2047 Acilius
744 2019 863 2052 Glabrio,
887 2027 941 2047 non

241 2064 329 2091 Flavia
341 2065 482 2096 Domitilla,
494 2073 547 2092 non
554 2064 670 2093 Joannes
681 2065 862 2100 Evangelista;
874 2073 939 2100 quo-

243 2116 299 2134 rum
319 2108 444 2142 aliquem,
466 2113 496 2134 ut
515 2108 665 2136 Cardinalis
680 2108 741 2136 Orsi
768 2108 824 2144 (45)
840 2113 938 2141 monet,

241 2154 335 2181 saltem
352 2157 526 2180 memorasset
541 2152 569 2180 S.
591 2153 679 2185 Pater,
695 2154 718 2181 si
731 2159 791 2189 post
811 2154 940 2181 Domitia-

239 2204 315 2223 neam
330 2197 541 2231 persecutionem
558 2197 719 2232 scripsisset.

172 2240 211 2276 (d)
230 2241 298 2267 Ante
313 2240 455 2268 Domitiani
470 2245 600 2276 tempora,
617 2246 644 2268 et
657 2243 736 2277 paulo
752 2247 813 2277 post
827 2241 939 2270 Nemnis

240 2288 449 2321 persecutionem
460 2287 599 2322 epistolam
608 2292 725 2315 nostram
733 2287 860 2322 scriptam
868 2295 936 2320 esse,

999 939 1113 967 Neronis
1124 940 1312 974 pertecutione
1326 944 1354 967 et
1366 943 1432 967 ante
1441 939 1606 967 excidium
1622 938 1841 974 Hierosolymze

1000 985 1043 1020 (Α.
1055 985 1150 1020 68-70)
1164 993 1225 1012 esse
1236 986 1380 1020 scriptam,
1395 985 1425 1013 S.
1442 986 1647 1014 Clementem
1673 990 1778 1013 autem
1796 986 1843 1012 illl-

999 1030 1114 1057 mediate
1129 1030 1156 1057 ὃ.
1172 1030 1253 1058 Petro
1265 1031 1451 1063 successisse,

1033 1074 1097 1108 Quae
1108 1083 1122 1102 a
1135 1075 1269 1103 Cotelerio
1282 1077 1399 1111 aliisque
1415 1077 1631 1111 objiciuntur,
1646 1077 1767 1104 nullius
1778 1082 1841 1105 sunt

998 1120 1135 1154 ponderis.
1152 1121 1214 1148 Inde
1224 1121 1308 1153 enim,
1320 1122 1394 1158 quod
1409 1122 1570 1156 Clemens,
1594 1130 1627 1151 c.
1654 1123 1708 1155 47,
1724 1122 1840 1154 referat.

998 1166 1110 1199 primam
1134 1165 1336 1194 Corinthiorum
1356 1167 1584 1195 dissensionem
1619 1169 1655 1195 ὲν
1689 1169 1771 1204 ἀρχῇ
1794 1169 1842 1195 τοῦ

1001 1210 1161 1244 Εὺαγγελίου
1173 1211 1317 1239 excitatam
1338 1219 1418 1245 esse,
1444 1214 1599 1241 concludi
1632 1222 1701 1242 non
1730 1219 1840 1250 potest,

998 1252 1103 1287 longius
1125 1255 1253 1288 temporis
1269 1255 1387 1290 spatium
1405 1255 1442 1283 ab
1455 1257 1507 1284 illa
1519 1259 1636 1292 prima
1650 1259 1842 1287 dissensione

997 1305 1058 1325 esse
1082 1299 1296 1334 praeterlapsum.
1327 1300 1457 1336 Namque
1490 1302 1525 1331 S.
1560 1311 1700 1339 quoque
1725 1304 1835 1339 Paulus

997 1349 1090 1369 novem
1102 1343 1212 1370 circiter
1226 1344 1306 1372 annis
1317 1350 1379 1378 post
1395 1345 1558 1374 fundatam
1576 1347 1760 1376 Ecclesiam
1776 1349 1840 1376 Phi-

997 1387 1156 1422 lippensem,
1176 1389 1203 1415 in
1221 1388 1342 1424 Epistola
1360 1391 1395 1417 ad
1410 1391 1641 1427 Philippenses
1670 1394 1725 1428 IV,
1746 1396 1793 1430 15,
1806 1396 1840 1424 de

996 1432 1065 1468 ἀρχῇ
1081 1434 1294 1468 τοῦΕὐαγγελιου
1310 1435 1447 1470 loquitur,
1467 1439 1606 1467 minime
1619 1440 1773 1475 innuens,
1790 1442 1839 1469 Ec-

996 1476 1104 1504 clesiam
1121 1476 1321 1512 Philippensem
1339 1484 1405 1507 ante
1425 1482 1545 1510 multos
1567 1484 1640 1518 jam
1659 1493 1761 1514 annos
1777 1494 1839 1514 esse

996 1521 1143 1550 fundatam.

1029 1566 1083 1593 Nec
1097 1567 1123 1593 id
1138 1574 1187 1595 nos
1198 1572 1297 1599 movet.
1310 1568 1383 1604 quod
1396 1568 1428 1598 S.
1448 1570 1605 1601 Clemens
1617 1582 1649 1602 c.
1667 1576 1722 1608 42,
1741 1576 1839 1604 Eccle-

995 1613 1062 1659 siam
1075 1612 1282 1659 Corinthiorum
1295 1614 1413 1649 ἀρχαίαν
1446 1619 1675 1652 appellaverit.
1718 1624 1840 1659 Ἀρχαίι

994 1658 1205 1690 enimEcclesia,
1229 1663 1260 1685 ut
1287 1659 1357 1687 bene
1378 1661 1605 1692 animadvertit.
1642 1658 1837 1700 Dodwellus.

993 1702 1094 1737 optimo
1109 1703 1170 1737 jure
1190 1711 1221 1730 ea
1239 1708 1414 1739 nuncupatur
1429 1714 1497 1741 qua:
1515 1709 1552 1735 ὲν
1569 1711 1662 1747 ἀρχῇ
1685 1713 1740 1739 τοῦ
1748 1714 1839 1748 Εὐαγ-

993 1747 1091 1794 γελίου,
1107 1749 1133 1774 id
1151 1752 1193 1794 est
1212 1749 1307 1794 primis
1328 1750 1476 1785 praedicati
1499 1752 1679 1792 Evangelii
1700 1747 1840 1794 tempori-

993 1793 1053 1823 bus.
1069 1797 1110 1820 est
1124 1793 1232 1820 fundata
1247 1793 1314 1829 (47).

1026 1837 1072 1864 1X.
1083 1878 1089 1884 .
1101 1837 1286 1885 De_do_ctrina
1298 1838 1343 1885 __S.
1362 1840 1526 1885 Clementis
1565 1845 1755 1883 Lumperus
1764 1850 1837 1885 (48).

991 1878 1133 1932 lteynsius,
1141 1879 1237 1910 Junius
1256 1891 1288 1911 ac
1298 1881 1442 1913 VanGilse
1454 1887 1518 1924 (49)
1531 1894 1565 1917 et
1577 1878 1838 1932 MoelnleruslSill

992 1927 1173 1961 disputarunt.

1025 1972 1059 1999 X.
1079 1972 1204 2000 Secunda:
1229 1973 1369 2002 Clementis
1390 1978 1520 2010 epistola
1549 1989 1569 2008 a
1603 1986 1738 2014 nemine
1766 1989 1841 2016 anti—

990 2018 1180 2054 quissimorum
1204 2019 1313 2046 Patrum
1333 2020 1362 2047 tit
1391 2025 1514 2052 mentio.
1538 2026 1631 2056 Nam
1660 2031 1743 2060 duas
1772 2034 1839 2062 ωε-

990 2063 1087 2090 mentis
1099 2063 1225 2097 epistolas
1240 2063 1296 2097 jam
1309 2065 1426 2092 secundo
1444 2073 1513 2102 post
1536 2070 1719 2104 Christum
1738 2080 1841 2106 seculo

990 2107 1113 2160 lidelibus
1123 2111 1201 2134 notas
1217 2107 1310 2158 fuisse.
1325 2110 1405 2159 pullo
1417 2113 1506 2141 modo
1520 2123 1540 2143 e
1554 2120 1677 2149 verbis
1692 2122 1839 2160 Dionysii.

990 2151 1190 2202 Corinthiorum
1214 2152 1344 2203 episcopi,
1366 2156 1472 2190 conjici
1498 2165 1619 2193 potest
1643 2167 1727 2203 (51),
1742 2151 1839 2203 QQ“;

954 2202 977 2229 ι)
988 2196 1059 2249 ipim
1070 2196 1306 2249 eg‘rcgiam‘il'lam,
1321 2198 1355 2225 de
1376 2208 1431 2249 qua
1453 2209 1550 2238 supra
1581 2196 1839 2249 disputavimus;

987 2241 1132 2269 Clementis
1148 2242 1289 2291 epistolam
1303 2245 1445 2291 προτέραν
1470 2241 1711 2291 appellave'rh'

987 2291 1109 2321 respectu
1123 2287 1247 2314 secundae
1264 2289 1409 2323 cujusdam
1430 2292 1654 2330 Clementing
1683 2287 1839 2341 e'pi's’léi;

987 2332 1031 2342 --.1
1061 2332 1174 2342 -_:-A-Ia_
1201 2332 1287 2342 0A.,"I
1336 2334 1354 2342 Π
1446 2339 1452 2342 .
1830 2331 1839 2342 Ι

239 2331 334 2358 suadet
345 2331 434 2358 cultus
443 2330 547 2358 Iudaici
560 2332 669 2362 mentio.
685 2332 712 2358 in
729 2331 828 2365 templo
843 2330 937 2357 Hiero-
985 2332 1032 2359 sed
1058 2332 1177 2365 epistola:
1201 2332 1314 2366 Soteris,
1335 2334 1453 2365 Romani
1482 2346 1661 2378 pontiﬁcis
1687 2330 1839 2362 'rw'vfw'

239 2374 473 2389 “inminuat...”
490 2375 576 2389 mu“...
597 2379 684 2389 ...παλ
707 2375 820 2389 ..ιηιηιοισ
852 2374 924 2389 βυ...
985 2376 1053 2389 ...μαι
1077 2376 1229 2389 [εμπ-ιιι--
1254 2379 1355 2389 ..η-μμ
1439 2384 1444 2389 .
1673 2370 1684 2383 ⁸
1724 2361 1842 2389 parile?

239 2374 397 2430 ῗῖιμῖιίεεῖηο
407 2378 474 2430 ltunc
489 2375 685 2430 adhuc‘stante
707 2374 934 2430 vigpufit‘Ct-Ipp.
984 2376 1055 2430 apud
1077 2376 1231 2430 Corinthios
1253 2379 1360 2412 publice
1379 2384 1539 2420 pmlectte,
1574 2374 1717 2426 dixisse

238 2419 273 2445 40
291 2423 317 2446 et
333 2419 379 2447 Li.
401 2419 442 2446 Ad
462 2419 643 2447 enervandum
669 2420 722 2447 hoc
748 2424 934 2453 argumentum
985 2420 1080 2447 festum
1094 2425 1144 2448 est.

203 2501 257 2533 (45)
271 2501 366 2528 Annal.
380 2510 423 2534 xv,
439 2510 463 2529 c.
480 2502 570 2529 41-44.

204 2535 257 2567 (Μ)
274 2536 392 2570 ᾼροΙος..
408 2546 432 2562 r.
447 2537 473 2563 5.

205 2570 259 2600 (.55)
275 2568 435 2601 Istorfecrlq
451 2570 500 2600 t.l,
516 2578 541 2604 p.
556 2569 616 2596 ΜΞ.
633 2569 707 2603 Apud
716 2568 837 2596 Galland.
849 2568 930 2602 Bibl.,

169 2607 189 2629 ι.
208 2604 226 2631 l.
244 2604 356 2636 l’rolcg..
373 2612 397 2637 p.
422 2612 458 2630 Ix.

205 2638 259 2672 (tu)
275 2639 403 2672 Autiquit.
421 2645 461 2669 In.
472 2645 496 2664 c.
514 2638 557 2664 10.

203 2672 258 2705 (ιη
274 2672 328 2698 ατ.
342 2672 431 2699 Grabii
443 2672 546 2705 sunt,
561 2677 581 2698 t.
598 2673 619 2702 ι,
636 2680 663 2706 ν.
678 2671 740 2698 256.

203 2707 258 2737 (43)
277 2706 394 2733 Historia
414 2706 490 2732 tlieol.
502 2707 573 2737 erit,
585 2712 603 2732 t.
622 2705 642 2736 l,
657 2715 682 2740 p.
700 2705 793 2733 56—92.

204 2742 258 2772 (iit)
273 2741 298 2767 lu
312 2741 585 2766 Cmnmentntionilius
599 2741 631 2766 de
649 2741 754 2768 l‘ntrum
768 2740 929 2774 apostolico-

169 2783 227 2801 ruul
243 2776 371 2808 theologia
382 2774 485 2799 Iuorali.

203 2811 256 2844 (5οι
274 2809 405 2842 I’ulroloy.
423 2813 441 2833 ι.
455 2807 474 2841 I,
489 2817 514 2842 p.
530 2808 558 2834 (il
577 2817 633 2842 sqq.

1114 2545 1195 2579 ταύτῃ
1212 2544 1340 2579 (epistula
1370 2544 1519 2581 Diunvsii-i

979 2579 1027 2617 τῆς
1037 2578 1192 2618 Κλήμενῐὲξ
1214 2578 1293 2618 “iis
1302 2578 1523 2618 Κορινθεονέξῖλέ

979 2613 1207 2650 ξὶιξςιηὲπξστᾳλῆς,
1229 2615 1313 2649 δηλῶν
1336 2613 1471 2650 ἀνέχαοεξι

1037 2647 1082 2681 τῆς
1097 2648 1239 2685 Emissis:
1331 2647 1471 2685 ἀνάγνωξι

979 2667 1023 2688 _..'.
1042 2667 1081 2681 ..ρ
1097 2667 1169 2685 ζων..
1182 2667 1238 2679 ...με
1267 2667 1308 2685 »πμ
1331 2667 1473 2689 αναγνιιηί

979 2682 1055 2721 ᾼεγεξ
1069 2667 1221 2721 venit-cli}!
1235 2686 1354 2720 σήμερον
1366 2689 1473 2721 οὖνΚυι

977 2718 1147 2750 ᾆιηγάιγομεν⁷
1163 2718 1191 2742 ἐν
1206 2718 1222 2750 ῄ
1244 2718 1714 2750 ἀλιεγληὺκαμεῖἱῖιῖῖὲἷζ]ἰἒῖξῗίνξ

977 2723 1147 2757 οιηγαγρμεν,
1163 2725 1191 2742 εν
1244 2723 1443 2761 ἀνεγνώκειμεν

976 2749 1178 2787 ξπισςομηνχῆν
1198 2753 1210 2778 ἓ
1228 2762 1292 2787 ομεν
1315 2757 1362 2785 ἀεί
1379 2771 1446 2787 ποτε
1468 2747 1717 2787 annonas—vlg”

977 2782 1116 2825 οετεῖσράι,
1131 2782 1166 2816 ὼξ
1187 2782 1231 2813 καὶ
1244 2782 1293 2822 ἢν

977 2819 1129 2851 ﬂagitari.
1145 2831 1153 2844 ι
1271 2819 1275 2822 ’
1334 2820 1339 2828 ⁵
1359 2819 1407 2833 ”“ί

1017 2510 1195 2561 ίέί
1210 2511 1619 2561 Fl.’.'.5...’fl.’i“lImmaH._E..
1635 2539 1669 2557 Iv
1699 2534 1743 2561 9.3
1763 2545 1770 2561 :
1794 2539 1800 2546 '

1419 2693 1779 2745 ἕυειαὲἢνλάἓᾶίσὶέῗῖιὶέ

1721 2748 1761 2781 s)
1782 2750 1842 2785 τὴν

1468 2771 1759 2812 ἦναχιγέῖξσκοντέέ
1774 2771 1842 2810 v3;

1478 2804 1545 2838 ἡμῖν
1559 2805 1610 2834 διὰ

1379 2771 1430 2789 ποτ
1434 2773 1446 2790 ε
