3784 6290
262 350 371 404 197

1501 353 1830 409 Ριὶοοεδιιιι
1867 355 2240 410 γΑῐιιοιιυΜ.

3367 356 3464 407 193

332 458 518 519 Seculo
541 448 707 508 autem
734 452 887 506 ῑενῑίο
921 459 1253 515 secundum
1295 465 1596 524 Clementis
1635 471 1834 537 episto-
1865 483 1903 533 Α
1930 469 2229 524 Wocherus
2275 468 2444 522 tenuit
2482 468 2534 521 in
2571 470 2815 522 versione
2860 485 2953 522 sua
2993 468 3186 537 prior.s
3224 470 3455 536 cpistola

252 553 380 606 lam
414 555 458 606 in
480 560 570 623 usu
612 553 663 598 et
703 544 1044 601 auctoritate
1094 549 1308 620 fuisse,
1350 574 1419 613 ex
1461 560 1838 627 Apostolorum

256 654 476 696 canone
500 636 562 690 85
586 635 961 690 demonstrare
993 649 1248 698 conatus
1264 654 1352 699 est
1382 646 1835 719 Gallandius(52).

256 727 394 782 Sed
448 724 619 781 erravit
656 723 739 776 vir
774 723 1177 785 doctissimus.
1222 731 1363 786 Nam
1404 748 1707 803 postremus
1740 735 1839 789 iste

247 834 453 873 canon
471 832 565 869 non
593 826 712 869 ante
742 814 905 869 linem
951 821 1140 873 seculi
1186 824 1370 891 quinti
1409 824 1688 878 confectus
1731 831 1835 886 est,

256 920 329 962 ut
349 910 550 979 egregie
573 908 752 962 docuit
770 907 868 960 Dr.
892 906 1276 967 Sebastianus
1300 915 1367 969 de
1392 915 1524 984 Drey
1546 914 1609 967 ν.
1625 913 1684 967 C.
1702 912 1832 981 (53).

333 998 562 1059 Primus,
593 998 681 1066 qui
720 998 981 1051 secunda:
1020 997 1332 1056 Clementis
1369 1004 1604 1071 epistola:
1650 1002 1838 1055 memi-

251 1086 378 1145 nit,
420 1085 662 1139 Eusebius
704 1094 811 1148 est,
854 1101 1114 1150 monens,
1159 1096 1216 1142 et
1272 1091 1493 1143 alteram
1548 1089 1836 1144 Clementis

252 1176 547 1242 epistolam
580 1174 855 1243 proferri;
892 1178 987 1231 sed
1035 1194 1159 1231 eam
1200 1195 1310 1233 non
1350 1179 1566 1248 perinde
1596 1194 1658 1231 ac
1694 1179 1837 1246 prio-

252 1280 395 1317 rem
432 1274 605 1318 notam
642 1280 793 1329 esse,
840 1268 1107 1335 quoniam
1138 1283 1243 1324 nec
1272 1280 1477 1325 veteres
1505 1285 1568 1323 ca
1609 1270 1691 1323 usi
1721 1268 1836 1322 fue-

255 1356 389 1407 rint
407 1355 525 1424 (54).

337 1468 531 1521 Deinde
560 1468 709 1523 inest
732 1471 852 1526 hrec
875 1474 1106 1542 epistola
1128 1473 1479 1528 celeberrimo
1508 1471 1582 1523 illi
1609 1471 1836 1524 Alexan-

259 1556 423 1610 drino
450 1559 655 1622 codici,
694 1562 750 1614 in
796 1562 987 1617 Museo
1021 1563 1336 1617 Britannico
1378 1560 1700 1615 Londinensi
1747 1577 1836 1615 as-

259 1658 495 1701 servato.
532 1648 745 1704 Seculo
778 1654 948 1721 igitur
971 1652 1037 1705 IV
1067 1660 1121 1707 et
1161 1651 1205 1705 ν
1232 1652 1482 1707 Clemens
1518 1651 1676 1718 hujus
1722 1651 1835 1720 epi-

262 1737 417 1789 stolae
452 1748 656 1793 auctor
696 1755 729 1793 a
776 1742 965 1795 multis
1002 1742 1315 1810 putabatur.
1349 1740 1466 1805 Quo
1494 1739 1636 1808 jure,
1659 1742 1831 1793 nesci-

263 1839 406 1879 mus.
459 1826 688 1882 Pariter
742 1846 846 1883 nos
891 1830 1052 1894 latet,
1101 1830 1301 1899 quibus
1345 1829 1453 1881 nixi
1508 1830 1832 1896 argumentis

268 1912 636 1985 Hieronymus
670 1917 789 1989 (55)
818 1928 874 1973 et
901 1918 1132 1973 Photius
1165 1919 1275 1988 (56)
1300 1918 1440 1971 hanc
1490 1918 1770 1986 epistolam
1801 1931 1832 1971 a

267 2004 537 2058 veteribus
569 2007 931 2073 reprobatam
960 2007 1372 2070 contenderint;
1404 2021 1523 2058 nam
1574 2005 1834 2059 Eusebius

270 2092 388 2144 talia
412 2108 528 2146 non
563 2095 809 2162 profert,
835 2097 1173 2165 antiquiores
1209 2103 1385 2149 autem
1423 2109 1644 2163 prorsus
1678 2094 1744 2147 de
1770 2108 1833 2147 ea

270 2180 439 2233 silent.
483 2180 616 2235 Non
677 2197 870 2237 errare
922 2191 975 2236 te
1024 2190 1229 2252 putem,
1275 2183 1322 2237 si
1364 2180 1741 2252 Hieronymum
1782 2190 1835 2235 et

270 2264 512 2322 Photium
566 2269 805 2323 Eusebii
841 2271 1008 2325 verba
1051 2270 1233 2324 minus
1274 2281 1417 2324 recte
1458 2269 1833 2337 interpretatos

270 2371 377 2410 esse
402 2359 811 2414 contenderes.
840 2358 983 2428 Ergo
1011 2366 1252 2413 veterum
1280 2359 1583 2412 testimonia
1618 2357 1838 2411 authen-

270 2450 380 2501 tiam
411 2450 592 2518 hujus
634 2450 891 2519 epistolae
920 2465 1032 2504 non
1061 2457 1247 2517 aperte
1279 2462 1490 2518 negare,
1522 2445 1833 2516 antiquissi-

271 2552 468 2591 morum
530 2547 727 2593 autem
782 2539 1009 2593 Patrum
1054 2538 1329 2594 silentium
1375 2544 1676 2607 suspectam
1714 2550 1837 2591 eam

262 2626 508 2691 reddere,
534 2629 696 2682 clare
720 2628 1086 2697 perspicimus
1118 2628 1251 2698 (57).

326 2757 458 2824 Quae
483 2777 666 2830 quum
698 2762 774 2815 ita
809 2763 939 2827 sint,
980 2761 1261 2831 epistolam
1293 2762 1483 2830 ipsam,
1520 2776 1615 2816 seu
1656 2762 1834 2830 potius

279 2845 658 2917 fragmentum,
683 2852 834 2921 quod
859 2852 1037 2905 adhuc
1061 2858 1305 2920 superest
1326 2852 1380 2905 in
1401 2852 1583 2906 codice
1604 2850 1834 2907 Alexan-

256 2935 434 3003 drino,
470 2941 751 2995 adeamus
778 2947 1013 3009 oportet,
1040 2941 1444 3010 investigantes,
1468 2957 1596 2995 num
1624 2942 1833 2996 interna

244 3024 501 3082 elrinsint
534 3030 771 3093 indicia,
806 3030 1007 3098 quibus
1027 3028 1275 3083 Clemens
1296 3037 1478 3085 noster
1499 3030 1617 3097 ejus
1645 3038 1833 3085 auctor

242 3118 479 3180 probari
531 3120 740 3188 possit.
788 3120 1089 3173 Audiamus
1142 3119 1453 3174 Wottonum
1485 3121 1615 3191 (58).
1648 3121 1831 3187 Quoad

234 3208 477 3277 stylum,
529 3210 741 3279 inquit,
801 3219 852 3263 et
892 3210 1099 3262 dicendi
1142 3210 1434 3263 methodum
1478 3212 1723 3280 (epistola
1765 3210 1830 3283 ll)

228 3310 321 3351 εει
354 3300 498 3353 adeo
527 3298 822 3353 dissimilis
852 3315 884 3350 a
916 3299 1093 3367 priora
1118 3314 1179 3351 ac
1214 3297 1529 3360 indubitata,
1558 3309 1615 3351 ut
1651 3300 1831 3353 merito

220 3390 497 3446 dubitari
526 3390 728 3458 possit,
772 3406 842 3441 an
880 3389 951 3441 sit
993 3405 1108 3441 vere
1153 3387 1448 3442 Clementis.
1480 3388 1675 3443 Eadem
1719 3390 1830 3457 jam

213 3478 240 3532 .l
252 3497 500 3536 uannes
516 3480 658 3533 Mori
668 3493 776 3532 nus
789 3484 1095 3540 monuerat,
1118 3477 1303 3531 dicens
1317 3477 1425 3547 (59)
1447 3496 1461 3531 :
1486 3476 1640 3531 Illius
1663 3478 1829 3547 stylus

204 3582 300 3621 ιιι
328 3570 540 3638 prioris
572 3584 684 3620 non
712 3576 793 3620 est
814 3566 1057 3633 simplex,
1086 3564 1176 3619 sed
1203 3567 1470 3634 argutulus
1486 3583 1507 3631 ;
1535 3585 1635 3620 non
1656 3579 1831 3635 sponte

199 3655 451 3721 linem,
506 3655 599 3710 sed
649 3670 754 3722 pro
792 3655 1025 3707 auctoris
1060 3663 1211 3721 captu
1252 3654 1478 3707 studiose
1504 3656 1828 3720 elaboratus;

203 3765 356 3801 non
389 3745 757 3817 ἀπεριοδικδς
783 3756 833 3799 et
861 3761 1246 3813 nonnumquam
1286 3746 1712 3809 ἁνανταπόδοτος,
1742 3746 1830 3800 sed

219 3838 538 3890 uerborum
568 3834 860 3895 ambitum,
886 3834 1166 3887 antitheses
1194 3850 1467 3902 earumque
1497 3835 1829 3889 redditionem

249 3929 541 3982 ambitiose
600 3928 848 3995 aﬂ'ectat.
914 3925 1125 3978 Morino
1178 3926 1470 3979 assentitur
1518 3925 1828 3979 criticorum

258 4019 523 4087 princeps
558 4016 885 4071 Richardus
913 4014 1102 4068 Simon
1134 4013 1267 4083 (60),
1298 4029 1453 4082 quem
1480 4014 1717 4082 plerique
1745 4029 1831 4069 se-

256 4110 372 4161 cuti
397 4116 551 4163 sunt.
581 4106 849 4161 Eamdem
882 4111 1095 4174 partem
1146 4103 1452 4159 novissimis
1501 4104 1829 4174 temporibus

320 4237 457 4308 (ξε)
487 4236 640 4308 Bibl.
688 4236 858 4308 V_eter.
890 4236 990 4308 PP)
1028 4245 1069 4289 t.
1100 4234 1137 4298 ι,
1166 4224 1371 4308 Proleg.
1410 4255 1463 4308 p.
1504 4254 1590 4294 xv.

338 4239 434 4303 (52
487 4239 640 4289 Bibl.
688 4239 858 4289 Veter.
890 4239 987 4288 PP
1028 4245 1069 4289 t.
1100 4239 1137 4298 Ι,
1167 4239 1371 4303 Proleg.
1410 4255 1463 4308 p.
1504 4254 1590 4294 xv.

338 4239 458 4376 (55)
499 4306 659 4376 Neue
711 4304 1175 4376 Untersuchungen
1222 4305 1343 4359 uber
1362 4308 1448 4376 die
1498 4308 1844 4364 Constitutio-

1935 560 2223 614 Clementis
2245 558 2376 629 (6i).
2408 559 2741 626 Quicumque
2762 560 3051 613 secundam
3075 560 3230 614 istam
3265 562 3457 629 episto-

1935 648 2037 700 lam
2065 656 2262 701 attente
2286 648 2525 717 legerint,
2550 664 2741 717 negare
2768 663 2875 701 non
2913 656 3176 717 poterunt,
3217 666 3461 719 magnam

1937 737 2077 790 inter
2108 737 2274 805 ipsam
2299 745 2351 792 et
2387 737 2619 805 priorem
2659 737 2780 808 styli
2822 737 3183 792 diversitatem
3233 739 3464 794 interce-

1933 826 2079 879 dere.

2001 911 2201 967 Prazter
2249 914 2516 967 silentium
2583 912 3078 981 antiquissimorum
3125 911 3343 964 Patrum
3400 928 3462 964 ac

1936 1002 2059 1070 styli
2078 1001 2441 1055 diversitatem
2468 1001 2519 1054 id
2550 1002 2707 1055 etiam
2738 1002 3094 1069 suspicionem
3138 1003 3462 1068 suppositio-

1935 1091 2019 1143 nis
2047 1091 2203 1144 nobis
2241 1091 2430 1158 injicit,
2459 1092 2599 1159 quod
2621 1092 2842 1144 dimidia
2872 1107 2995 1159 pars
3019 1092 3208 1158 capitis
3249 1091 3316 1143 ‘25
3353 1093 3463 1158 pri-

1933 1192 2033 1230 ma:
2055 1179 2290 1245 epistola:
2317 1178 2369 1229 in
2399 1178 2683 1231 secundam
2714 1193 2924 1247 quoque
2952 1185 3033 1232 est
3062 1187 3270 1245 recepta
3293 1194 3340 1230 (ι.
3377 1179 3458 1230 Η.

1996 1260 2134 1314 Bene
2184 1262 2328 1315 addit
2369 1261 2598 1316 Grabius
2628 1263 2757 1334 (62),
2787 1265 2928 1318 haud
2958 1266 3193 1332 epistola:
3233 1265 3459 1319 furniqu

1933 1348 2128 1402 habere
2152 1348 2328 1413 istam,
2356 1364 2473 1418 quae
2500 1351 2731 1403 secunda
2755 1351 3040 1405 Clementis
3070 1351 3135 1404 ad
3156 1350 3462 1405 Corinthios

1934 1437 2147 1498 dicitur,
2192 1437 2412 1507 ipsaque
2470 1438 2818 1507 inscriptione
2855 1455 2975 1493 cum
3017 1448 3139 1494 voto
3183 1440 3363 1507 juncta
3406 1444 3461 1495 in

1935 1523 2270 1592 frontispicio
2294 1540 2497 1589 carere,
2529 1527 2702 1594 qualis
2737 1539 2913 1581 tamen
2950 1527 3003 1579 in
3042 1529 3291 1582 omnibus
3321 1528 3463 1597 Apo-

1934 1614 2190 1666 stolorum
2251 1628 2313 1667 ac
2375 1615 2609 1667 virorum
2674 1616 3088 1683 apostolicorum
3147 1617 3339 1670 litteris
3393 1617 3460 1670 ad

1934 1702 2280 1771 particulares
2316 1701 2579 1756 Ecclesias
2615 1702 2773 1765 datis,
2816 1704 2974 1772 inque
3000 1704 3114 1772 ipsa
3144 1705 3312 1771 prima
3341 1705 3461 1759 Cle-

1863 1784 1905 1836 B
1933 1790 2142 1851 mentis,
2175 1792 2329 1859 plane
2360 1797 2552 1843 exstat.
2584 1790 2828 1845 Homiliaa
2855 1793 3032 1859 potius
3071 1807 3228 1860 quam
3259 1793 3460 1861 episto-

1932 1876 1995 1930 la:
2029 1879 2254 1931 similem
2297 1886 2441 1932 recte
2466 1878 2727 1946 judicavit
2775 1879 3124 1943 Vendelinus,
3160 1882 3251 1949 qui
3281 1890 3461 1934 tamen

1934 1965 2112 2019 minus
2151 1975 2294 2021 recte
2334 1967 2433 2036 ipsi
2470 1966 2727 2021 Clementi
2756 1983 2870 2021 eam
2909 1967 3215 2037 adscripsit,
3252 1978 3304 2021 et
3342 1978 3462 2035 post

1930 2068 2050 2106 eum
2092 2054 2389 2110 Dodwellus
2417 2055 2638 2109 Dissert.
2680 2050 2705 2103 l
2784 2056 2836 2108 in
2872 2055 3187 2126 Irenteum,§
3221 2057 3290 2110 29
3327 2058 3457 2125 (63).

1930 2140 2183 2196 Clementi
2219 2152 2404 2199 nostro
2435 2145 2571 2199 hanc
2601 2145 2879 2213 epistolam
2914 2146 3191 2200 vindicare
3239 2147 3463 2201 studue-

1929 2238 2054 2283 runt
2065 2232 2362 2287 Cotelerius
2385 2234 2495 2307 (64)
2506 2274 2518 2298 ,
2532 2234 2851 2289 Coutantius
2865 2235 2999 2305 (65),
3014 2234 3325 2290 Gallandius
3348 2236 3459 2306 (66)

1929 2326 1981 2372 et
2014 2319 2309 2389 anperus
2342 2321 2473 2393 (67).
2507 2322 2612 2376 Sed
2637 2323 2722 2375 vix
2747 2322 2801 2375 in
2823 2331 3002 2391 partes
3029 2338 3155 2376 suas
3177 2331 3227 2377 te
3250 2326 3462 2377 trahent

1929 2410 2027 2462 viri
2051 2409 2365 2473 doctissimi,
2395 2425 2517 2463 cum
2547 2411 2782 2479 ipsorum
2821 2421 3132 2480 argumenta
3164 2413 3271 2465 sint
3300 2413 3457 2475 levia,

1929 2495 2137 2566 ipsique
2160 2498 2330 2566 magis
2359 2496 2747 2565 objectionibus
2776 2499 2999 2551 aliorum
3035 2496 3229 2551 bellum
3253 2499 3459 2552 indixe-

1931 2584 2058 2648 rint,
2083 2598 2243 2651 quam
2272 2599 2422 2636 suam
2452 2584 2754 2653 opinionem
2780 2585 3141 2653 probaverint.
3178 2585 3307 2637 Illud
3337 2587 3461 2640 abs-

1850 2666 1857 2675 ’
1929 2687 2034 2741 que
2075 2673 2220 2725 omni
2267 2673 2427 2725 dubio
2477 2673 2689 2727 facilius
2726 2681 2869 2738 erat;
2905 2688 3028 2725 nam
3075 2675 3339 2727 neminem
3377 2675 3461 2728 fu-

1929 2762 2053 2829 giet,
2080 2759 2440 2813 Hermannum
2463 2759 2750 2816 Venemam
2784 2760 2896 2830 (68)
2928 2760 3169 2829 aliosque
3196 2776 3461 2814 nonnum-

1929 2863 2087 2918 quam
2116 2851 2341 2906 leviores
2363 2858 2549 2904 contra
2577 2850 2903 2904 authentiam
2928 2851 3088 2919 hujus
3112 2852 3349 2920 epistola:
3373 2854 3460 2906 oh-

1924 2940 2181 3009 jectiones
2210 2956 2329 2996 esse
2351 2956 2530 2995 ausos.
2560 2938 2666 2994 Sed
2704 2942 2903 2995 nemini
2932 2940 3270 2995 defensorum
3301 2943 3460 3011 hujus

1930 3030 2165 3098 epistolae
2193 3032 2341 3083 firma
2367 3038 2676 3100 argumenta
2698 3045 2795 3100 pro
2812 3029 3084 3085 Clemente
3103 3040 3319 3088 auctore
3337 3050 3461 3103 pro-

1857 3091 1900 3149 (ἶ
1930 3121 2071 3176 ferre
2090 3121 2332 3189 contigit.

1989 3210 2168 3265 Placet
2198 3210 2352 3264 nobis
2376 3209 2557 3263 Grabii
2584 3211 2870 3275 sententia,
2894 3226 2924 3265 a
2955 3211 3225 3269 Moelilero
3252 3230 3461 3283 quoque

1926 3306 2136 3366 recepta
2166 3296 2297 3366 (69),
2330 3297 2486 3351 istam
2526 3297 2686 3366 vulgo
2718 3298 2915 3352 dictam
2945 3302 3226 3369 epistolam
3267 3318 3460 3358 secun-

1927 3385 2048 3438 dam
2079 3383 2367 3440 Clementis
2388 3385 2551 3440 fuisse
2572 3402 2729 3439 unam
2749 3402 2809 3441 es
2834 3388 3068 3445 homiliis
3088 3393 3258 3446 eidem
3283 3394 3458 3462 (false)

1927 3475 2234 3544 adscriptis,
2257 3475 2442 3543 quales
2476 3476 2653 3543 plures
2693 3492 2798 3530 una
2836 3478 3002 3533 fuisse
3037 3489 3182 3548 patet
3215 3497 3279 3536 ex
3316 3484 3458 3536 Ana-

1927 3564 2079 3618 stasii
2108 3563 2423 3617 Antiocheni
2454 3564 2654 3629 Quaest.
2687 3566 2775 3619 96.

1995 3650 2315 3715 Wocherus,
2346 3653 2493 3705 nullo
2535 3662 2681 3708 certo
2715 3653 3063 3710 fundamento
3110 3660 3289 3723 nixus,
3332 3661 3456 3716 Dio-

1926 3741 2101 3811 nysio,
2134 3740 2375 3795 Corinthi
2415 3742 2691 3810 episcopo,
2728 3742 2867 3797 hanc
2900 3746 3177 3813 epistolam
3217 3750 3458 3803 tribuen-

1925 3832 2045 3886 dam
2077 3847 2196 3885 esse
2218 3838 2370 3899 putat
2394 3830 2526 3901 (70).

1995 3916 2223 3974 Grabius
2264 3927 2438 3973 autem
2472 3933 2607 3988 Opus
2642 3920 2745 3975 hoc
2781 3908 3019 3991 spuriutn
3052 3926 3228 3980 medio
3260 3930 3455 3984 seculo

1924 4007 2011 4074 ιιι,
2048 4018 2168 4078 post
2200 4009 2443 4079 Origenis
2501 4020 2762 4080 tempora,
2812 4012 3071 4068 Clementi
3120 4019 3454 4086 suppositum

1925 4100 2091 4155 fuisse
2112 4102 2416 4170 suspicatur
2448 4103 2681 4175 (71-78).

1924 4241 2046 4311 tur,
2079 4248 2315 4311 quarum
2340 4242 2596 4311 respectu
2622 4234 2687 4288 de
2728 4236 2967 4311 pluribus
3005 4238 3292 4311 Clementis
3340 4244 3454 4311 epi-

1926 4302 2080 4372 stolis
2115 4304 2255 4372 loqui
2285 4302 2536 4366 debebat;
2567 4304 2622 4355 2‘
2661 4302 2908 4358 secunda:
2939 4319 3131 4361 nostra!
3166 4302 3453 4366 Clementis

246 4370 550 4446 dmLimd
571 4374 853 4446 igan‘o’m
898 4372 991 4427 de,
1047 4370 1300 4442 Αροειει,⁹
1361 4374 1635 4446 Τῡυίηερη
1684 4379 1897 4444 1352,!)
1926 4370 2163 4446 epistolae
2184 4370 2450 4446 expressis
2486 4372 2665 4427 verbis
2699 4374 2885 4426 nullibi
2932 4374 3258 4444 Epiphanius
3303 4383 3453 4433 testi-

258 4457 313 4509 ι).
349 4443 477 4505 576,
530 4442 663 4503 577.
700 4444 825 4495 μδ.

342 4511 457 4578 (δέ)
503 4512 650 4565 Hist.
677 4512 807 4565 ecc’l.
833 4524 914 4578 ut1
935 4506 1265 4578 ὅξ-εβῐστέον
1292 4507 1366 4578 δὲ,
1392 4506 1466 4567 ὠς
1492 4506 1583 4578 ξιᾳί
1607 4506 1754 4578 δεμ)τέ

257 4574 517 4639 “eam;
562 4579 785 4644 λέγεται
825 4576 917 4628 τοῦ
961 4574 1265 4644 Κλήμεντος
1308 4574 1554 4644 ἐπιστολή
1578 4592 1591 4605 ·
1621 4577 1681 4628 οὐ
1724 4574 1826 4644 μὴν

246 4646 341 4716 ἔθ’
361 4649 570 4716 ὁμοίως
678 4645 916 4716 προτέρᾳ
933 4644 1026 4716 ita).
1042 4643 1236 4716 ταύτην
1251 4643 1516 4716 γνώριμον
1544 4643 1828 4716 ὲπισςτάμὲ-

262 4700 473 4795 οαλ-υᾷει
497 4700 797 4795 ίμὴδὲξτόὺς
816 4700 1237 4795 ,ἅρόςαίορςναίίέῇ
1262 4700 1626 4795 tamen»;
1653 4700 1823 4795 τσιὶεγ·

336 4784 451 4852 (55)
488 4779 677 4839 Catal.
719 4779 1041 4852 script’eccl.
1073 4794 1121 4833 c.
1154 4779 1498 4852 15":“Fértur
1517 4790 1569 4852 et.
1603 4779 1829 4833 secunda

262 4847 623 4932 ejuitnomtn‘e
654 4847 900 4932 epistola,
928 4864 1061 4932 qui:
1074 4848 1374 4932 q‘ve‘teribus
1401 4847 1720 4932 reprobatur.

338 4920 430 4983 (56
481 4922 630 4977 Bibl.
667 4916 786 4973 eod.
806 4916 963 4969 cxut:
1169 4917 1424 4986 λεγρμένη
1452 4916 1829 4986 δευτέρᾳ-πρὸς

263 4982 391 5054 scit;
416 4990 622 5049 αὐτοὺς
650 4992 664 5054 (
689 4984 1039 5053 Corinthios)
1081 4984 1153 5046 ὼς
1191 4982 1338 5045 νόθὸς
1363 4982 1823 5054 ᾁᾱτοδοκιμάζε-έαι.

270 5053 539 5110 Pimterea
571 5053 801 5120 PhOtius
837 5060 1016 5117 notat,
1048 5054 1324 5119 epistolam
1362 5053 1499 5120 hanc
1535 5054 1825 5106 secundam

206 5180 215 5185 ,
275 5125 411 5205 dicta
437 5125 682 5195 quaedam
706 5119 1001 5205 peregrina
1022 5122 1164 5205 velut
1190 5136 1219 5174 e
1245 5135 1400 5174 sacra
1429 5119 1702 5205 Scriptura
1736 5121 1828 5205 in-

278 5190 483 5266 ducere,
518 5190 1007 5266 interpretationes
1046 5190 1281 5266 locorum
1307 5190 1655 5266 quorumdam
1700 5190 1829 5266 alie-

280 5262 446 5318 niores
468 5254 737 5335 proferre,
788 5277 900 5318 nec
932 5258 1299 5313 continentem
1325 5254 1600 5309 orationis
1632 5256 1827 5311 seriem

280 5337 1094 5410 at‘__cynsequeutiau1say”?-
1221 5405 1421 5410 Mum
1471 5391 1543 5410 ῃ,

329 5406 425 5483 (57)
461 5391 733 5483 nassam
783 5393 1439 5483 Epipi"!'_'§“{'l_-‘.ll‘9§.‘.‘f.
1464 5391 1701 5483 θιῗὲἒξῗὶεῗ
1732 5409 1830 5483 '19.:

270 5460 363 5538 εινὶιξ
382 5460 773 5539 tegimenti"
811 5460 1072 5543 ῥηξῡεξε
1114 5460 1469 5543 mutandum.
1509 5460 1699 5543 quippe
1736 5465 1827 5542 qui

257 5526 833 5613 (ὕεὲἲ.“ἷᾶξ”ὸν’ἔι“ἐὸῖ
849 5540 959 5613 i5).
1010 5532 1081 5613 €18
1104 5528 1365 5613 .E'":;‘P,‘£-i
1378 5526 1667 5613 996⁸³66
1694 5526 1832 5613 ,οὐί-

244 5594 385 5690 tu'.
415 5594 586 5687 si;
623 5594 891 5690 λεὼ..
921 5594 1833 5690 Sed.11.523decesseris

620 5662 993 5753 ιίᾶνῦἶίσίηεε
1029 5662 1401 5721 Clementinas
1439 5662 1639 5728 putasse
1678 5668 1833 5723 vide-

1923 4439 2165 4509 moniuru
2185 4441 2397 4509 prebet.

2013 4507 2100 4576 58)
2139 4506 2292 4561 Praef.
2332 4524 2384 4576 p.
2416 4524 2550 4563 ccvi.

2012 4574 2098 4633 59)
2134 4574 2359 4632 Exarsit.
2383 4577 2569 4632 Biblic.
2604 4579 2644 4632 ι.
2663 4577 2704 4642 1,
2734 4592 2784 4631 c.
2812 4580 2864 4643 4,
2889 4577 2945 4638 5,
2972 4576 3023 4630 9.
3061 4577 3290 4634 Exercit.
3324 4583 3376 4636 9.

2011 4644 2098 4713 eo)
2131 4645 2265 4698 Bibl.
2291 4644 2461 4699 Chois.
2513 4644 2575 4699 Τ.
2604 4648 2641 4709 l,
2673 4661 2720 4699 c.
2747 4646 2841 4709 33,
2862 4660 2913 4713 p.
2946 4645 3066 4713 232.

2015 4712 2101 4776 61)
2142 4712 2233 4766 Die
2252 4714 2420 4767 Briele
2435 4715 2529 4767 der
2558 4712 2949 4778 apostolischen
2987 4712 3175 4768 Vaeter
3201 4715 3450 4774 Clemens

1922 4780 2029 4833 und
2057 4780 2399 4848 Polycarpus,
2426 4797 2528 4834 neu
2559 4784 2825 4835 iibersetzt
2860 4781 2963 4833 und
3014 4782 3108 4833 init
3151 4784 3450 4848 ilinleitun-

1923 4864 2022 4916 gen
2053 4846 2166 4901 und
2198 4846 2623 4903 Commentarien
2674 4850 2926 4903 versehen
2962 4864 3064 4900 von
3147 4846 3218 4904 M.
3243 4851 3289 4904 J.
3323 4850 3447 4903 Wo-

1931 4917 2316 4994 euq-gramm;
2349 4918 2577 4994 isso._p.
2609 4918 2875 4994 29;..‘203.

1994 4984 2102 5053 (62)
2137 4981 2383 5053 _Spicileg_.
2424 4981 2613 5053 t._l.:p.
2640 4985 2765 5038 268.

2005 5051 2090 5119 65)
2122 5050 2303 5119 Grabii
2333 5049 2515 5119 Spicil.
2539 5049 2577 5102 ll
2601 5066 2650 5103 c.

2003 5114 2091 5187 64)
2118 5118 2171 5187 In
2206 5114 2472 5187 edit._PP.
2504 5126 2670 5187 apost.
2705 5125 2744 5169 t.
2770 5114 2811 5179 l,
2841 5131 2894 5184 p.
2936 5114 3061 5187 182,

2128 5186 2296 5263 Epist.
2324 5185 2681 5263 Bom._ponti[.
2715 5194 2751 5236 t.
2783 5186 2825 5248 l,
2848 5201 2900 5254 p.
2933 5186 3021 5239 54.

1983 5252 2091 5323 (66)
2122 5252 2366 5306 Biblioth.
2404 5263 2440 5323 t.
2470 5252 2506 5304 l.
2539 5253 2739 5323 l’roleg.
2768 5268 2820 5320 p.
2850 5252 2962 5307 inv.

1984 5320 2090 5392 (67)
2123 5321 2657 5392 Ηὶειη-ιΙωοΙ.,ετξμμ
2686 5320 2725 5392 ΙΔ.
2752 5337 2803 5388 p.
2836 5323 2926 5375 2‘2.

1984 5388 2092 5459 (68)
2255 5389 2493 5442 Gallantl.
2524 5388 2661 5440 Bibl.
2698 5388 2733 5441 Ι.
2764 5406 2812 5443 c.
2863 5407 2913 5459 ιι.
2952 5406 3080 5458 xvtt,
3108 5399 3160 5445 et
3191 5390 3439 5459 Lumper.

1986 5478 2056 5511 υ..
2082 5477 2133 5511 ι).
2238 5495 2251 5506 .

1916 5462 1953 5514 l.
1986 5478 2056 5517 υ..
2082 5477 2133 5517 ι).
2165 5462 2251 5511 27.

1986 5478 2056 5517 c.,
2082 5477 2133 5529 p.
2165 5477 2251 5511 τι.

1985 5530 2093 5595 (69)
2120 5524 2320 5579 I’atrol.
2353 5533 2397 5595 t.

1987 5591 2096 5663 (70⁷)
2130 5596 2187 5647 L.
2213 5610 2260 5647 c.
2291 5591 2496 5663 p.204.

1988 5660 2188 5733 (7147s)
2234 5660 2430 5729 Spicil.,
2456 5671 2493 5713 ι.
2520 5662 2559 5728 t,
2587 5676 2637 5729 p.
2661 5662 2781 5716 9.69.

2504 5538 2557 5590 p.
2591 5525 2658 5577 65
2690 5540 2771 5594 sq.
