3784 6250
444 310 541 402 επὶ
1218 336 1273 391 s.
1306 318 1739 390 CLEMENTlS-l
1770 332 1931 389 non.
1967 330 2165 388 rom.
2201 318 2427 383 ornas
2459 310 2782 379 casuras:
3546 306 3634 363 εδει

440 476 612 531 vero,
651 455 796 519 ﬁdei
830 450 1158 516 Catholicae
1187 447 1386 508 hostis
1416 446 1682 525 gloriam
1711 446 2022 525 propriam
2051 442 2370 524 quaesivit,
2403 440 2532 503 imo
2562 434 2869 500 Ecclesiae
2904 423 3464 497 humiliationem,
3499 425 3632 484 dum

440 557 804 618 thesaurum
830 546 1266 612 absconditum
1305 551 1636 605 reseraret.

514 652 687 714 Beati
712 650 969 730 quidem
1000 641 1340 708 Clementis
1367 640 1680 719 Epistolas
1710 639 1789 699 ad
1833 641 2132 717 Virgines,
2164 633 2467 697 laudibus
2495 629 2777 701 extulit;
2808 625 2955 695 sed,
2987 639 3151 730 cum
3185 618 3381 728 simul
3423 619 3633 728 imma-

437 753 701 814 culatam
729 716 955 810 Christi
986 755 1281 818 sponsam
1324 716 1631 801 conviciis
1663 736 2016 813 impcteret,
2042 731 2483 803 adversarium
2529 724 2762 791 Christi
2797 740 2868 785 se
2900 720 3170 803 detegit
3201 725 3263 781 et
3289 716 3635 778 ministrum

437 854 695 920 Satanae,
725 845 834 924 qui
863 840 1257 915 transﬁgurat
1283 853 1351 896 se
1384 836 1451 896 in
1478 834 1773 912 angelum
1805 833 1966 894 lucis
1990 833 2031 893 ³.

511 951 649 1009 Non
678 914 894 1006 omnes
924 940 1033 1018 qui
1065 914 1239 997 extra
1272 932 1614 993 Ecclesiam
1638 939 1807 1003 sunt,
1827 929 2045 992 hostili
2076 943 2327 1004 semper
2355 923 2587 1001 spiritu
2615 920 3006 999 loquuntur.
3043 914 3293 977 Junius
3321 914 3628 990 Patricius,

437 1041 843 1114 Oxoniensis,
865 1037 1051 1098 aliam
1081 1051 1334 1116 Operam
1388 1037 1587 1099 sancti
1648 1035 1986 1098 Clementis
2026 1032 2380 1111 publicans,
2415 1030 2482 1089 in
2518 1026 2874 1088 Ecclesiam
2906 1027 3279 1084 Romanam
3314 1037 3440 1081 non
3470 1020 3631 1083 inve-

435 1146 648 1216 hitur;
678 1156 819 1219 quaa
874 1136 1177 1201 catholico
1228 1145 1487 1207 sanctus
1511 1137 1807 1207 Clemens
1837 1152 2087 1212 semper
2114 1134 2289 1207 dicit,
2326 1145 2655 1208 nunquam
2703 1128 2776 1188 in
2828 1122 3213 1201 Catholicos
3280 1122 3630 1201 detorquet;

434 1247 535 1308 his
564 1260 704 1322 quas
756 1240 833 1301 ad
868 1254 1079 1317 pacem
1115 1236 1571 1296 restituendam
1622 1240 1873 1293 sanctus
1933 1232 2218 1293 Clemens
2249 1228 2507 1306 profert,
2559 1227 2637 1287 ad
2667 1224 3079 1287 seditionem
3121 1219 3624 1300 discordiamque

435 1338 846 1424 spargendam
882 1337 1112 1401 nullibi
1142 1334 1459 1405 abutitur;
1494 1334 1562 1393 in
1596 1336 1833 1394 Petram
1884 1330 2180 1393 Ecclesiae
2206 1329 2527 1389 immotam
2555 1325 2751 1386 inferi
2778 1329 3001 1401 portas
3038 1335 3452 1384 commovere
3504 1336 3620 1382 non

434 1451 650 1506 tentat.

513 1542 780 1605 Veniam
803 1537 999 1615 igitur
1019 1534 1094 1596 ab
1130 1532 1426 1593 omnibus
1463 1532 1854 1605 orthodoxis,
1886 1527 2234 1609 praesertim
2275 1545 2422 1588 vero
2453 1544 2488 1587 a
2519 1532 2579 1587 te
2610 1540 2831 1603 spero,
2864 1519 3270 1583 ﬁdelissime
3317 1518 3633 1593 Prtesul,si

429 1642 678 1702 beatum
702 1637 1082 1699 Clementem
1106 1631 1386 1708 virgines
1414 1630 1842 1709 alloquentem
1891 1631 2077 1690 novis
2120 1626 2464 1706 producam
2502 1632 2563 1687 et
2594 1620 3045 1702 dignioribus,
3083 1618 3444 1680 dummodo
3496 1617 3634 1677 mihi

429 1761 554 1805 non
586 1742 870 1810 illudam,
904 1734 1286 1795 ornamentis
1317 1733 1635 1799 vestitum.
1664 1740 1723 1793 et
1758 1731 1813 1793 si
1851 1748 2106 1793 sensum
2137 1726 2477 1791 verborum
2511 1726 2652 1805 ejus
2678 1740 2715 1787 a
2748 1719 3084 1786 \Vetstini
3116 1716 3633 1792 interpretatione

428 1864 684 1925 prorsus
715 1844 1015 1911 alienum,
1045 1852 1174 1898 non
1198 1835 1393 1896 semel
1434 1851 1762 1912 usurpem.
2576 1900 2578 1904 ν
2722 1868 2727 1873 .

508 1949 688 2008 Nunc
717 1940 874 2022 quid
906 1940 973 1998 in
1002 1935 1115 1996 hac
1144 1932 1570 2009 publicatione
1603 1932 1989 1994 intenderim
2020 1932 2145 2010 piis
2176 1932 2470 1994 omnibus
2503 1925 2857 1991 lectoribus
2890 1922 3239 1986 declarare
3270 1939 3478 2001 operm
3507 1938 3634 2001 pre-

431 2048 589 2109 tium
614 2045 859 2123 judice.
890 2038 1100 2100 fusius
1130 2036 1197 2095 in
1216 2037 1453 2113 prmia
1481 2034 1921 2095 dissertatione
1950 2034 2383 2096 discussurus.

510 2148 741 2205 Doctus
768 2139 1011 2210 Binius,
1073 2134 1185 2212 qui
1216 2134 1521 2194 scribebat
1559 2134 1671 2195 diu
1699 2140 2034 2212 antequam
2090 2134 2535 2195 invenirentur
2590 2127 2900 2207 Epistolm
2954 2125 3175 2188 sancti
3206 2124 3544 2187 Clementis
3568 2125 3635 2185 ad

439 2245 740 2321 Virgines,
765 2252 1065 2315 expresse
1105 2236 1437 2313 profitetur
1466 2253 1572 2296 eas
1608 2237 1963 2309 exstitisse,
1986 2238 2428 2313 canonicasque
2455 2234 2658 2295 fuisse
2691 2229 3083 2310 appellatas,
3106 2229 3285 2291 sicut
3310 2227 3634 2305 Epistolam

432 2314 697 2421 primam
733 2337 809 2398 ad
841 2314 1222 2405 Corinthios,
1258 2334 1410 2411 quia
1436 2334 1496 2393 in
1530 2334 1813 2394 ﬁdelium
1862 2333 2123 2396 coetibus
2154 2333 2547 2421 legebantur.
3472 2314 3479 2323 ’

513 2438 627 2498 Hic
658 2451 772 2513 ego
796 2441 1034 2494 tantum
1064 2430 1266 2495 dicam
1296 2436 1466 2513 quod
1522 2432 1575 2495 si
1612 2452 1717 2496 eas
1750 2435 2141 2498 authenticas
2173 2418 2314 2497 esse
2346 2451 2473 2496 non
2532 2434 2801 2494 ﬁrmiter
2833 2430 3241 2506 tenuissem,
3268 2430 3423 2503 imo,
3460 2430 3513 2492 si
3543 2431 3637 2492 mi-

431 2541 675 2601 nimum
704 2537 888 2598 etiam
919 2533 1182 2594 dubium
1212 2537 1289 2597 de
1318 2553 1534 2597 earum
1564 2536 1844 2615 genuino
1872 2546 2125 2599 auctore
2154 2538 2221 2597 in
2252 2543 2458 2597 mente
2492 2533 2937 2605 remansisset,
2972 2532 3055 2593 ab
3094 2532 3199 2593 eis
3241 2534 3559 2593 vertendis
3584 2540 3635 2592 et

431 2639 804 2720 evulgandis
828 2653 1085 2716 prorsus
1114 2636 1586 2708 abstinuissem,
1622 2636 1722 2698 vel
1754 2636 2029 2697 rationes
2060 2636 2279 2696 saltem
2307 2634 2487 2696 dubii
2511 2634 2635 2694 mei
2668 2632 3169 2709 exposuissem.

509 2743 644 2800 Non
676 2736 958 2797 eamdem
988 2740 1153 2794 certe
1178 2722 1580 2794 securitatem
1633 2734 1993 2810 exprimere
2025 2735 2203 2795 valeo
2230 2734 2393 2794 circa
2427 2749 2649 2795 verum
2694 2747 2971 2792 sensum
3002 2731 3085 2791 ab
3142 2738 3410 2794 auctore
3448 2732 3638 2792 inten-

431 2853 565 2904 tum
599 2863 614 2901 :
647 2856 790 2901 cum
821 2837 988 2898 enim
1017 2836 1221 2896 adhuc
1252 2836 1651 2896 desideretur
1680 2837 2099 2915 primigenius
2130 2853 2346 2898 earum
2374 2843 2586 2897 textus
2617 2836 2909 2904 Grmcus,
2944 2831 3328 2894 timendum
3358 2839 3453 2894 est
3483 2848 3634 2894 sem-

432 2963 546 3024 per
591 2960 671 3003 ne
728 2938 1107 3017 quandoque
1165 2938 1466 2999 erraverit
1518 2939 1809 3015 Syriacus
1851 2938 2183 3014 interpres.
2223 2939 2296 2999 Ut
2325 2942 2395 3000 ut
2440 2936 2545 3008 sit,
2577 2950 2707 2996 non
2741 2930 2979 2996 dubito
3037 2936 3209 3014 quin
3262 2937 3632 3007 Wetstinus,

434 3045 622 3104 etiam
666 3040 986 3116 Syriacum
1027 3043 1301 3110 vertens,
1334 3038 1550 3116 plures
1586 3039 1722 3117 ipse
1753 3038 2066 3099 addiderit
2091 3057 2337 3103 errores
2366 3059 2381 3097 :
2413 3041 2689 3117 ideoque
2728 3052 2860 3097 non
2902 3040 3114 3099 semel
3149 3038 3233 3100 ab
3261 3039 3407 3119 ejus
3438 3042 3634 3102 sensi-

433 3139 554 3197 bus
588 3131 955 3195 exorbitavi.
984 3129 1046 3190 Si
1084 3138 1251 3192 recta
1275 3141 1334 3194 et
1364 3150 1639 3210 congrua
1664 3132 1893 3195 fuisset
1924 3136 2225 3196 Wetstini
2258 3136 2715 3208 interpretatio,
2744 3136 2918 3200 nihil
2951 3140 3093 3204 fere
3127 3145 3632 3221 redarguendum

434 3236 693 3299 essetin
722 3231 1130 3294 translatione
1153 3228 1385 3290 Gallica
1421 3232 1493 3291 D.
1527 3230 1807 3292 Boistard
1839 3232 1916 3293 de
1947 3232 2296 3313 Prémagny
2327 3253 2342 3291 :
2370 3235 2648 3313 ideoque
2685 3252 2819 3297 non
2840 3236 3460 3317 interpretationem
3488 3245 3631 3322 ejus,

434 3337 545 3398 sed
583 3331 1018 3395 annotationes
1051 3344 1261 3405 carpo.

513 3437 667 3497 Cum
696 3448 843 3494 vero
875 3427 1036 3529 nihil
1066 3424 1354 3529 absolute
1377 3430 1617 3529 certum
1650 3424 1726 3485 de
1758 3425 2059 3529 ﬁdelitate
2084 3428 2182 3491 vel
2213 3431 2538 3492 erroribus
2590 3432 3033 3517 interpretum
3075 3446 3385 3510 amrmari
3436 3460 3631 3529 queat,

434 3536 688 3627 absente
710 3537 888 3623 textu
916 3523 1257 3605 primitivo,
1293 3528 1489 3627 curet
1518 3521 1654 3600 ipse
1686 3539 1910 3586 novam
1940 3526 2523 3606 interpretationem
2553 3548 2905 3612 aggressus
2931 3558 3080 3605 sum
3114 3548 3144 3604 ?
3178 3548 3351 3609 Huic
3382 3521 3632 3627 quaesito

432 3624 498 3693 in
524 3630 760 3711 ρνωυὶα
788 3626 1220 3690 dissertatione
1253 3623 1651 3687 satisfaciam.
1687 3627 1901 3687 Dicam
1932 3634 2139 3690 tamen
2178 3629 2445 3707 plurima
2477 3650 2672 3695 sacrm
2702 3639 3061 3716 Scriptum
3083 3646 3224 3709 loca
3256 3665 3292 3710 a
3328 3623 3633 3713 Wetstino

434 3740 540 3809 aut
570 3746 694 3792 non
722 3728 920 3827 fuisse
950 3724 1179 3805 agnita,
1213 3730 1319 3784 aut
1352 3723 1509 3783 male
1545 3723 1787 3785 reddita
1816 3724 2013 3788 fuisse
2057 3745 2073 3784 :
2107 3730 2392 3805 quamvis
2424 3729 2488 3793 id
2517 3733 2768 3797 creditu
2801 3738 3073 3817 difﬁcile
3111 3745 3321 3808 videri
3351 3758 3537 3827 queat
3565 3752 3633 3812 de

433 3830 570 3890 viro
604 3835 724 3932 tam
758 3827 869 3887 diu
899 3825 963 3885 in
982 3826 1190 3932 .sacris
1216 3826 1450 3932 litteris
1477 3833 1747 3932 versato.
1782 3827 1923 3902 Sed,
1957 3829 2010 3889 si
2042 3829 2173 3891 haec
2204 3830 2337 3892 loca
2361 3835 2639 3909 agnovit,
2668 3854 2786 3899 cur
2806 3816 3227 3909 communem
3260 3816 3455 3913 etiam
3483 3856 3634 3932 apud

434 3944 583 3987 suos
612 3922 1188 4002 interpretationem
1236 3923 1622 4002 abjudicavit
1651 3926 1679 3983 ?
1713 3926 1973 3988 Errores
2010 3928 2314 3989 Wetstini
2366 3930 2803 3998 aberrationes
2836 3942 3237 4009 traductoris
3276 3922 3631 4013 Gallici-in-

430 4030 773 4109 duxerunt.
2390 4090 2391 4095 η

507 4126 823 4234 ξςωοὶρυδ
854 4124 1047 4202 igitur
1075 4126 1226 4234 mihi
1278 4143 1429 4188 cura
1475 4125 1767 4234 incubuit
1799 4136 1886 4203 ut,
1918 4129 1985 4191 in
2018 4129 2131 4193 hac
2160 4131 2319 4194 silva
2350 4134 2762 4214 densissima,
2794 4145 3058 4210 divinas
3084 4152 3466 4234 detegerem
3498 4174 3632 4220 seu-

432 4223 658 4283 tentias
690 4239 920 4299 easque
945 4222 1426 4285 manifestarem.
1462 4226 1555 4285 An
1590 4232 1829 4287 rectum
1858 4227 1978 4286 iter
2003 4231 2341 4303 tenuerim,
2365 4231 2614 4309 judicet
2640 4236 2793 4313 pius
2825 4260 2899 4304 ac
2933 4222 3512 4315 eruditusvlector.
3549 4247 3635 4314 in-

431 4320 653 4400 primis
679 4326 881 4379 textus
913 4321 1351 4382 antecedentes
1382 4326 1919 4400 consequentibus
1939 4326 2272 4405 jungendo
2325 4299 2388 4392 et
2422 4299 2895 4411 comparando:
2917 4299 3531 4414 Cial‘e-ct‘icesven‘ilm

432 4418 612 4525 gulas
667 4436 790 4479 non
849 4418 1169 4497 ignorabat
1218 4428 1474 4483 sanctus
1553 4422 1870 4499 Clemens,
1930 4443 2044 4488 nec
2104 4431 2380 4508 supponi
2441 4432 2629 4495 debet
2688 4449 2915 4504 contra
2959 4444 3108 4507 illas
3166 4449 3472 4516 voluisse
3517 4456 3631 4516 dis-

432 4537 669 4607 serere.

502 4618 825 4735 Prmterea,
857 4633 942 4735 ne
974 4634 1178 4730 unum
1208 4619 1468 4735 quidem
1497 4627 1738 4682 textum
1770 4640 2005 4685 novum
2028 4625 2378 4702 introduxi,
2408 4631 2519 4692 sed
2549 4648 2814 4715 semper
2844 4648 3158 4714 Wetstini
3194 4655 3630 4735 interpretatio

431 4717 636 4821 oculis
663 4718 819 4821 meis
846 4717 1274 4821 subjectaest,
1307 4722 1457 4783 dum
1488 4723 1871 4803 irregulares
1903 4734 1960 4787 et
2003 4738 2314 4792 contortas
2353 4730 2491 4809 ejus
2522 4734 2893 4809 locutiones
2931 4755 3325 4819 ιιθοιίωάίηί
3372 4717 3630 4821 animo“

432 4812 855 4933 rest‘ituebam.
896 4821 1021 4933 lico
1050 4818 1295 4929 primus
1328 4821 1493 4911 viam
1525 4822 1684 4884 hanc
1716 4822 2042 4902 ingressus
2065 4844 2204 4889 sum
2254 4849 2269 4888 :
2305 4830 2486 4891 multi
2521 4834 2696 4896 enim
2740 4850 2891 4906 ante
2923 4812 3161 4923 nimii;

434 4912 759 5028 auctorum
772 4915 1210 5028 explicatione,
1237 4925 1529 4998 audaces,
1552 4930 1621 4985 ut
1650 4924 1743 4985 sic
1772 4925 2015 5005 loquar,
2039 4928 2432 5007 conjecturas
2456 4932 2846 5019 emiserunt,
2872 4912 3312 5028 qum'postea,
3334 4912 3630 5016 abfofmni-

434 5008 553 5069 bus
577 5012 871 5122 eruditis,
914 5022 980 5076 ut
1016 5020 1309 5083 veritates
1362 5023 1761 5084 inconcussas
1792 5034 2056 5103 recepta:
2084 5039 2251 5090 sunt.
2278 5032 2409 5108 Ego
2440 5050 2589 5095 vero
2628 4999 3603 5119 rarissimejntecvfo’r‘s’a‘nus‘e‘mei

438 5109 627 5227 meris
647 5111 909 5175 innixus
1105 5121 1525 5227 conjecturis;
1565 5124 1699 5196 sed,
1730 5131 1797 5183 ut
1838 5124 2206 5201 plurimum,
2239 5146 2381 5206 pars
2422 5134 2712 5208 quaedam
2742 5098 3627 5227 textusyaghitiw;au;ogﬁ:;;

437 5217 662 5323 partis,
693 5229 818 5318 prae
847 5217 1219 5323 confusione
1255 5223 1589 5285 verborum
1621 5223 1872 5300 ignotaa,
1908 5242 2003 5286 me
2056 5227 2343 5290 deduxit.
2370 5230 2433 5290 Si
2466 5222 2600 5295 fere
2644 5237 2896 5320 ubique
2925 5217 3120 5307 verba
3163 5249 3487 5313 Wetstini
3535 5217 3631 5314 ab.

437 5312 807 5425 amaverim,
832 5312 1015 5430 etiam
1069 5326 1321 5397 quando
1354 5326 1563 5404 ipsius
1594 5325 1817 5413 sensui
1850 5326 2111 5413 stabam,
2147 5331 2382 5391 nedum
2418 5312 3035 5422 adversariipotius
3076 5363 3333 5412 morem
3373 5353 3498 5431 ipsi
3532 5312 3629 5433 ge-

437 5426 602 5517 ξονίῖ,
629 5419 1001 5517 existimavi.
1047 5424 1151 5487 Sic
1180 5429 1350 5490 enim
1384 5428 1669 5509 loquitur
1692 5428 1757 5489 in
1780 5445 2041 5491 suorum
2066 5422 2567 5513 Prolegomenon
2603 5419 3029 5510 conclusione
3066 5467 3080 5507 :
3109 5471 3139 5505 α
3167 5419 3627 5517 ροηνρίιείοῖιῇε

437 5501 672 5573 latinas
716 5514 864 5575 vitia
891 5525 952 5577 et
981 5519 1424 5607 inelegantiam
1458 5532 1771 5611 benignus
1833 5532 2024 5595 lector
2071 5536 2449 5602 condonabit
2493 5542 2747 5609 homini
2793 5551 2861 5614 in
2895 5567 3090 5631 opere
3143 5501 3626 5620 nov-$33523;

508 5654 592 5709 ³11
625 5658 745 5714 Cor.
785 5677 859 5728 xi,
896 5665 977 5719 Η.
1618 5722 1621 5728 ι
1658 5710 1660 5728 ί
1741 5690 1747 5697 α

2071 5698 2119 5708 ἰν
