3842 6356
236 350 322 406 δῶ
1042 344 1047 351 ’
1113 308 1471 393 Erlsronn
1510 336 1595 389 an
1630 335 1753 390 vui.

1921 336 1970 393 Β.
2000 369 2070 377 -
2100 337 2464 394 PBOOEMIA.
3328 326 3438 392 354

229 458 472 525 molesm
498 464 719 534 parum
752 457 1121 525 exercitato,
1167 460 1229 516 et
1261 453 1615 515 amicorum
1663 453 1854 514 etiam
1886 453 2206 525 consiliis,
2230 454 2383 515 licet
2414 452 2706 531 undique
2738 450 3067 529 expetitis,
3098 450 3433 515 destituto.

225 561 520 638 Quesdam
552 558 745 620 etiam
776 556 891 637 qui
921 552 1001 614 in
1029 557 1275 613 textum
1297 550 1645 629 'Syriacum
1680 549 2079 629 irrepserunt
2112 543 2475 625 errores...,
2510 551 2705 614 etiam
2759 566 2860 612 me
2917 566 3047 612 non
3100 559 3430 627 monente,

224 660 389 725 facile
414 658 714 738 corriget.
752 679 783 715 ι

299 779 494 843 Prima
524 776 723 857 hujus
756 775 877 839 loci
908 776 1097 840 verba
1134 774 1445 839 Wetstini
1502 773 1882 837 modestiam
1946 773 2428 843 commendant:
2478 776 2834 855 posteriora
2870 794 3015 858 quae
3069 795 3199 840 non
3256 780 3444 865 intel-

224 872 441 943 lexerit
474 885 583 941 aut
616 876 1000 957 neglexerit,
1026 876 1435 938 confitentur.
1462 874 1845 936 Modestiam
1883 873 2114 950 laudo;
2148 875 2513 941 tenebrosis
2542 875 2726 951 locis,
2761 884 3072 956 quantum
3101 878 3167 940 in
3188 895 3288 942 me
3322 889 3439 956 est,

224 980 409 1041 lucem
440 977 679 1052 affero;
732 975 1215 1057 negligentiam,
1260 977 1320 1039 si
1344 994 1489 1057 qua)
1514 975 1739 1053 fuerit,
1772 994 2065 1056 reparare
2098 995 2317 1041 conor.
2351 981 2582 1043 Nonne
2634 980 2728 1042 sic
2757 981 3069 1044 Wetstini
3125 981 3290 1045 votis
3333 984 3444 1045 ob-

223 1088 490 1157 tempero
517 1079 549 1137 ?

288 1208 551 1269 Omnem
594 1203 734 1268 fere
764 1217 1126 1266 sermonem
1161 1217 1355 1263 suum
1387 1205 1647 1261 sanctus
1688 1197 1984 1262 Clemens
2016 1217 2049 1262 e
2076 1198 2363 1265 fontibus
2410 1203 2610 1267 sacris
2639 1204 3020 1280 desumpsit.
3053 1206 3263 1269 Nullis
3292 1226 3447 1291 ergo

214 1306 526 1370 laboribus
578 1322 872 1386 parcens,
927 1300 1190 1363 eosdem
1237 1299 1449 1362 fontes
1507 1298 1768 1360 assidue
1801 1298 1999 1372 adivi.
2035 1317 2223 1379 quos,
2249 1308 2318 1361 ut
2335 1302 2467 1381 jam
2510 1303 2752 1367 dictum
2796 1316 2913 1385 est,
2963 1313 3331 1377 Wetstinus
3362 1334 3445 1379 ne

220 1404 562 1482 suspicatus
612 1402 878 1482 quidem
918 1398 1124 1462 fuisse
1179 1390 1461 1463 videtur.
1514 1398 1692 1461 Unde
1746 1405 1960 1459 textus
1998 1392 2361 1477 deprOmpti
2406 1399 2672 1477 fuerint,
2713 1403 2847 1468 fere
2904 1392 3151 1489 ubique
3199 1414 3444 1487 notavi,

220 1500 418 1564 saltem
450 1500 717 1580 quando
754 1497 1002 1579 phrasis
1034 1496 1193 1559 satis
1217 1496 1464 1575 integra
1500 1495 1794 1574 apparuit
1824 1517 1839 1555 :
1869 1511 1997 1556 non
2028 1494 2205 1556 enim
2239 1497 2619 1562 vocabulum
2664 1510 3005 1583 quodlibet
3053 1489 3304 1578 sacrum
3338 1518 3445 1579 in-

220 1604 397 1668 dicari
425 1604 680 1680 debuit,
714 1620 795 1666 ne
817 1602 1179 1665 innumerae
1209 1600 1419 1663 forent
1449 1606 1636 1661 notae.
1664 1597 2044 1659 Versionem
2076 1598 2399 1679 adoptavi,
2431 1618 2561 1664 non
2583 1606 2995 1693 Septuaginta
3018 1618 3445 1696 Interpretum

218 1720 312 1776 aut
364 1710 638 1774 alterius
706 1708 998 1789 cujusvis
1032 1704 1455 1778 traductoris;
1492 1703 1607 1767 sed
1639 1700 1946 1781 Vulgatte,
1988 1700 2108 1763 etsi
2158 1702 2445 1764 nondum
2505 1712 2790 1786 tempore
2847 1715 3048 1775 sancti
3100 1715 3447 1779 Clementis

220 1819 520 1880 existeret.
555 1818 718 1888 Imo,
752 1817 819 1876 in
849 1809 1091 1876 caeteris
1124 1806 1309 1879 locis,
1342 1801 1819 1885 quandolibera
1852 1800 2012 1901 mihi
2044 1807 2289 1879 poterat
2321 1819 2466 1864 esse
2498 1805 2840 1871 verborum
2872 1809 3043 1874 idem
3074 1814 3441 1895 signiﬁcan-

210 1920 361 1987 tium
391 1915 652 1991 electio,
686 1912 939 1993 pratuli
970 1908 1106 1971 fere
1138 1921 1395 1984 semper
1420 1920 1612 1967 voces
1643 1919 1678 1964 a
1710 1900 1983 1981 Vulgata
2021 1910 2450 1966 consecratas.

286 2045 501 2105 Lector
524 2043 817 2101 attentus
856 2043 919 2098 et
951 2032 1277 2114 prudens,
1309 2028 1500 2093 modo
1532 2026 1875 2107 primitivm
1901 2024 2205 2088 Ecclesia
2240 2026 2553 2105 tantisper
2583 2029 2811 2096 calleat
2845 2035 3182 2113 spiritum,
3214 2048 3439 2101 move-

219 2143 371 2203 bitur
395 2141 510 2200 has
550 2137 831 2218 legendo
868 2134 1222 2214 Epistolas,
1258 2130 1642 2205 extrinsecis
1679 2146 1841 2209 quas
1880 2128 2159 2208 praebent
2187 2129 2692 2198 authenticitatis
2726 2138 3260 2215 probationibus,
3296 2159 3445 2204 sen-

218 2224 437 2321 tietque
468 2258 666 2321 quam
700 2238 970 2300 insulsa)
1005 2237 1275 2314 viroque
1312 2232 1489 2313 gravi
1531 2230 1982 2311 indigntesint
2009 2230 2447 2294 cavillationes
2478 2236 2554 2297 D.
2593 2236 2672 2307 de
2701 2239 3078 2321 Prémagny.
3111 2241 3261 2305 Sine
3291 2240 3442 2305 fuco

216 2350 312 2402 aut
338 2340 702 2403 ambitiosis
736 2337 1129 2402 ornamentis
1162 2342 1452 2399 sanctum
1483 2334 1871 2407 Pontiﬁcem,
1906 2333 2141 2411 spiritu
2174 2334 2528 2412 apostolico
2562 2336 2826 2414 plenum
2852 2387 2869 2415 ,
2897 2342 3186 2405 locutum
3212 2343 3443 2417 fuisse,

216 2463 384 2513 nemo
414 2436 697 2529 partium
729 2444 945 2509 studio
981 2442 1234 2506 alienus
1255 2485 1275 2516 ,
1308 2438 1719 2500 inﬁciabitur.
1752 2438 1918 2499 Hinc
1947 2436 2174 2498 doctus
2202 2437 2440 2499 Junius
2471 2440 2781 2502 Patricius
2802 2442 2932 2519 jam
2967 2443 3271 2506 odoratus
3301 2444 3446 2506 fue-

216 2560 293 2614 rat
324 2550 870 2615 autbenticitatem
905 2552 1127 2630 primas
1160 2546 1362 2612 sancti
1392 2542 1740 2610 Clementis
1773 2542 2077 2621 Epistolas
2100 2543 2179 2606 ad
2210 2543 2599 2607 Corinthios.

282 2672 516 2734 Monita
543 2688 697 2752 qum
728 2670 1089 2747 virginibus
1120 2670 1356 2733 dantur
1376 2716 1393 2743 ,
1426 2685 1467 2730 at
1492 2666 1838 2745 Scripturis
1876 2664 2105 2741 sacris,
2140 2672 2211 2730 ut
2234 2665 2366 2747 jam
2398 2665 2576 2737 dixi,
2606 2667 2723 2729 sed
2755 2669 3102 2746 praesertim
3131 2688 3166 2732 a
3195 2672 3449 2752 scriptis

216 2771 638 2851 apostolorum
670 2778 732 2833 et
761 2771 1341 2851 evangelistarum,
1375 2774 1717 2831 eruuntur.
1752 2766 1848 2829 Ad
1881 2767 2143 2830 eosdem
2190 2768 2579 2848 quandoque
2633 2766 2974 2830 revertitur
3018 2787 3250 2832 sensus
3300 2772 3447 2850 pius

219 2872 491 2936 Pontifex
527 2896 543 2934 :
578 2880 709 2934 tam
737 2872 968 2935 ardens
998 2878 1093 2933 est
1122 2869 1262 2950 ejus
1294 2867 1703 2930 desiderium
1748 2865 2109 2945 virginibus
2140 2867 2281 2927 suis
2324 2865 2685 2945 inspirandi
2725 2878 3005 2929 amorem
3050 2867 3353 2931 virtutum
3386 2878 3450 2932 et

228 2976 520 3038 vitiorum
566 2974 934 3037 horrorem!
968 2973 1246 3052 Oblique
1289 2970 1661 3051 perstringit
1694 2969 2087 3032 Christianos
2118 2970 2519 3050 hypocritas,
2570 2968 2685 3049 qui
2735 2970 3019 3033 carnales
3054 2989 3287 3033 sensus
3329 2974 3453 3035 sub

224 3076 596 3138 vestimento
644 3074 901 3154 pietatis
956 3071 1394 3143 occultabant;
1444 3068 1763 3148 prmeipue
1811 3085 1961 3130 vero
2011 3066 2281 3145 perﬁdos
2325 3066 2658 3128 haereticos
2704 3066 2819 3145 qui
2856 3067 2987 3146 jam
3026 3076 3180 3130 tunc
3227 3069 3449 3132 Eccle-

220 3176 366 3239 siam
393 3177 799 3248 lacerabant,
833 3189 1127 3253 quosque
1154 3169 1383 3250 pagani
1417 3168 1654 3247 saepius
1685 3166 2162 3230 confundebant
2189 3182 2334 3227 cum
2364 3165 2536 3227 veris
2568 3165 2802 3228 Christi
2832 3167 3198 3248 discipulis.

276 3299 386 3361 His
416 3286 850 3374 temporibus,
874 3292 1412 3374 quemadmodum
1445 3288 1659 3360 hodie,
1687 3287 1955 3350 castitati
1983 3305 2052 3350 se
2078 3287 2475 3350 devovebant
2507 3285 2784 3365 duplicis
2822 3289 3077 3367 generis
3107 3307 3401 3368 persona;
3432 3315 3452 3354 :

216 3404 427 3482 primo,
452 3400 574 3481 qui
609 3398 690 3461 ad
718 3394 1151 3459 ministerium
1184 3408 1431 3455 sacrum
1464 3390 1887 3463 vocabantur;
1916 3389 2154 3451 deinde
2186 3389 2298 3468 qui
2335 3388 2402 3449 in
2430 3388 2667 3449 saeculo
2698 3397 3130 3463 remanentes,
3157 3389 3453 3454 homines

214 3505 302 3567 vel
333 3503 641 3573 feminea,
674 3499 753 3562 ad
786 3496 1242 3578 perfectionem
1295 3490 1728 3569 evangelicam
1767 3488 2133 3551 tendebant.
2171 3487 2497 3549 Prioribus
2541 3495 2799 3550 sanctus
2837 3487 3132 3551 Clemens
3164 3506 3451 3552 comme-

214 3613 396 3669 morat
424 3601 795 3666 vocationis
834 3596 1334 3662 sublimitatem,
1370 3609 1449 3654 ne
1480 3590 1789 3670 degeneri
1813 3589 2301 3653 conversatione
2348 3589 2523 3650 illam
2560 3590 2947 3667 deprimant.
3005 3591 3103 3664 Et,
3138 3593 3451 3671 quoniam

212 3702 530 3766 humilitas
562 3705 785 3762 custos
816 3703 910 3758 est
941 3695 1085 3758 vita:
1115 3689 1421 3771 angelicas
1450 3706 1643 3768 quam
1680 3688 1916 3749 ducere
1945 3686 2181 3749 debent
2213 3688 2565 3766 prmsertim
2593 3687 2827 3748 Christi
2860 3687 3164 3763 ministri,
3191 3699 3452 3754 sanctus

212 3803 493 3867 Pontifex
525 3797 902 3879 superbiam
923 3838 941 3867 ,
974 3807 1364 3872 quocunque
1401 3806 1469 3850 se
1517 3794 1718 3850 vertat
1748 3792 1811 3850 et
1840 3786 2222 3859 abscondat,
2258 3789 2703 3868 persequitur,
2735 3788 3009 3867 ejusque
3043 3790 3312 3854 latebras
3341 3794 3452 3855 de-

210 3907 353 3986 tegit
381 3907 452 3967 in
486 3899 946 3984 prmdicatione
968 3941 984 3968 ,
1019 3892 1434 3967 exorcismis,
1468 3891 1845 3970 cazterisque
1880 3890 2127 3952 actibus
2160 3890 2353 3953 etiam
2382 3892 3019 3956 sanctissimis-Cum
3045 3899 3257 3959 autem
3292 3915 3451 3977 prte-

211 4009 483 4087 sumptio
518 4025 600 4069 ac
629 4002 958 4067 temeritas
1001 3999 1315 4081 plurimos
1343 3997 1413 4059 in
1442 3996 1871 4077 perditionem
1911 3995 2292 4057 induxerint
2314 4040 2330 4070 ,
2364 4002 2695 4065 cautiones
2740 3998 3027 4078 suggerit
3064 4001 3301 4081 quibus
3330 4022 3452 4083 pe-

212 4113 479 4175 riculum
512 4107 866 4171 devitetur.

276 4233 616 4312 Utrisque,
650 4229 720 4291 id
750 4230 845 4289 est
875 4218 1125 4285 clericis
1155 4224 1218 4280 et
1256 4217 1619 4297 virginibus
1652 4217 1717 4279 ln
1753 4217 1991 4313 saaculo
2026 4216 2433 4296 degentibus,
2466 4224 2536 4279 ut
2574 4225 2861 4280 sanctum
2895 4220 3187 4286 timorem
3217 4224 3453 4286 animis

210 4345 423 4393 eorum
455 4326 760 4399 incutiat,
784 4323 1033 4401 lapsum
1064 4316 1325 4380 exhibet
1355 4316 1777 4394 quarumdam
1815 4315 2255 4378 columnarum
2279 4333 2423 4395 qum
2447 4317 2846 4379 inconcussaa
2875 4327 2937 4381 et
2968 4318 3249 4384 immotae
3274 4323 3449 4385 credi

213 4437 518 4506 poterant.
555 4426 673 4489 Eis
700 4433 911 4487 tamen
942 4423 1226 4485 animum
1258 4421 1468 4495 addit,
1505 4437 1862 4485 memorans
1896 4420 2132 4500 gratias
2176 4419 2767 4500 protectionemque
2804 4438 2839 4484 a
2867 4421 3023 4486 ccelo
3069 4435 3448 4505 praaparatas

210 4530 541 4593 animabus
575 4524 778 4589 cautis
806 4540 879 4586 ac
910 4521 1358 4601 prudentibus.

285 4646 657 4711 Wetstinus
678 4687 695 4715 ,
724 4642 836 4724 qui
869 4647 1036 4703 certe
1066 4638 1315 4701 laudari
1347 4649 1626 4702 meretur
1655 4640 1830 4720 quod
1865 4639 2067 4701 sancti
2100 4640 2446 4704 Clementis
2471 4641 2780 4721 epistolas
2829 4663 2959 4708 non
3010 4647 3449 4725 depravaverlt

210 4747 437 4809 absona
474 4742 801 4823 elegantia
824 4756 967 4821 qua;
992 4755 1254 4801 sensum
1285 4756 1506 4801 earum
1538 4739 1956 4802 intervertere
1988 4740 2327 4818 potuisset,
2355 4741 2812 4821 negligentiam
2846 4745 3172 4807 interdum
3201 4765 3305 4808 eas
3335 4748 3449 4810 de-

210 4847 618 4909 decorantem
656 4842 949 4918 admisit,
983 4860 1127 4922 quae
1161 4842 1433 4905 multum
1468 4861 1696 4907 nocere
1726 4843 1949 4906 debuit
1982 4843 2264 4922 ipsarum
2295 4845 2679 4907 auctoritati.
2717 4847 2893 4909 Adeo
2930 4866 3149 4927 parum
3199 4852 3446 4911 curavit

210 4951 607 5031 conjungere
653 4948 935 5011 auctoris
963 4948 1067 5009 sui
1098 4947 1558 5027 cogitationes,
1592 4956 1662 5011 ut
1697 4966 1804 5011 eas
1840 4949 2058 5028 potius
2113 4948 2486 5028 disjungere
2536 4949 2868 5014 studuisse
2913 4951 3229 5015 videatur.
3270 4952 3443 5015 Nihil

212 5056 413 5113 tamen
444 5049 713 5113 facilius
744 5056 875 5112 erat
913 5069 1103 5132 quam
1137 5052 1439 5131 pbraseos
1466 5053 1779 5132 regularis
1810 5053 2222 5115 constructio.

281 5177 487 5239 Venia
523 5176 687 5239 mihi
718 5177 1104 5241 concedatur
1132 5179 1187 5240 si
1221 5178 1501 5240 laborem
1542 5179 1791 5241 viribus
1832 5177 1993 5240 forte
2023 5178 2184 5240 meis
2233 5179 2634 5258 superiorem
2678 5178 3162 5258 assumpserim.
3196 5179 3441 5240 Homo-

212 5294 441 5359 nymus
472 5282 653 5343 ﬁlius
681 5284 927 5343 Patrem
977 5284 1293 5346 honorare
1328 5284 1547 5347 voluit.
1582 5287 1890 5346 Prmterea
1922 5266 2157 5362 saepius
2201 5284 2368 5346 clare
2413 5284 2712 5363 exprimit
2749 5284 2972 5346 beatus
3022 5283 3316 5346 Clemens
3345 5297 3446 5342 sa-

217 5398 683 5451 cramentorum
723 5386 1025 5450 Ecclesiae
1058 5403 1245 5447 usum
1269 5432 1287 5464 ,
1316 5392 1668 5465 praesertim
1705 5387 1933 5449 divina:
1960 5388 2402 5461 Eucharistiw,
2438 5403 2759 5466 sacrmque
2798 5385 3269 5466 exomologesis
3300 5401 3446 5463 pec-

218 5502 496 5556 catorum
524 5516 543 5563 ;
577 5494 1017 5556 intemeratam
1050 5477 1304 5556 extollit
1334 5493 1765 5575 virginitatem
1795 5478 2183 5556 beatissima;
2213 5494 2451 5567 Mariaa,
2479 5510 2623 5572 quaa
2651 5489 2790 5555 ρεθιί
2822 5490 3168 5552 Dominum
3199 5492 3444 5567 gremio

220 5608 331 5653 suo
365 5601 621 5672 gestare
654 5593 913 5656 meruit.
959 5593 1207 5655 Pectori
1239 5610 1382 5655 meo
1411 5593 1619 5656 dulcis
1656 5602 1787 5656 erat
1816 5594 2222 5674 reproductio
2251 5594 2442 5673 hujus
2476 5593 2754 5671 antiqum
2790 5592 2933 5653 ﬁdei
2968 5592 3267 5651 Romamn
3296 5603 3441 5667 qua)

222 5707 468 5772 semper
486 5694 717 5776 eadem
731 5694 880 5769 fuit,
900 5707 997 5757 est
1026 5701 1089 5756 et
1108 5693 1249 5778 erit.
1270 5696 1565 5779 Sanctum
1585 5688 1973 5757 Clementem
2005 5711 2212 5755 amare
2244 5693 2431 5755 debet
2461 5676 2688 5765 Gallia,
2709 5707 2852 5770 quae
2879 5689 2957 5750 ab
2986 5684 3129 5777 ipso
3146 5683 3442 5777 suscepit

231 5792 438 5870 plures
471 5795 793 5858 antistites
832 5815 1008 5874 suos,
1039 5815 1519 5878 generososque
1557 5808 1888 5878 martyres.
1915 5800 2113 5860 Nemo
2143 5805 2355 5862 autem
2392 5813 2537 5859 eum
2574 5792 2717 5874 plus
2755 5792 3023 5872 diligere
3052 5807 3125 5855 ac
3151 5785 3438 5851 venerari
