3842 6354
407 293 515 350 555
1187 297 1243 352 S.
1279 293 1675 351 CLEMENTIS
1706 294 1728 350 Ι
1763 292 1933 351 ROM.
1965 292 2172 352 PONT.
2209 290 2438 350 OPERA
2470 290 2800 351 GENUINA.
3534 303 3641 358 356

406 411 595 475 debet
625 426 815 490 quam
843 409 1192 491 episcopus
1222 411 1336 491 qui
1368 411 1542 473 claro
1580 411 1722 491 ejus
1750 412 2015 474 nomine
2043 412 2418 490 insignitur,
2444 411 2692 492 quique
2724 427 3063 474 successor
3091 418 3187 474 est
3214 415 3417 475 sancti
3448 414 3643 497 hujus

406 512 741 590 Eutr0pii,
781 513 1069 592 episcopi
1108 521 1169 576 et
1211 513 1547 593 martyris,
1582 531 1779 595 quem
1820 514 1900 577 ad
1942 514 2484 595 evangelizandos
2529 513 2840 576 Santones
2889 511 3113 575 beatus
3157 512 3452 576 Clemens
3503 516 3646 594 ipse

406 612 689 673 miserat.

486 710 709 771 Latine
735 708 1107 789 Galliceque
1143 708 1312 772 hunc
1339 709 1575 772 librum
1608 711 1826 786 edidi;
1861 727 1989 773 non
2026 711 2202 774 enim
2248 726 2365 788 pro
2403 709 2563 772 solis
2600 706 3020 802 popularibus
3050 710 3212 774 meis
3253 711 3642 787 scribebam,

406 809 519 872 sed
554 827 669 889 pro
700 809 1001 872 omnibus
1030 809 1218 871 etiam
1250 813 1570 874 extraneis
1588 813 1826 893 quibus
1848 813 1981 876 bmc
2008 813 2197 875 lectio
2233 814 2540 892 prodesse
2566 818 2833 893 poterat.
2860 814 3169 875 Caeterum
3203 816 3643 878 necessarium

405 923 541 976 erat
581 933 906 994 Opponere
942 913 1346 977 translationi
1379 917 1665 980 confusas
1693 916 2004 979 Wetstini
2050 925 2298 979 textum
2347 916 2592 979 clarum
2637 923 2699 977 et
2728 914 3041 977 lucidum.
3085 914 3334 977 Utinam
3369 916 3642 978 (adiﬁca-

405 1016 583 1078 tione
629 1024 692 1078 et
741 1018 1240 1080 sanctiﬁcatione
1277 1021 1568 1083 omnium
1601 1021 1914 1084 lectorum
1970 1024 2144 1084 Deus
2176 1021 2476 1100 Optimus
2524 1019 2846 1084 Maximus
2880 1017 3224 1096 adimpleat
3253 1020 3466 1082 cordis
3512 1023 3637 1083 mei

403 1112 730 1174 desideria
765 1115 780 1173 l

482 1209 763 1287 Epistola
798 1211 953 1286 haec,
987 1215 1274 1282 Antistes
1305 1224 1570 1300 optime,
1604 1223 1859 1303 longior
1895 1223 2225 1303 apparebit
2254 1209 2668 1303 quibusdam,
2703 1222 3055 1300 prmsertim
3078 1223 3370 1304 longiore
3395 1225 3641 1289 disser-

401 1311 642 1425 tatione
699 1330 843 1375 eam
914 1317 1374 1399 subsequente.
1427 1326 1648 1400 Aliud,
1696 1344 1909 1406 spero,
1955 1327 2281 1407 judicium
2341 1327 2486 1403 erit,
2527 1333 2928 1391 momentum
2978 1322 3172 1404 hujus
3205 1322 3353 1385 libri
3392 1326 3642 1403 ponde-

400 1422 622 1478 rantis.

479 1512 544 1573 Si
574 1514 733 1594 quid
767 1516 836 1578 in
869 1517 988 1581 hoc
1016 1535 1235 1598 opere,
1275 1522 1375 1585 vel
1395 1523 1463 1585 in
1490 1523 1646 1585 aliis
1679 1522 2228 1602 publicationibus
2257 1524 2442 1599 meis,
2469 1525 2684 1588 minus
2714 1533 3008 1590 exactum
3045 1527 3143 1590 vel
3163 1527 3634 1601 orthodoxum,

399 1623 618 1678 contra
651 1618 1069 1694 voluntatem,
1092 1619 1251 1682 mibi
1287 1619 1573 1699 elapsum
1597 1619 1819 1696 fuerit,
1853 1621 1976 1683 hoc
2006 1629 2214 1685 totum
2245 1621 2524 1703 subjicio
2556 1626 2936 1687 correctioni
2977 1635 3208 1689 sancta)
3259 1629 3478 1689 Matris
3521 1629 3638 1688 Ec-

397 1719 612 1781 clesia)
643 1723 961 1795 Romamn,
995 1720 1287 1802 sacrique
1321 1722 1500 1785 illius
1539 1723 1840 1799 Verticis,
1872 1723 2113 1805 quibus
2146 1723 2436 1802 spondeo
2462 1740 2534 1786 ac
2555 1725 2709 1805 juro
2739 1730 3171 1795 omnimodam
3204 1750 3277 1795 ac
3295 1733 3637 1807 sinceram,

398 1820 624 1904 intimo
659 1841 738 1886 ex
765 1825 976 1899 corde,
1007 1827 1377 1892 ﬁdelitatem
1411 1836 1473 1891 et
1502 1828 1959 1893 obedientiam.

476 1919 602 1992 Qui
633 1920 790 1983 mihi
817 1923 1152 2001 inspiravit
1182 1933 1251 1986 ut
1273 1923 1394 1988 hoc
1415 1944 1582 2006 opus
1611 1927 1727 1988 tibi
1781 1928 2170 2002 dedicarem,
2199 1927 2437 1991 Prtesul
2467 1930 2900 2009 ornatissime,
2940 1937 3138 2012 Deus,
3168 1938 3459 2002 omnium
3493 1936 3638 2000 fons

397 2015 737 2094 bonorum,
764 2021 1026 2099 spiritui
1059 2031 1171 2086 tuo
1201 2024 1646 2091 indesinenter
1672 2028 1865 2102 adsit,
1896 2035 2092 2110 teque
2141 2029 2260 2092 diu
2289 2028 2596 2094 Ecclesia:
2622 2030 2845 2110 decus,
2879 2035 3168 2100 ﬁdelium
3227 2040 3446 2106 lumen
3487 2040 3636 2102 ani-

400 2136 668 2196 marum,
701 2132 762 2186 et
791 2125 1147 2189 Prmsulum
1177 2129 1532 2210 exemplar,
1566 2132 1961 2196 incolumem
1991 2141 2232 2200 servet.

477 2227 657 2289 Tuus
685 2229 752 2291 in
787 2230 1039 2294 Christo
1074 2237 1137 2294 et
1169 2229 1368 2292 Maria
1394 2229 1874 2295 addictissimus
1901 2249 2159 2309 servus,

2685 2388 2728 2462 ἰ-
2770 2387 3158 2460 CLEMENS,

2188 2537 2526 2586 BPISCOPUS
2585 2539 3004 2585 RUPELLENSIS
3059 2541 3140 2582 ΕΤ
3185 2537 3636 2583 εΑιετοΝιζκειε.

815 2661 1100 2712 Scrlbebam
1121 2661 1364 2725 Rupells,
1392 2661 1476 2712 die
1494 2664 1663 2712 octava
1681 2661 1956 2713 Natidtatls
1981 2663 2034 2714 Β.
2063 2664 2127 2715 li.
2149 2664 2209 2716 ν.
2233 2664 2372 2716 1852.

1546 2990 1655 3064 ΒΕ
1699 2996 2011 3064 DUABUS
2061 3001 2472 3063 EPISTOLIS

749 3181 1420 3295 SANCTI
1495 3179 2212 3295 CLEMEN
2215 3177 2500 3291 TIS
2554 3176 3293 3293 ROMANI

1615 3407 1764 3496 AD
1833 3404 2408 3499 VIRGINES

1209 3617 2162 3733 DISSERTATIO
2239 3616 2809 3735 PRZEVIA

475 3849 551 3908 In
617 3861 744 3926 qua
775 3840 1163 3924 expenditur
1213 3857 1440 3904 earum
1498 3837 1954 3902 authenticitas
2002 3846 2064 3980 ett
2105 3837 2496 3902 refelluntur
2543 3837 2940 3919 objectiones
2987 3857 3132 3921 quae
3171 3841 3323 3904 huic
3351 3859 3552 3923 oppo-

1881 3935 2018 3980 nun
2051 3935 2152 3980 ur.

1881 3935 2152 3981 nuntur.

673 4258 840 4299 ιιλτιο
879 4257 1029 4298 ΝΟἫΒ
1067 4257 1230 4299 HUIUS
1252 4256 1677 4299 PUBLICATIONIS.

465 4425 566 4482 Diu
610 4425 913 4482 desideravi
944 4435 997 4480 et
1033 4424 1258 4495 quaesivi
1299 4425 1436 4479 duas
1463 4426 1639 4482 sancti
1667 4422 1963 4482 Clementis

393 4516 626 4572 Romani
711 4515 980 4587 Epistolas
1054 4515 1122 4569 ad
1177 4514 1427 4586 Virgines
1467 4557 1484 4582 ,
1562 4531 1682 4587 quas
1756 4517 1964 4571 saeculo

392 4609 744 4680 praecedenti,
812 4606 996 4662 divina
1054 4605 1269 4662 favente
1311 4606 1680 4673 Providentia,
1730 4607 1965 4662 inventa:

391 4700 624 4755 fuerant.

461 4792 730 4848 Noveram
757 4792 977 4862 quidem
1035 4792 1237 4847 acriter
1287 4792 1654 4863 impugnatam
1705 4790 1874 4848 fuisse
1929 4807 1961 4846 a

391 4882 942 4954 pseudo-reformatis
1011 4897 1200 4938 earum
1278 4883 1766 4947 authenticitatem,
1840 4897 1962 4952 qua:

392 4977 556 5030 etiam
588 4975 914 5046 quibusdam
931 4974 1230 5032 Catholicis
1274 4988 1476 5042 anceps
1521 4981 1576 5028 et
1626 4973 1788 5028 dubia
1842 4975 1960 5029 visa

393 5068 590 5124 fuerat.
621 5066 757 5122 Cum
789 5075 968 5122 autem
997 5075 1144 5123 certe
1178 5067 1375 5122 scirem
1403 5071 1459 5121 in
1484 5067 1569 5122 his
1592 5066 1816 5136 reperiri
1840 5083 1960 5137 qua:

395 5158 632 5230 perfecte
659 5159 1032 5228 congruebant
1065 5158 1392 5212 testimoniis
1427 5157 1604 5212 sancti
1646 5155 1958 5229 Hieronymi

391 5259 448 5306 et
476 5251 650 5306 sancti
671 5249 980 5320 Epiphanii,
1012 5249 1332 5319 suspicabar
1363 5265 1394 5304 a
1421 5248 1708 5321 discipulis
1735 5248 1956 5304 Lutberi

393 5350 447 5399 et
475 5341 687 5397 Calvini
721 5342 833 5396 haec
874 5341 1215 5410 antiquitatis
1253 5352 1603 5396 monumenta
1649 5341 1819 5398 fuisse
1870 5356 1959 5395 re-

393 5435 620 5508 probate
650 5435 920 5505 praecipue
946 5449 1012 5488 ex
1037 5433 1164 5487 odio
1205 5431 1555 5503 virginitatis,
1579 5441 1634 5488 et
1661 5449 1692 5487 a
1730 5433 1957 5503 quibus-

392 5525 516 5578 dam
548 5523 833 5578 catholicis
867 5521 988 5578 ideo
1033 5538 1143 5576 non
1192 5521 1362 5577 fuisse
1389 5523 1627 5578 admissa
1666 5521 1807 5592 quod
1844 5521 1957 5575 haec

1989 4245 2037 4303 Α
2135 4235 2367 4292 Prorsus
2392 4237 2666 4290 limatum
2694 4241 2778 4292 est
2808 4237 2949 4305 quod
2980 4251 3377 4305 persenseram,
3409 4239 3631 4310 quando

2067 4332 2124 4386 in
2152 4329 2556 4400 possessionem
2590 4342 2764 4382 meam
2793 4328 2965 4382 ambae
3016 4328 3134 4383 ista:
3156 4329 3411 4400 Epistola:
3441 4349 3632 4402 perve-

2067 4430 2286 4486 nerunt,
2334 4434 2538 4490 easque
2576 4428 2780 4474 attente
2829 4421 3190 4477 consideravi.
3235 4423 3462 4495 Insuper
3516 4425 3631 4480 sola

2067 4513 2343 4577 Wctstini,
2383 4513 2474 4582 qui
2508 4513 2608 4566 has
2635 4526 2666 4566 e
2705 4510 2930 4582 Syriaco
2960 4512 3015 4566 in
3062 4512 3313 4568 Latinum
3364 4525 3628 4583 verterat,

2065 4605 2393 4677 negligentia
2423 4605 2670 4659 suﬂicere
2698 4603 2828 4659 mihi
2859 4605 2974 4659 visa
3002 4615 3102 4670 est,
3135 4615 3194 4660 ut
3216 4606 3384 4662 lector
3409 4625 3631 4678 respue-

2064 4703 2146 4748 ret
2177 4694 2440 4764 scriptum
2485 4694 2619 4747 adeo
2648 4692 2984 4747 inconditum
3035 4713 3047 4749 :
3106 4696 3318 4752 etiamsi
3369 4699 3516 4752 enim
3547 4701 3628 4753 vel

2065 4785 2289 4839 minime
2327 4784 2703 4839 attenderetur
2724 4785 2968 4850 ruditati,
3001 4803 3070 4841 ne
3116 4786 3292 4842 dicam
3321 4789 3625 4860 imperitiae,

2063 4871 2396 4939 Latinitatis,
2457 4874 2761 4938 rarissime,
2803 4884 2863 4930 ut
2919 4877 3032 4946 jam
3083 4877 3218 4944 dixi,
3257 4888 3438 4935 textus
3476 4879 3626 4935 Scri-

2063 4976 2234 5038 ptln'aa
2264 4966 2532 5037 interpres
2560 4967 2940 5022 animadvertit
2968 4978 3023 5023 et
3043 4972 3298 5041 agnovit;
3322 4989 3421 5028 nec
3442 4974 3628 5030 forsan

2061 5060 2244 5115 minus
2294 5075 2421 5114 raro
2477 5061 2718 5116 auctoris
2794 5060 2877 5114 sui
2936 5063 3094 5130 plene
3143 5079 3366 5118 sensum
3424 5067 3619 5138 attigit.

2061 5155 2190 5208 lude
2247 5153 2449 5206 factum
2505 5159 2590 5207 est
2662 5163 2717 5207 ut
2766 5155 2988 5224 zsaepius
3055 5157 3472 5229 inintelligibilis
3531 5171 3628 5216 aut

2061 5246 2328 5300 barbarus
2407 5244 2651 5314 prodiret
2726 5246 2852 5314 tius
2930 5247 3106 5302 sancti
3175 5248 3473 5306 Clementis
3545 5253 3624 5306 la-

2095 5354 2176 5392 Ol'.

2095 5354 2176 5392 or.

2058 5339 2092 5393 Β
2127 5427 2417 5494 Exhorrui,
2447 5425 2641 5490 fateor,
2671 5425 2811 5479 hanc
2831 5425 3201 5483 dillicultatum
3228 5430 3418 5486 silvam
3449 5431 3629 5501 ingre-

2059 5521 2256 5575 diendo
2281 5539 2296 5574 :
2327 5533 2428 5574 nec
2455 5516 2680 5574 deerant
2709 5519 2946 5574 rationes
2992 5521 3190 5589 quibus
3240 5523 3310 5577 ab
3340 5522 3425 5578 his
3462 5523 3630 5576 extri-

391 5631 424 5668 a
459 5615 728 5684 suspectis
750 5616 1003 5672 manibus
1041 5614 1222 5671 oblata
1275 5629 1386 5671 non
1425 5615 1561 5672 satis
1591 5621 1803 5671 mature
1825 5629 1962 5684 pon-
1993 5599 2035 5656 Β
2064 5613 2255 5667 candis
2284 5611 2466 5667 dumis
2489 5625 2816 5667 removerer.
2849 5610 2948 5665 Hic
2977 5613 3121 5667 enim
3162 5614 3314 5669 labor
3344 5615 3489 5685 exigi
3521 5630 3626 5667 non
3681 5647 3685 5650 -

390 5706 672 5764 derassent

2069 5711 2247 5776 potest
2287 5702 2356 5759 ab
2385 5703 2640 5774 episcopo
2686 5701 2834 5760 mille
2891 5702 3016 5760 aliis
3059 5705 3318 5776 gravibus
3363 5706 3515 5764 curis
3545 5707 3624 5760 in-
