3784 6282
228 321 327 365 ,.

139 321 742 542 Qﬁﬁ‘fﬁ

160 506 797 623 9:1?fmesfhfga
831 523 1340 623 elucubrationem
1370 549 1561 597 meam,
1595 506 1877 604 postquam

176 588 236 611 ⁷
744 606 758 617 _
1733 588 1750 603 .

176 588 804 704 ὦοῗίξξῖςθιιετιε
844 609 1050 670 fetum
1101 635 1133 673 a
1164 621 1337 676 sodali
1377 624 1575 678 editum
1606 630 1715 677 tam
1764 624 1879 678 dire

664 691 1124 785 Exmandebam
1177 725 1391 779 quoque
1438 712 1726 778 modicum,
1786 711 1879 783 qui

221 789 460 880 ‘Qefaﬂ
512 793 751 880 posset,
802 791 1003 862 hujus
1051 801 1299 867 opusculi
1355 801 1633 857 fructum:
1684 802 1879 859 l‘ratres

250 874 409 946 enim
435 874 623 926 nostri
656 889 976 947 errantes,
1013 886 1122 941 hoc
1150 889 1295 943 edito
1342 890 1536 955 libello,
1565 906 1671 945 non
1704 893 1881 948 minus

282 974 443 1044 quam
486 970 661 1018 antea
711 967 1058 1040 virginitati
1095 976 1290 1031 infensi
1320 989 1497 1043 erunt,
1526 981 1733 1035 etiamsi
1763 982 1881 1036 luce

302 1053 492 1116 clarius
523 1057 878 1124 probaretur
911 1065 1261 1120 authenticas
1282 1082 1402 1121 esse
1437 1069 1608 1122 sancti
1637 1069 1882 1125 Clemen-

323 1148 387 1200 tis
410 1143 684 1214 Epistolas
725 1150 799 1203 ad
835 1150 1125 1222 Virgines.
1147 1153 1262 1207 Non
1289 1155 1549 1223 siquidem
1573 1157 1700 1210 huic
1748 1173 1882 1226 pon-

332 1236 437 1288 tiﬁci
461 1236 676 1289 felicior
706 1240 1013 1311 obtingere
1042 1258 1163 1298 sors
1192 1252 1366 1311 potest
1385 1259 1545 1313 quam
1566 1246 1690 1301 divo
1714 1246 1882 1302 Paulo

335 1327 462 1393 cujus
494 1334 617 1381 erat
676 1330 1026 1402 discipulus.
1082 1335 1342 1388 Catholici
1404 1338 1502 1390 hoc
1537 1352 1676 1390 novo
1724 1353 1882 1409 argu-

337 1420 491 1467 mento
519 1430 631 1468 non
690 1417 954 1489 indigent
988 1429 1049 1474 ut
1102 1421 1403 1474 doctrinam
1444 1431 1642 1477 sancta:
1696 1426 1881 1481 matris

340 1502 570 1558 Ecclesia:
589 1510 1042 1563 commendatam
1068 1510 1317 1564 habeant.
1368 1510 1622 1579 Tandem,
1655 1515 1879 1580 aiebam,

340 1592 501 1648 siDeo
527 1596 811 1664 placuerit
860 1600 1140 1654 emendari
1181 1608 1235 1655 et
1289 1603 1611 1671 explicatum
1667 1607 1884 1674 prodire

342 1700 456 1753 opus
485 1685 664 1749 istud,
721 1687 906 1741 lucem
966 1703 1031 1743 ac
1074 1689 1423 1753 voluntatem,
1459 1700 1518 1744 ut
1554 1692 1879 1760 perﬁciatur,

342 1773 615 1842 inspirabit
644 1775 747 1829 uni
783 1792 855 1832 ex
884 1785 968 1831 tot
996 1778 1102 1848 piis
1152 1777 1463 1835 doctoribus
1488 1781 1581 1849 qui
1628 1781 1882 1838 insudant

342 1864 479 1919 hodie
497 1866 553 1919 in
576 1866 850 1922 eruendis
885 1875 940 1923 et
962 1866 1276 1936 evulgandis
1296 1874 1375 1921 tot
1402 1875 1640 1924 veterum
1666 1869 1882 1928 Patrum

339 1951 597 2007 thesauris
630 1954 1000 2008 absconditis.

398 2038 625 2110 Semper
665 2048 850 2092 nmen
884 2041 1243 2106 perseveravit
1270 2041 1325 2097 in
1346 2058 1432 2098 me
1457 2053 1634 2100 motus
1662 2046 1885 2103 interior

336 2140 431 2193 quo
458 2128 525 2179 ad
558 2124 718 2179 hunc
758 2126 1004 2181 laborem
1035 2130 1283 2199 urgebar.
1319 2133 1403 2186 An
1459 2134 1549 2188 ille
1581 2144 1756 2201 motus
1789 2153 1883 2193 su-

332 2212 693 2280 pernaturalis
731 2212 899 2267 fuerit
956 2229 1059 2268 nec
1088 2216 1370 2280 aﬁirmare,
1427 2234 1527 2274 nec
1574 2236 1768 2291 negare
1787 2239 1886 2277 au-

328 2299 439 2355 deo.
464 2300 661 2355 Dicam
694 2303 1043 2357 solummodo
1061 2303 1204 2372 quod
1232 2320 1327 2373 per
1361 2306 1537 2374 plures
1557 2324 1724 2364 annos
1752 2325 1884 2365 cun-

328 2397 558 2444 ctantem
590 2396 827 2445 sanctus
854 2389 1104 2447 Clemens
1132 2394 1278 2449 intus
1307 2409 1528 2463 arguere
1560 2412 1644 2451 me
1668 2398 1885 2452 videba-

328 2484 440 2542 tur;
469 2479 639 2547 quasi
665 2478 1043 2547 ﬁdejussorem
1056 2488 1111 2534 et
1127 2480 1425 2549 adjutorem
1452 2486 1629 2552 cperis
1653 2484 1883 2539 oﬁ’erens

330 2579 439 2621 sese
472 2585 488 2621 :
523 2574 590 2621 ut
616 2567 1078 2637 quemadmodum
1108 2569 1221 2638 ipse
1253 2571 1607 2641 virginitatem
1637 2574 1884 2631 laudibus

327 2666 712 2718 erornaverat,
747 2657 1034 2726 cautisque
1071 2658 1290 2713 monitis
1336 2675 1452 2713 eam
1486 2664 1881 2729 praemunierat,

329 2746 402 2800 sic
423 2763 529 2817 ego
559 2746 935 2815 Epistolarum
963 2763 1183 2803 suarum
1204 2749 1666 2805 authenticitatem
1693 2760 1882 2806 contra

327 2835 682 2891 oblocutores
707 2836 923 2891 naviter
964 2837 1232 2893 ﬁrmarem
1268 2858 1282 2894 :
1321 2840 1410 2908 qui
1455 2841 1589 2893 enim
1627 2842 1791 2909 aperit
1825 2858 1882 2894 os

330 2935 595 3005 natorum
627 2927 674 2992 ⁸,
719 2927 907 2992 etiam,
943 2928 1162 2995 quando
1208 2929 1343 2994 vult,
1392 2930 1798 2999 loquacissimos
1829 2938 1882 2986 et

330 3016 734 3073 audacissimos
771 3025 954 3073 mutos
973 3018 1154 3074 eﬁicit.

392 3105 577 3171 Quare
603 3107 822 3163 diutius
855 3110 1207 3172 luesitassem,
1231 3123 1352 3164 cum
1383 3111 1543 3180 hujus
1570 3112 1756 3181 libelli,
1787 3131 1882 3185 per

326 3204 403 3251 tot
428 3198 640 3251 saecula
695 3197 1032 3262 absconditi,
1065 3201 1358 3269 publicatio
1386 3202 1452 3257 ad
1496 3204 1753 3273 majorem
1788 3205 1881 3262 Dei

327 3284 557 3353 gloriam
597 3293 657 3340 et
721 3286 792 3339 ad
837 3296 1045 3341 sancta:
1096 3290 1283 3345 matris
1318 3290 1569 3346 Ecclesiae
1628 3292 1881 3349 honorem

327 3388 551 3445 vergere
586 3383 721 3430 nata
745 3377 927 3431 esset?

390 3465 557 3521 Certe
586 3465 639 3520 si
668 3465 788 3520 sola
812 3466 1121 3536 eloquentia
1154 3468 1208 3522 in
1238 3470 1456 3539 scriptis
1481 3469 1715 3540 antiquis
1736 3486 1881 3540 quae-

323 3571 563 3625 reretur,
591 3563 653 3616 in
674 3562 952 3618 oblivione
982 3565 1210 3634 relinqui
1241 3568 1540 3635 potuissent
1566 3570 1737 3623 sancti
1761 3569 1881 3625 Cle-

323 3654 528 3707 mentis
552 3651 822 3721 Epistola:
858 3667 996 3722 quas
1047 3654 1427 3722 publicamus:
1479 3658 1599 3711 libri
1652 3674 1882 3729 namque

322 3741 849 3811 superabundantes
899 3742 1173 3810 politioris
1222 3744 1535 3802 litteratum
1571 3754 1625 3802 et
1673 3748 1882 3804 eximia:

318 3846 556 3900 poeseos
586 3831 953 3901 undequaque
973 3833 1040 3886 ad
1060 3847 1160 3887 nos
1180 3844 1555 3902 pervenerunt.
1584 3836 1649 3890 Et
1677 3837 1880 3892 utinam

319 3925 626 3992 periissent
653 3929 735 3977 tot
777 3936 943 3992 opera
991 3923 1148 3992 plena
1199 3924 1529 3982 fmditatibus
1563 3934 1618 3983 et
1648 3929 1879 3983 immun-

318 4011 473 4066 ditiis
523 4011 728 4067 vitium
777 4012 1054 4080 eleganter
1102 4011 1528 4070 insinuantibusl
1578 4015 1811 4079 Utinam,
1851 4035 1883 4075 e

317 4109 548 4168 contra,
602 4100 916 4155 conservati
984 4099 1231 4165 fuissent,
1284 4118 1468 4157 eorum
1520 4105 1675 4169 loco,
1722 4108 1881 4163 innu-

316 4192 458 4247 meri
516 4201 846 4247 sanctorum
895 4190 1119 4246 Patrum
1186 4194 1423 4248 thesauri
1500 4195 1695 4264 injuria
1745 4206 1880 4253 tem-

315 4295 519 4351 porum
593 4280 842 4347 amissi,
925 4281 1309 4352 coelestemque
1378 4284 1691 4354 sapientiam
1768 4289 1880 4358 spi-

314 4382 506 4429 rantes
523 4374 539 4427 ι

609 4564 852 4604 ιιιιετιωι
877 4562 1040 4603 HUIUS
1059 4563 1355 4606 IONUIENTI
1377 4566 1608 4614 ANTIQUI.

388 4640 625 4702 Verum,
661 4641 762 4694 has
793 4641 939 4694 inter
965 4640 1203 4703 divitias,
1244 4643 1379 4695 tanti
1430 4644 1590 4696 nulla:
1629 4643 1878 4697 aestimari

309 4729 524 4787 debent
551 4729 749 4798 quanti
779 4728 1026 4781 virorum
1079 4729 1487 4795 apostolicorum
1520 4731 1715 4800 scripta
1765 4746 1882 4800 qua:

311 4821 497 4890 prima
524 4819 978 4874 Christianorum
1004 4818 1229 4886 vestigia
1256 4820 1409 4875 nobis
1460 4819 1728 4889 detegunt,
1748 4837 1882 4891 prae-

311 4908 477 4977 cipue
500 4912 686 4959 autem
716 4903 764 4958 si
794 4918 861 4956 ex
896 4902 984 4956 his
1016 4901 1085 4953 ad
1115 4917 1213 4957 nos
1249 4905 1430 4959 reboet
1485 4906 1725 4973 quaedam
1748 4907 1881 4962 echo

312 5002 527 5051 remota
558 4992 864 5063 pontiﬁeiae
912 4991 1072 5044 vocis
1102 5006 1219 5058 qua:
1244 4994 1454 5060 penitus
1481 4994 1745 5048 exstincta
1773 5011 1884 5050 cre-

314 5086 573 5142 debatur.
606 5084 768 5149 Quis,
801 5096 1000 5152 porro,
1037 5094 1225 5142 sonus,
1254 5089 1374 5148 post
1404 5082 1765 5151 apostolorum
1789 5100 1884 5139 vo-

312 5191 456 5242 cem,
486 5174 695 5228 clarior
747 5172 919 5225 nobis
967 5169 1056 5223 vel
1084 5168 1297 5224 charior
1330 5186 1450 5226 esse
1486 5178 1662 5238 potest
1722 5188 1883 5242 quam

315 5280 417 5318 vox
444 5263 621 5318 sancti
655 5258 974 5315 Clementis
1006 5270 1130 5323 qua:
1157 5256 1313 5312 toties
1343 5258 1397 5312 in
1449 5258 1683 5313 ﬁdelium
1731 5262 1885 5315 coeti-

1246 329 1593 388 EPISTOLE
1645 330 1736 386 AD
1803 331 2135 389 VIRGINES.
2167 363 2235 374 --
2266 329 2620 387 PROCEMIA.

802 432 1104 495 sciebam
1152 445 1412 501 sectarios
1460 461 1566 501 non
1615 445 1877 514 aequiores
1906 451 1950 507 Α
1976 448 2069 502 sed
2097 455 2152 502 et
2172 447 2442 515 defunctus
2476 446 2645 499 adhuc
2671 445 2872 499 locutus
2892 454 2969 498 est
2989 446 3032 508 ’,
3059 444 3208 507 dum,
3224 459 3320 513 per
3346 444 3499 513 plura

1911 1752 1953 1805 Β

3395 333 3499 388 83R

1976 538 2191 601 saecula,
2222 536 2391 607 ipsius
2418 536 2619 605 scripta
2663 534 2907 591 ﬁdelibus
2942 535 3262 604 legerentur.
3289 531 3364 585 Eo
3402 547 3501 601 pu-

1974 627 2087 681 rior
2135 642 2271 696 aqua
2295 634 2475 680 manat
2496 641 2603 696 quo
2631 627 2762 682 fonti
2791 625 3138 696 propinquior
3183 632 3283 678 est.
3334 621 3501 676 Nemo

1974 731 2101 771 vero
2126 716 2298 770 nescit
2327 714 2481 769 ﬁdem
2511 730 2574 769 ac
2621 715 2831 770 vivendi
2861 715 3085 769 formam
3131 714 3278 769 cordi
3327 712 3498 767 sancti

1975 803 2266 858 Clementis
2296 803 2583 859 instillatus
2632 803 2801 860 fuisse
2843 806 2912 858 ab
2960 806 3091 873 ipsis
3121 801 3374 873 apostolis
3400 800 3501 855 Pe-

1975 900 2060 946 tro
2084 903 2137 948 et
2157 893 2323 946 Paulo
2351 908 2576 962 quorum
2592 895 2898 964 discipulus
2927 903 3062 949 erat.
3086 894 3285 948 Horum
3324 906 3501 947 mores

1978 982 2348 1038 sanctissimos
2374 995 2554 1034 coram
2580 981 2806 1038 intuitus
2831 991 2934 1047 est,
2955 986 3267 1052 exterisque
3289 982 3500 1035 intuen-

1978 1070 2077 1124 dos
2106 1084 2169 1124 ac
2199 1071 2486 1127 imitandos
2518 1075 2797 1143 proposuit
2848 1092 2861 1128 :
2917 1073 3111 1144 dignus
3142 1071 3381 1142 proiecto
3408 1069 3500 1138 qui

1979 1159 2047 1212 ab
2093 1159 2209 1228 ipso
2254 1158 2410 1215 Petro
2456 1162 2509 1215 in
2579 1177 2945 1216 successorem
2998 1163 3333 1231 eligeretur:
3385 1160 3503 1228 ejus

1977 1249 2174 1317 quippe
2205 1251 2453 1314 scientia,
2474 1251 2605 1312 vita,
2638 1250 2948 1320 martyrium
2978 1252 3111 1306 satis
3157 1251 3450 1320 probarunt
3471 1264 3503 1301 a

1978 1338 2116 1390 coelo
2170 1337 2483 1407 inspiratam
2541 1337 2710 1393 fuisse
2782 1347 2892 1392 tam
2962 1338 3211 1392 eximiam
3278 1338 3501 1393 electio-

1978 1440 2120 1479 nem.

2049 1513 2215 1579 Quale
2264 1513 2363 1568 fuit
2409 1515 2553 1570 illius
2599 1516 2849 1569 meritum
2895 1515 3052 1584 cujus
3107 1512 3507 1584 prmdestinatio

1978 1601 2209 1671 gloriosa
2238 1602 2308 1656 ab
2337 1602 2454 1672 ipso
2486 1602 2642 1658 beato
2680 1601 2842 1656 Paulo
2884 1601 3134 1671 praedicta
3185 1599 3297 1653 est!
3337 1596 3505 1664 Quem

1979 1693 2222 1747 certatim
2276 1694 2518 1747 laudibus
2556 1693 2784 1747 eﬁ‘erunt
2818 1692 3067 1746 maximis
3119 1688 3357 1760 lgnatius
3396 1687 3508 1741 An-

1980 1782 2277 1845 tiochenus,
2309 1782 2538 1837 lrenaaus
2581 1782 2975 1851 Lugdunensis,
3004 1780 3251 1834 Clemens
3277 1778 3508 1831 Alexan-

1979 1870 2186 1932 drinus,
2237 1869 2513 1939 Origenes,
2569 1870 2854 1934 Eusebius,
2893 1869 3240 1931 Athanasius,
3271 1866 3505 1937 Cyrillus

1980 1954 2516 2028 Hierosolymitanus,
2573 1956 2799 2026 Optatus
2866 1955 3220 2019 Milevitanus,
3276 1953 3509 2022 Epipha-

1980 2046 2126 2109 nius,
2156 2046 2408 2109 Basilius,
2436 2045 2813 2115 Hieronymus,
2843 2044 3103 2109 ‘Ruﬁnus,
3152 2043 3508 2112 Augustinus,

1980 2135 2277 2190 Eucherius
2305 2133 2695 2204 Lugdunensis,
2730 2134 3103 2202 innumerique
3130 2133 3253 2186 aliil

2047 2224 2165 2279 Non
2196 2224 2324 2279 sola:
2351 2224 2525 2278 sancti
2548 2223 2837 2278 Clementis
2878 2224 2945 2278 ad
2989 2223 3232 2293 Virgines
3258 2219 3510 2292 Epistolze

1980 2323 2278 2384 temporum
2310 2315 2559 2383 injuriam
2614 2315 2909 2379 subierant,
2962 2316 3190 2385 plurima
3236 2314 3341 2367 alia
3372 2312 3509 2366 tanti

1980 2404 2248 2473 pontiﬁcis
2276 2408 2477 2474 scripta
2526 2405 2725 2459 amissa
2754 2412 2899 2468 sunt,
2940 2412 2993 2458 et
3033 2420 3152 2473 qua:
3197 2409 3505 2470 supersunt,

1981 2505 2072 2550 aut
2100 2497 2284 2551 mutila
2335 2504 2427 2552 aut
2476 2506 2727 2566 corrupta
2771 2498 2835 2550 ad
2882 2512 2983 2552 nos
3007 2496 3322 2551 transmissa
3359 2505 3503 2550 sunt.

1980 2586 2231 2641 Dominus
2261 2594 2435 2640 autem
2492 2587 2580 2654 qui
2628 2585 2850 2639 custodit
2904 2602 3021 2639 ossa
3049 2586 3357 2640 Sanctorum
3387 2598 3508 2636 suo-

1980 2692 2095 2728 rum
2125 2675 2165 2738 ',
2224 2688 2414 2743 eaque,
2448 2687 2569 2727 cum
2626 2674 2723 2728 sibi
2775 2674 2972 2743 placet,
3021 2672 3244 2733 revelat,
3307 2669 3509 2738 scripta

1981 2764 2139 2817 etiam
2169 2778 2354 2817 eorum
2405 2762 2746 2832 quandoque,
2791 2778 2887 2832 per
2939 2761 3247 2831 quemlibet,
3296 2759 3509 2814 etiamsi

1981 2850 2232 2905 Ecclesia:
2259 2850 2534 2904 catholicae
2565 2860 2895 2914 extraneum,
2923 2848 3247 2903 manifestat.

2052 2940 2160 3008 Sic,
2214 2955 2355 2995 anno
2400 2940 2558 3004 1653,
2608 2939 2953 2993 doctissimus
2982 2936 3175 2993 Junius
3213 2935 3503 3002 Patricius,

1906 3052 1951 3113 ο
1981 3029 2302 3086 Oxoniensis
2325 3068 2343 3094 ,
2372 3029 2539 3084 edidit
2575 3027 2756 3083 Grzece
2787 3027 3078 3097 Latineque
3106 3027 3330 3098 primam
3364 3025 3509 3094 ejus-

1960 3123 2103 3193 dem
2132 3121 2303 3175 sancti
2330 3118 2619 3175 Clementis
2656 3118 2947 3188 Epistolam
2978 3116 3043 3171 ad
3087 3114 3413 3179 Corinthios,
3444 3130 3511 3168 ex

1986 3211 2360 3280 antiquissimo
2412 3208 2776 3278 manuscripto
2831 3206 3211 3262 Alexandrino.
3261 3203 3371 3268 Sic,
3401 3203 3512 3257 fere

1984 3298 2172 3354 diebus
2201 3297 2423 3360 nostris,
2444 3295 2675 3351 Joannes
2704 3287 2936 3349 Iacobus
2974 3293 3293 3355 Wetstinus,
3324 3306 3355 3346 e
3387 3305 3512 3360 pro-

1980 3385 2295 3440 testantium
2350 3387 2507 3439 etiam
2540 3398 2714 3454 grege,
2756 3381 2971 3453 Syriaco
2999 3397 3062 3437 ac
3110 3380 3296 3435 Latine
3322 3378 3508 3443 edidit,

1986 3474 2227 3545 Lugduni
2255 3474 2592 3539 Batavorum,
2617 3473 2751 3527 duas
2778 3473 2909 3525 alias
2936 3472 3108 3525 sancti
3133 3470 3419 3525 Clementis
3442 3469 3508 3523 ad

1985 3564 2231 3633 Virgines
2269 3564 2559 3633 Epistolas,
2614 3578 2750 3632 quas
2778 3577 2845 3616 ex
2898 3560 3117 3630 antiquo
3144 3559 3510 3627 manuscripto

1988 3653 2209 3725 Syriaco
2260 3653 2394 3709 Novi
2445 3653 2790 3717 Testamenti,
2831 3651 3016 3720 Alepo,
3069 3649 3137 3703 ab
3191 3648 3510 3718 imperatore

1985 3744 2282 3798 Turcarum
2314 3743 2500 3806 misso,
2528 3742 2689 3798 eruit.

2053 3833 2282 3887 Litteras
2328 3832 2498 3887 sancti
2552 3828 2844 3885 Clementis
2891 3828 2958 3882 ad
3001 3826 3309 3882 Corinthios
3347 3833 3505 3882 vocat

1984 3932 2202 3980 sanctus
2242 3923 2470 3977 lrenzeus
2505 3921 2885 3989 potentissimas
2917 3918 2959 3973 ⁸.
3011 3917 3246 3971 Primam
3293 3917 3360 3971 ad
3406 3933 3502 3973 eos

1988 4016 2276 4086 Epistolam
2312 4021 2531 4069 sanctus
2561 4011 2914 4080 Hieronymus
2946 4014 3175 4063 testatur
3224 4008 3509 4077 specialius

1984 4119 2102 4158 esse
2128 4102 2274 4157 valde
2301 4101 2497 4154 utilem.
2539 4118 2557 4150 ι
2603 4097 2725 4151 Haec
2756 4096 2998 4159 videtur,
3046 4098 3155 4161 ait,
3205 4097 3506 4152 characteri

1986 4192 2249 4262 Epistolas,
2273 4205 2390 4259 qua:
2410 4186 2516 4243 'sub
2538 4187 2686 4241 Pauli
2715 4185 2929 4240 nomine
2957 4185 3024 4261 ad
3045 4186 3290 4243 Hebraeos
3320 4186 3506 4251 fertur,

1984 4281 2266 4337 convenire
2294 4280 2367 4334 ’.ι
2405 4278 2546 4332 idem
2588 4284 2805 4332 sanctus
2848 4277 3038 4331 doctor
3069 4278 3274 4332 dubitat
3313 4276 3379 4331 de
3404 4292 3503 4329 au-

1918 4364 1960 4418 D
1988 4371 2317 4426 thenticitate
2351 4368 2660 4438 posterioris
2719 4367 2956 4439 epistola:
2984 4368 3155 4423 sancti
3217 4368 3505 4423 Clementis

1982 4460 2050 4514 ad
2075 4458 2404 4514 Corinthios.

1986 4653 2235 4694 IOIENTA
2287 4653 2403 4700 ρυλε
2451 4653 2718 4693 Αετιιιωιιτ
2769 4652 3078 4691 κοδτιιλιιυιι
3142 4650 3507 4714 ειηετοιλιιιξιι

2491 4720 3003 4761 Αυτιιειητιειτλτειι.
3444 4722 3454 4735 ⁸

2055 4815 2129 4871 De
2159 4817 2420 4872 ambabus
2465 4816 2719 4885 Epistolis
2751 4831 2887 4884 quas
2915 4815 3092 4876 hodie,
3138 4821 3259 4883 post
3286 4813 3507 4869 Wetsti-

1984 4921 2134 4967 num,
2159 4905 2514 4973 publicamus,
2539 4905 2751 4958 locutus
2780 4910 2861 4956 est
2889 4910 3108 4958 sanctus
3127 4900 3502 4972 Hieronymus,

1940 5042 1945 5047 .
1983 4996 2075 5049 lib.
2104 5012 2122 5048 ι
2163 5005 2342 5049 contra
2366 4992 2699 5048 Iovinianum
2725 5032 2740 5058 ,
2765 4993 2949 5046 dicens
2974 5009 2988 5046 :
3045 5010 3064 5043 ι
3092 4990 3154 5045 Hi
3186 5001 3310 5046 sunt
3336 5009 3504 5048 eunu-

315 5354 414 5411 hus
446 5370 610 5412 aures
647 5358 907 5408 attentas
951 5345 1223 5411 implevit,
1253 5355 1465 5415 pectora
1507 5358 1692 5402 sancta
1736 5366 1886 5404 com-
1939 5350 1947 5360 '

310 5448 495 5505 movit!
524 5445 652 5500 Non
686 5438 868 5496 modo
898 5445 1149 5499 namque
1196 5432 1309 5502 ipse
1346 5436 1527 5492 vivens
1553 5437 1880 5505 praedicavit,

348 5630 367 5665 ι
391 5627 527 5700 δερ,
563 5637 627 5687 ι,
656 5614 755 5668 21.

1984 5085 2072 5137 chi
2099 5099 2235 5154 quos
2291 5084 2549 5138 castravit
2581 5098 2689 5137 non
2738 5081 3051 5144 necessitas,
3099 5082 3193 5135 sed
3234 5084 3499 5146 voluntas,

1985 5182 2198 5243 propter
2224 5188 2445 5241 regnum
2489 5173 2764 5226 caelorum.
2795 5171 2873 5224 Ad
2898 5172 2997 5225 hos
3026 5178 3079 5223 et
3105 5170 3350 5226 Clemens
3380 5188 3502 5225 suc-

1986 5279 2169 5318 cessor
2191 5262 2418 5332 apostoli
2465 5260 2608 5314 Petri
2638 5261 2847 5330 scripsit
2872 5261 3155 5330 epistolas;
3187 5278 3503 5332 omnemque

1986 5366 2118 5421 pene
2142 5364 2441 5406 sermonem
2472 5364 2627 5403 suum
2656 5351 2723 5404 de
2751 5351 3074 5419 virginitatis
3103 5353 3335 5421 puritate
3372 5367 3501 5406 con-

1986 5440 2184 5494 texuit:
2212 5446 2263 5494 et
2291 5438 2540 5506 deinceps
2569 5438 2722 5492 multi
2747 5438 3043 5507 apostolici,
3062 5446 3116 5493 et
3142 5444 3423 5510 martyres,
3450 5445 3507 5495 et

855 5607 880 5639 ⁸
911 5604 1093 5661 Hebr.
1122 5620 1199 5668 ιι,
1228 5605 1280 5659 4.
1353 5608 1373 5640 ³
1400 5606 1539 5664 Psal.
1569 5623 1758 5679 xxxlu,
1782 5613 1873 5669 2L

1996 5618 2033 5674 Ι.
2068 5632 2147 5683 ιιι,
2175 5632 2204 5669 c
2270 5608 2323 5671 5.
2393 5615 2413 5646 '
2437 5615 2506 5669 De
2543 5616 2719 5685 script.
2770 5614 2919 5682 πει..
2948 5631 2998 5672 c.
3032 5613 3119 5671 l5.
