3784 6272
423 287 522 341 359

1187 288 1240 340 S.
1277 284 1660 340 CLEMENTIS
1693 285 1711 336 I
1746 285 1908 341 ROM.
1946 288 2143 343 PONT.
2181 290 2402 345 UPERA
2433 290 2766 346 GENUINA.

3579 288 3679 343 56(

422 402 655 454 illustres
681 408 785 453 tam
815 404 1092 455 sanctitate
1125 415 1283 469 quam
1313 401 1615 469 eloquentia
1641 401 1779 464 viri,
1807 417 1942 471 quos
1969 422 2013 476 Α
2044 404 2122 457 las
2139 404 2203 457 ad
2220 405 2726 460 Corinthios.Patet
2748 403 2925 458 etiam
2950 401 3153 455 Graece
3177 398 3479 466 scriptum
3509 400 3685 457 (nissi-

416 505 484 545 ex
511 490 740 559 propriis
775 492 988 559 scriptis
1015 505 1172 545 nosse
1194 491 1444 558 perfacile
1478 498 1610 545 est.»

488 583 560 637 De
591 584 779 638 iisdem
805 583 1058 652 Epistolis
1093 583 1172 637 sic
1202 583 1435 653 l0quitur
1465 589 1686 636 sanctus
1717 581 1947 650 Epipha-

417 672 539 727 nius
564 672 584 703 °
617 691 630 725 :
663 689 681 721 ‹
713 673 830 740 Ipse
854 672 1098 726 Clemens
1149 672 1270 725 illos
1316 686 1408 740 per
1435 671 1614 724 omnia
1656 670 1852 724 refutat
1888 671 1944 723 in

416 761 502 814 his
530 776 663 829 quas
690 761 906 829 scripsit
930 761 1168 829 epistolis
1193 761 1546 814 circularibus
1575 775 1694 829 quae
1723 762 1775 812 in
1818 775 1943 814 san-

415 850 518 904 ctis
549 850 800 905 Ecclesiis
825 851 1133 918 leguntur...
1152 850 1526 919 Virginitatem
1547 849 1795 904 Clemens
1817 849 1941 902 edo-

413 939 525 991 cuit
555 955 570 1003 ;
599 939 688 993 isti
721 941 1018 1008 repudiant.
1054 939 1144 993 Ille
1169 940 1331 992 etiam
1360 937 1609 991 Davidem
1637 946 1691 991 et
1719 937 1937 994 Samso-

416 1043 534 1081 nem
557 1042 845 1098 omnesque
869 1029 1153 1097 prophetas
1174 1027 1538 1092 commendat;
1563 1026 1820 1080 Ebionitm
1840 1026 1933 1080 de—

415 1121 694 1170 testantur.
710 1136 729 1168 ι

479 1203 601 1261 Haec
647 1207 829 1270 verba,
903 1205 1202 1259 certissime
1260 1206 1391 1259 adeo
1443 1206 1588 1259 clare
1647 1204 1934 1272 designant

407 1295 658 1362 epistolas
691 1308 824 1361 quas
873 1295 939 1348 de
970 1294 1286 1364 Virginitate
1319 1297 1536 1364 scripsit
1566 1305 1786 1352 sanctus
1813 1298 1934 1354 Cle-

406 1398 575 1448 mens,
628 1393 687 1435 ut
735 1383 801 1437 de
847 1399 1033 1436 earum
1071 1385 1351 1438 existentia
1396 1386 1629 1439 dubitari
1679 1397 1927 1455 nequeat.

404 1472 707 1538 Enimvero,
737 1484 954 1529 sanctus
997 1475 1263 1539 Clemens,
1295 1476 1448 1543 juxta
1497 1476 1708 1528 beatum
1743 1475 1931 1532 Hiero-

402 1580 639 1636 nymum,
656 1567 894 1620 omnium
918 1567 1152 1620 virorum
1172 1568 1583 1636 apostolicorum
1605 1575 1929 1637 martyrum-

401 1673 503 1724 que
529 1658 815 1711 sanctitate
845 1672 906 1711 ac
954 1660 1255 1726 eloquentia
1299 1658 1584 1712 illustrium
1622 1661 1713 1727 qui
1764 1661 1925 1714 hocce

2046 493 2388 562 archetypum
2417 496 2647 548 duarum
2678 494 3070 563 Epistolarum
3103 491 3176 543 ad
3217 488 3491 556 Virgines
3527 503 3541 537 :
3572 505 3688 541 ver-

2044 582 2125 636 sio
2149 584 2343 652 quippe
2377 583 2600 654 Syriaca
2622 587 2783 654 plura
2816 581 3191 639 conservavit
3226 578 3520 634 vocabula
3569 594 3688 647 qua:

2011 678 2013 680 '
2043 671 2398 728 mcre'Grzeca
2421 683 2548 728 sunt
2568 676 2668 743 (1).
2695 674 2980 743 Tempore
2995 686 3118 742 quo
3143 677 3401 725 sanctus
3435 669 3684 736 pontifex

2041 762 2277 830 scripsit,
2301 763 2447 815 nulla
2465 763 2826 831 probabiliter
2877 761 3174 817 existebat
3233 759 3437 812 adhuc
3493 772 3683 819 sacra-

2038 865 2157 903 rum
2205 851 2608 921 Scripturarum
2642 853 2827 907 versio
2894 851 3129 913 Latina,
3172 849 3394 902 saltem
3447 849 3685 901 authen-

2037 940 2143 992 tica
2169 954 2184 990 :
2217 949 2269 995 et
2297 941 2421 995 inde
2451 942 2651 1009 conjici
2682 947 2869 1010 potest
2897 955 3007 994 cur
3035 938 3248 993 Graece
3279 937 3486 1006 potius
3518 951 3682 1006 quam

2036 1026 2221 1080 Latine
2250 1036 2472 1082 sanctus
2500 1029 2756 1084 Clemens
2784 1044 2959 1097 opera
3002 1043 3115 1082 sna
3159 1027 3484 1095 scripserit
3511 1042 3527 1077 :
3557 1041 3681 1080 cum

2033 1117 2207 1178 enim,
2272 1125 2331 1169 ut
2395 1118 2731 1186 plurimum,
2803 1135 2873 1173 ex
2933 1119 3138 1172 verbis
3208 1118 3410 1172 sacris
3467 1133 3683 1172 sermn-

2032 1217 2153 1256 nem
2185 1219 2342 1258 suum
2373 1207 2631 1270 texuerit,
2689 1208 2870 1260 multo
2909 1207 3296 1260 commodius
3333 1215 3393 1260 et
3426 1208 3682 1260 securius

2031 1287 2198 1341 citare
2219 1297 2428 1356 poterat
2457 1293 2875 1349 translationem
2907 1295 3181 1348 Graecam
3215 1310 3354 1364 quae
3404 1295 3462 1349 in
3508 1297 3681 1348 mani-

2029 1373 2131 1428 bus
2175 1376 2417 1430 omnium
2471 1387 2610 1442 erat,
2678 1395 2844 1448 quam
2897 1381 3241 1435 sententias
3302 1380 3366 1433 in
3420 1379 3682 1436 Latinam

2028 1472 2235 1520 vertere
2269 1467 2526 1537 linguam.
2558 1467 2746 1524 Utitur
2761 1487 2896 1541 ergo
2918 1471 3146 1540 jugiter
3180 1471 3470 1524 versione
3490 1468 3679 1522 Graeca

2028 1551 2234 1608 Veteris
2258 1555 2613 1622 Testamenti,
2648 1561 2818 1614 etiam
2879 1560 3125 1630 quando
3161 1560 3240 1612 ab
3280 1558 3570 1614 l-Iebraica
3600 1559 3680 1612 le-

2025 1642 2205 1697 ctione
2230 1647 2450 1700 recedit.
2478 1647 2635 1711 Quod
2664 1659 2821 1704 certe
2846 1666 3124 1718 magnam
3151 1650 3411 1704 denotat
3437 1650 3682 1716 antiqui-

399 1745 577 1798 thema
606 1747 939 1800 tractandum
992 1755 1370 1815 susceperunt,
1411 1749 1791 1817 antesignanus
1820 1761 1893 1804 est

2222 1737 2444 1790 istarum
2478 1737 2869 1805 Epistolarum.
2919 1740 3311 1797 Vetustatem
3357 1741 3538 1794 etiam
3598 1755 3679 1793 ar—

399 1833 508 1889 Imo
537 1837 602 1891 de
627 1838 813 1891 iisdem
843 1837 1093 1906 Epistolis
1140 1844 1370 1893 testatur
1423 1845 1640 1892 sanctus
1694 1838 1924 1909 Epipha-

395 1927 520 1981 nius
550 1943 663 1991 eas,
695 1929 869 1981 adhuc
898 1943 998 1982 suo
1049 1937 1306 1998 tempore,
1367 1929 1421 1981 in
1477 1929 1729 1985 Ecclesiis
1759 1932 1923 1986 lectas

361 2029 364 2036 '
397 2013 580 2069 fuisse.
615 2015 864 2081 Quaedam
895 2019 1112 2086 insuper
1144 2025 1326 2071 narrat
1374 2034 1490 2087 quae
1511 2021 1565 2072 in
1597 2019 1680 2073 his
1709 2019 1924 2089 Episto-

396 2107 482 2168 lis,
516 2114 567 2160 et
593 2123 854 2176 nusquam
879 2109 1028 2171 alibi,
1059 2115 1283 2163 sanctus
1311 2108 1555 2163 Clemens
1585 2116 1776 2162 tractat
1801 2129 1813 2163 :
1845 2113 1922 2162 vi-

394 2196 608 2260 delicet,
655 2213 771 2266 quae
819 2200 1066 2262 attinent,
1113 2200 1212 2252 hac
1264 2200 1321 2253 in
1375 2213 1469 2262 re,
1523 2199 1589 2251 ad
1643 2198 1916 2264 Davidem,

395 2285 706 2340 Samsonem
735 2296 787 2340 et
818 2289 1123 2356 prophetas.

461 2374 777 2431 Lambertus
806 2376 1065 2431 Gruterus
1093 2375 1413 2438 Venradius,
1446 2378 1535 2445 qui
1560 2377 1665 2430 duo
1698 2377 1808 2432 fere
1829 2392 1924 2434 sa:-

389 2464 509 2517 cula
532 2473 655 2520 ante
687 2465 1012 2520 Wetstinum
1044 2466 1333 2528 scribebat,
1360 2479 1614 2533 expresse
1649 2467 1799 2535 ponit
1822 2467 1919 2521 has

389 2549 655 2622 Epistolas
687 2555 826 2608 inter
859 2556 1027 2608 sancti
1073 2554 1362 2608 Clementis
1411 2555 1609 2622 scripta
1637 2570 1755 2623 quae
1776 2556 1920 2609 desi-

387 2644 659 2699 derantur.
717 2642 862 2697 Idem
919 2645 1083 2700 sentit
1131 2644 1414 2709 Baronius,
1456 2646 1545 2698 cui
1579 2644 1919 2701 Rondininus

385 2734 690 2787 consentire
709 2734 937 2788 videtur.

453 2822 632 2877 Abbas
667 2822 972 2886 Gratianus,
999 2823 1089 2892 qui
1118 2839 1287 2892 nuper
1310 2823 1374 2877 de
1395 2823 1578 2878 Graeco
1599 2827 1651 2879 in
1679 2824 1914 2882 Italicam

383 2908 621 2978 linguam
646 2911 882 2963 traduxit
907 2912 1132 2979 primam
1160 2911 1450 2979 Epistulam
1476 2914 1646 2966 sancti
1672 2914 1915 2968 Clemen-

386 3002 458 3054 tis
493 2997 557 3052 ad
584 3001 910 3068 Corinthios,
947 3017 1108 3069 super
1162 3002 1275 3056 haec
1304 3004 1460 3058 verba
1512 3020 1631 3072 quze
1665 3021 1813 3059 num.
1848 3005 1914 3059 38

2021 1825 2134 1892 guit
2163 1828 2401 1881 narratio
2429 1829 2653 1885 lotionis
2688 1833 2891 1899 pedum
2923 1849 3081 1902 quae,
3122 1833 3512 1902 temporibus
3558 1848 3686 1901 apo-

2021 1913 2243 1978 stolicis,
2268 1931 2297 1968 a
2317 1928 2582 1984 provecta:
2609 1919 2790 1972 anatis
2833 1923 3196 1977 mulieribus
3231 1923 3434 1976 adhuc
3453 1936 3683 1991 perage~

2021 2003 2197 2068 batur,
2219 2014 2270 2058 et
2291 2022 2430 2075 quat,
2463 2009 2521 2062 ni
2547 2009 2728 2074 fallor,
2774 2010 2990 2078 ubique
3041 2014 3322 2066 cessavit
3382 2021 3517 2084 post
3565 2013 3681 2066 dies

2019 2097 2436 2163 apostolicorum
2466 2099 2734 2154 virorum.
2776 2100 2961 2155 Nemo
3026 2101 3254 2154 mirari
3301 2100 3480 2158 debet
3531 2106 3679 2175 quod

2019 2193 2240 2241 sanctus
2265 2187 2513 2244 Clemens
2556 2190 2716 2244 initio
2743 2199 2799 2246 et
2825 2191 2941 2245 ﬁne
3005 2191 3235 2244 harum
3296 2191 3678 2260 Epistolarum

2017 2284 2240 2329 vocetur
2265 2274 2568 2346 Discipulus
2596 2279 2749 2333 Petri
2779 2281 3051 2348 apostoli,
3087 2296 3244 2334 cum
3277 2282 3482 2351 potius
3541 2281 3684 2336 beati

2018 2359 2168 2415 Pauli
2193 2363 2489 2434 discipulus
2532 2377 2828 2422 censeatur
2861 2387 2874 2421 :
2911 2368 3222 2440 Origenes
3277 2372 3470 2435 enim,
3505 2373 3682 2426 sancti

2017 2451 2306 2509 Clementis
2346 2457 2489 2508 aetati
2532 2465 2644 2510 tam
2687 2459 2935 2525 vicinus,
2978 2461 3067 2515 sic
3122 2463 3265 2530 ipse
3324 2463 3584 2532 loquitur
3627 2462 3681 2516 in

2019 2543 2312 2596 Pliilocalia
2343 2545 2363 2576 '
2402 2559 2415 2595 :
2451 2543 2691 2601 Clemens
2727 2548 3042 2615 Romanus,
3074 2551 3258 2607 Petri
3295 2555 3546 2623 apostoli
3596 2555 3680 2606 di-

2015 2630 2262 2696 scipulus.
2303 2630 2487 2700 Siqua
2517 2643 2780 2703 pmtcrea
2813 2638 2959 2694 ﬁdes
2994 2642 3381 2709 quibusdam
3417 2643 3682 2714 Βεβοςηὶ-

2017 2722 2213 2774 tionum
2241 2722 2315 2791 (‘2)
2348 2727 2759 2782 narrationibus
2793 2731 3206 2798 concedatur,
3244 2736 3482 2789 nullum
3515 2737 3682 2790 disci-

2014 2810 2198 2878 pulum
2229 2813 2311 2866 vel
2340 2815 2592 2868 comitem
2616 2818 2795 2886 magis
2827 2820 3154 2876 assiduum
3215 2837 3292 2878 ac
3348 2825 3676 2879 unanimem

2014 2900 2202 2954 habuit
2231 2903 2423 2957 beatus
2473 2903 2674 2960 Petrus
2713 2923 2888 2976 quam
2933 2919 3232 2966 sanctum
3296 2915 3673 2969 Clementem.

2015 2990 2153 3055 Quid
2176 3001 2351 3048 autem
2388 2995 2731 3062 Incredibile,
2765 3000 2882 3054 imo
2918 3001 3065 3070 quid
3097 3019 3236 3058 non
3269 3005 3531 3060 maxime
3553 3021 3676 3075 pro-

387 3087 549 3157 hujus
577 3088 826 3157 Epistolas
855 3091 1232 3158 reperiuntur:
1290 3091 1393 3156 Qui
1418 3070 1571 3145 carne
1596 3103 1768 3147 castus
1817 3103 1913 3158 est,
1943 3070 1984 3124 C
2015 3079 2189 3134 habile
2225 3082 2367 3149 (μιοά
2395 3091 2618 3139 Sanetus
2640 3085 2931 3153 Clemens.
2972 3093 3079 3166 qui
3115 3092 3446 3149 Romanus
3485 3104 3604 3150 erat
3625 3104 3675 3148 et

384 3194 445 3231 ne
468 3179 760 3243 insolescat,
809 3181 972 3233 sciens
1033 3182 1194 3262 alium
1223 3199 1331 3235 esse
1368 3185 1455 3253 qui
1483 3186 1528 3237 ei
1556 3185 1916 3238 continentiam

382 3267 583 3318 donat:
633 3267 744 3321 ait:
775 3285 794 3319 ‹
821 3268 1047 3332 Quidam
1100 3271 1339 3324 sentiunt
1383 3271 1526 3326 hunc
1576 3273 1750 3327 locum
1775 3273 1917 3328 desi-

381 3357 531 3426 gnari
563 3371 593 3410 a
623 3369 807 3412 sancto
835 3358 1131 3429 Epiphanio
1175 3368 1227 3415 et
1272 3377 1303 3415 a
1355 3371 1542 3417 sancto
1568 3345 1911 3434 Hieronymo,

381 3448 595 3518 quando
622 3457 869 3505 asserunt
896 3461 1138 3505 sanctum
1166 3452 1492 3507 Clementem
1518 3455 1583 3509 de
1610 3455 1915 3524 virginitate

381 3540 739 3596 disseruisse:
781 3540 873 3595 sed
901 3543 1145 3610 quamvis
1181 3558 1432 3611 expresse
1481 3545 1553 3598 ibi
1597 3547 1795 3599 mentio
1825 3545 1913 3598 fiat

380 3629 444 3682 de
472 3629 717 3683 castitate
743 3640 794 3684 et
818 3633 1166 3693 continentia,
1198 3646 1319 3684 cum
1349 3633 1462 3686 haec
1486 3634 1677 3702 raptim
1706 3642 1909 3688 tantum

376 3719 645 3784 dicantur,
687 3721 893 3776 videtur
921 3724 1253 3790 probabilius
1281 3724 1346 3779 de
1396 3724 1481 3777 his
1535 3725 1772 3780 materiis
1817 3741 1912 3780 ex-

377 3810 588 3864 tensive
611 3811 784 3876 modo,
836 3820 888 3866 ct
935 3829 1000 3866 ex
1035 3813 1277 3883 professo
1323 3823 1610 3868 tractatum
1661 3816 1826 3870 fuisse
1857 3816 1909 3869 in

375 3899 607 3967 quodam
627 3917 690 3955 ex
716 3903 963 3970 capitulis
991 3904 1160 3958 sancti
1180 3902 1466 3958 Clementis
1487 3921 1603 3975 qnze
1630 3922 1757 3961 casu
1788 3923 1909 3976 per-

293 4029 303 4042 .
376 3987 574 4042 ierunt.
605 3989 870 4044 Firmatur
894 3993 1006 4046 lucc
1045 3995 1348 4063 conjectura
1379 3998 1661 4050 ratiocinio
1708 4007 1761 4052 et
1800 4015 1906 4053 non

377 4078 623 4146 ambigua
651 4083 945 4135 assertione
964 4084 1336 4150 praedictorum
1369 4094 1729 4142 sanctorum.»

446 4165 561 4219 Non
590 4168 667 4221 sic
696 4171 933 4237 profecto
965 4173 1175 4228 locutus
1213 4174 1400 4230 fuisset.
1446 4177 1773 4232 honorabilis
1805 4179 1907 4233 iste

377 4257 626 4324 scriptor,
659 4259 702 4313 si
731 4261 794 4313 ad
821 4277 941 4315 eum
982 4267 1310 4331 pervenisset
1344 4269 1532 4322 notitia
1582 4269 1905 4326 inventionis

375 4346 733 4414 Epistolarum
790 4367 922 4419 quas
977 4355 1149 4408 denuo
1205 4357 1258 4409 in
1299 4356 1468 4411 lucem
1512 4360 1740 4423 edimus,
1786 4370 1906 4430 post

376 4435 699 4490 Wetstinum
729 4448 781 4493 et
804 4439 865 4491 D.
898 4441 963 4493 de
990 4440 1303 4515 Prémagny.
1332 4445 1614 4510 Praeterea,
1646 4464 1752 4502 non
1784 4458 1904 4502 tan-

374 4529 488 4576 tum
516 4527 747 4595 capitula
772 4529 1010 4596 quaedam
1036 4531 1271 4584 indicant
1300 4536 1467 4587 sancti
1501 4535 1822 4605 Epiphanius
1854 4548 1905 4593 et

376 4611 748 4683 Hieronymus,
780 4617 870 4670 sed
903 4616 1162 4685 Epistolas
1188 4620 1435 4690 integras.
1456 4621 1739 4680 Veniamus
1765 4644 1904 4683 nunc

371 4700 437 4751 ad
469 4703 807 4768 probationes
835 4703 1170 4759 iutrinsecas.
1196 4705 1370 4759 Prima
1397 4710 1599 4762 eruitur
1634 4726 1696 4764 ex
1728 4712 1902 4781 lingua

376 4788 704 4857 primigenia.
729 4791 980 4856 Quamvis
1004 4801 1224 4848 sanctus
1253 4795 1501 4852 Clemens
1526 4805 1670 4852 esset
1706 4798 1902 4853 Roma-

377 4894 498 4940 nus,
529 4883 671 4934 nulla
703 4893 1060 4939 memorantur
1090 4887 1259 4955 ipsius
1289 4889 1488 4956 scripta
1534 4905 1652 4958 quae
1702 4890 1894 4945 Latino

374 4979 618 5021 sermone
646 4973 984 5040 evulgaverit.
1016 4974 1196 5029 Graece
1224 4977 1438 5046 scripsit
1467 4979 1651 5034 ambas
1679 4979 1892 5048 Episto-

444 5162 467 5192 ⁸
494 5137 682 5232 Εβίβὶι.
711 5183 889 5227 contra
920 5177 1206 5239 Ebionitas,
1240 5177 1427 5232 haeres.
1457 5179 1543 5241 50,
1572 5196 1619 5231 η.
1661 5180 1743 5233 15.

413 5366 421 5375 ,
444 5296 519 5375 (ἦ)
560 5297 807 5370 Exempli)
827 5313 932 5367 sint
955 5317 1070 5370 ista!
1089 5329 1247 5368 voces
1276 5332 1289 5366 :
1317 5313 1672 5373 Eucharistia,
1699 5315 1890 5374 asotia,

369 5365 677 5451 Ιίξῗξάξιπιοξ,
714 5365 928 5451 fratris,—
955 5365 1410 5447 Gitonis,
1444 5365 1691 5441 diatheke,
1739 5365 1888 5451 agon,

371 5435 645 5524 fta-toleret,
673 5435 1379 5524 p/tt'la_delpltic‘z:vpltilaxenta,
1398 5435 1748 5520 'pltilurgyria,
1771 5435 1886 5517 j’ihi.’

368 5501 634 5588 longoteja.
666 5501 1136 5588 ραζαίεεὶξίᾷξῖρῖξξ

439 5571 513 5641 (2)
537 5570 677 5641 opus
707 5570 1288 5664 Recogﬁicibiiiiﬁ'quod
1318 5591 1385 5646 ab
1426 5590 1658 5660 antiquis
1703 5597 1888 5643 sancto

2013 3168 2370 3233 Christianus,
2401 3170 2584 3228 Romae
2611 3184 2807 3232 sancto
2837 3177 3016 3234 Petro
3049 3184 3427 3250 adhaeserit,
3471 3187 3672 3256 ipsius.

2012 3274 2115 3327 que
2145 3260 2440 3330 discipulus
2471 3263 2635 3318 fuerit
2663 3263 2759 3321 diu
2799 3276 3132 3340 antequam
3171 3285 3436 3333 sanctus
3462 3276 3669 3333 Paulus

2011 3347 2233 3402 Romam
2257 3352 2498 3406 veniret?

2079 3440 2295 3495 Certum
2323 3450 2407 3497 est
2461 3453 2712 3500 sanctum
2771 3448 3152 3509 Clementem
3206 3457 3426 3516 Roma:
3486 3473 3670 3517 natum

2011 3530 2180 3586 fuisse
2219 3541 2370 3600 patre
2407 3534 2609 3590 Fausto
2643 3554 2808 3607 quem
2869 3541 3355 3604 Faustinianum
3424 3556 3672 3624 plerique

2011 3622 2310 3686 nominant,
2343 3632 2511 3679 matre
2542 3643 2672 3681 vero
2695 3628 2996 3688 Mathidia.
3027 3637 3079 3688 A
3118 3645 3494 3707 parentibus
3516 3622 3674 3701 Athe—

2008 3725 2126 3773 nas.
2159 3713 2245 3765 ubi
2275 3722 2402 3767 tunc
2453 3717 2688 3771 maxime
2719 3719 3008 3778 ﬂorebant
3041 3732 3294 3795 studia,
3340 3737 3422 3789 ad
3455 3737 3673 3791 discen-

2006 3799 2130 3853 dam
2167 3801 2557 3871 philosophiam
2614 3807 2819 3863 missus
2873 3822 2968 3867 est
3009 3819 3375 3895 :brevique
3429 3844 3674 3897 tempore

2005 3892 2245 3946 scientiae
2268 3894 2517 3963 princeps
2544 3896 2646 3949 fuit
2670 3901 3066 3962 existimatus.
3110 3892 3290 3969 Cum
3327 3927 3530 3973 autem
3549 3892 3673 3987 opi—

2006 4073 2320 4127 sententiam
2339 4074 2757 4142 amplecteretur
2773 4078 2842 4133 de
2873 4071 3369 4150 sublimioribus
3386 4071 3673 4168 religionis

2003 4163 2403 4232 quaestionibus.
2425 4165 2480 4218 in
2501 4180 2695 4221 manus
2725 4167 3023 4242 Principis
3052 4163 3674 4248 apostolorum'incj.

2003 4254 2146 4309 disse
2175 4254 2364 4317 fertur,
2396 4263 2450 4308 et
2476 4257 2544 4309 ab
2566 4257 2754 4325 ipsoin
2768 4264 3050 4326 comitem
3069 4272 3386 4334 itinerum
3407 4299 3673 4352 assump-

2007 4353 2112 4408 tus,
2133 4344 2209 4398 sic
2223 4346 2425 4398 subtali
2443 4349 2702 4417 magistro
2725 4354 2996 4421 profecit,
3025 4373 3124 4427 ut,
3159 4371 3389 4426 eodem
3409 4344 3670 4444 jubentc,

2010 4435 2400 4504 praedicationis
2416 4452 2612 4493 munus
2625 4455 3039 4514 nonnunquam
3058 4452 3392 4525 impleret.
3409 4435 3671 4534 blagnuni

2008 4527 2196 4627 deinde
2242 4523 2465 4578 Paulum
2522 4529 2768 4627 audivit,
2824 4523 3258 4616 ettindemqne
3337 4523 3675 4627 aliqugndiu

2008 4619 2290 4718 comitatus
2314 4625 2395 4671 est
2426 4631 2438 4668 :
2464 4622 2553 4673 cui
2593 4622 2666 4675 ita
2697 4641 2757 4679 se
2786 4630 3082 4700 probavit,
3133 4653 3209 4696 ut
3236 4648 3321 4702 ab
3357 4619 3496 4718 ipso
3538 4654 3676 4706 inter

2008 4708 2301 4775 praacipuos
2331 4716 2383 4760 et
2413 4713 2796 4770 sanctissimos
2829 4718 3154 4793 Evangelii
3196 4708 3676 4800 collaboratorcs

2006 4797 2506 4895 fuerit-numeratus
2531 4801 2570 4855 ⁸.
2600 4799 2735 4868 lmo,
2769 4810 2994 4876 probati
3022 4824 3422 4895 scriptores,
3457 4797 3675 4890 utiﬁsan;

1997 4896 2116 4942 ctus
2166 4885 2560 4957 Hieronymus,
2625 4898 2997 4962 probabiliter
3056 4885 3308 4977 putant
3373 4885 3422 4978 5'
3464 4885 3674 4983 islanvcvt-n

1997 4978 2157 5032 Paulo
2184 4987 2429 5031 sanctum
2457 4979 2796 5043 Clementem
2835 4991 3016 5050 fuisse
3067 5006 3449 5070 adhibitum

1885 5183 1903 5213 ⁷
1929 5182 2129 5237 Philoc.
2163 5199 2209 5237 c.
2235 5184 2324 5240 23.
2400 5187 2422 5219 ⁸
2449 5188 2688 5266 Philipp.
2716 5213 2792 5264 IV,
2823 5200 2878 5255 5.

1995 5317 2575 5418 Εξξξὲξῗξξοιϋδῖξίψτν
2607 5332 2776 5418 .ωὲθῄ
2807 5349 3038 5418 “MF”.
3060 5347 3428 5414 τθιδῑῖοηεε
3487 5366 3670 5418 sancti

2019 5387 2031 5401 Ἴ
2240 5390 2249 5399 .
2565 5387 2574 5396 1
2745 5387 2748 5388 ν
2809 5387 3000 5390 ,,,,,___
3065 5387 3428 5414 -V-uuuucs
3487 5387 3660 5418 δίψει]

1994 5387 2660 5486 salicto
2689 5403 2871 5486 Eetro.
2898 5408 2942 5460 A
2996 5408 3224 5486 Graeco
3279 5427 3346 5480 in
3390 5427 3660 5486 Latinun

1993 5461 2645 5556 nullulino;
2668 5473 2890 5556 _anes_
2923 5461 3346 5546 conifiljeivi‘tu-ril
3367 5461 3476 5552 εἶα

2018 5522 2027 5531 .
2055 5523 2080 5552 I.
2491 5545 2498 5551 .
2541 5522 2643 5551 ,Νη
2689 5522 2885 5556 ’,πηνα
2926 5522 3306 5546 ,μη-...νηιυι
3367 5522 3448 5552 au
3497 5522 3654 5556 nare-

1992 5530 2647 5635 Elgllll‘t‘l‘l-l'lfse
2668 5545 2862 5601 librum
2878 5548 3027 5605 hunc
3048 5565 3410 5635 caeteroqui
3435 5573 3654 5627 sublim

1989 5593 2328 5664 philosophia
2355 5593 2601 5672 plenum.
