3784 6288
147 318 259 425 φὶ
1206 338 1552 396 εριδτοωε
1584 338 1641 391 Al

1915 336 2035 390 tES.
2071 366 2136 377 —
2176 290 2528 391 Ρκῦωιιιυι.
3309 338 3409 390 3ῦί

167 446 561 530 “(pretantur
621 438 973 512 Epistulam
1017 455 1095 507 ad
1148 456 1388 511 Hebraea
1436 462 1789 522 nuncupatam
1819 458 1862 513 Α
1891 450 2104 503 clesiam
2138 452 2417 505 occasione
2465 449 2623 518 hujus
2657 451 3047 519 pnblicationis.
3077 450 3410 508 Credendum

186 529 551 613 “emeritique
575 532 895 594 dictatam.
922 540 1097 597 Idem
1118 546 1333 614 quidam
1374 542 1673 611 conjectant
1726 540 1792 593 de
1827 529 1831 533 ’
1891 546 1971 593 est
2001 546 2125 592 tunc
2153 539 2220 591 ab
2258 539 2346 591 illo
2368 538 2704 607 prafocatam
2738 540 2903 594 fuisse
2935 541 3271 596 conscientiae
3294 558 3412 611 pro-

203 625 419 699 wcunda
444 625 597 680 beati
624 623 791 681 Petri
825 627 1126 698 Epistula.
1890 622 2017 697 priae
2045 643 2222 681 vocem
2252 628 2396 682 intus
2440 637 2627 681 contra
2670 628 2843 698 ipsum
2872 630 3275 697 reclamantem;
3319 634 3411 687 sed

271 716 494 777 Docebat
520 732 660 771 vero
688 719 875 773 talem
918 721 1116 776 virum
1141 722 1209 776 de
1243 721 1542 791 virginitate
1571 719 1791 787 ejusque
1888 717 2008 768 talis
2045 725 2126 769 est
2154 717 2347 784 sacpius
2379 717 2616 770 conditio
2643 732 2827 771 eorum
2867 718 2959 786 qui
3018 735 3077 773 se
3122 722 3412 789 tyrannica:

229 809 450 873 custodia
488 809 774 873 scribere,
805 826 988 880 quem
1020 820 1290 867 testantur
1318 808 1515 877 antiqui
1544 816 1788 861 auctores
1888 804 2107 863 luercsis
2127 806 2256 874 jugo
2278 807 2669 875 manciparunt,
2702 814 2760 859 ut
2790 821 2897 860 non
2951 810 3169 862 credant
3217 810 3319 863 sibi
3346 811 3411 863 li~

236 914 532 974 peromnem
554 900 734 953 vitam
767 901 831 953 in
855 915 1003 967 pura
1039 911 1330 965 sanctaque
1351 898 1653 966 virginitate
1676 913 1789 965 per-
1885 896 2005 950 cere
2036 898 2195 951 unius
2228 896 2466 951 veritatis
2490 897 2942 965 praedicationem,
2972 900 3101 966 quin
3131 901 3289 954 simul
3320 902 3404 954 lae-

236 990 476 1048 mansisse
514 989 616 1060 (3).
651 988 930 1042 Permisit
960 987 1178 1040 demum
1223 985 1474 1039 Dominus
1503 994 1559 1039 ut
1589 986 1786 1055 pretio—
1883 985 2011 1038 dant
2037 986 2335 1038 columnam
2355 993 2407 1038 et
2439 986 2822 1040 firmamentum
2847 987 3103 1043 veritatis.

238 1102 324 1142 sus
346 1085 429 1139 ille
466 1084 773 1136 thesaurus
826 1078 1029 1134 tandiu
1084 1079 1417 1134 desideratus
1446 1095 1477 1133 a
1522 1090 1784 1136 sectatore
1948 1073 2112 1143 igitur
2162 1074 2455 1128 Welstinus
2498 1074 2630 1128 satis
2668 1075 2873 1130 insulse
2928 1078 3193 1131 invehitur
3216 1081 3269 1133 in
3300 1081 3407 1132 Ro-

235 1170 854 1243 pseudo-rel’ormationis
885 1174 942 1220 et
991 1168 1339 1233 inveniretur,
1382 1180 1435 1223 et
1475 1185 1785 1238 agnoscere-
1881 1174 2090 1213 matiam
2123 1160 2436 1223 Εοοιεείδηῒν
2462 1159 2643 1213 dicens
2673 1159 2799 1213 huic
2839 1161 3121 1230 displicere
3170 1161 3407 1232 diSClPli‘

232 1269 337 1317 tur.
356 1267 404 1310 et
434 1255 855 1310 defenderetur.
875 1252 959 1307 Ne
988 1262 1167 1308 autem
1200 1256 1319 1308 talis
1342 1256 1574 1310 inventio
1597 1258 1650 1311 in
1680 1260 1781 1312 ful-
1879 1263 2000 1303 nam
2030 1250 2082 1303 in
2112 1249 2369 1317 Epistolis
2399 1248 2569 1302 sancti
2596 1249 2882 1304 Clementis
2928 1252 3177 1304 traditam
3214 1270 3226 1304 :
3259 1252 3406 1307 ideo.-

228 1358 449 1402 nrentum
474 1346 659 1398 veniat
693 1343 990 1396 catholicae
1018 1343 1291 1405 doctrinas,
1311 1344 1429 1399 inde
1448 1348 1778 1400 occasionem
1877 1352 1980 1405 que
2034 1338 2129 1394 llas
2191 1339 2258 1392 ab
2308 1337 2545 1393 Ecclesia
2599 1346 2831 1393 semotas
2861 1354 2955 1408 per
2984 1346 3061 1392 tot
3100 1340 3291 1393 Stimula
3322 1341 3403 1392 la-

216 1436 382 1489 sumit
404 1436 656 1487 inventor
688 1432 1041 1486 declamandi
1070 1439 1259 1485 contra
1282 1432 1596 1499 Ecclesiam,
1629 1435 1776 1504 quia,
1875 1425 2046 1479 tuisse
2078 1444 2089 1480 :
2115 1443 2134 1477 ε
2173 1426 2358 1479 Solent
2398 1427 2563 1489 enim,
2619 1426 2714 1492 ait,
2760 1427 2851 1495 qui
2878 1428 2931 1481 in
2962 1426 3200 1481 Ecclesia
3228 1428 3401 1482 domi-

214 1525 278 1578 in
313 1524 385 1575 liis
407 1519 702 1590 Epistolis:
734 1522 873 1575 nihil
904 1521 1191 1589 reperitur,
1223 1529 1279 1574 ut
1302 1523 1377 1575 ait
1417 1523 1523 1587 ille,
1548 1524 1613 1577 de
1634 1525 1708 1578 hic

1906 1522 2089 1577 antur,
2116 1531 2242 1577 non,
2265 1518 2405 1585 quod
2430 1532 2536 1586 prae
2556 1532 2614 1571 se
2636 1515 2832 1582 ferunt,
2854 1532 3031 1572 mores
3055 1533 3181 1580 suos
3208 1528 3262 1573 et
3285 1518 3400 1586 opi-

206 1611 425 1672 arcbia,
451 1611 592 1664 nihil
632 1611 707 1664 de
744 1611 1075 1664 monachatu
1121 1622 1173 1664 et
1206 1613 1496 1676 coenobiis,
1530 1614 1660 1667 nihil
1710 1615 1776 1667 de
1872 1608 2061 1662 niones
2083 1611 2145 1662 ad
2172 1610 2466 1665 doctrinam
2493 1613 2618 1666 olim
2646 1614 2890 1666 traditam
2917 1614 3272 1676 conformare,
3305 1616 3396 1669 sed

198 1700 451 1755 terminis
480 1708 538 1753 et
565 1699 829 1753 formulis
856 1700 1109 1768 loquendi
1145 1716 1240 1770 per
1279 1703 1501 1755 concilia
1545 1706 1771 1760 inventis
1802 1768 1827 1771 ᾗ
1872 1696 2166 1751 dOCll‘inam
2196 1707 2425 1754 veterem
2453 1701 2515 1754 ad
2553 1708 2729 1757 mores
2756 1711 2809 1756 ot
2839 1704 3119 1771 opiniones
3147 1705 3229 1757 Sui
3261 1711 3395 1757 tem-

193 1798 259 1843 et
294 1791 537 1853 sancitis,
567 1804 600 1841 a
633 1790 847 1858 quibus
874 1789 958 1842 vix
985 1802 1043 1842 se
1063 1768 1410 1844 abstinuisset
1459 1792 1771 1846 saeculorum
1800 1768 1842 1821 Β
1869 1787 2014 1851 Poris
2062 1786 2361 1855 ἱηίιεοιθτες
2395 1797 2447 1842 ει
2477 1792 2565 1844 Ubi
2602 1792 2763 1844 “imis
2796 1768 3115 1846 manifestus
3161 1800 3243 1846 εει
3285 1793 3397 1847 dis-

190 1879 552 1946 sequentium
586 1877 854 1945 scriptor.
893 1890 912 1926 ι
1868 1885 2082 1936 sensus,
2118 1886 2207 1929 aut
2230 1876 2281 1929 vi
2319 1890 2496 1945 agere,
2522 1887 2612 1931 aut
2636 1877 2863 1933 flammis
2899 1880 3063 1935 libros
3092 1882 3392 1936 abolere...

277 1967 465 2021 Studio
491 1975 666 2021 secta:
703 1980 821 2019 sua:
850 1964 1109 2032 abreptus
1137 1970 1189 2017 et
1208 1964 1525 2029 obcazcatus,
1552 1964 1771 2021 Wetsti-
1865 1959 2080 2019 Minime
2104 1970 2281 2020 tamen
2305 1966 2527 2021 decebat
2542 1976 2601 2021 ut
2622 1969 2689 2021 ab
2722 1969 2805 2023 his
2840 1969 2932 2038 qui
2962 1985 3021 2024 se
3049 1969 3394 2023 traditionum

188 2074 309 2114 nus
339 2074 446 2112 non
473 2056 879 2110 animadvertit
906 2070 985 2117 se,
1028 2056 1120 2108 tali
1153 2056 1560 2120 declamatione,
1594 2058 1767 2111 infen-
1864 2058 2101 2105 veterum
2130 2055 2505 2110 tenacissimas
2534 2070 2655 2110 esse
2688 2058 3003 2126 gloriantur,
3026 2057 3396 2126 repudiaretur

187 2162 323 2202 sum
361 2148 615 2217 praebere
653 2144 1030 2199 monumentis
1057 2145 1217 2199 etiam
1248 2146 1443 2220 quibus
1493 2148 1606 2215 ipse
1654 2152 1769 2202 sin-
1861 2140 2109 2195 Clemens
2136 2151 2320 2197 noster
2350 2144 2439 2212 qui
2460 2145 2593 2198 vidit
2620 2147 2804 2200 beatos
2833 2148 3124 2216 apostolos,
3171 2154 3225 2200 et
3269 2161 3392 2199 cum

185 2253 323 2293 cera
348 2238 669 2291 acimmota
692 2234 1042 2288 veneratione
1062 2233 1313 2287 adhaeret.
1340 2234 1762 2303 Agnoscitcerte,
1862 2230 1966 2283 illis
1996 2239 2340 2287 conversatus
2363 2231 2479 2297 fuit,
2504 2242 2557 2287 et
2587 2233 2761 2288 adhuc
2793 2238 2848 2290 in
2877 2236 3101 2289 auribus
3133 2236 3392 2304 pradica-

181 2343 321 2382 cum
345 2329 613 2383 omnibus
642 2324 898 2385 eruditis,
928 2322 1386 2394 autbenticitatem
1416 2324 1596 2393 primm
1638 2325 1760 2395 Epi-
1860 2318 2057 2369 tionem
2090 2320 2544 2386 apostolorum,et
2571 2322 2907 2377 traditionem
2933 2339 3038 2392 prae
3084 2325 3254 2377 oculis
3297 2324 3393 2376 ha-

186 2418 350 2473 stolae
374 2416 557 2472 sancti
586 2411 895 2467 Clementis
918 2411 985 2464 ad
1030 2410 1336 2465 Corinthios
1379 2426 1536 2480 quam
1566 2413 1763 2467 invenit
1860 2405 2189 2461 heat’ailas
2216 2407 2442 2474 injurias
2470 2410 2760 2476 protulisse
2787 2426 2896 2465 non
2918 2419 3222 2475 contentus,
3241 2412 3391 2464 addit

184 2520 260 2561 ac
296 2505 580 2573 ενυιεςινίι
607 2501 816 2554 Junius
834 2498 1102 2554 Patricius
1130 2499 1470 2569 Anglicanus,
1499 2500 1553 2555 1η
1584 2504 1761 2557 multis
1859 2490 2156 2547 Wetstinus
2188 2510 2207 2544 ‹
2240 2494 2479 2548 Clericos
2508 2510 2613 2549 non
2642 2497 2751 2565 pati
2775 2511 2833 2551 se
2873 2498 3071 2567 privari
3120 2498 3390 2551 familiari-

183 2610 356 2664 pom
384 2595 555 2660 hujus
588 2590 851 2660 Epistolas
874 2589 1028 2651 locis,
1060 2588 1358 2645 hiemi-Chia
1394 2593 1537 2646 clare
1562 2608 1762 2647 memo.
1858 2587 1963 2634 tate
1979 2596 2098 2635 cum
2129 2582 2466 2649 mulieribus;
2496 2584 2720 2639 feminas
2737 2586 2999 2639 dominari
3018 2586 3071 2639 in
3095 2586 3382 2647 Ecclesias,

182 2693 367 2746 ratur,
386 2682 482 2738 sed
506 2679 716 2735 nullibi
767 2678 952 2732 forsan
984 2676 1315 2746 splendidius
1355 2695 1513 2749 quam
1558 2696 1611 2733 n.
1667 2681 1755 2744 40,
1855 2666 1925 2720 διε
1950 2676 2005 2722 ιιι
2034 2670 2425 2724 ἀθκθοθΐάοιθίί
2457 2673 2623 2741 Gradu
2644 2673 3003 2742 faVOI‘judice‘
3030 2674 3379 2735 ίεῐηὶηπυηις

182 2774 255 2827 de
307 2787 419 2843 quo
467 2770 799 2825 exscribere
842 2767 995 2834 juvat
1014 2766 1176 2820 verba
1229 2782 1346 2835 quae
1402 2777 1703 2837 sequuntur
1736 2788 1752 2825 :
1854 2759 2107 2825 praesules
2144 2758 2397 2813 Ecclesiae
2428 2760 2522 2815 bas
2544 2762 2833 2817 Clementis
2862 2762 3150 2832 Epistolas,
3181 2762 3235 2815 in
3262 2761 3381 2829 qui~

187 2876 210 2909 ι
250 2858 483 2913 Summo
510 2853 798 2911 sacerdoti
832 2869 931 2908 sua
960 2854 1144 2906 munia
1177 2854 1373 2909 tributa
1402 2867 1559 2920 sunt,
1588 2865 1643 2911 et
1670 2873 1753 2911 sa-
1852 2850 1951 2904 bus
1969 2850 2143 2906 victus
2165 2860 2271 2905 tam
2296 2853 2473 2907 tenuis
2501 2855 2926 2918 commendatur,
2977 2862 3031 2909 et
3077 2869 3144 2909 ne
3192 2855 3379 2908 umbra

184 2948 502 3002 cer-dotibus
526 2946 692 2998 locus
722 2943 977 3013 proprius
1014 2946 1315 3013 assignatus
1342 2953 1447 3008 est,
1477 2954 1528 2998 et
1575 2945 1752 3003 levitis
1849 2939 2064 3008 quidem
2096 2943 2430 2996 auctoritatis
2472 2943 2757 3012 reperitur,
2804 2944 3193 3012 contempsisse
3220 2951 3379 3014 atque

184 3050 285 3090 sua
311 3037 498 3090 munia
516 3033 875 3086 incumbunt.
905 3029 1076 3085 Homo
1102 3032 1269 3088 laicus
1298 3035 1575 3104 praeceptis
1602 3035 1751 3092 laicis
1777 3064 1820 3121 ο
1852 3027 2137 3095 tlbjecisse,
2165 3045 2286 3083 cum
2313 3030 2469 3085 hodie
2506 3032 2589 3084 vel
2615 3030 2779 3085 intimi
2804 3032 3008 3087 ordinis
3037 3034 3266 3089 clericus
3311 3035 3377 3088 ad

185 3120 608 3190 constringitur.
657 3135 682 3172 ι
1791 3119 1816 3121 ’⁷
1851 3119 2162 3187 dignitatem
2194 3136 2345 3174 suam
2396 3123 2661 3192 pertinere
2685 3123 2913 3191 judicet,
2945 3131 3005 3191 ut
3055 3133 3108 3178 et
3164 3126 3377 3180 lautiori

255 3210 424 3265 Unice
450 3216 512 3261 ut
553 3206 928 3261 hierarchiam
954 3215 1306 3275 agnoscerent
1347 3216 1400 3263 et
1433 3224 1751 3266 veneraren-
1848 3209 1972 3264 cibo
1995 3218 2262 3275 vescatur,
2302 3218 2357 3264 et
2399 3212 2451 3265 in
2499 3213 2890 3281 spiritualibus,
2927 3222 3216 3283 personam
3254 3232 3377 3286 apo-

184 3307 274 3352 tur
301 3299 511 3365 scripta
543 3295 735 3349 fuerat
766 3295 880 3349 haec
924 3292 1158 3364 Epistola
1187 3297 1251 3349 ad
1280 3296 1611 3363 Corinthios,
1656 3300 1746 3369 qui
1847 3300 1968 3353 stoli
1993 3300 2073 3354 vel
2090 3301 2357 3368 propheta:
2375 3302 2475 3355 sibi
2501 3309 2695 3355 sumat.
2738 3318 2756 3353 ι
2789 3301 3043 3367 Tandem,
3073 3306 3161 3358 vix
3198 3317 3376 3374 sperat

182 3390 407 3444 monitis
436 3387 625 3443 sancti
660 3385 960 3440 Clementis
988 3386 1320 3449 obedientes,
1350 3387 1413 3438 ad
1436 3388 1747 3444 submissio-
1847 3385 2145 3442 Wetstinus
2163 3388 2259 3443 has
2281 3389 2545 3457 Epistolas
2576 3389 2910 3443 authenticas
2940 3392 3155 3459 agnosci
3185 3394 3253 3449 ab
3290 3395 3372 3447 bis

180 3492 300 3532 Item
332 3484 389 3531 et
410 3491 611 3546 pacem
629 3474 842 3528 reversi
873 3480 1018 3527 sunt.
1050 3472 1123 3527 De
1152 3474 1467 3527 monachatu
1490 3484 1543 3528 et
1566 3490 1746 3531 caeno-
1843 3489 2069 3543 quorum
2116 3490 2291 3530 mores
2318 3491 2422 3530 non
2452 3484 2597 3540 sunt,
2648 3483 2706 3529 ut
2746 3475 2839 3543 ait,
2887 3478 3075 3531 harum
3115 3479 3372 3533 doctrinae

179 3565 280 3621 biis
339 3582 531 3620 verum
569 3571 663 3618 est
712 3570 962 3617 sanctum
1011 3562 1335 3617 Clementem
1358 3579 1454 3617 nec
1510 3566 1741 3621 locutum
1842 3564 2163 3620 conformes.

178 3652 370 3717 fuisse,
408 3669 515 3708 nec
569 3652 725 3721 loqui
762 3652 1023 3722 potuisse,
1052 3668 1172 3705 cum
1204 3661 1437 3722 tempore
1483 3670 1581 3710 suo
1633 3657 1733 3711 ista
2568 3684 2639 3697 -

179 3760 282 3798 non
320 3744 679 3809 existerent;
712 3742 809 3797 sed
842 3743 1078 3811 virgines
1106 3742 1262 3796 docet
1314 3743 1433 3811 pius
1483 3746 1737 3812 pontifex,
2135 3757 2412 3797 nssronsxo
2450 3758 2744 3800 tuvscrrvzs
2777 3761 3057 3801 wsrsrm.

176 3844 233 3890 ut
258 3837 407 3891 inter
431 3835 738 3889 saeculares
769 3832 823 3887 in
848 3832 1033 3887 eadem
1058 3833 1237 3886 vivant
1273 3834 1595 3902 perfectione
1622 3855 1739 3907 quae
1906 3828 2196 3884 Minoribus
2259 3831 2503 3897 expensis
2566 3840 2773 3900 poterat
2823 3831 3119 3886 Wetstinus
3168 3831 3362 3887 famam

173 3938 203 3976 a
234 3924 532 3977 monachis
554 3930 747 3992 postea
791 3927 845 3975 et
881 3920 1166 3975 cmnobitis
1194 3921 1471 3976 observata
1501 3934 1600 3979 est,
1629 3927 1735 3982 Nec
1837 3912 2052 3972 solantis
2082 3920 2348 3985 reformati
2378 3920 2479 3974 sibi
2496 3922 2833 3990 conquirere,
2847 3923 3089 3991 quamvis
3116 3921 3355 3978 dubitem

172 4014 407 4069 diuitem-
436 4016 608 4067 etiam
647 4011 736 4064 his
767 4011 823 4063 in
853 4009 1107 4080 Epistolis
1134 4025 1240 4065 non
1271 4011 1493 4081 reperiri
1533 4014 1735 4068 τοι-ωυ-
1832 4022 1958 4060 num
1990 4008 2163 4076 reipsa
2191 4009 2551 4078 acquisiverit.
2600 4009 2741 4075 Quot
2779 4027 3006 4081 namque
3039 4018 3360 4080 persecutio-

174 4104 248 4159 las
269 4102 539 4174 loquendi
568 4100 953 4156 conciliorum.
984 4098 1120 4154 Hinc
1151 4115 1249 4169 ego
1269 4118 1480 4173 quoque
1513 4105 1733 4158 authen-
1830 4114 1943 4161 nes,
1962 4105 2097 4170 apud
2118 4120 2263 4167 suos,
2303 4107 2467 4160 subiit
2512 4115 2729 4176 propter
2756 4103 3107 4173 Epistolarum
3138 4110 3357 4163 istarum

168 4192 437 4247 ticitatem
495 4191 700 4245 barum
767 4188 1130 4256 Epistolarum
1186 4189 1343 4245 facile
1394 4194 1726 4259 concludam,
1827 4190 2263 4258 publicationem!
2298 4193 2637 4263 lpsi,nedum
2668 4197 2721 4249 in
2750 4196 3105 4264 patrocinium
3133 4199 3357 4252 authen-

165 4279 331 4334 modo
351 4279 438 4333 bis
462 4276 843 4333 sanctissimis
872 4275 1103 4329 coetibus
1131 4276 1260 4329 nihil
1287 4278 1612 4336 detrahatur.
1826 4281 2047 4334 ticitatis
2079 4298 2237 4351 quam
2262 4284 2583 4349 vindicabat,
2611 4286 2845 4339 faverent
2879 4284 3356 4341 declamationibus

926 4393 997 4406 —-
1755 4374 1797 4427 D
1823 4369 1939 4438 ejus
1960 4378 2142 4426 contra
2163 4372 2451 4429 Ecclesiam
2482 4386 2535 4432 et
2564 4378 2765 4432 clerum
2802 4377 3145 4441 catholicum,
3173 4380 3226 4431 in
3265 4379 3357 4432 de-

509 4468 748 4509 INSUt—SE
780 4468 1043 4507 WETS’I’INI
1089 4468 1400 4509 INVECTIVE.
1824 4463 2165 4519 clamatorem
2200 4471 2372 4536 ipsum
2397 4467 2704 4524 debacchati
2742 4477 2887 4524 sunt.
2926 4468 3035 4520 lmo
3071 4467 3182 4522 fere
3219 4469 3357 4520 inter

227 4543 462 4598 Gratum
501 4543 755 4595 animum
787 4542 945 4593 unice
970 4541 1267 4607 exprimere
1294 4543 1575 4598 voluissem
1604 4562 1727 4615 erga
1826 4552 2279 4609 solosCatholicos
2301 4556 2657 4626 Epistolarum
2690 4557 3070 4613 authenticitas
3108 4555 3355 4609 defenso-

159 4632 499 4689 Wetstinum
541 4646 646 4701 pro
681 4629 944 4684 beneficio
984 4628 1126 4697 quod
1182 4628 1434 4684 Ecclesia:
1462 4641 1513 4686 et
1548 4633 1727 4687 erudi-
1823 4654 1911 4693 res
1944 4648 1998 4693 et
2049 4642 2332 4699 advocatos
2384 4647 2622 4702 invenit..
2655 4647 2751 4701 Hic
2793 4646 3100 4699 memorabo
3148 4653 3353 4698 tantum

159 4726 293 4778 tioni
322 4723 585 4795 prmstitit
612 4722 715 4775 bas
745 4722 1066 4788 publicando
1094 4725 1267 4778 sancti
1295 4721 1583 4776 Clementis
1600 4722 1723 4792 Epi-
1824 4728 2058 4784 Diarium
2086 4733 2423 4800 eruditorum,
2452 4738 2652 4792 mensis
2683 4737 2806 4790 Jun.
2840 4735 2942 4787 vol.
2975 4731 3068 4794 XI,
3108 4735 3266 4795 1758,
3300 4750 3351 4800 p.

158 4816 359 4879 stolas;
381 4812 482 4868 sed
503 4811 754 4865 dolorem
782 4811 939 4865 simul
971 4812 1223 4866 cohibere
1262 4826 1369 4865 non
1410 4811 1547 4873 licet,
1579 4816 1719 4882 quod
1824 4818 1945 4872 “6.
1969 4818 2208 4875 Diarium
2239 4823 2380 4878 istud
2421 4825 2618 4880 fatetur
2656 4828 2845 4880 harum
2876 4822 3241 4889 Epistolarum
3275 4824 3358 4876 in-

158 4906 331 4971 gratis
350 4912 465 4956 tam
497 4901 771 4971 inﬁmum
798 4914 857 4955 86
876 4900 1185 4955 exhibuerit
1212 4913 1336 4968 erga
1365 4907 1602 4953 Sanctam
1630 4901 1723 4957 Εο-
1824 4910 2124 4967 ventionem
2144 4928 2263 4968 esse
2289 4916 2501 4969 maximi
2522 4916 2807 4977 momenti;
2828 4912 3224 4965 Commentaria
3245 4912 3366 4963 Tri-

260 5076 281 5106 ·
319 5072 379 5128 S.
414 5069 730 5126 fren.‘Adv.
770 5070 924 5137 Iunt,
951 5070 991 5126 l.
1017 5085 1101 5130 Ill,
1135 5068 1257 5123 (λδ.

218 5265 300 5333 (3)
527 5262 928 5342 testimonium“
964 5259 1248 5342 ipveniturr
1295 5259 1345 5342 in
1406 5264 1723 5342 quibusdam
1828 5272 2066 5340 pluribus
2090 5266 3395 5342 exemplaribusexistatejusmodiinter-pulsum

149 5328 566 5425 ejemplaribus
586 5329 858 5425 Epistolai'
894 5328 1177 5425 §:.lgnat'ii
1210 5331 1528 5425 martyri‘s‘ad
1546 5332 1659 5425 ,ΡΙιέ
1670 5340 1715 5388 1-
1824 5328 1941 5425 qua;
1975 5328 2315 5409 probabiiifer
2358 5344 2591 5396 θιιιθι-ίοι·
2616 5351 2697 5395 ρει
2721 5328 3017 5425 inlissiopi
3070 5328 3402 5425 noétrarupi

154 5348 566 5452 exemplaribus
588 5348 842 5409 LPISIOISB
894 5348 949 5409 δε
982 5348 1177 5397 ignaui
1210 5348 1448 5397 martyris
1467 5348 1528 5383 au
1558 5348 1715 5388 l’lnl-
1824 5357 1941 5425 qua:
1975 5348 2315 5409 probabiliter
2358 5348 2591 5396 anterior
2616 5351 2697 5395 est
2721 5349 3017 5392 amissrom
3070 5348 3402 5409 nostrarum

154 5402 308 5469 adelp
348 5413 538 5480 enses.
584 5397 769 5467 lbique
788 5396 1727 5480 alluditstructus‘przgsurldntiochc-
1826 5411 2198 5480 Lpistolarum,
2255 5411 2572 5465 credendum
2620 5402 3075 5480 estabpeisdem
3148 5400 3410 5480 Epistolis

153 5483 255 5521 nus
275 5460 290 5469 ’
311 5466 554 5520 consilio
591 5480 621 5517 a
649 5460 862 5532 sancto_
884 5465 1197 5532 Clemente_
1209 5460 1535 5532 adVirgines
1584 5469 1723 5527 dato
1824 5460 2698 5532 [ﬁniit—natamVidisseinvitationem
2724 5468 2989 5525 imitandi
3025 5474 3168 5519 tres
3186 5460 3412 5520 sanctis-

153 5534 405 5614 imitandi
441 5532 765 5614 Petamne:
816 5526 1417 5614 Filiung.'f£§efrft:tm'
1449 5526 1715 5614 sanctum.
1823 5526 2307 5600 QiEiE'fEin'aiiiis'
2333 5526 2832 5614 'ﬁé'ar’déﬁuod
2895 5543 3047 5588 certe
3106 5549 3339 5586 novum
3378 5534 3420 5579 θ’

158 5601 216 5654 Si
241 5604 471 5657 vitiatus
502 5594 675 5654 fuerit,
690 5600 791 5653 iste
840 5596 1014 5651 sancti
1046 5594 1263 5665 lgnatii
1284 5596 1442 5662 locus,
1472 5616 1588 5655 cum
1653 5594 1716 5662 in
1821 5594 1978 5683 iis};
2004 5594 2643 5682 piibéfé‘dihiﬁii’éii‘iﬁs
2670 5594 3120 5677 argumentum.
3174 5627 3182 5655 ι

440 5694 705 5751 ΡΛίἰιοι.
737 5690 849 5753 Gn.
890 5688 939 5745 Ι.

3081 5689 3188 5748 12
