3740 6236
404 366 422 373 ·ί
476 344 584 396 365

1272 327 1325 381 8.
1362 318 1741 377 οιΕΜΕΝτιε
1773 318 1791 372 l
1824 315 1987 371 ROM.

2112 313 2218 369 NT.
2252 311 2471 368 OPERA
2502 309 2826 366 GENUINA.
3518 301 3603 354 364

474 454 697 508 roitiana
716 490 730 513 ,
755 452 924 520 Aug.,
962 446 1118 510 i758,
1147 459 1198 513 p.
1229 440 1401 505 2076;
1439 434 1752 496 Codescard,
1782 434 1837 488 in
1883 433 1998 485 Vita
2031 432 2073 489 Α
2099 435 2315 498 paverat
2339 425 2617 496 dispoliari
2639 423 3025 493 flagitaverunt
3048 424 3103 475 et
3128 413 3464 472 obtinuerunt
3483 426 3603 467 mino

473 542 636 597 sancti
661 538 935 597 Clementis
956 554 975 601 ,'
997 535 1222 597 Caiitau,
1252 533 1306 586 in
1350 530 1534 585 selecto
1560 527 1865 582 Collectione
1901 522 2002 575 Pa-

475 643 610 687 trum
636 631 710 703 (4)
734 648 750 697 ;
775 628 880 684 etc.

542 724 719 778 Hocce
753 720 1075 790 iudiciorum
1106 714 1393 771 discrimen
1439 711 1710 767 evidenter
1757 708 2003 762 demons-

474 823 581 870 trat
610 812 790 883 quibus
827 808 1146 877 displicuerit
1185 806 1421 859 doctrina
1445 804 1498 856 in
1538 797 1782 868 Epistolis
1813 797 2001 849 nostris

478 905 704 969 tradita,
772 901 953 972 quique
1014 898 1135 951 illas
1198 910 1395 964 semper
1464 892 1677 946 latuisse
1739 898 2002 957 peroptas-

476 1004 603 1051 sent.

543 1104 694 1171 Quod
736 1103 910 1158 sentio
937 1097 1164 1155 candide
1198 1094 1406 1149 fatebor
1430 1108 1445 1145 ε
1483 1090 1667 1147 nescio
1694 1095 1875 1142 utrum
1903 1085 2003 1141 sub

476 1194 860 1251 infelicioribus
920 1188 1176 1259 auspiciis
1241 1199 1400 1253 quam
1447 1182 1548 1237 sub
1606 1177 1903 1248 patrocinio
1950 1182 2004 1228 et

474 1294 710 1354 tempore
747 1281 1022 1342 Wetstini,
1072 1279 1153 1332 hze
1176 1276 1421 1345 pretiosa:
1462 1269 1712 1340 Epistolas
1742 1264 2000 1336 publicari

475 1352 761 1443 potuerint.
779 1370 1068 1426 Caelibatus
1083 1360 1596 1435 pseudo-reformatis
1617 1369 1826 1424 semper
1854 1352 2003 1406 odio-

476 1440 520 1519 si
567 1462 775 1534 quidam
800 1460 1111 1527 reformatus
1140 1453 1437 1523 apologiam
1463 1444 1799 1503 incunabulis
1822 1440 2003 1495 Ecclco

474 1529 587 1604 site
609 1554 929 1601 coaetaneam
984 1543 1042 1597 in
1085 1542 1257 1595 lucem
1315 1537 1506 1593 edebat
1534 1555 1547 1590 :
1578 1534 1867 1588 Lutherum
1893 1529 2003 1581 dis-

475 1639 686 1709 cipulns
711 1636 929 1690 Lutheri
958 1632 1243 1703 pungebat.
1270 1627 1401 1693 Quis
1422 1628 1590 1690 favor,
1619 1642 1682 1681 ex
1706 1625 1805 1678 hac
1833 1630 1999 1693 parte,

476 1729 803 1798 sperandus?
828 1727 883 1779 in
911 1738 1159 1795 proceres
1183 1720 1311 1774 cieri
1350 1717 1619 1781 catholici,
1643 1730 1749 1770 non
1786 1713 2003 1767 lacessi-
2035 1739 2078 1793 Β

475 1831 583 1881 tus,
619 1818 968 1873 indistinctim
1008 1812 1302 1868 calumnias
1337 1817 1625 1871 struxerat,
1669 1804 1799 1875 ipsis
1830 1804 2003 1873 impu-

477 1909 640 1963 tando
669 1923 847 1962 mores
894 1918 1197 1975 perversos,
1226 1900 1553 1971 hypocrisin
1580 1912 1642 1951 ac
1679 1895 2002 1949 voluntatem

479 1999 824 2055 comburendi
879 1998 1043 2050 libros
1100 2008 1325 2065 quorum
1363 1992 1604 2047 doctrina
1649 2003 1753 2043 non
1800 1992 2005 2056 poterat

478 2092 544 2145 ad
589 2105 795 2151 eorum,
857 2097 915 2141 ut
963 2086 1172 2150 aiebat,
1230 2083 1542 2154 pravitatem
1606 2086 1660 2135 et
1710 2078 2005 2147 nequitiam

479 2180 697 2235 inﬂecti.

550 2267 828 2322 Maledicta
858 2281 957 2321 nec
975 2266 1029 2318 in
1057 2270 1255 2320 sectam
1272 2261 1600 2316 accusatoris
1626 2274 1726 2314 nec
1750 2258 1804 2312 in
1833 2257 2008 2327 ipsum

473 2367 848 2417 accusatorem
872 2370 1109 2425 regeram
1141 2372 1154 2409 :
1186 2353 1315 2423 quid
1346 2355 1487 2408 enim
1518 2351 1832 2422 prodessent
1880 2364 2012 2402 cono

472 2447 621 2523 ,vitia
643 2448 666 2489 9
694 2446 831 2510 Quid
861 2444 1131 2499 vindicta?
1158 2444 1345 2502 Nemo.
1377 2443 1480 2497 nisi
1525 2440 1779 2502 insaniat,
1803 2436 2011 2492 difﬁteri

479 2552 655 2614 potest
703 2536 850 2593 mille
902 2536 1099 2605 scripta
1159 2544 1420 2597 veterum,
1470 2534 1667 2602 injuria
1714 2539 2013 2599 temporum

478 2634 676 2688 amissa
703 2640 756 2687 et
782 2626 1108 2688 oblitterata,
1134 2625 1388 2679 revixisse
1415 2623 1627 2677 tandem
1649 2637 1775 2676 cura
1791 2628 1843 2673 et
1869 2618 2017 2674 soliis

479 2723 716 2779 citudine
753 2723 1045 2793 praesertim
1081 2716 1391 2789 pantiiicum
1424 2714 1516 2783 qui
1566 2712 1727 2766 nullis
1761 2724 2016 2780 peperce-

480 2822 607 2867 runt
645 2813 914 2881 expensis,
955 2820 1015 2864 ut
1047 2811 1145 2865 hos
1181 2806 1558 2877 conquirerent
1584 2802 1867 2855 thesauros
1896 2799 2019 2851 abss

481 2901 748 2955 conditos.
798 2900 986 2953 Merito
1032 2896 1269 2952 omnium
1311 2891 1445 2949 risui
1495 2905 1553 2945 se
1600 2897 1885 2958 exponeret
1926 2885 2018 2955 qui

484 2994 798 3047 immensam
859 3000 1171 3056 comparare
1224 2984 1443 3038 auderet
1497 2977 1742 3049 cujusvis
1810 2977 2019 3046 generis

485 3083 744 3137 librorum
791 3077 1130 3146 antiquorum
1167 3073 1559 3127 multitudinem
1590 3086 1620 3124 ει
1650 3071 1797 3125 clero
1831 3068 2016 3125 catho-

486 3173 592 3225 lico
618 3170 966 3231 delectorum,
994 3182 1116 3220 cum
1146 3163 1437 3219 rarissimis
1459 3163 1806 3217 sectariorum
1838 3161 2017 3215 inven-

486 3258 746 3314 tionibus.

553 3347 669 3402 Non
686 3346 786 3401 sibi
804 3344 1144 3398 consentiunt
1170 3342 1352 3396 hostes
1381 3341 1550 3396 nostri
1579 3339 1769 3394 :modo
1791 3354 2018 3407 namque

490 3444 743 3491 accusant
772 3433 1024 3489 Ecclesiae
1049 3446 1299 3501 proceres
1335 3429 1478 3500 quod
1510 3430 1704 3483 bellum
1740 3416 2017 3482 intulerint

488 3525 640 3579 libris
669 3530 908 3579 veterum
952 3520 1345 3581 licentioribus,
1386 3519 1544 3573 modo
1576 3517 1712 3587 ipsis
1758 3517 2019 3585 imputant

481 3614 653 3697 quod,
695 3629 760 3668 ex
813 3612 1093 3675 industria,
1137 3610 1303 3665 moliti
1362 3608 1557 3663 iuerint
1607 3606 2018 3661 destructionem

489 3718 711 3773 operum
741 3702 1039 3757 castitatem
1077 3709 1423 3771 sanctamque
1463 3697 1800 3766 disciplinam
1825 3695 2022 3749 docen-

491 3794 645 3848 tium.

560 3882 737 3948 Quare
779 3882 955 3936 clerus
988 3881 1284 3935 catholicus
1332 3878 1673 3933 insimulatur
1700 3892 1729 3930 a
1754 3856 2024 3931 Wetstino

493 3972 673 4026 nimia:
723 3970 1102 4025 familiaritatis
1150 3986 1273 4026 cum
1331 3969 1666 4030 mulieribus,
1721 3981 1843 4021 cum
1899 3965 2024 4019 inde

495 4063 759 4131 praecipue
798 4059 1389 4131 pseudo-reformationi
1439 4057 1717 4126 displiceat
1773 4054 1911 4125 quod
1956 4054 2026 4107 sit

497 4152 819 4207 continens?
854 4151 975 4207 Haec
1004 4152 1160 4205 etiam
1207 4150 1348 4204 inter
1367 4164 1423 4204 se
1444 4146 1898 4218 pugnant.Arguit
1926 4144 2025 4198 Ec-

499 4244 674 4298 clesia:
715 4243 970 4311 praesules
1004 4249 1059 4295 et
1087 4241 1310 4295 clericos
1348 4238 1489 4306 quod
1534 4235 1949 4305 contempserint
1974 4242 2026 4288 et

498 4334 791 4404 abjeccrint
829 4331 999 4388 sancti
1024 4330 1313 4385 Clementis
1350 4328 1635 4397 Epistolas,
1679 4327 1855 4382 studio
1892 4327 2027 4397 gulae

499 4430 554 4477 et
579 4420 840 4486 ambitus;
868 4418 1009 4473 unde
1044 4418 1240 4488 gradus
1272 4417 1685 4479 ecclesiasticos,
1714 4423 1772 4470 ut
1799 4431 1893 4471 eos
1925 4416 2029 4470 cri-

2137 518 2235 571 750

2137 520 2166 571 7
2203 518 2235 571 Ο

2100 520 2124 573 1
2165 518 2299 660 iis;
2317 604 2477 675 digna
2499 610 2583 657 est
2613 600 2754 655 ratio
2783 614 2947 670 quam
2977 597 3133 651 aifert
3151 592 3217 649 de.
3244 588 3536 648 exorcismis
3559 590 3602 644 in

2099 695 2362 765 principio
2387 694 2640 747 Ecclesiae
2668 689 2948 747 adhibitis.
2980 699 3229 757 quosque
3255 682 3365 735 vult
3384 679 3604 733 confundi

2098 799 2220 838 cum
2275 796 2405 836 cura
2440 788 2782 847 aegrotorum.
2848 776 2979 831 Inde
3015 774 3180 829 etiam
3243 784 3422 825 ansam
3471 771 3609 822 sumit

2100 870 2392 927 accusandi
2454 868 2719 922 indirecte
2789 866 3087 919 hodiernos
3153 861 3401 916 Ecclesiae
3462 860 3604 920 ritus,

2102 960 2393 1018 asserendo
2422 959 2550 1012 olim
2592 956 2781 1010 saltem
2831 967 3044 1007 omnem
3077 950 3282 1007 fraudis
3307 959 3358 1007 et
3384 950 3609 1020 imposta-

2076 1068 2174 1106 ,τε
2201 1050 2589 1121 suspicionem,
2613 1059 2829 1099 omnem
2873 1039 3080 1096 sordidi
3111 1050 3341 1110 quaestus
3364 1055 3500 1110 spem
3532 1044 3607 1092 ab-

2102 1142 2289 1196 fuisse.

2845 1221 2919 1241 *-

2290 1328 2661 1373 COIPENSATIO
2693 1324 2938 1367 ιωιῐετιτ
2948 1322 3015 1361 ΙΕ
3054 1319 3435 1361 ιδιιεεευειςτιε.

2168 1409 2491 1470 Wetstinus,
2519 1406 2575 1459 in
2614 1402 2917 1457 Ecclesiam
2958 1396 3281 1452 catholicam
3312 1394 3513 1462 ejusque
3532 1394 3617 1448 cie

2100 1518 2216 1557 rum
2245 1500 2521 1558 invehens,
2554 1502 2714 1550 secta
2743 1507 2857 1546 sua:
2878 1488 3105 1557 vestigia
3136 1492 3348 1539 secutus
3373 1489 3467 1538 est.
3492 1483 3617 1550 Igno-

2099 1600 2314 1647 scamus
2344 1589 2419 1641 illi
2440 1601 2455 1637 :
2474 1584 2749 1639 nesciebat
2778 1579 3036 1633 fortassis
3070 1575 3198 1645 quid
3225 1579 3412 1643 ageret.
3438 1569 3616 1625 Nullum

2102 1680 2226 1733 inde
2255 1678 2357 1747 ipsi
2405 1672 2749 1729 commodum
2774 1669 3022 1723 obvenit.
3051 1665 3243 1719 Cultus
3274 1660 3466 1731 pseudo
3486 1659 3623 1713 refor-

2101 1770 2228 1825 mati
2256 1766 2468 1838 patroni
2508 1766 2565 1818 in
2594 1763 2856 1830 collegam
2888 1758 3051 1828 primi
3078 1757 3489 1810 insurrexerunt.
3526 1750 3618 1805 Uti-

2100 1876 2223 1917 nam
2262 1860 2387 1912 hinc
2417 1854 2683 1925 potuisset
2704 1849 3012 1917 intelligere
3044 1846 3101 1899 in
3137 1846 3254 1900 solo
3273 1842 3450 1896 matris
3473 1840 3621 1896 Eccle-

2104 1952 2195 2006 sia:
2222 1948 2423 2018 gremio
2444 1943 2726 1998 veritatem
2761 1954 2890 1993 cum
2913 1935 3076 1990 laude
3096 1949 3225 1989 vera
3254 1933 3503 2001 dignoque
3530 1928 3621 1982 suf-

2104 2017 2273 2109 fragio
2304 2035 2521 2091 defendi
2564 2047 2629 2086 ac
2673 2028 3049 2100 propugnari!
3084 2025 3191 2079 Nec
3213 2023 3468 2077 Wetstino
3494 2017 3620 2072 aC:-

2104 2108 2317 2183 tholicis
2341 2121 2693 2193 denegandns
2730 2127 2816 2174 est
2850 2130 3016 2186 quem
3049 2114 3099 2170 ei
3130 2110 3441 2168 consectarii
3472 2108 3619 2175 dispu-

2104 2224 2239 2281 tant,
2279 2214 2503 2268 meritus
2535 2212 2731 2265 honos.
2764 2206 2903 2271 Quis
2943 2218 3109 2273 porro
3132 2210 3410 2256 extraneus
3430 2196 3617 2267 partium

2107 2305 2302 2362 studiis
2348 2304 2524 2372 ipsum
2587 2315 2696 2353 non
2752 2294 3004 2350 laudabit
3064 2293 3181 2347 haec
3243 2287 3553 2360 loquentem?
3586 2285 3619 2315 “

2114 2413 2134 2448 ι
2172 2394 2343 2447 Emnt
2383 2391 2523 2445 forte
2559 2388 2759 2457 quibus
2792 2386 2992 2438 barum
3033 2381 3388 2450 Epistolarum
3429 2378 3619 2444 scriptor

2108 2484 2375 2541 videbitur
2425 2489 2479 2535 et
2522 2475 2876 2533 matrimonio
2915 2487 3040 2526 esse
3075 2468 3330 2539 iniquior,
3366 2467 3617 2521 ealibatum

2109 2589 2238 2629 vero
2266 2573 2491 2626 nimium
2544 2567 2832 2627 extollere,
2871 2562 3094 2632 quando
3129 2559 3414 2629 virginibus
3458 2556 3619 2609 sanctis

2110 2660 2537 2718 excellentiorem
2578 2656 2633 2709 in
2688 2654 2847 2708 caelis
2897 2653 3080 2705 locum
3136 2649 3316 2703 datum
3367 2644 3427 2700 iri
3471 2642 3620 2698 statuit

2114 2767 2272 2824 quam
2315 2747 2634 2818 conjugibus
2670 2744 2882 2799 sanctis
2916 2743 2984 2805 ιι,
3016 2748 3070 2796 et
3100 2738 3365 2793 morosius
3396 2748 3535 2804 quam
3557 2732 3619 2784 vel

2114 2820 2442 2901 humanitas,
2466 2836 2547 2890 vel
2575 2833 2764 2889 saeculi
2794 2830 2976 2886 nostri
3008 2826 3339 2884 consuetudo
3374 2823 3481 2887 fert,
3507 2820 3620 2876 omni

2117 2944 2239 2985 cum
2262 2925 2581 2981 mulieribus
2628 2920 3008 2975 familiaritate
3036 2926 3089 2972 et
3116 2916 3431 2969 commercio
3451 2910 3624 2966 interdi-

2042 3045 2082 3103 ο
2119 3035 2260 3081 cere,
2280 3017 2589 3082 aditumque
2613 3026 2807 3065 earum
2835 3017 2890 3064 et
2914 3021 3221 3063 sermonem
3251 3004 3484 3073 defugere
3506 3002 3624 3071 jube-

2111 3125 2190 3175 re,
2221 3124 2287 3162 ne
2306 3105 2433 3175 quid
2458 3120 2523 3159 ex
2552 3102 2884 3172 contagione
2906 3097 3237 3155 incommodi
3262 3094 3623 3163 accipiamus,ut

2112 3198 2289 3255 verbis
2316 3195 2543 3250 Caesaris
2568 3201 2718 3247 utar.

2187 3306 2209 3341 ι
2250 3286 2439 3348 Aliter,
2472 3284 2666 3345 fateor,
2695 3284 2766 3338 de
2806 3283 3061 3337 caelibatu
3096 3286 3152 3334 et
3192 3270 3508 3332 matrimonio
3532 3284 3625 3324 sen-

2114 3377 2177 3432 tit
2206 3368 2452 3430 Clemens
2487 3386 2647 3440 quam
2698 3369 3009 3435 Lutherus;
3042 3376 3096 3421 at
3132 3365 3363 3421 nondum
3395 3360 3624 3432 probatum

2114 3472 2197 3520 est
2223 3464 2369 3516 illum
2410 3462 2547 3514 male
2575 3457 2825 3513 sensisse
2872 3471 2889 3509 :
2934 3456 2981 3511 si
3001 3455 3126 3523 quis
3160 3452 3301 3507 enim
3336 3448 3524 3519 genium
3552 3442 3623 3494 de-

2117 3553 2351 3614 fraudat,
2380 3558 2434 3604 et
2462 3549 2774 3618 voluptates
2824 3546 2991 3602 etiam
3037 3546 3216 3599 licitas
3262 3538 3471 3611 spernit,
3498 3544 3545 3587 ut
3579 3545 3627 3583 eo

2118 3645 2310 3698 melius
2343 3649 2396 3695 et
2427 3640 2743 3708 expeditius
2763 3639 3032 3693 doctrina:
3060 3635 3331 3705 Evangelii
3356 3640 3406 3686 et
3429 3625 3628 3684 curanda:

2118 3731 2373 3786 Ecclesia:
2396 3743 2591 3783 vacare
2606 3729 2815 3797 possit,
2830 3745 2937 3784 cur
2959 3745 3070 3783 non
3099 3728 3156 3781 in
3180 3728 3340 3781 altera
3368 3723 3464 3777 vita
3494 3717 3629 3784 majus

2119 3835 2149 3875 α
2193 3819 2303 3873 Deo
2354 3819 2630 3889 praemium
2696 3827 2971 3889 speraret,
3020 3834 3183 3889 quam
3225 3817 3301 3871 illi
3342 3814 3426 3883 qui
3470 3815 3627 3880 partem

2118 3909 2376 3966 mercedis
2407 3923 2519 3963 suae
2540 3908 2650 3978 jam
2676 3909 2742 3963 in
2772 3910 2879 3964 hac
2905 3910 3021 3964 vita
3038 3902 3629 3978 receperunt‘iCaeterum.

2118 3999 2365 4055 Clemens
2421 4012 2520 4053 nec
2559 3998 2883 4052 caelibatum
2948 4000 3124 4069 jubet,
3185 4012 3284 4052 nec
3331 3991 3522 4061 nuptias
3563 3998 3630 4035 ve.

2121 4096 2220 4154 tat,
2270 4095 2326 4141 ut
2376 4097 2489 4141 tum
2536 4102 2601 4140 ex
2677 4089 2810 4158 ipso
2873 4090 2995 4144 loco
3070 4087 3232 4142 modo
3312 4086 3459 4137 allato
3503 4078 3628 4147 patet.

2122 4186 2233 4232 tum
2263 4192 2325 4231 ex
2371 4176 2473 4229 alia
2516 4175 2773 4243 ejusdem
2799 4177 3048 4248 Epistula
3077 4179 3277 4246 scripta
3324 4171 3537 4226 adversus
3569 4175 3630 4213 tot

2125 4267 2212 4337 qui
2254 4266 2648 4320 matrimonium
2706 4270 2988 4338 rejiciunt,
3046 4283 3208 4336 quam
3236 4265 3417 4334 legisse
3452 4258 3629 4311 testatur

2059 4372 2104 4429 ι)
2129 4356 2420 4426 Dionysius
2446 4354 2719 4412 Barsalibi
2748 4399 2764 4425 ,
2790 4359 2935 4429 apud
2966 4357 3227 4414 Asseman
3256 4358 3298 4389 η
3331 4374 3344 4410 :
3374 4365 3461 4406 nec
3492 4345 3630 4398 «καθ’

2127 4448 2325 4502 libatus
2347 4445 2564 4515 praemio
2585 4448 2894 4518 quidquam
2926 4449 3060 4503 dicit
3082 4448 3350 4503 diversum
3378 4442 3441 4495 ab
3466 4438 3523 4493 iis
3544 4444 3629 4503 qua

503 4514 755 4576 minatur,
777 4516 1057 4579 usurpant;
1085 4506 1223 4561 unde
1249 4521 1459 4575 quoque
1480 4507 1578 4559 sibi
1598 4514 1860 4576 arrogant
1904 4520 2033 4574 apo-
2127 4535 2326 4590 Paulus
2349 4506 2619 4587 hocuerat'
2641 4535 2710 4590 ιι.

504 4604 764 4657 stolorum
817 4603 899 4655 vel
946 4600 1319 4670 prophetarum
1386 4596 1702 4664 qualitates!
1759 4596 2030 4659 Miserum,

506 4707 655 4754 sane,
686 4691 982 4760 perfugium
1019 4690 1397 4759 haeresis,qua2
1430 4701 1565 4754 quos
1613 4694 1907 4745 aversatur.
1956 4687 2035 4739 sic

507 4780 702 4848 injuste
732 4780 1073 4835 dehonestat!
1107 4777 1419 4847 Speravitne
1444 4774 1739 4829 Wetstinus
1768 4775 1854 4827 his
1883 4775 2032 4829 insa-

508 4871 595 4923 nis
619 4870 1050 4925 accusationibus
1077 4883 1171 4923 ora
1203 4866 1451 4920 claudere
1480 4880 1664 4919 eorum
1693 4865 1807 4934 qui,
1836 4865 1887 4918 in
1920 4865 2033 4933 ipso

510 4956 931 5013 Lutberanorum
968 4974 1143 5029 grege,
1194 4971 1314 5010 eum
1345 4964 1403 5008 ut
1441 4954 1776 5008 Socinianum
1820 4956 2035 5025 pestife-

511 5059 736 5115 rumque
755 5056 1060 5103 novatorem
1077 5045 1451 5101 denuntiantes
1466 5045 1669 5113 agradu
1701 5060 1855 5115 quem
1876 5060 2026 5099 occu-

590 5217 632 5247 ¹⁶
657 5214 1041 5287 Prolegomen.,
1066 5236 1120 5273 n.
1156 5220 1239 5273 10.
1315 5220 1355 5252 ¹¹
1395 5216 1491 5287 Ep.
1515 5214 1555 5280 Ι,
1590 5234 1645 5271 n.
1668 5218 1720 5272 1.

593 5396 671 5464 (4)
709 5393 995 5475 Quarehic
1025 5399 1243 5475 ultimus
1272 5398 1499 5475 scriptor
1528 5406 1740 5451 nostras
1773 5390 2040 5475 Epistolas

523 5461 631 5520 non
663 5463 877 5515 admisit
896 5462 946 5514 in
973 5480 1070 5518 sua
1090 5461 1417 5530 Collectioité,
1446 5482 1565 5520 cum
1588 5480 1680 5520 eas
1711 5461 2042 5515 authenticas

525 5548 646 5587 esse
663 5547 768 5610 non
819 5533 1008 5610 neget?
1060 5531 1339 5610 Probabile
1389 5543 1478 5610 est
1510 5543 1601 5587 aut
1627 5532 1829 5610 nullum
1855 5544 2038 5607 earum

526 5599 796 5670 exemplar
823 5598 876 5651 in
896 5596 1097 5655 'manus
1123 5603 1239 5668 ejus
1269 5603 1543 5664 pervenire
1577 5600 1833 5670 potuisse.
1861 5605 1950 5650 aut
1995 5596 2040 5649 si

526 5667 796 5740 quoddam
816 5669 1131 5737 pervenerit,
1155 5667 1346 5740 pedem
1371 5670 1491 5739 ejus
1518 5667 1899 5740 retrogressum
1924 5680 2042 5719 esse

2130 4749 2505 4790 EXPENDUNTUR
2550 4750 2614 4787 AC
2671 4752 3066 4793 REFELLUNTUR
3104 4751 3360 4791 Μτιοιτεε
3405 4739 3558 4794 QUIBUS
3593 4736 3629 4772 Ι)-

2200 4818 2267 4857 nn
2305 4818 2572 4855 pneuacnv
2598 4818 2651 4856 ιη
2686 4822 2890 4861 bunum
2923 4823 3165 4862 navocn
3195 4803 3630 4860 Αυτιιεικτιοιτλτει

2205 4886 2449 4925 ΑΙΒΔΒυΙ
2486 4886 2867 4930 ειηετοιλιιυη
2904 4892 3098 4932 δΑΝετι
3133 4887 3439 4931 οιειιεατιε.

2207 4960 2509 5029 Stephanus
2522 4959 2861 5020 Franciscus
2886 4966 3137 5021 Boistard
3162 4967 3229 5019 de
3256 4964 3543 5027 Premagny.
3563 4949 3631 5002 110‘

2141 5052 2292 5101 nesta
2332 5045 2552 5113 familia,
2581 5045 2915 5123 Rothomagi
2944 5062 3129 5117 natus,
3150 5056 3234 5108 vir
3263 5061 3455 5120 magna:
3482 5044 3633 5097 litlwt‘

1795 5217 1835 5247 η
1864 5216 2367 5287 Biblioth.'_0rient.,
2398 5225 2439 5273 t.
2462 5217 2529 5285 ιι,
2559 5236 2616 5290 p.
2646 5223 2774 5279 i55.
2851 5226 2939 5281 ιιι
2985 5227 3115 5285 Cor.
3149 5236 3248 5302 vn,
3293 5223 3344 5281 9.

2144 5396 2413 5477 adeo-lum
2447 5409 2801 5477 conspectum
2852 5404 3081 5461 hirsuta:
3112 5399 3465 5463 translationis
3494 5390 3629 5477 ᾝεξεῇς

2144 5465 2260 5520 lini.
2292 5466 2489 5545 Eadem
2525 5453 2806 5545 ἀετοάὺξᾷ
2837 5453 3095 5545 Eg};
3114 5453 3475 5545 Stliééi'iﬁngs
3494 5453 3627 5545 disi"!

2144 5548 2321 5614 meum
2363 5537 2620 5614 laborem,
2647 5540 2744 5614 qui
2774 5532 2988 5598 utinam
3002 5532 3194 5601 'adh'uc
3220 5550 3399 5601 sancto
3421 5532 3635 5593 Ciemcnlﬁ

2143 5603 2395 5674 indignus
2424 5621 2532 5662 non
2558 5608 2666 5664 siti
