3838 6350
225 332 309 388 565
1120 322 1485 381 EPISTOLE
1519 323 1611 378 AD
1647 320 1729 380 νιι

1847 320 1989 379 RES.
2026 354 2093 363 ——
2132 320 2493 379 PROCEMIA.

3345 328 3456 387 566

218 454 348 507 turre,
386 444 520 496 inter
541 440 849 512 praecipuos
883 439 1160 496 moderna:
1192 440 1547 512 philosophiae
1578 450 1759 512 patro-
1791 446 1837 501 Α
1864 437 2082 510 pidatus
2111 449 2279 507 esset,
2310 456 2490 511 praeco
2511 441 2690 495 tactus
2719 441 2777 497 in
2799 440 3021 498 Oriente
3048 450 3102 499 et
3134 444 3451 511 Occidente;

217 554 330 601 nos,
350 550 569 606 quorum
602 535 814 589 amicus
842 541 979 596 erat,
1012 541 1284 597 versatus,
1332 534 1616 589 innumera
1649 530 1762 587 fere

214 628 441 700 opuscula
472 642 501 680 a
531 642 589 682 se
610 629 913 697 composita
953 627 1082 697 legit
1125 641 1311 681 coram
1335 625 1626 680 Academia
1652 625 1762 681 Ro-

210 720 538 790 themagensi,
607 720 771 788 cujus
822 719 1128 775 membrum
1179 726 1318 774 erat.
1375 718 1560 773 Solam
1628 734 1761 774 vero

210 812 569 871 traductionem
594 810 855 867 Gallicam
883 819 1193 866 nostrarum
1220 803 1586 880 Epistolarum
1606 812 1761 865 evul-

209 912 350 978 gavit,
371 907 620 980 quamvis
652 903 802 958 varia
824 902 1179 959 scientiarum
1212 902 1509 971 penetralia
1539 903 1754 960 adierit.

206 998 466 1071 Catalogus
524 994 1023 1062 manuscriptorum
1078 1007 1200 1062 qua:
1250 992 1470 1062 reliquit
1515 994 1593 1065 (5)
1647 1011 1755 1049 non

204 1092 392 1146 exhibet
415 1087 692 1143 hominem
716 1085 836 1140 ﬁdei
877 1083 1174 1141 infensum.
1215 1083 1325 1140 Nec
1354 1094 1535 1141 tamen
1569 1088 1754 1158 negari

203 1193 348 1253 potest
378 1178 760 1234 adnotationes
806 1176 928 1246 ejus
960 1177 1223 1247 plurimas
1256 1178 1497 1233 versioni
1535 1179 1755 1251 subjec-

201 1284 269 1328 tas
287 1271 697 1340 reprehensione
718 1269 911 1340 dignas
928 1285 1071 1335 esse,
1100 1280 1160 1325 ut
1184 1273 1391 1345 patebit
1415 1288 1482 1328 ex
1512 1272 1600 1330 his
1631 1290 1754 1346 qua:

195 1361 331 1417 modo
355 1363 598 1416 dicturus
629 1376 771 1415 sum.

168 1438 177 1448 ’
254 1453 487 1508 Ordinem
533 1467 742 1522 sequar
795 1466 1150 1505 numerorum
1192 1468 1335 1523 quos
1376 1452 1544 1510 allixit
1581 1453 1645 1512 Ι).
1683 1454 1751 1514 de

192 1539 458 1611 Premagny
487 1540 544 1594 in
573 1541 695 1595 suis
723 1539 1191 1595 adnotationibus.

247 1631 282 1687 l.
324 1629 415 1685 Vix
452 1631 720 1685 morabor
750 1639 808 1682 ut
844 1628 1070 1700 probem
1131 1638 1325 1684 contra
1371 1628 1747 1687 adnotatorem

188 1736 277 1775 non
316 1735 508 1775 nocere
546 1719 922 1791 Epistolarum
974 1718 1374 1775 authenticitati
1426 1729 1745 1777 sanctorum

1864 530 1959 601 qui
1987 532 2248 587 eximium
2281 530 2405 588 lidei
2437 549 2551 589 sua:
2578 533 2749 590 decus
2778 534 3011 604 accepit,
3065 542 3238 589 totum
3286 550 3452 590 mun-

1863 626 1992 681 dum
2057 626 2260 683 docens
2294 628 2587 699 justitiam,
2636 636 2689 683 et
2737 627 2805 683 ad
2863 627 3178 683 Occidentis
3229 628 3453 685 veniens

1864 721 2183 784 terminum,
2212 728 2267 777 et
2301 723 2402 777 sub
2448 722 2719 793 prtel'ectis
2762 724 3087 793 martyrium
3119 737 3317 792 passus
3349 721 3447 793 (61.

1861 814 1937 869 ita
1967 830 1999 870 e
2036 815 2239 869 mundo
2268 816 2540 886 migravit,
2571 821 2734 884 atque
2766 815 2819 868 in
2854 814 3030 869 locum
3061 824 3309 869 sanciunt
3350 812 3448 866 ab-

1860 906 1943 967 iit,
1976 902 2253 975 patientia:
2300 920 2556 976 magnum
2605 906 2885 977 exemplar
2932 904 3131 960 factus.
3166 904 3264 961 llis
3312 905 3449 960 viris

1857 998 1952 1068 qui
1989 997 2229 1052 divinam
2260 998 2427 1051 vitam
2460 998 2755 1062 duxerunt,
2788 1005 3077 1069 aggregata
3124 1005 3209 1053 est
3254 996 3447 1069 ingens

1857 1091 2156 1147 electorum
2188 1090 2504 1154 multitudo,
2539 1110 2558 1143 ι
2593 1099 2701 1147 etc.

1927 1180 2018 1241 ιν.
2059 1182 2289 1239 Dubiam
2321 1199 2444 1238 esse
2485 1184 2680 1237 harum
2713 1181 3084 1253 Epistolarum
3114 1182 3447 1237 authentici-

1854 1286 2045 1343 tatem,
2078 1276 2205 1333 inde
2234 1276 2553 1348 pronuntiat
2585 1273 2647 1330 D.
2676 1275 2743 1330 de
2773 1274 3074 1347 Premagny
3104 1273 3444 1346 quod,juxta

1854 1368 2060 1438 ipsum,
2093 1366 2435 1439 impossibile
2461 1366 2533 1421 sit
2563 1366 2838 1436 conjicere
2867 1364 3197 1436 quibusnam
3228 1367 3445 1436 scriptae

1851 1461 2079 1518 fuerint.

1922 1550 1989 1607 Et
2015 1559 2199 1608 tamen
2226 1552 2400 1624 magis
2427 1552 2578 1608 clara
2600 1568 2725 1608 esse
2749 1567 2857 1606 non
2882 1559 3113 1622 possunt
3136 1550 3298 1606 verba
3321 1566 3442 1621 quae

1851 1645 2007 1701 initio
2035 1644 2225 1715 primae
2256 1644 2509 1714 Epistolte
2534 1645 2887 1715 reperiuntur
2924 1662 2936 1697 :
2974 1642 3229 1698 Omnibus
3278 1643 3438 1711 virgi-

1849 1736 2003 1791 nibus
2033 1737 2197 1791 beatis
2219 1737 2309 1808 qui
2332 1736 2407 1807 (7)
2432 1738 2818 1791 constituerunt
2844 1750 3050 1790 servare
3078 1733 3440 1806 virginitatem

184 1824 238 1863 ac
275 1808 543 1899 uenarum
597 1785 869 1864 'vocabula
924 1808 1125 1877 quibus
1168 1807 1342 1861 utitur
1375 1817 1602 1864 sanctus
1625 1808 1747 1863 Gle-
1783 1785 1823 1840 Β
1849 1785 3437 1899 magna;‘.:.1;;.;;;.1"x.;3.;.;';.i..":;.;..;;,'..

187 1914 331 1955 mens.
358 1898 422 1954 Ut
450 1901 520 1954 ab
544 1912 616 1955 eo
646 1898 895 1953 adhiberi
930 1899 1224 1968 potuerint,
1248 1899 1522 1955 sniIiceret
1549 1900 1747 1956 unicus

183 1988 347 2045 horum
377 1988 674 2045 verborum
696 2004 830 2045 usus
859 1991 917 2045 in
948 1987 1099 2044 Novo
1117 1987 1487 2057 Testamento,
1515 1991 1608 2047 ubi
1634 1991 1745 2048 fre-

180 2088 378 2150 quenter
408 2079 791 2150 reperiuntur.
1656 2092 1659 2093 '

236 2173 291 2228 ll.
321 2172 591 2228 ludirecte
629 2182 685 2226 et
727 2180 1076 2228 transeunter
1118 2172 1440 2244 perstringit
1469 2175 1739 2245 apostola-

178 2274 269 2320 tum
304 2266 438 2320 beati
470 2265 629 2321 Petri
660 2260 867 2320 Romae.
902 2264 995 2319 Ille
1020 2273 1203 2319 autem
1237 2265 1492 2321 incursus
1524 2281 1746 2337 respon-

176 2376 275 2413 sum
300 2376 399 2414 non
419 2366 672 2412 meretur
699 2374 713 2411 :
749 2354 1019 2412 innumeri
1045 2358 1245 2429 quippe
1276 2358 1399 2413 libri
1424 2359 1736 2423 exstabant,

176 2458 385 2519 tempore
408 2448 466 2502 D.
484 2449 555 2503 de
573 2448 902 2519 Premagny,
929 2456 984 2502 et
1011 2465 1159 2504 nunc
1185 2459 1419 2516 exstant,
1450 2452 1741 2520 probantes

174 2541 352 2595 nullum
390 2543 750 2596 insulsiorem
780 2539 833 2594 in
866 2541 1142 2597 mentibus
1171 2542 1516 2598 eruditorum
1554 2559 1726 2599 rema-

172 2651 278 2690 nere
304 2651 459 2705 posse
485 2636 895 2691 dubitationem
928 2653 1092 2707 quam
1123 2638 1191 2693 de
1228 2639 1389 2709 longa
1423 2638 1601 2694 sancti
1631 2637 1736 2693 Pe-

169 2729 226 2780 tri
244 2726 412 2781 Romae
442 2727 886 2783 commoratione
913 2747 926 2783 :
970 2728 1024 2782 in
1045 2730 1149 2783 hoc
1179 2730 1324 2784 enim
1356 2730 1600 2786 historia:
1625 2731 1739 2785 fac-

168 2832 212 2878 to
227 2824 514 2877 unanimes
541 2829 677 2876 sunt
704 2838 828 2876 cum
860 2831 970 2877 tota
997 2832 1143 2878 retro
1174 2824 1500 2895 antiquitate
1530 2825 1737 2881 doctis-

168 2916 269 2968 simi
296 2916 615 2984 scriptores,
642 2923 760 2967 tum
790 2905 1286 2981 inter‘Catholicos,
1316 2925 1431 2971 tum
1461 2917 1626 2973 etiam
1648 2918 1734 2974 in-

165 3013 233 3062 ter
264 3016 652 3077 protestantes.

1849 1936 2015 1977 sexus
2043 1921 2283 1992 virgines
2322 1920 2560 1990 scriptas
2592 1918 2766 1975 fuisse
2817 1920 2917 1975 has
2964 1916 3235 1989 Epistolas
3265 1935 3437 1990 agno-

1846 2015 1924 2069 vit
1953 2022 2178 2071 sanctus
2205 2012 2569 2085 Hieronymus
2604 2032 2616 2068 :
2660 2013 2735 2067 ita
2768 2019 2827 2066 ut
2876 2012 3119 2065 animum
3152 2012 3286 2066 mire
3323 2010 3439 2065 dis-

1843 2111 2082 2160 tractum
2128 2102 2329 2159 habere
2380 2103 2630 2158 debuerit
2678 2101 2742 2160 Ι).
2777 2102 2843 2158 de
2874 2099 3178 2173 Premagny
3209 2101 3302 2173 qui
3337 2118 3435 2156 su-

1842 2210 1941 2267 pra
1982 2196 2129 2250 dicta
2176 2196 2342 2251 verba
2389 2198 2544 2266 prius
2586 2196 2655 2251 ab
2696 2200 2816 2267 ipso
2848 2196 3040 2252 Latine
3073 2197 3434 2266 transcripta.

1843 2290 2041 2347 deinde
2069 2291 2127 2345 in
2159 2298 2405 2347 nostram
2443 2289 2685 2360 linguam
2716 2298 2976 2354 verterat,
3023 2290 3245 2361 quando
3294 2290 3435 2343 dixit

1842 2384 2044 2453 conjici
2091 2398 2200 2438 non
2250 2398 2415 2454 posse
2450 2383 2652 2453 quibus
2702 2381 2822 2439 ista:
2863 2383 3276 2438 destinarentur
3306 2381 3436 2454 Epi-

1840 2475 2015 2530 stola).

1911 2566 2047 2622 Boni
2075 2564 2316 2637 pastoris
2346 2563 2581 2620 oilicimn
2613 2563 2875 2636 implebat
2918 2572 3146 2621 sanctus
3175 2563 3430 2620 Clemens

1838 2658 1967 2715 dum
2016 2660 2339 2731 invigilaret’
2364 2658 2687 2730 perfectioni
2730 2675 2921 2716 eorum
2953 2659 3046 2730 qui
3075 2659 3428 2715 illustriorem

1837 2754 2017 2824 gregis
2046 2752 2253 2808 Christi
2284 2754 2589 2827 portionem
2623 2752 2884 2809 elliciunt.
2918 2751 3159 2809 Dilectus
3183 2754 3425 2825 discipu-

1838 2844 1925 2898 lus
1950 2844 2067 2913 ipse
2085 2844 2263 2897 locum
2285 2844 2339 2897 in
2361 2843 2516 2898 cmlis
2536 2843 3025 2900 honoratissimum
3050 2845 3130 2900 eis
3157 2845 3428 2916 assignat.

1836 2932 2133 3006 Postquam
2182 2935 2327 2991 enim
2377 2935 2651 2989 nuntiavit
2683 2952 2778 2992 eos
2817 2936 3021 2991 habere
3051 2954 3250 2992 nomen
3286 2940 3427 3009 Αίςηί

1838 3025 1933 3081 Dei
1962 3033 2015 3081 et
2042 3022 2220 3080 Patris
2252 3025 2373 3095 ejus
2418 3024 2683 3095 scriptum
2720 3025 2775 3080 in
2816 3024 3093 3083 frontibus
3121 3027 3257 3093 suis,
3293 3028 3429 3084 dicit

221 3096 296 3152 ΙΙΙ.
324 3099 552 3153 Miratur
576 3098 729 3170 quod
755 3107 948 3156 sancto
974 3100 1144 3157 Paulo
1173 3103 1365 3158 titulus
1387 3102 1568 3160 Divini
1594 3106 1731 3166 Αβοο
1758 3134 1798 3190 C
1834 3133 1929 3174 eos
1979 3126 2203 3173 cantare
2264 3125 2391 3172 ante
2453 3116 2637 3173 sedem
2697 3120 2972 3173 canticum
3028 3136 3252 3187 novum,
3277 3124 3426 3193 (μιοά

162 3195 266 3248 τιτιιὶ
310 3211 341 3249 a
395 3204 869 3265 contemporaneo
936 3197 1240 3262 tribuatur,
1296 3198 1450 3270 isque
1507 3209 1732 3255 vocetur

162 3287 422 3358 Apostolus
453 3290 582 3345 sine
612 3290 854 3344 nominis
876 3288 1248 3356 additione,et
1279 3308 1377 3362 per
1406 3303 1731 3350 antonoma-

160 3378 293 3433 siam.
332 3378 436 3434 Sed
476 3386 717 3435 sanctus
748 3378 999 3436 Clemens
1043 3382 1097 3435 in
1152 3383 1327 3453 prima
1366 3382 1609 3454 Epistola
1663 3387 1731 3442 ad

159 3465 445 3524 Corinthios
465 3509 481 3531 .
511 3486 644 3540 quae
665 3471 979 3525 authentica
1018 3472 1087 3525 ab
1110 3472 1366 3529 omnibus
1392 3476 1728 3546 agnoscitur,

156 3557 267 3613 dicit
297 3577 309 3613 :
346 3578 364 3611 ι
406 3559 634 3614 Sumite
664 3558 960 3630 Epistolam
1002 3560 1144 3617 beati
1174 3560 1351 3620 Pauli.
1387 3584 1406 3617 ι
1442 3563 1728 3631 Quodnam

155 3655 338 3706 tantum
392 3652 705 3708 discrimen
751 3660 835 3708 est
890 3654 1032 3709 inter
1072 3653 1305 3707 divinum
1355 3664 1411 3710 et
1470 3657 1729 3714 beatum!

154 3738 347 3796 Nullum
385 3744 669 3815 profecto.
726 3741 994 3800 Prteterea
1030 3753 1326 3816 utrumque
1372 3746 1723 3815 vocabulum,

153 3838 367 3903 tempore
393 3836 581 3891 sancti
597 3835 899 3890 Clementis
931 3836 1303 3892 indiil‘erenter
1331 3840 1721 3909 usurpabatur.

153 3920 266 3978 Hinc
292 3927 341 3980 in
354 3928 508 3983 Actis
539 3930 793 3998 martyrii
815 3931 987 3984 sancti
1011 3927 1202 3999 lgnatii
1224 3931 1572 3998 Antiocheni,
1603 3951 1725 4005 quae

152 4018 327 4087 scripta
358 4028 491 4075 sunt
531 4020 611 4075 ab
641 4021 761 4090 ejus
776 4021 1082 4092 discipulis,
1116 4022 1312 4093 legitur
1344 4024 1422 4093 (η.
1446 4024 1500 4095 9)
1542 4045 1554 4081 :
1593 4043 1611 4077 ι
1654 4026 1724 4082 Ut

151 4112 519 4167 convenienter
566 4110 621 4167 ei
657 4112 804 4182 quod
859 4113 998 4168 dixit
1055 4113 1275 4169 divinus
1323 4110 1550 4182 Paulus,
1606 4118 1723 4189 ipse

149 4212 338 4269 quoque
360 4203 519 4257 lieret
546 4204 928 4272 spectaculum
949 4203 1176 4269 mundo,
1205 4213 1259 4260 et
1282 4207 1489 4277 angelis
1528 4214 1581 4263 et
1615 4210 1719 4263 lto-

150 4289 382 4349 minibus.
418 4312 437 4345 ι
465 4292 647 4366 igitur
675 4291 777 4349 hac
806 4302 968 4351 aetate
986 4296 1257 4366 ejusmodi
1282 4314 1443 4356 voces
1472 4299 1719 4357 adhiberi

149 4380 393 4439 solebant.

1836 3227 1997 3266 nemo
2045 3219 2244 3282 praeter
2295 3212 2440 3271 illos.
2483 3219 2711 3267 cantare
2767 3218 2969 3281 potest,
3005 3214 3311 3283 additque:
3348 3215 3423 3268 Hi

1834 3312 1956 3356 sunt
1985 3304 2075 3373 qui
2114 3319 2232 3356 cum
2273 3302 2580 3356 mulieribus
2607 3318 2709 3355 non
2747 3313 2871 3356 sunt
2916 3304 3240 3375 coinquinati
3270 3322 3288 3360 :
3318 3308 3424 3360 uir-

1832 3396 1978 3466 gines
2018 3396 2157 3449 cnim
2200 3403 2343 3450 sunt.
2393 3390 2466 3447 Hi
2518 3403 2811 3465 sequuntur
2864 3394 3074 3466 Agnum
3116 3413 3423 3468 quocunque

1830 3489 1976 3542 ierit.
2021 3486 2097 3539 Ili
2136 3484 2298 3555 empti
2349 3495 2472 3541 sunt
2518 3502 2583 3541 ea:
2613 3487 2912 3542 hominibus
2956 3489 3208 3557 primitia:
3236 3488 3343 3544 Deo
3369 3504 3421 3545 et

1830 3583 1981 3650 Agna
2000 3579 2064 3635 “.

1902 3668 1966 3726 γ.
2008 3670 2243 3726 Domino
2266 3672 2333 3727 de
2360 3669 2686 3744 Premagny,
2720 3680 2845 3742 post
2873 3671 3206 3728 Wetstinum
3239 3672 3417 3726 anim-

1829 3764 2113 3820 advertere
2158 3765 2369 3835 placet,
2422 3764 2560 3817 nihil
2615 3764 2670 3817 in
2721 3764 2807 3818 his
2873 3762 3134 3833 Epistolis
3177 3764 3415 3818 inveniri

1827 3858 2034 3912 dictum
2083 3857 2151 3913 de
2200 3854 2507 3912 hicrarchia
2543 3865 2593 3910 et
2625 3856 2999 3911 ecclesiastica
3031 3856 3360 3910 auctoritate
3394 3876 3409 3910 :

1825 3957 1881 4006 et
1902 3950 2027 4005 inde
2053 3950 2381 4005 concludere
2409 3949 2522 4003 vult
2544 3947 2768 4002 dubiam
2801 3963 2926 4002 esse
2957 3962 3145 4001 earum
3178 3947 3413 4001 authen-

1825 4041 2112 4097 ticilatem.
2153 4037 2375 4096 Dixerat
2415 4054 2546 4094 vero
2571 4036 2881 4093 Wetstinus
2911 4037 3052 4090 hanc
3081 4038 3413 4093 authentici-

1825 4143 1993 4190 tatem
2052 4133 2226 4188 astrui
2255 4130 2482 4201 praecise
2532 4133 2628 4188 illo
2680 4134 2921 4189 silentio.
2985 4129 3262 4189 Wetstino
3293 4131 3410 4200 jam

1823 4241 2147 4296 responsum
2176 4224 2321 4281 dedi.
2341 4223 2531 4281 Restat
2547 4240 2676 4296 ergo
2695 4234 2752 4281 ut
2782 4226 3146 4297 respondeam
3179 4227 3412 4282 adnota-

1822 4318 1927 4371 tori
1963 4313 2161 4372 ibidem
2190 4317 2545 4386 quaestionem
2571 4317 2774 4372 nullam
2807 4316 2978 4373 fuisse
2998 4318 3066 4373 de
3096 4316 3409 4375 hierarchia

1819 4409 1965 4465 etde
1987 4408 2310 4463 auctoritate
2336 4410 2734 4465 ecclesiastica.
2766 4407 2962 4464 Omnia
3004 4420 3216 4481 tempus
3243 4418 3298 4466 et
3328 4412 3409 4467 lo-

202 4470 299 4529 Nec
327 4477 532 4531 mirum
566 4476 716 4548 quod
745 4477 909 4533 etiam
944 4488 1074 4534 tunc
1118 4488 1342 4538 sanctus
1367 4480 1571 4540 Paulus
1618 4500 1717 4555 per
1746 4478 1791 4532 Ι)
1820 4516 1945 4557 cum
1977 4515 2136 4556 suum
2168 4499 2391 4557 habent,

148 4571 575 4624 antonomasiam
627 4569 921 4640 Apostolus
969 4571 1148 4628 dictus
1203 4574 1388 4642 fuerit,
1420 4593 1545 4634 cum
1594 4588 1712 4635 tam

145 4655 381 4741 divinitus
414 4662 485 4717 ad
522 4663 892 4732 apostolatum
937 4664 1102 4721 fuerit
1147 4677 1398 4736 vocatus,
1450 4687 1514 4725 ac
1558 4680 1713 4728 tanto

144 4757 365 4808 encomio
397 4772 425 4807 a
458 4764 665 4811 sancto
698 4755 857 4811 Petro
880 4758 1045 4813 fuerit
1077 4759 1351 4817 celebrata
1381 4764 1712 4835 sapientia“

144 4840 249 4897 talis
272 4845 395 4909 viri,
430 4848 557 4917 qui,
582 4857 643 4901 ut
674 4849 749 4901 ait
774 4858 1001 4905 sanctus
1019 4850 1272 4911 Clemens
1302 4855 1359 4909 in
1388 4857 1561 4925 prima
1585 4856 1711 4928 Epi-

144 4932 260 4986 stola
304 4938 371 4991 ad
402 4937 731 4996 Corinthios
749 4940 834 4997 ¹⁸;
877 4962 895 4994 ι
926 4942 1208 5001 Patientia:
1252 4949 1534 5017 prannium
1564 4950 1708 5006 obti-

143 5024 261 5091 nuit,
288 5042 415 5085 cum
446 5040 685 5088 catenas
714 5034 915 5104 septies
936 5046 1231 5106 portasset,
1262 5042 1595 5111 vapulasset,
1626 5044 1705 5099 la-

198 5226 235 5257 ⁸⁸
267 5228 307 5282 ll
336 5231 491 5289 Petr.
522 5227 815 5293 "1,15,16.
880 5237 921 5267 "
944 5236 1011 5294 N.
1045 5240 1098 5296 5.
1178 5244 1220 5275 ¹⁶
1256 5244 1479 5316 Apocal.
1513 5265 1622 5304 xiv.

133 5487 168 5543 Β
193 5425 260 5495 (5)
286 5427 792 5515 Hunecatalogum
838 5439 1073 5511 benigne
1111 5441 1248 5497 mihi
1294 5445 1597 5501 transmisit
1630 5444 1697 5501 Ι).

173 5533 184 5543 .
212 5498 676 5543 Ατοιιιρηιερηηηε
697 5505 1151 5543 Ωιιηιηπυιηηηρς.
1176 5528 1297 5543 λη...
1332 5513 1479 5543 1...-..:
1504 5516 1693 5543 mum-

173 5498 1153 5581 ._Archiepiscopusﬂothomagensis
1174 5528 1299 5568 cum
1331 5498 1480 5570 brevi
1503 5498 1698 5572 notitia

1892 4590 1983 4648 Vl.
2027 4590 2274 4663 Vitiligat
2316 4598 2535 4665 Quoque
2584 4593 2649 4650 D.
2680 4595 2748 4651 de
2777 4593 3082 4669 Premagny
3112 4611 3279 4665 super
3306 4609 3407 4650 vo-

1817 4685 2030 4740 cabulis
2066 4686 2309 4756 Apostoli
2351 4695 2405 4743 et
2445 4687 2740 4760 Evangelii,
2778 4691 2938 4761 quasi
2996 4690 3101 4743 hoc
3157 4696 3405 4759 tempore

1814 4780 2071 4849 usurpari
2116 4794 2226 4833 uon
2277 4778 2588 4837 debuerint.
2622 4782 2809 4838 Liceat
2840 4783 2973 4837 mihi
3013 4782 3200 4837 dicere
3244 4780 3398 4835 litem

1812 4867 1957 4922 hanc
1994 4882 2118 4923 esse
2164 4882 2513 4940 summepere
2554 4872 2840 4926 ridiculam
2877 4891 2891 4926 :
2932 4880 3219 4943 postquam
3250 4871 3399 4926 enim

1812 4971 1975 5011 voces
2023 4956 2141 5014 istze
2182 4973 2212 5012 a
2257 4957 2501 5025 Christo,
2534 4962 2603 5017 ab
2645 4962 2909 5032 apostolis
2953 4970 3007 5018 et
3049 4962 3399 5034 evangelistis

1810 5047 2068 5105 adhibitae
2101 5049 2324 5122 fuerint,
2361 5054 2487 5125 quis
2516 5054 2699 5111 dicere
2725 5054 2950 5111 auderet
2980 5069 3011 5110 a
3037 5063 3229 5110 sancto
3272 5054 3397 5110 Cle-

1802 5461 1948 5502 anno
1978 5448 2138 5515 1767,
2172 5452 2331 5509 annis
2364 5459 2525 5508 natus
2553 5453 2642 5509 58.

1872 5518 1950 5603 (6)
1991 5518 2073 5603 Ex
2088 5522 2330 5603 historia
2360 5524 2627 5603 discimus
2659 5518 2798 5583 duos
2825 5524 2997 5587 fuisse
3032 5528 3220 5587 Romae
3248 5548 3388 5603 pra:-

134 5560 275 5632 imjns
300 5560 1698 5705 auctorisf'l'antovivrgs't‘iliuérates-rependoudaii:
1795 5560 1971 5646 fec‘t‘gs

134 5638 204 5705 Et:
242 5653 336 5705 pro
367 5651 478 5699 Isto
520 5653 717 5705 totque
759 5650 882 5705 aliis
923 5650 1201 5705 beneleiis
1235 5655 1365 5705 mihi
1410 5657 1687 5705 nrazstitis-
1865 5660 1943 5705 t7)
1986 5660 2258 5705 Sm-ihilm-
2286 5667 2374 5705 nui
2407 5680 2511 5705 nnn
2549 5682 2651 5705 nun

132 5638 204 5753 ﬁt:
242 5653 336 5723 pro
367 5643 478 5726 isto
520 5653 717 5717 totque
759 5650 882 5705 aliis
923 5638 1201 5733 beneﬂciis
1235 5638 1687 5739 mibi—praestitis.

177 5722 251 5754 Inc
277 5710 441 5754 dullm
472 5716 516 5754 n
575 5717 641 5754 An
674 5716 975 5754 βι-οηιηηηυ
1012 5731 1156 5754 περ-..
1178 5725 1456 5754 unum-.-
1485 5728 1660 5754 -......t..

192 5710 445 5798 tte-didici
472 5716 539 5770 υ.
564 5710 643 5798 de
672 5716 990 5798 Premag_ny_
1012 5723 1156 5779 inter
1178 5710 1459 5798 religionis
1483 5710 1689 5798 ample;

135 5786 223 5829 xu:
259 5790 383 5839 ante
427 5794 669 5842 mortem
706 5805 764 5844 se
791 5786 1107 5862 projcclssc.
1138 5786 1356 5853 Ubiit'Z’i
1397 5786 1684 5856 Februarii

1865 5660 2687 5763 (Ξζ,Ξετὲἒίξξξςεεῖξιζειθιξέίεξιξν
2717 5670 2844 5747 uva
2866 5670 3110 5746 ειιίειοια
3130 5671 3386 5746 diem

1792 5730 2135 5805 ad‘virgincs
2169 5730 2460 5809 utriusque
2489 5730 2678 5797 scitus.
