3838 6402
428 365 535 422 567

1249 371 1308 428 S.
1345 370 1741 426 CLEMENTIS
1775 372 1793 425 l
1829 373 1997 430 ROM.
2034 375 2237 432 ΡΟΝΙ.
2275 377 2503 432 OPERA
2537 379 2860 441 GENUINA.

3583 390 3704 448 Μ

428 490 609 539 mente
664 499 775 539 non
831 487 1078 557 potuisse
1126 486 1414 543 adhiberi?
1465 487 1766 561 Utramque
1822 508 2008 547 vocem
2040 496 2087 551 Α
2117 490 2288 561 magis
2338 493 2522 550 favere
2570 496 2870 569 virginitati
2922 499 3251 560 beatissima
3294 499 3474 560 Maria:
3526 523 3686 578 quam

426 581 653 630 sanctus
685 575 940 633 Clemens
986 578 1041 632 in
1085 578 1273 634 eadem
1313 579 1456 635 linea
1487 589 1737 651 usurpat,
1766 583 2014 638 scribens

425 667 492 722 ad
523 666 841 725 Corinthios
872 671 1103 740 primam
1137 670 1460 742 Epistolam,
1494 683 1555 728 ut
1576 673 1690 745 jam
1722 673 1857 739 dixi,
1896 676 2015 732 sine

424 760 797 814 controversia
820 762 1214 819 authenticam.
1249 783 1267 816 c
1296 766 1566 836 Apostoli,
1601 765 1800 838 inquit,
1833 784 1887 823 n.
1919 769 2009 837 4'2,

422 851 579 908 missi
610 868 641 907 a
672 851 904 910 Domino
932 853 1062 912 Jesu
1092 856 1337 923 Christo,
1366 858 1719 931 Evangelium
1751 861 2013 932 praedica-

421 953 572 999 runt.
605 964 625 999 ι

496 1035 604 1093 Sed
635 1040 831 1111 qumrit
866 1040 928 1098 D.
971 1041 1041 1099 de
1070 1042 1376 1117 Premagny
1423 1052 1604 1099 utrum
1659 1046 1714 1101 in
1762 1048 2013 1105 versione

423 1127 650 1202 Syriaca
708 1136 1057 1205 reperiantur
1111 1136 1213 1191 ista
1268 1138 1535 1192 vocabula
1573 1158 1586 1194 :
1623 1137 1964 1210 Evangelium
1991 1181 2008 1206 ,

418 1222 745 1291 Apostolus?
777 1224 1106 1298 Respondeo
1134 1228 1188 1283 id
1218 1230 1370 1300 parvi
1402 1229 1629 1294 referre,
1681 1233 1841 1286 modo
1886 1249 2011 1289 sen-

418 1328 516 1371 sus
548 1315 692 1371 idem
721 1318 1079 1389 exprimatur.
1114 1318 1400 1376 Ut‘autem
1431 1322 1736 1377 curiositati
1767 1327 1887 1394 ejus
1920 1341 2012 1381 sa-

420 1406 715 1472 tisfaciam,
742 1408 921 1466 dicam
950 1411 1006 1465 in
1032 1410 1259 1485 Syriaco
1283 1414 1514 1484 exprimi
1542 1423 1753 1470 tantum
1785 1433 2007 1474 sensum

417 1500 571 1555 verbi
597 1501 862 1570 Apostoti,
894 1503 948 1558 id
979 1513 1065 1560 est
1089 1506 1266 1571 missi,
1312 1516 1367 1561 et
1415 1506 1788 1563 introductum
1838 1509 2009 1568 fuisse

418 1593 752 1650 vocabulum
784 1594 1082 1668 Evangelii.
1116 1597 1237 1653 Non
1282 1601 1525 1656 consulit
1568 1616 1682 1657 suae
1722 1601 1880 1659 fama:
1913 1605 2007 1675 qui

420 1682 523 1741 has
551 1688 762 1745 ntenias
790 1690 1072 1760 proponit.
1558 1758 1562 1763 ,

488 1777 601 1836 Vll.
643 1778 748 1847 Qui
782 1781 1011 1839 libidine
1053 1782 1470 1841 contradicendi
1514 1787 1787 1859 abripitur
1834 1788 2004 1844 solem

416 1870 595 1941 ipsum
625 1872 1001 1943 splendentem
1029 1888 1275 1947 negaret,
1308 1890 1402 1933 aut
1430 1880 1551 1950 ejus
1577 1880 1925 1937 existentiam
1946 1883 2001 1939 in

416 1960 644 2018 dubium
694 1975 1002 2023 revocaret.
1037 1967 1131 2024 Sic
1174 1968 1237 2026 ῐ).
1269 1969 1336 2027 de
1363 1971 1667 2049 Premagny
1698 1977 1845 2033 litem
1876 1995 2003 2036 sus-

415 2055 551 2111 citat
593 2059 807 2141 auctori
860 2059 1233 2132 Epistolarum
1272 2066 1401 2135 quia
1441 2084 1542 2124 nec
1600 2085 1999 2141 pmcursorem

415 2144 632 2203 Domini
662 2149 965 2221 Baptistam
996 2157 1308 2227 appellavit,
1332 2174 1435 2215 nec
1463 2161 1721 2217 dilectum
1755 2165 2003 2237 discipu-

414 2240 527 2296 lum
547 2241 963 2314 Evangelistam.
996 2248 1127 2305 Inde
1149 2252 1312 2306 etiam
1342 2255 1631 2324 perpendit
1656 2266 1838 2315 utrum
1879 2275 1999 2315 am-

415 2329 498 2392 bae
549 2343 751 2390 nostrae
797 2336 1055 2407 Epistolae
1093 2342 1419 2399 antecedere
1448 2347 1728 2415 potuerint
1756 2350 2002 2418 publica-

412 2424 619 2482 tionem
649 2435 705 2482 et
731 2430 1098 2501 cognitionem
1126 2432 1408 2505 Evangelii
1438 2440 1614 2493 sancti
1635 2438 1882 2500 Joannis.
1902 2443 2001 2498 Mi-

413 2534 537 2574 sera
565 2534 797 2590 prorsus
841 2522 1155 2581 discussiol
1189 2525 1246 2581 Si
1277 2529 1422 2583 enim
1456 2535 1855 2590 antecesserint
1884 2538 2001 2594 istae

409 2608 671 2683 Epistolas
716 2615 1141 2686 publicationem
1190 2618 1467 2692 Evangelii
1520 2625 1699 2680 sancti
1748 2624 1996 2694 Joannis,

410 2719 512 2758 cur
538 2720 729 2759 eorum
767 2707 1151 2778 antiquitatem
1183 2710 1501 2785 impugnat?
1532 2714 1659 2780 Sed,
1689 2720 1878 2788 procul
1907 2722 2004 2775 du-

409 2792 524 2861 bio,
559 2795 737 2851 adhuc
768 2796 1070 2857 distractus
1119 2809 1237 2857 erat
1289 2804 1520 2875 legendo
1555 2813 1610 2862 et
1640 2810 2002 2867 exscribendo

409 2884 511 2942 bas
542 2886 814 2956 Epistolas
841 2909 854 2945 :
884 2892 1089 2961 pluries
1119 2894 1263 2947 enim
1292 2895 1366 2948 ibi
1399 2904 1626 2952 sanctus
1648 2897 1900 2956 Clemens
1922 2902 2003 2979 ci-

410 2979 547 3033 tavit
593 2979 943 3053 Evangelium
977 2987 1154 3040 sancti
1182 2984 1435 3044 Joannis.
1472 2988 1529 3044 ln
1563 2992 1681 3047 solo
1710 3009 1765 3047 n.
1800 2995 1867 3049 15
1910 3011 2001 3051 se-

408 3071 602 3127 enndze
625 3072 902 3145 Epistolte,
931 3077 1015 3132 bis
1047 3078 1215 3150 hujus
1242 3078 1597 3153 Evangelium
1631 3084 1859 3141 adduxit
1897 3107 1911 3143 :
1947 3089 2004 3143 1⁸

2118 583 2283 639 verba
2312 587 2488 641 sancti
2518 587 2696 645 Luem.
2726 589 2845 645 Non
2880 591 3038 650 facile
3084 603 3265 651 tamen
3292 598 3544 668 concipio
3569 601 3683 669 qui-

2117 672 2347 731 busnam
2373 679 2552 735 verbis
2580 690 2806 738 sanctus
2830 681 3008 741 Lucas
3037 684 3242 744 clarius
3272 691 3578 760 exprimere
3598 707 3684 763 po-

2116 767 2311 824 tuisset
2364 769 2606 844 Deiparae
2650 776 3018 846 virginitatem
3063 797 3227 850 quam
3257 782 3359 837 hoc
3390 800 3682 844 sermone:

2116 860 2268 915 Dixit
2298 873 2471 917 autem
2492 864 2669 919 Maria
2696 868 2763 920 ad
2784 870 3039 939 Angelum
3058 887 3076 924 :
3098 873 3372 940 Quomodo
3405 877 3494 945 [iet
3522 877 3681 938 istud,

2112 954 2362 1023 quoniam
2391 957 2561 1011 virum
2592 976 2695 1012 non
2724 964 3016 1029 cognosco?
3066 962 3134 1016 Et
3171 966 3487 1035 respondens
3528 984 3685 1037 ange-

2115 1042 2220 1105 lus,
2250 1043 2387 1098 dixit
2434 1048 2483 1101 ei
2512 1062 2531 1101 :
2562 1047 2798 1117 Spiritus
2850 1060 3065 1106 sanctus
3104 1059 3422 1123 superveniet
3454 1060 3512 1112 in
3540 1068 3607 1125 te,
3634 1068 3684 1113 et

2112 1138 2279 1189 virtus
2322 1138 2591 1194 Altissimi
2635 1140 2973 1196 obumbrabit
3016 1145 3161 1201 tibi:
3192 1148 3409 1219 ideoque
3455 1162 3508 1207 et
3548 1153 3683 1224 quod

2112 1239 2359 1284 nascetur
2382 1248 2447 1286 ea:
2478 1243 2525 1287 te
2552 1244 2799 1288 sanctum
2829 1234 3104 1289 vocabitur
3134 1237 3306 1293 Filius
3338 1239 3435 1294 Dei
3454 1241 3521 1297 ¹⁹.

2183 1322 2273 1380 IX.
2321 1324 2552 1380 Miratur
2597 1327 2764 1382 etiam
2808 1328 3099 1383 adnotator
3130 1343 3160 1382 a
3194 1341 3383 1388 sancto
3411 1333 3685 1395 Clemente

2109 1415 2359 1471 adhiberi
2409 1418 2526 1474 haec
2573 1421 2741 1475 verba
2781 1440 2796 1476 :
2832 1420 3093 1475 Dominus
3138 1431 3320 1476 noster
3347 1421 3505 1479 Jesus
3534 1426 3689 1482 Chri-

2076 1498 2079 1501 ’
2111 1514 2219 1569 tus,
2248 1506 2348 1561 Dei
2399 1506 2599 1565 Filius.
2638 1510 2896 1582 Nunquid
2951 1511 3121 1583 igitur
3153 1513 3391 1568 insolitae
3421 1527 3581 1571 erant
3610 1519 3690 1574 ha

2109 1612 2273 1652 voces
2321 1614 2442 1668 qua:
2491 1600 2653 1655 toties
2680 1602 3030 1671 reperiuntur
3058 1608 3112 1656 et
3149 1602 3204 1655 in
3238 1600 3611 1674 Evangelistis
3636 1614 3688 1660 et

2108 1688 2164 1742 in
2191 1689 2450 1760 Epistolis
2479 1693 2850 1763 apostolorum
2870 1694 2894 1747 ?
2912 1692 3069 1761 Quod
3100 1694 3147 1749 si
3172 1695 3287 1749 haec
3313 1696 3560 1751 nondum
3584 1698 3691 1751 suf-

2111 1782 2321 1848 ﬁciant,
2359 1786 2579 1840 remitto
2627 1786 2808 1841 adhuc
2853 1786 3240 1858 philosophum
3285 1786 3693 1860 Rothomagen-

2078 1877 2223 1930 Tsem
2281 1874 2349 1929 ad
2411 1874 2728 1948 Symbolum
2756 1877 3132 1948 apostolorum
3192 1879 3337 1950 quod
3390 1879 3690 1935 Christiani

2106 1982 2321 2033 omnes,
2355 1974 2599 2039 tempore
2644 1969 2820 2024 sancti
2863 1968 3183 2035 Clementis,
3216 1971 3523 2028 recitabant
3553 1974 3693 2028 sicut

2102 2069 2158 2117 et
2208 2077 2334 2126 nos,
2380 2060 2629 2118 dicentes
2664 2082 2679 2119 :
2711 2061 2782 2116 Et
2832 2062 2888 2117 in
2938 2061 3125 2117 Iesum
3156 2062 3693 2146 Christumnfilium

2101 2152 2217 2223 ejus
2250 2155 2462 2208 unicum
2493 2153 2780 2208 Dominum
2813 2165 3075 2211 nostrum.

2173 2242 2291 2298 Non
2319 2244 2551 2299 libenter
2571 2238 2699 2316 legit
2729 2244 3110 2301 simultaneam
3137 2246 3302 2302 trium
3324 2263 3688 2320 personarum

2102 2335 2535 2390 enuntiationem
2577 2350 2608 2388 a
2655 2344 2849 2391 sancto
2894 2334 3171 2395 Clemente
3201 2355 3543 2410 expressam.
3581 2342 3692 2395 Cur

2101 2440 2233 2480 vero
2261 2441 2369 2481 non
2398 2440 2552 2497 aque
2576 2425 2930 2497 displicerent
2956 2428 3005 2484 ei
3034 2430 3199 2485 verba
3226 2430 3434 2488 Christi
3464 2434 3533 2489 ad
3561 2450 3691 2505 app-

2103 2517 2274 2574 stolos
2310 2541 2321 2575 :
2356 2518 2555 2572 Euntes
2584 2535 2729 2589 ergo,
2759 2519 2935 2574 docete
2964 2538 3142 2575 omnes
3172 2533 3377 2593 gentes,
3406 2523 3689 2594 baptizan-

2105 2619 2179 2665 tcs
2218 2628 2306 2665 eos
2350 2610 2404 2664 in
2450 2612 2658 2665 nomine
2692 2610 2895 2675 Patris,
2927 2622 2974 2666 et
3008 2611 3159 2677 Filii,
3192 2623 3241 2669 et
3286 2613 3523 2684 Spiritus
3558 2635 3689 2672 san-

2102 2708 2179 2763 nti
2193 2708 2274 2762 "1’
2299 2705 2532 2762 Putatne
2561 2722 2591 2761 a
2622 2705 2910 2778 discipulis
2938 2706 3143 2765 Christi
3198 2710 3301 2766 hoc
3350 2721 3690 2783 praeceptum

2101 2813 2213 2853 non
2266 2796 2435 2852 fuisse
2481 2792 2712 2851 fideliter
2761 2804 2815 2851 ct
2859 2798 3101 2868 quotidie
3126 2798 3515 2856 observatum?
3548 2802 3689 2859 Num

2099 2890 2379 2947 existimat
2411 2905 2441 2943 a
2468 2889 2662 2960 primis
2676 2887 3010 2946 Christianis
3024 2907 3134 2947 non
3147 2892 3495 2949 efformatum
3515 2882 3691 2954 fuisse

2101 2983 2317 3054 signum
2350 2982 2530 3037 crucis
2560 2980 2614 3036 in
2643 2983 2864 3038 nomine
2889 2980 3086 3047 Patris,
3117 2991 3170 3039 et
3198 2981 3341 3050 Filii,
3363 2995 3419 3040 et
3444 2985 3687 3057 Spiritus

2103 3074 2319 3131 sancti?
2362 3072 2638 3127 Audacter
2685 3072 2818 3127 dicit
2864 3088 3036 3144 usque
3086 3074 3152 3128 ad
3202 3090 3404 3130 annum
3438 3077 3545 3133 165
3572 3086 3688 3135 tres

410 3161 599 3219 Mirati
628 3175 751 3220 sunt
779 3169 903 3237 quia
935 3186 1054 3223 cum
1086 3172 1302 3227 muliere
1332 3173 1644 3244 loquebatur
1675 3177 1756 3244 ‘7;
1784 3178 1847 3232 2'
1867 3178 1998 3234 Noli

2111 3164 2464 3220 sanctissima:
2486 3162 2771 3217 Trinitatis
2789 3179 3053 3233 personas
3077 3181 3355 3236 nunquam
3382 3167 3557 3224 fuisse
3572 3185 3689 3225 vero

408 3272 489 3310 me
505 3265 717 3327 tangere
738 3273 756 3311 :
775 3260 1007 3314 nondum
1024 3264 1163 3316 enim
1185 3267 1398 3320 ascendi
1419 3266 1488 3319 ad
1506 3267 1725 3324 Patrem
1744 3287 1914 3325 meum
1930 3272 1995 3329 ¹⁸.

408 3346 546 3401 Cum
597 3365 727 3417 ergo
777 3360 1004 3409 sanctus
1048 3353 1305 3411 Clemens
1362 3356 1615 3415 citaverit
1659 3360 1764 3416 hoc
1820 3363 1996 3417 sancti

407 3438 639 3497 Joannis
669 3440 1049 3515 Evangelium,
1080 3462 1264 3503 nonne
1297 3449 1523 3506 evidens
1544 3459 1627 3509 est
1660 3452 1793 3508 illud
1829 3453 1998 3519 fuisse

408 3542 537 3589 ante
585 3543 805 3593 nostras
834 3537 1108 3609 Epistolas
1140 3542 1444 3612 scriptum?
1485 3542 1625 3599 Hinc
1654 3545 1818 3601 etiam
1851 3555 1999 3617 patet

408 3639 813 3696 praecursorem
863 3629 1080 3688 Domini
1109 3648 1138 3687 a
1169 3645 1360 3689 saneto
1409 3632 1689 3692 Clemente
1725 3646 1784 3693 ut
1814 3637 1998 3710 Bapti-

406 3726 549 3791 stam
598 3716 772 3775 fuisse
820 3724 1111 3794 agnitum:
1155 3724 1209 3779 in
1266 3725 1445 3795 primo
1497 3726 1769 3796 siquidem
1818 3729 2000 3799 capite

406 3804 686 3878 Evangelii
737 3812 913 3866 sancti
966 3812 1217 3883 Joannis,
1246 3815 1429 3873 sexies
1456 3818 1651 3875 beatus
1687 3835 1999 3892 prtecursor

403 3899 703 3969 Baptizans
738 3905 1066 3975 appellatur.

478 3991 614 4049 Vlll.
657 3992 777 4050 Jam
812 3999 1069 4066 superius
1092 3997 1206 4055 dixi
1248 4016 1393 4073 aegre
1422 4003 1649 4059 concedi
1676 4021 1838 4075 posse
1867 4022 1995 4062 san-

406 4089 556 4135 ctum
609 4082 944 4140 Clementem
1024 4089 1286 4145 strictiori
1340 4092 1563 4149 vinculo
1616 4110 1742 4150 cum
1801 4105 1995 4153 sancto

406 4172 574 4230 Paulo
595 4192 760 4246 quam
788 4192 914 4233 cum
944 4189 1139 4235 sancto
1168 4181 1330 4239 Petro
1350 4168 1585 4257 ligatum
1618 4187 1821 4246 fuisse:
1844 4208 1997 4247 com-

406 4269 643 4323 moratio
687 4285 924 4341 namque
967 4275 1145 4329 sancti
1188 4273 1334 4331 Petri
1365 4277 1555 4336 Romae
1583 4283 1754 4338 multo
1780 4284 1994 4342 diutur-

406 4359 551 4425 nior,
586 4361 1049 4419 necessitudinem
1080 4382 1299 4437 quoque
1328 4372 1499 4425 multo
1531 4374 1818 4430 arctiorem
1843 4377 1997 4432 inter

405 4463 502 4504 eos
528 4450 834 4519 producere
861 4452 1053 4508 debuit
1074 4474 1087 4508 :
1106 4458 1251 4527 quod
1287 4458 1565 4516 fatendum
1588 4472 1755 4528 esset,
1779 4467 1992 4523 etiamsi

2099 3255 2186 3311 bis
2214 3255 2562 3325 conjunctas.
2594 3252 2824 3308 Fallitur
2854 3272 2873 3309 ελ
2900 3254 3146 3325 quotidie
3178 3256 3323 3310 enim
3373 3258 3691 3327 conjuncta

2097 3346 2321 3403 fuerunt
2375 3345 2429 3400 in
2486 3344 2660 3399 forma
2707 3344 3073 3415 baptismatis,
3106 3356 3158 3401 et
3207 3346 3262 3403 in
3290 3346 3449 3418 signo
3478 3351 3689 3406 crucis.

2096 3439 2208 3494 lmo
2242 3439 2295 3494 in
2326 3438 2545 3509 scriptis
2576 3438 2752 3494 sacris
2780 3446 2833 3493 et
2864 3438 2916 3491 in
2949 3440 3240 3495 traditione
3267 3438 3435 3510 hujus
3466 3447 3687 3512 tempo-

2094 3532 2175 3588 ris
2220 3531 2342 3587 illas
2390 3531 2575 3586 unitas
2626 3530 2797 3587 fuisse
2841 3531 3127 3586 evidenter
3154 3540 3320 3602 patet.
3357 3532 3507 3588 Satis
3538 3534 3689 3588 enim

2096 3625 2245 3680 clare
2297 3632 2411 3680 tres
2456 3623 2819 3679 sanctissimre
2871 3622 3163 3677 Trinitatis
3203 3629 3467 3683 Personae
3506 3626 3694 3696 expri.

2096 3727 2320 3771 muntur
2365 3715 2529 3771 simul
2570 3716 2626 3770 in
2657 3716 2743 3771 his
2772 3715 2915 3769 beati
2946 3714 3098 3769 Pauli
3132 3715 3313 3771 verbis
3368 3716 3437 3771 ad
3488 3716 3691 3771 Corin-

2099 3809 2244 3864 thios
2270 3809 2491 3878 scriptis
2523 3826 2537 3862 :
2572 3806 2761 3860 Gratia
2790 3805 3007 3860 Domini
3068 3806 3240 3861 nostri
3284 3804 3415 3861 Iesu
3452 3805 3689 3873 Christi,

2094 3912 2144 3957 et
2176 3902 2409 3955 clmritas
2446 3901 2562 3966 Dei,
2600 3909 2648 3956 et
2676 3899 3085 3954 communicatio
3112 3898 3285 3951 sancti
3317 3898 3581 3967 Spiritus,
3618 3902 3690 3954 sit

2095 4008 2212 4046 cum
2241 3991 2479 4046 omnibus
2510 3990 2750 4059 vobis“;
2785 3996 2838 4045 et
2868 3989 2935 4043 ad
3004 3984 3223 4041 eosdem
3250 3989 3294 4019 ι’
3329 4009 3342 4043 :
3377 3988 3691 4059 Confirmat

2096 4103 2189 4140 nos
2217 4086 2271 4139 in
2300 4085 2535 4149 Christo,
2557 4093 2606 4138 et
2638 4084 2789 4135 unxit
2819 4098 2912 4136 nos
2948 4079 3106 4146 Deus,
3137 4090 3187 4135 et
3212 4081 3443 4150 signauit
3483 4097 3604 4147 nos,
3634 4091 3689 4135 et

2095 4178 2239 4232 dedit
2268 4179 2456 4248 pignus
2494 4175 2726 4245 Spiritus
2756 4175 2809 4226 in
2840 4172 3087 4227 cordibus
3115 4173 3336 4227 nostris.
3654 4174 3659 4177 ’

2165 4268 2285 4324 Non
2316 4269 2496 4324 minus
2526 4268 2672 4323 clare
2700 4276 2920 4322 sanctus
2952 4263 3146 4320 Petrus
3170 4264 3384 4319 divinas
3412 4279 3691 4335 personas

2097 4363 2258 4418 simul
2285 4362 2607 4432 coniunctas
2634 4359 2903 4424 enuntiat,
2930 4360 3122 4414 dicens
3159 4377 3171 4413 :
3206 4356 3479 4415 Electis...
3504 4373 3689 4412 secun-

2098 4455 2225 4507 dum
2268 4454 2655 4524 praescientiam
2698 4452 2793 4505 Dei
2842 4451 3051 4514 Patris,
3099 4452 3152 4504 in
3197 4450 3687 4519 sanctiﬁcationent

406 4541 563 4595 nihili
580 4542 951 4611 penderentur
978 4551 1060 4600 tot
1090 4556 1336 4604 veterum
1359 4553 1671 4609 testimonia
1688 4573 1810 4627 quae
1833 4574 1996 4614 sanc-

2111 4547 2354 4615 Spiritus,
2373 4548 2428 4601 in
2461 4546 2811 4602 obedientiam
2837 4555 2886 4601 et
2907 4546 3262 4612 aspersionem
3285 4545 3569 4614 sanguinis
3595 4542 3687 4597 Je~

406 4642 521 4688 tum
557 4635 897 4693 Clementem
927 4641 1106 4696 sancti
1134 4641 1283 4698 Petri
1316 4644 1568 4701 comitem
1620 4648 1793 4707 fuisse
1840 4653 1994 4707 evin-

405 4732 561 4791 cunt,
593 4737 646 4782 et
676 4744 801 4783 eum
834 4732 904 4786 ab
932 4731 1038 4788 hoc
1068 4736 1318 4805 apostolo
1346 4749 1729 4797 consecratum
1774 4744 1991 4816 episco—

407 4832 535 4888 pum
564 4822 899 4877 unanimiter
927 4825 1175 4883 tradunt.

475 4911 649 4969 Pudet
699 4933 785 4973 me
836 4919 1165 4991 redarguere
1197 4904 1343 4992 quod
1375 4924 1665 4980 ainotator
1696 4934 1804 4982 tam
1832 4947 1986 4985 erro-

403 5020 506 5060 nee
535 5006 741 5077 profert
769 5010 837 5066 de
866 5013 1097 5069 vocibus
1127 5011 1261 5068 Filii
1297 5015 1547 5085 Virginis,
1580 5034 1720 5088 quas
1751 5023 1987 5092 applicat

402 5107 631 5155 sanctus
652 5098 904 5160 Clemens
931 5103 1161 5161 Domino
1190 5116 1377 5162 nostro
1404 5107 1534 5165 Jesu
1564 5108 1986 5185 Christo:quasi

402 5189 599 5246 titulus
641 5193 869 5266 Virginis
907 5197 1187 5254 adhibitus
1235 5201 1479 5257 nondum
1531 5200 1729 5260 fuisset
1774 5206 1843 5260 ad
1892 5207 2029 5263 de-'

401 5280 727 5350 signandam
778 5284 1113 5344 Genitrieem
1166 5288 1486 5355 Salvatoris.
1538 5291 1795 5366 Nunquid
1824 5294 1887 5352 D.
1919 5298 1992 5356 de

401 5370 709 5447 Premagny
793 5377 848 5431 in
900 5379 1125 5438 dubium
1182 5385 1462 5439 revocavit
1517 5387 1984 5444 authenticitatem

403 5468 649 5542 Symboll
684 5472 992 5541 apostolici,
1025 5476 1079 5530 in
1110 5492 1219 5548 quo
1261 5466 1504 5534 dicitur:
1543 5478 1719 5535 Natus
1769 5498 1835 5537 ea:
1872 5482 1988 5539 Ha-

401 5563 488 5615 ria
516 5561 757 5631 uirgine?
787 5561 902 5616 Aut
943 5568 1191 5636 nunquid
1220 5569 1388 5624 verba
1421 5569 1538 5625 haec
1566 5571 1857 5641 quamdam
1886 5574 1986 5629 ob-

401 5653 727 5707 scuritatem
762 5652 1089 5711 involvunt?
1130 5657 1295 5714 Addit
1339 5660 1507 5716 verba
1535 5662 1717 5718 sancti
1746 5661 1985 5721 Mattliaei

476 5767 518 5799 "
558 5765 718 5824 Joan.
754 5783 829 5829 Iv,
860 5769 953 5824 27.

1063 5771 1105 5802 "
1144 5769 1303 5830 Joan.
1330 5789 1426 5838 xx,
1460 5774 1547 5832 i7.

408 5840 453 5873 "
494 5836 538 5896 ιι
570 5838 700 5895 Cor.
738 5855 776 5911 ι,
803 5839 896 5897 21.

1661 5776 1704 5847 ξο
1722 5776 1876 5847 _Luc.
1901 5794 1940 5839 ι,
1974 5779 2065 5847 δι,
2086 5775 2184 5834 '55.

974 5839 1021 5873 ³⁸
1057 5839 1257 5900 lPetr.
1290 5859 1330 5914 ι,
1364 5844 1419 5909 1,
1443 5843 1500 5901 2.
1578 5846 1626 5880 ”
1665 5843 1684 5899 l
1713 5845 1870 5905 Joau.
1902 5838 1956 5913 vi.
1990 5838 2064 5907 7.’
2112 5849 2159 5881 ’⁸
2200 5843 2393 5900 Matth.
2417 5855 2517 5909 vn,
2544 5838 2603 5898 6.

2096 4662 2159 4700 su
2183 4640 2463 4697 Christi".

2167 4730 2347 4804 AEqne
2392 4742 2576 4801 aperte
2622 4737 2846 4786 sanctus
2885 4722 3125 4784 Joannes
3169 4727 3347 4783 dicit:
3385 4726 3514 4782 Tres
3556 4738 3683 4782 sunt

2092 4827 2181 4897 qui
2211 4824 2567 4879 testimonium
2596 4821 2724 4876 dant
2756 4823 2810 4875 in
2837 4821 3003 4875 cmlo:
3038 4820 3222 4883 Pater,
3244 4818 3467 4874 Verbum
3492 4832 3543 4875 et
3557 4819 3685 4891 Spi—

2091 4919 2226 4971 ritus
2257 4928 2513 4979 sanctus;
2539 4923 2589 4967 et
2620 4913 2673 4966 hi
2698 4924 2803 4967 tres
2834 4929 2995 4966 unum
3029 4914 3233 4966 sunt“.

2166 5009 2426 5080 Equidem
2474 5005 2786 5062 infidelibus
2823 5005 2981 5075 primi
3013 5003 3314 5059 Christiani
3355 5020 3465 5061 non
3511 5007 3687 5062 debe-

2093 5104 2225 5157 bant
2268 5100 2513 5157 revelare
2557 5097 2930 5169 imprudenter
2970 5095 3227 5168 mysteria
3260 5097 3548 5167 religionis
3578 5116 3684 5155 no.

2093 5205 2241 5258 strue,
2272 5209 2341 5250 ne
2372 5193 2475 5248 ista
2525 5192 2594 5246 ab
2634 5191 2717 5245 eis
2742 5189 3144 5253 deriderentur,
3177 5194 3231 5243 et
3262 5192 3683 5259 persecutiones

2093 5288 2263 5361 gratis
2311 5286 2778 5355 suscitarenturj:
2824 5284 3056 5354 ideoque
3109 5282 3364 5340 Christus
3412 5285 3678 5341 dixerat:

2097 5383 2281 5438 Nolite
2309 5381 2438 5435 dare
2467 5389 2709 5434 sanctum
2740 5376 2981 5440 canibus,
3012 5393 3173 5447 neque
3200 5378 3429 5433 mittatis
3460 5394 3683 5449 marga-

2093 5469 2227 5530 ritas
2273 5482 2394 5527 ante
2430 5484 2649 5543 porcos;
2693 5484 2756 5521 ne
2797 5467 2935 5537 forte
2982 5470 3289 5523 conculcent
3335 5486 3429 5524 eas
3457 5470 3681 5539 pedibus

2092 5569 2228 5632 suis,
2251 5575 2302 5621 et
2332 5563 2567 5619 conversi
2584 5561 2889 5631 dirumpunt
2912 5576 3001 5615 vos
3014 5560 3093 5627 “;
3125 5563 3221 5617 sed
3249 5559 3386 5616 adeo
3413 5560 3680 5633 frequens

2091 5668 2210 5720 erat
2238 5660 2382 5715 inter
2409 5656 2654 5713 initiatos
2682 5654 3042 5712 sanctissima:
3066 5653 3352 5710 Trinitatis
3373 5654 3678 5721 invocatio,

2294 5774 2346 5805 ὀ
2377 5769 2569 5839 Matth.
2608 5785 2803 5839 xxvm,
2852 5769 2940 5828 l9.
3051 5770 3093 5802 ’ί
3134 5767 3181 5824 Π
3213 5766 3341 5824 Crr.
3397 5783 3523 5835 xm,
3580 5766 3673 5822 l5.
