3740 6268
161 305 257 371 υδῖ

206 521 329 597 pem
352 517 586 590 scripsit,
602 519 713 575 hac
733 523 877 594 ipsa
910 537 1151 594 ratione
1170 517 1497 598 Christianos
1516 517 1773 609 derideat,

212 625 259 674 et
284 610 480 671 cuidam
506 610 650 666 fideli
678 613 839 670 dicat
870 637 888 672 :
922 621 1082 679 Iura
1116 630 1244 683 mihi
1269 649 1353 699 per
1375 632 1539 685 Deum
1566 634 1701 694 cwli,
1727 647 1775 687 et

207 720 491 775 supremum
522 703 833 771 Dominum,
874 725 982 777 per
1024 714 1232 770 Filium
1275 719 1466 783 Patris,
1498 738 1587 788 per
1616 722 1778 789 Spiri-

205 808 320 851 tum
348 798 438 868 qui
469 814 499 850 a
526 794 677 850 Patre
708 801 985 868 procedit,
1019 807 1192 861 Deum
1238 825 1394 862 unum
1421 811 1475 862 in
1502 812 1687 879 tribus,
1728 823 1777 866 et

204 889 407 941 trinum
438 890 491 941 in
515 905 638 943 ulto.

270 978 568 1033 Abstinere
610 976 899 1033 debuisset
930 982 1007 1037 ab
1057 986 1206 1040 omni
1247 988 1589 1042 contentione
1618 986 1679 1042 D.
1710 988 1777 1043 de

196 1065 513 1137 Premagny
539 1067 837 1123 occasione
866 1071 1105 1128 alterius
1140 1082 1315 1129 textus
1343 1091 1498 1144 quem
1531 1077 1778 1145 deprom-

196 1164 391 1223 pserat
436 1161 664 1210 sanctus
710 1157 952 1215 Basilius
998 1162 1069 1215 ab
1115 1164 1221 1217 alio
1266 1165 1437 1218 sancti
1487 1165 1776 1220 Clementis

195 1261 365 1315 opere
388 1246 538 1314 quod
572 1248 759 1315 periit.
790 1249 871 1303 En
920 1251 1015 1305 ille
1046 1260 1222 1307 textus
1265 1268 1280 1305 :
1328 1254 1556 1309 Clemens
1585 1256 1776 1309 Roma—

195 1352 297 1387 nus
331 1337 609 1404 antiquior
652 1337 829 1389 dicit:
868 1339 1006 1392 Vivit
1036 1340 1174 1395 Deus
1198 1380 1213 1404 ,
1260 1351 1309 1398 et
1338 1344 1587 1397 Dominus
1623 1344 1775 1398 Iesus

178 1423 484 1491 Christus,
540 1435 594 1480 et
640 1424 877 1492 Spiritus
905 1439 1119 1483 sanctus
1163 1431 1228 1485 “.
1275 1430 1514 1485 Credidit
1557 1442 1776 1485 sanctus

188 1514 439 1569 Basilius
480 1516 604 1569 haec
652 1519 831 1570 sancti
880 1518 1177 1574 Clementis
1217 1522 1379 1573 verba
1427 1522 1667 1575 sullicerc
1716 1529 1774 1574 ut

209 1605 545 1659 stabiliretur
575 1607 1123 1662 consubstantialitas
1146 1608 1303 1663 Verbi
1330 1609 1492 1662 divini
1515 1649 1529 1670 ,
1559 1610 1772 1663 Ariani-

206 1710 309 1763 que
333 1695 754 1750 refellerentur.
783 1696 895 1749 Hoc
915 1712 1021 1750 non
1046 1699 1279 1752 admittit
1303 1698 1364 1752 D.
1383 1700 1446 1753 de
1460 1698 1769 1769 Premagny.

203 1784 342 1849 Quis
368 1799 505 1838 vero
556 1786 793 1840 haerebit
824 1787 967 1841 inter
991 1787 1304 1842 aﬂirmantis
1330 1795 1383 1842 et
1411 1789 1651 1857 negantis
1678 1804 1771 1841 au-

200 1875 512 1929 ctoritatem
531 1875 559 1928 2

269 1962 336 2018 Ι.
396 1963 578 2033 Egre
636 1963 705 2019 D.
770 1963 839 2018 de
894 1962 1193 2034 Premagny
1233 1963 1443 2017 videtur
1500 1966 1773 2032 suscipere

200 2054 362 2106 verba
385 2054 601 2122 quibus
633 2052 1007 2122 Epistolarum
1036 2062 1227 2106 auctor
1271 2053 1458 2106 incitat
1503 2054 1569 2107 ad
1597 2054 1771 2107 imita—

196 2144 403 2195 tionem
434 2144 615 2197 trium
647 2144 959 2198 divinarum
998 2158 1365 2212 personarum.
1396 2144 1628 2198 Remitto
1672 2146 1773 2200 hac

197 2233 264 2287 de
291 2247 354 2286 re
399 2234 681 2287 lectorem
727 2234 797 2288 ad
827 2250 891 2289 ea
920 2249 1040 2306 quae
1081 2235 1291 2304 subjeci
1333 2236 1388 2289 in
1431 2235 1771 2290 adnotatione

197 2322 301 2374 loci
329 2322 520 2389 hujus.

264 2411 359 2465 Χιί
373 2410 550 2468 Juxta
579 2413 963 2467 adnotatorem
988 2416 1211 2468 multum
1242 2422 1392 2469 nutat
1415 2414 1768 2484 Epistolarum

197 2514 519 2557 nostrarum
573 2504 885 2557 auctoritas
927 2520 993 2560 ex
1024 2504 1212 2559 fraude
1262 2515 1313 2558 et
1350 2505 1617 2576 hypocrisi
1653 2520 1771 2572 quae

195 2593 613 2660 esprobrantur
657 2593 990 2661 quibusdam
1017 2594 1395 2649 directoribus.
1430 2593 1549 2648 Non
1580 2594 1766 2661 major,

194 2682 307 2742 ait,
355 2679 696 2731 declamatio
744 2688 862 2732 erat
907 2688 1132 2746 tempore
1158 2679 1529 2748 Chrysoslomi.
1581 2680 1685 2734 Sed
1722 2680 1769 2735 si

196 2768 329 2822 inde
355 2784 567 2837 anceps
600 2776 755 2823 esset
778 2767 1140 2837 Epistolarum
1178 2773 1487 2833 auctoritas,
1516 2785 1768 2838 sequere-

196 2869 289 2912 tur
312 2859 512 2912 dubias
537 2873 770 2927 quoque
806 2858 1045 2925 judicari
1093 2874 1249 2927 posse
1295 2861 1571 2928 plerasque
1598 2862 1769 2914 sancti

198 2947 357 3001 Pauli
387 2947 677 3017 Epistolas
711 2962 725 2999 :
767 2946 823 3000 in
850 2947 936 3000 bis
962 2948 1105 2999 enim
1135 2947 1473 3002 vehementer
1502 2949 1770 3003 invehitur

1178 341 1524 398 EPISTOLE
1557 343 1645 399 an
1677 316 2010 401 VIRGINES.
2039 371 2111 386 -
2139 337 2510 398 mou:ou

200 438 241 484 ut
260 427 444 524 auctor.
477 420 700 524 Dialpgi
737 428 1143 512 Philopatris
1188 458 1278 520 qui
1308 457 1408 510 sub
1432 455 1645 524 Trajani
1690 456 1784 508 itu-

3298 334 3400 389 570

1809 458 1853 515 Α
1882 455 2100 524 scipulis
2139 455 2251 510 suis
2290 461 2347 505 ut
2372 468 2464 506 eos
2508 451 2607 520 ipsi
2632 450 2953 519 abjicerent.
2981 445 3194 517 quando
3218 446 3350 500 dixit
3381 463 3396 499 :

1878 542 2144 596 Daemones
2181 541 2431 610 ejicite".
2490 538 2627 604 Quid
2672 538 2863 591 mirum
2914 536 3075 605 igitur
3120 535 3166 589 si
3217 542 3403 588 auctor

1875 629 2230 698 Epistolarum
2283 630 2498 698 regulas
2545 636 2744 683 statuat
2794 642 2927 695 quas
2974 624 3123 694 sequi
3176 624 3403 678 debeant

1873 720 2193 773 exorcistse?
2216 719 2352 784 Quid
2378 735 2535 789 porro
2560 721 2673 773 ista:
2692 718 2932 772 redolent
2953 717 3054 770 nisi
3083 715 3401 775 castitatem,

1875 808 2377 872 mortificationem,
2439 808 2831 863 humilitatem?
2884 806 3086 860 lndicat
3143 804 3271 874 quid
3332 806 3403 859 sit

1874 898 2133 964 agendum
2160 906 2219 951 ut
2248 899 2467 967 spiritus
2528 898 2794 966 malignus
2831 897 3122 950 efficaciter
3168 895 3403 964 expella-

1873 994 1997 1051 tur;
2026 985 2118 1039 sed
2152 1002 2256 1039 non
2312 987 2431 1040 ideo
2462 987 2664 1041 fraudis
2694 986 2965 1039 insimulat
3000 1001 3093 1038 eos
3121 986 3212 1053 qui
3263 985 3403 1037 hanc

1874 1074 2209 1127 cxorcizandi
2240 1075 2498 1127 rationem
2524 1090 2627 1127 non
2652 1070 3138 1140 adhibuerint.lpse
3153 1070 3401 1133 Christus
3472 1132 3479 1144 ,

1872 1162 2053 1214 docuit
2097 1162 2385 1231 discipulos
2442 1178 2567 1217 suos
2624 1163 2942 1230 quibusnam
2987 1162 3151 1213 armis
3210 1161 3400 1213 muniti

1874 1268 2065 1323 pravos
2096 1254 2323 1321 spiritus
2340 1253 2605 1306 debellare
2638 1252 2922 1317 deberent;
2951 1250 3044 1304 sed
3076 1249 3277 1303 fraudis
3307 1257 3402 1302 aut

1874 1344 2133 1398 mendacii
2184 1360 2303 1398 reos
2342 1358 2463 1397 esse
2506 1359 2612 1397 non
2663 1342 3026 1411 pronuntiavit
3080 1341 3295 1411 quando
3349 1345 3399 1398 ei

1873 1442 2159 1487 narrarunt
2202 1450 2259 1489 se
2287 1442 2468 1502 optato
2492 1434 2731 1487 caruisse
2771 1433 2980 1487 edcctu.
3012 1432 3143 1486 Rem
3187 1433 3265 1489 sic
3307 1448 3401 1485 ex-

1872 1525 2021 1591 ponit
2067 1522 2399 1591 Evangelista
2441 1541 2453 1576 :
2506 1521 2648 1575 Tunc
2692 1521 2931 1588 discipuli
2971 1529 3292 1579 accesserunt
3331 1520 3400 1572 ad

1870 1610 2048 1664 Iesum
2077 1621 2291 1672 secreto,
2342 1620 2390 1664 et
2418 1611 2701 1664 dixerunt:
2734 1611 2908 1675 Quare
2943 1627 3033 1663 nos
3077 1628 3178 1663 non
3228 1613 3401 1679 potui--

1875 1717 1985 1753 mus
2013 1701 2194 1768 ejicere
2231 1702 2419 1755 illum?
2448 1700 2593 1753 Dixit
2620 1700 2726 1753 illis
2771 1699 2923 1753 Iesus
2950 1718 2967 1754 :
2996 1699 3213 1767 Propter
3242 1702 3400 1753 incre-

1806 1758 1843 1811 Β
1873 1758 2141 1843 dulita'tem
2175 1800 2413 1845 vestram.
2446 1791 2607 1845 Amen
2628 1830 2642 1852 ,
2671 1791 2871 1858 quippe,
2900 1789 3014 1841 dico
3036 1758 3196 1851 voltis,
3232 1792 3276 1841 si
3307 1789 3401 1841 Ita-

1871 1878 2077 1932 bueritis
2120 1879 2272 1948 ﬁdem
2310 1880 2442 1933 sicut
2480 1896 2697 1949 granum
2745 1880 2961 1946 sinapis,
3005 1879 3184 1932 dicetis
3235 1881 3399 1932 monti

1869 1968 2023 2021 huic:
2057 1969 2246 2024 Transi
2273 1971 2391 2024 hinc
2416 1971 2538 2023 illuc
2559 1986 2578 2024 :
2607 1978 2655 2022 et
2683 1972 2945 2033 transibit,
2977 1980 3023 2024 et
3047 1969 3176 2022 nihil
3206 1971 3399 2036 impos-

1868 2059 2014 2113 sibile
2050 2062 2147 2114 erit
2173 2060 2330 2116 vobis.
2384 2061 2497 2117 Hoc
2526 2074 2697 2116 autem
2746 2077 2900 2131 genus
2932 2077 3032 2113 non
3059 2052 3267 2128 ejicitur
3296 2059 3400 2113 nisi

1867 2164 1955 2215 per
1984 2150 2265 2203 orationem
2292 2159 2340 2203 et
2367 2151 2627 2219 jejunium
2646 2150 2708 2204 ³⁸.

1936 2238 2157 2291 Cessent
2180 2254 2306 2308 ergo
2337 2240 2634 2309 philosophi
2669 2239 2830 2307 hujus
2871 2237 3050 2293 seaculi
3094 2236 3148 2289 in
3195 2236 3397 2291 sanctis

1866 2325 2115 2380 Patribus
2168 2330 2469 2396 vituperare
2511 2342 2629 2396 quae
2675 2328 2727 2378 in
2768 2324 2981 2379 Christo
3027 2325 3257 2378 revereri
3304 2324 3396 2377 de-

1868 2414 2013 2477 bent,
2042 2416 2142 2468 nisi
2168 2416 2300 2469 forte
2320 2416 2534 2469 Christo
2558 2416 3003 2468 renuntiaverint.

1937 2500 2039 2555 Sed
2080 2519 2165 2556 res
2195 2512 2380 2556 notatu
2421 2503 2731 2571 dignissima
2761 2510 2863 2561 est.
2884 2504 3161 2570 plerosque
3187 2501 3397 2554 haereti-

1867 2602 1960 2643 cos
1988 2598 2040 2644 et
2078 2592 2454 2660 philosophos,
2503 2591 2569 2644 ad
2617 2591 2785 2645 solam
2837 2590 3394 2644 commemorationem

1867 2682 2162 2735 daemonum
2196 2689 2248 2734 et
2276 2681 2692 2735 exorcismorum
2715 2678 3104 2732 excandescere
3134 2686 3189 2733 et
3215 2678 3399 2747 exagi-

1865 2771 1970 2824 tari
2003 2772 2155 2840 quasi
2189 2771 2287 2840 ipsi
2311 2786 2341 2824 a
2374 2771 2701 2825 daemonibus
2729 2768 3116 2823 obsiderentur.

1937 2859 2051 2913 ΧΠ.
2111 2860 2396 2913 Auctorem
2456 2859 2811 2928 Epistolarum
2876 2859 3049 2928 arguit
3111 2857 3396 2911 adnotator

1867 2951 2019 3019 quasi
2060 2956 2390 3004 narratorem
2441 2958 2625 3017 parum
2668 2962 2907 3001 veracem
2955 2962 3138 3001 eorum
3177 2963 3295 3016 qua:
3329 2949 3396 3003 ad

199 3053 295 3091 vas
319 3037 618 3091 electionis
654 3044 851 3089 contra
878 3035 1513 3104 pseudo-apostolos.Nos
1532 3054 1656 3092 vero
1675 3039 1766 3108 qui
1794 3048 1835 3105 ο
1869 3038 2145 3091 Dominum
2177 3046 2419 3090 nostrum
2466 3035 2820 3104 pertinebant.
2856 3054 2874 3086 ι
2900 3034 3167 3098 Clemens,
3199 3036 3392 3104 inquit,

196 3134 454 3180 tenemus
487 3125 561 3178 ab
603 3124 767 3177 initio
794 3124 1110 3179 utendacem
1148 3140 1212 3178 ac
1242 3126 1561 3179 homicidam
1601 3127 1767 3185 fuisse

195 3216 530 3277 dmonem,
567 3213 782 3267 scimus
819 3227 1035 3280 quoque
1059 3214 1126 3266 ab
1154 3213 1491 3269 incunabulis
1520 3215 1767 3272 Ecclesia:

197 3307 333 3361 huic
360 3313 566 3376 praesto
592 3304 771 3358 fuisse
794 3304 1073 3357 ministros
1095 3318 1324 3372 quorum
1353 3307 1600 3360 versutia:
1619 3310 1765 3363 omni

193 3404 449 3463 tempore
478 3394 747 3447 revelata:
778 3400 907 3444 sunt
930 3398 986 3445 et
1016 3391 1223 3446 fortiter
1249 3393 1499 3461 explosae.
1525 3394 1639 3449 Non
1668 3396 1764 3451 de-

196 3486 307 3540 fuit
349 3484 572 3539 Satanaa
602 3482 956 3550 suppositum
1006 3481 1061 3535 in
1106 3482 1223 3550 ipsa
1251 3481 1453 3538 Christi
1483 3486 1763 3553 societate;

193 3590 304 3630 nec
331 3582 517 3627 tamen
554 3571 940 3625 testimonium
984 3570 1051 3623 de
1088 3570 1231 3625 illius
1259 3572 1477 3640 perfidia
1510 3574 1578 3627 ab
1604 3589 1767 3628 evan-

193 3663 415 3733 gelistis
438 3660 779 3729 praestitum,
812 3659 1087 3713 infirmare
1116 3674 1350 3729 unquam
1379 3663 1549 3730 potuit
1576 3673 1766 3717 caetera

193 3766 327 3821 qum
348 3750 731 3818 scripserunt.

267 3840 583 3895 Occasione
607 3836 1019 3906 possessionum
1057 3843 1111 3890 et
1137 3836 1578 3899 exorcismorum,
1607 3839 1767 3895 infert

190 3932 498 3985 adnotator
539 3931 597 3983 in
631 3929 745 3983 illis
769 3926 984 3980 abditas
1013 3924 1182 3980 fuisse
1211 3942 1388 3981 meras
1421 3926 1667 3992 fraudes,
1699 3931 1765 3983 ab

191 4019 345 4073 Asiae
381 4016 595 4071 Judzeis
638 4014 937 4068 derivatas.
976 4010 1101 4066 Inde
1148 4015 1202 4065 in
1248 4027 1494 4081 campum
1549 4016 1765 4070 divertit

191 4108 554 4167 morborum,
586 4102 893 4173 praesertim
929 4115 1114 4154 eorum
1146 4102 1235 4169 qui
1264 4103 1638 4159 convulsiones
1672 4122 1766 4174 pa-

191 4197 388 4259 riunt,
415 4194 629 4264 quibus
663 4190 851 4244 fideles
907 4188 1124 4243 delusos
1152 4190 1322 4245 fuisse
1350 4194 1575 4257 asserit,
1610 4195 1765 4263 quasi

190 4284 473 4341 daemonis
501 4279 862 4350 operationes
890 4277 945 4329 in
975 4276 1059 4330 his
1088 4279 1433 4345 fingerentur.
1463 4277 1592 4334 Post
1627 4281 1765 4336 hanc

1863 3143 1970 3180 non
2011 3134 2096 3181 est
2136 3126 2364 3195 diligens
2393 3126 2590 3180 relator
2631 3124 2880 3178 itinerum
2919 3124 3141 3178 Christi.
3180 3123 3398 3194 Absque

1863 3216 2024 3269 dubio
2055 3216 2228 3278 enim,
2282 3214 2459 3285 plures
2509 3213 2775 3268 comitata:
2820 3220 2945 3267 sunt
2973 3228 3091 3266 eum
3122 3213 3392 3274 mulieres,

1863 3306 2021 3373 paulo
2068 3312 2192 3356 ante
2224 3290 2393 3370 quam'
2417 3302 2581 3353 vitam
2614 3308 3035 3353 consummaret.
3073 3298 3189 3352 Non
3232 3301 3396 3353 semel

1862 3394 2159 3460 hospitatus
2210 3400 2294 3444 est
2331 3405 2393 3443 ac
2434 3389 2774 3443 manducavit
2819 3390 2873 3441 in
2919 3389 3077 3442 domo
3118 3387 3297 3440 Mariae
3341 3396 3395 3442 et

1862 3481 2105 3543 Martha;
2138 3494 2237 3532 nec
2268 3478 2428 3532 semel
2458 3479 2710 3531 mulieres
2738 3476 3041 3531 effuderunt
3066 3484 3395 3546 unguentum

1863 3584 2022 3637 super
2046 3575 2204 3639 caput
2230 3575 2282 3621 et
2320 3568 2481 3637 pedes
2508 3568 2670 3629 illius,
2704 3585 2723 3617 ι
2757 3574 2860 3620 etc.

1929 3658 2117 3711 Nullus
2163 3670 2245 3712 est
2290 3658 2342 3710 in
2400 3671 2687 3726 pauperum
2737 3655 2934 3709 scholis
2996 3654 3254 3722 puerulus
3302 3660 3395 3705 aut

1864 3745 2091 3814 puellula
2110 3761 2227 3814 quae
2256 3745 2492 3798 eamdem
2525 3757 2587 3795 ac
2611 3740 2960 3810 philosophus
2997 3740 3396 3807 Rothomagen-

1863 3838 1938 3890 sis
1967 3834 2321 3888 eruditionem
2352 3832 2437 3884 hic
2480 3831 2774 3899 producere
2801 3843 2907 3882 non
2937 3830 3215 3881 valuisset.
3245 3826 3394 3879 Nun-

1862 3924 1992 3995 quid
2034 3930 2311 3993 propterea
2341 3919 2456 3973 ausi
2502 3917 2730 3971 fuissent
2760 3917 2951 3969 docere
2977 3923 3069 3968 aut
3109 3914 3395 3982 reprehen-

1862 4016 1989 4069 dere
2028 4013 2204 4067 virum
2250 4008 2642 4078 apostolicum,
2690 4020 2955 4060 summum
3004 4004 3304 4073 pontificem
3340 4010 3397 4057 et

1865 4101 2186 4171 martyrem?
2209 4098 2280 4152 Ut
2306 4106 2483 4150 autem
2512 4095 2922 4149 reclatnationes
2943 4093 3141 4147 domini
3172 4090 3238 4146 de
3263 4091 3394 4147 Pre-

1864 4205 2055 4259 magny
2095 4188 2323 4255 alicujus
2364 4185 2614 4255 ponderis
2649 4190 2862 4245 essent,
2908 4183 3183 4237 debuisset
3227 4182 3397 4235 citare

1864 4278 2105 4348 quaedam
2135 4277 2306 4331 sancti
2336 4274 2623 4328 Clementis
2654 4274 2812 4327 verba
2840 4286 2959 4341 quae
2986 4272 3394 4325 suisreclama-

187 4374 591 4442 irruptionem,
622 4363 1455 4437 philosophusRothomagensis
1476 4370 1589 4421 ait:
1618 4370 1764 4436 «Quo
1796 4361 1837 4413 Ι)
1867 4368 2100 4421 tionibus
2146 4366 2477 4418 occasionem
2523 4376 2729 4431 aequam
2774 4359 3077 4424 dedissent;
3110 4360 3201 4412 sed
3248 4359 3396 4411 nulla

185 4463 374 4531 major
407 4457 723 4527 antiquitas
746 4453 1010 4507 ambabus
1033 4456 1236 4509 nostris
1255 4455 1510 4524 Epistolis
1529 4458 1763 4526 dabitur,

187 4568 260 4607 eo
314 4550 556 4621 propius
621 4545 690 4598 ad
767 4542 1034 4611 originem
1089 4546 1513 4600 Christianorum
1562 4550 1764 4605 abusus

187 4643 588 4696 adducentur:
613 4635 762 4705 quod
788 4641 873 4687 est
903 4633 1297 4688 incommodum
1326 4646 1381 4688 et
1407 4637 1615 4691 creditu
1662 4640 1767 4692 dif-

188 4734 358 4787 ticile.

261 4824 334 4875 At
365 4819 510 4873 mihi
545 4815 883 4883 respondere
935 4812 1277 4883 permittatur
1304 4830 1317 4864 :
1346 4826 1442 4864 cur
1471 4822 1640 4869 mutat
1671 4819 1766 4871 ad—

185 4921 421 4968 notator
444 4918 709 4964 naturam
747 4920 931 4958 rerum
960 4903 1025 4956 de
1048 4903 1245 4971 quibus
1276 4901 1487 4955 locutus
1515 4912 1599 4957 est
1646 4906 1766 4974 Epi-

187 5004 468 5057 stolarum
533 4994 771 5050 auctor?
810 4992 890 5046 Ne
926 5006 1091 5043 unum
1133 4988 1350 5058 quidem
1402 4989 1620 5043 verbum
1680 4994 1768 5048 ille

187 5092 425 5161 protulit
455 5088 529 5142 de
573 5084 867 5140 fraudibus
899 5089 992 5134 aut
1034 5081 1098 5134 de
1132 5079 1272 5132 fictis
1304 5077 1534 5144 morbis,
1565 5090 1660 5135 aut
1700 5082 1767 5137 de

186 5176 664 5235 convulsionibus
707 5172 931 5225 diabolo
978 5167 1263 5221 attributis.
1300 5164 1438 5233 Ergo
1483 5166 1537 5220 in
1584 5182 1764 5224 aerem

186 5272 414 5322 locutus
433 5274 524 5320 est
560 5264 625 5316 Ι).
657 5261 729 5315 de
756 5259 1089 5326 Premagny.
1129 5256 1355 5321 ejusque
1380 5268 1536 5321 opera
1568 5259 1751 5325 periit.

185 5356 521 5413 certissime
556 5351 825 5407 Christus
861 5346 1049 5415 (velit,
1094 5343 1223 5396 nolit
1271 5341 1486 5397 criticus
1526 5349 1757 5416 noster)

187 5449 397 5518 abiecit
420 5448 540 5516 ipse
576 5444 890 5499 daemones,
933 5433 1274 5503 praecepitque
1298 5434 1549 5498 apostolis
1580 5451 1650 5489 ac
1676 5436 1762 5489 di.

263 5620 309 5649 ιο
350 5608 587 5672 Bas_'[)¢
614 5604 819 5673 Spiril.
846 5597 986 5661 S.,c.
1012 5601 1091 5653 29.
1163 5600 1203 5629 ’⁷
1242 5597 1427 5652 Mattn.
1453 5618 1504 5663 ι.
1535 5603 1589 5656 8.

1867 4471 2086 4526 prorsus
2116 4454 2379 4523 ejusmodi
2407 4452 2564 4507 verba
2588 4452 2843 4506 existunt.
2874 4450 3086 4503 Dicetur
3116 4449 3249 4502 forte
3277 4463 3386 4500 non

1864 4562 2072 4610 verum,
2109 4545 2203 4599 sed
2246 4542 2799 4613 pseudo-Clementem
2826 4540 2913 4593 hic
2943 4538 3157 4606 impeti:
3190 4538 3396 4591 admitti

1862 4644 2035 4706 potest
2085 4633 2349 4703 ejusmodi
2393 4632 2695 4693 excusatio,
2729 4630 2857 4699 quin
2881 4627 3191 4679 admittatur
3219 4625 3388 4692 hypo-

1861 4726 2030 4780 thesis
2078 4724 2306 4794 gratuita
2357 4736 2516 4792 quam
2567 4729 2745 4775 textus
2801 4716 2986 4772 sedulo
3055 4714 3395 4767 examinatus

1868 4816 2087 4884 respuit.

1936 4903 2085 4969 Quod
2111 4912 2286 4958 autem
2317 4901 2599 4955 adnotator
2626 4908 2731 4952 tam
2779 4908 2964 4950 serena
2995 4890 3173 4943 fronte
3202 4892 3401 4944 asserit

1867 4996 2136 5050 Christum
2183 5010 2291 5048 non
2332 4992 2493 5046 semel
2541 4989 2862 5058 hospitatum
2922 4981 3089 5033 fuisse
3132 4980 3189 5031 in
3238 4980 3401 5032 domo

1871 5085 2087 5138 Marthae
2112 5092 2166 5138 et
2195 5083 2392 5144 Mariae,
2427 5094 2609 5133 verum
2639 5087 2719 5131 est
2747 5073 2961 5143 quidem
3009 5068 3075 5121 de
3122 5068 3401 5135 prandiis;

1864 5176 1955 5231 sed
1997 5174 2245 5228 facillime
2271 5170 2563 5226 contradici
2616 5173 2791 5237 potest
2820 5159 2998 5230 quoad
3035 5156 3405 5223 pernoctatio-

1863 5278 2024 5316 nem:
2065 5270 2274 5316 veteres
2318 5259 2459 5314 enim
2509 5256 2776 5310 tradidere
2818 5247 3097 5303 Christum
3154 5243 3412 5297 secedere

1863 5360 2174 5406 consuetum
2204 5351 2256 5402 in
2290 5358 2520 5401 montem
2550 5354 2602 5398 et
2628 5339 2975 5399 solitudinem
3014 5331 3241 5401 quando
3271 5344 3404 5395 apo-

1864 5441 1981 5493 stoli
2024 5438 2126 5507 ipsi
2183 5438 2246 5490 ad
2279 5437 2507 5504 quietem
2552 5429 2867 5489 sumendam
2899 5427 3097 5479 lectum
3132 5419 3437 5497 petebant.‘

1680 5605 1725 5636 "
1762 5605 1951 5660 Matth.
1981 5624 2106 5672 xvii,
2137 5608 2199 5661 18
2225 5615 2273 5658 ct
2300 5619 2412 5672 seq.
