3740 6266
345 361 441 413 δτι

242 482 250 488 “
337 472 459 524 llaec
518 482 677 537 porro
723 465 938 526 traditio
994 463 1187 530 optime
1241 456 1485 525 congruit
1541 451 1627 507 his
1680 448 1857 504 verbis
1888 448 1927 503 Α
1957 447 2099 493 ctum
2149 442 2231 488 est
2269 446 2364 537 prLo
2407 444 2441 497 p

337 558 645 627 Evangelii:
670 556 813 608 Exiit
864 557 918 610 in
965 564 1183 607 montem
1213 565 1361 604 orare
1388 562 1407 600 .'
1436 554 1483 602 et
1523 552 1635 598 erat
1679 557 1855 609 pernov

338 643 481 703 etans
510 649 561 701 in
592 648 824 702 oratione
861 644 952 696 Dei
984 644 1047 695 ".
1082 642 1158 693 En
1191 641 1387 692 factum
1420 631 1858 705 permutationis.

338 737 504 790 Visne
549 734 742 786 habere
764 727 1246 784 consuetudinem?
1274 726 1339 777 Et
1360 738 1609 793 egressus,
1630 720 1703 772 ait
1726 718 1858 770 idem

336 824 659 893 evangelista
701 821 766 874 de
803 828 1039 885 tempore
1063 824 1326 870 nocturno
1353 814 1595 881 loquens,
1627 809 1753 867 ibat,
1782 820 1861 857 se-

337 914 559 969 cundum
614 909 1059 969 consuetudinem,
1136 907 1188 958 in
1241 915 1461 958 montem
1515 896 1856 956 Oliuarum”.

339 1005 535 1059 Omnes
565 1000 897 1069 evangelista:
929 998 1209 1065 signarunt
1259 995 1445 1049 scdulo
1487 993 1629 1045 hunc
1663 991 1860 1060 specia-

337 1097 438 1149 lem
481 1094 652 1146 locum
703 1086 962 1143 orationis
1006 1085 1203 1139 Christi
1247 1085 1299 1137 in
1345 1090 1521 1136 monte
1564 1081 1856 1141 Olivarum,

336 1192 585 1239 vocantes
630 1181 774 1235 illum
818 1178 1075 1245 praedium
1100 1216 1113 1237 ,
1148 1175 1227 1227 vel
1261 1174 1469 1225 hortum
1501 1168 1855 1223 Gethsemani.

337 1275 397 1329 In
425 1273 633 1342 publico
654 1312 668 1340 ,
701 1269 913 1323 easdem
948 1267 1057 1319 fere
1087 1264 1375 1319 relationes
1402 1261 1647 1314 Christus
1677 1257 1859 1310 habuit

335 1379 456 1418 cum
506 1362 635 1415 viris
684 1367 737 1415 et
795 1358 1110 1412 mulieribus
1156 1369 1170 1406 :
1230 1354 1296 1407 ad
1353 1352 1663 1406 salvandum
1716 1349 1855 1403 enim

335 1463 624 1519 utrumque
661 1464 847 1503 sexum
890 1454 1145 1508 venerat;
1201 1442 1295 1496 sed
1339 1441 1619 1509 privatim,
1671 1439 1855 1491 eodem

333 1539 491 1594 modo
523 1553 629 1592 non
674 1552 731 1590 se
776 1533 1033 1604 gerebat:
1065 1530 1287 1597 ideoque
1334 1528 1595 1580 mirantur
1635 1525 1856 1594 apostoli

333 1628 547 1697 quando
574 1642 694 1679 eum
727 1624 896 1678 solum
923 1620 1120 1680 vident,
1151 1618 1395 1688 quamvis
1423 1617 1477 1669 in
1506 1625 1705 1684 aperto,
1736 1628 1855 1667 cum

335 1718 558 1771 muliere
592 1713 927 1768 Samaritana
954 1710 1363 1777 colloquentem.

305 1861 314 1872 ,
405 1807 477 1859 Ex
524 1820 588 1859 eo
639 1801 780 1871 quod
821 1807 1036 1854 sanctus
1062 1798 1305 1852 Clemens
1338 1795 1534 1849 Christi
1565 1792 1724 1848 verba
1765 1809 1852 1847 re-

337 1898 519 1951 tulerit
547 1895 610 1948 ad
650 1892 867 1945 Mariam
919 1889 1279 1958 Magdalenain
1316 1887 1541 1940 dicentis
1573 1905 1587 1939 :
1620 1883 1745 1938 Noli
1781 1901 1856 1937 me

340 1998 543 2054 tangere
566 2023 580 2047 ,
614 1980 933 2035 concludere
958 1978 1115 2031 vellet
1143 1976 1453 2037 adnotatur,
1496 1981 1679 2027 contra
1711 1971 1857 2025 Wet-

338 2074 571 2134 stinum,
604 2072 670 2124 ab
718 2078 933 2122 auctore
966 2066 1319 2135 Epistolarum
1360 2064 1549 2117 melius
1588 2064 1856 2131 cognitum

338 2165 504 2217 fuisse
529 2161 695 2216 sancti
723 2158 943 2212 Joannis
967 2154 1302 2223 Evangelium
1331 2168 1487 2221 quam
1518 2151 1857 2219 Evangelium

336 2254 507 2308 sancti
535 2250 758 2304 Matthaai
791 2248 880 2317 qui
920 2247 1053 2299 hanc
1078 2243 1529 2297 circumstantiam
1559 2249 1714 2295 tacet.
1749 2239 1858 2294 Hoc

336 2343 672 2395 ratiocinium
733 2336 1047 2407 philosopho
1100 2348 1285 2403 parum
1343 2332 1637 2385 convenit:
1686 2346 1857 2400 neque

336 2431 477 2485 enim
522 2438 735 2482 sanctus
775 2425 1085 2486 Matthmus,
1120 2436 1290 2491 neque
1322 2421 1499 2475 cmteri
1526 2421 1858 2489 evangelistae

336 2521 638 2582 voluerunt,
658 2518 763 2570 imo
792 2517 922 2569 velle
952 2521 1237 2583 potuerunt
1269 2512 1502 2567 scribere
1532 2512 1711 2564 omnia
1741 2526 1857 2580 quae

336 2611 581 2665 Christus
647 2606 888 2678 gesserit.
951 2604 1115 2674 lgitur
1169 2604 1235 2657 ab
1299 2603 1400 2658 hoc
1461 2602 1672 2656 silentio
1724 2602 1858 2657 nihil

337 2704 556 2756 omnino
579 2699 821 2754 concludi
851 2705 1046 2767 potest.
1077 2695 1178 2763 Qui
1207 2697 1348 2749 enim
1378 2693 1722 2748 concluderet
1764 2693 1860 2746 do-

340 2793 541 2846 minum
586 2791 651 2844 de
692 2789 985 2858 Premagny
1026 2787 1158 2839 nihil
1192 2786 1333 2839 aliud
1381 2784 1663 2852 scripsisse
1700 2797 1857 2853 quam

338 2882 638 2937 versionem
669 2879 922 2933 Gallicam
953 2886 1256 2933 nostrarum
1292 2876 1646 2944 Epistolarum
1675 2914 1689 2937 ,
1736 2888 1857 2927 cum

341 2972 609 3041 adiunctis
661 2970 1123 3031 adnotationibus,
1177 2969 1301 3037 quia
1354 2967 1452 3021 has
1498 2967 1669 3021 solum
1721 2972 1860 3033 typis

343 3062 633 3123 mandavit,
656 3078 761 3115 non
786 3061 916 3116 satis
942 3060 1095 3116 fama:
1130 3062 1274 3117 illius
1301 3062 1629 3124 consuleret;
1672 3060 1861 3127 proba-
1888 3061 1925 3116 C

343 3152 519 3227 biliter
585 3166 813 3220 namque
861 3168 999 3220 opus
1048 3153 1190 3207 istud
1254 3152 1443 3205 merito
1496 3150 1721 3204 inferius
1779 3157 1862 3203 est

344 3240 619 3307 sexaginta
646 3239 767 3294 aliis
791 3240 1062 3309 opusculis
1086 3241 1203 3309 ejus
1235 3254 1354 3308 quae
1381 3238 1742 3308 manuscripta
1781 3252 1862 3292 re-

344 3338 677 3385 manserunt.

413 3421 547 3477 Xlll.
582 3422 864 3476 Auctorem
906 3419 1263 3489 Epistolarum
1291 3426 1508 3472 accusat
1538 3416 1599 3472 D.
1629 3416 1695 3470 de
1736 3413 1861 3471 Pre-

345 3530 538 3582 magny
576 3512 729 3581 quasi
772 3511 1055 3564 infideliter
1100 3509 1331 3563 narrarit
1369 3509 1649 3564 historiam
1699 3505 1863 3560 Elisei

344 3612 399 3657 et
443 3600 809 3656 Sunamitidis.
844 3600 945 3654 Sed
980 3614 1097 3669 quae
1127 3600 1311 3667 paucis
1338 3597 1514 3652 verbis
1545 3595 1706 3650 refert
1737 3610 1865 3649 san-

345 3701 465 3746 ctus
493 3692 738 3746 Clemens
768 3690 964 3759 optime
991 3688 1317 3744 concordant
1345 3703 1466 3741 cum
1498 3687 1657 3740 rebus
1685 3685 1866 3739 relatis

346 3781 403 3833 in
440 3786 631 3848 quarto
654 3779 788 3834 libro
817 3777 1307 3847 Regum,quamvis
1353 3791 1440 3830 res
1479 3773 1867 3830 minutissimas

347 3885 454 3924 non
488 3871 645 3924 fuerit
671 3875 1030 3923 consectatus.
1076 3867 1367 3921 Achilleam
1391 3865 1740 3934 philosophus
1774 3878 1869 3917 no-

350 3968 459 4015 ster
497 3961 777 4014 aestimavit
804 3958 943 4011 hanc
968 3957 1315 4025 objectionem
1344 3971 1358 4007 :
1392 3954 1598 4008 Eliseus
1626 3962 1869 4021 accepta-

350 4053 426 4104 vit
453 4053 757 4105 cubiculum
788 4052 841 4104 in
870 4050 1027 4103 domo
1054 4048 1401 4103 Sunamitidis
1428 4061 1589 4114 :ergo
1617 4061 1721 4101 non
1754 4053 1872 4097 erat

352 4141 442 4193 hic
468 4140 723 4207 propheta
751 4146 1033 4192 extraneos
1062 4135 1206 4190 omni
1242 4135 1483 4189 relationi
1531 4150 1652 4188 cum
1682 4133 1870 4186 tnulieo

354 4230 525 4282 ribus.
570 4226 707 4296 Ergo
735 4235 922 4279 auctor
946 4225 1296 4295 Epistolarum
1326 4225 1511 4279 falsam
1542 4223 1748 4277 induxit
1776 4223 1872 4291 hy-

356 4317 642 4387 pothesim.
692 4316 830 4383 Ergo
876 4315 1101 4368 honorat
1149 4322 1391 4369 sanctum
1429 4312 1752 4367 Clementem
1781 4311 1869 4381 qui

358 4409 502 4461 hunc
544 4421 652 4459 non
694 4404 878 4473 recipit
911 4404 1063 4474 quasi
1110 4404 1332 4458 istarum
1374 4402 1727 4471 Epistolarum
1774 4417 1872 4456 au-

359 4507 581 4552 ctorem.

431 4592 496 4646 Ut
531 4590 772 4645 funditus
818 4596 939 4641 ruat
980 4586 1280 4656 hnjusmodi
1321 4586 1705 4656 argumentatio
1746 4585 1880 4640 satis

356 4682 460 4733 erit
472 4680 727 4733 adnotare
741 4677 1151 4746 hospitalitatem
1167 4692 1325 4745 quam
1341 4675 1605 4728 interdum
1624 4676 1877 4743 prOpheta

359 4770 554 4837 recepit
585 4770 723 4837 apud
749 4766 1164 4831 Sunamitidem,
1189 4779 1297 4818 non
1331 4764 1496 4819 fuisse
1528 4764 1877 4818 cohabitatio-

360 4875 478 4914 nem
509 4875 667 4928 quam
699 4860 940 4928 prohibet
971 4864 1189 4911 sanctus
1215 4856 1482 4910 Clemens.

429 4949 707 5005 Enimvero
751 4950 940 5003 domus
987 4947 1335 5000 Snnamitidis
1378 4958 1481 4999 una
1526 4952 1640 4998 erat
1679 4959 1744 4998 ex
1793 4943 1878 4997 his

363 5040 630 5108 opulentis
676 5040 1092 5094 habitationibus
1156 5053 1273 5107 quae
1327 5039 1637 5106 plerumque
1708 5036 1878 5089 servis

364 5127 651 5181 abundant.
702 5129 819 5197 lpsa
855 5129 1090 5182 declarat
1135 5142 1192 5181 se
1233 5128 1287 5180 in
1319 5127 1493 5181 medio
1521 5124 1698 5193 populi
1733 5124 1815 5178 sui
1836 5123 1877 5153 ³⁸

365 5217 520 5287 quasi
564 5218 851 5285 principem
890 5221 1161 5283 habitare,
1194 5229 1247 5271 et
1269 5219 1413 5271 nulla
1442 5233 1499 5271 re
1527 5217 1782 5284 indigere.
1820 5213 1879 5268 ln

366 5307 455 5359 illa
480 5306 655 5365 domo,
674 5309 823 5373 quasi
848 5311 1112 5363 transiens
1132 5309 1334 5362 habitat
1354 5308 1560 5362 Eliseus
1579 5320 1698 5358 cum
1729 5318 1883 5359 servo

369 5412 487 5450 suo.
535 5391 709 5460 Quare
761 5400 899 5451 enim
941 5401 1040 5453 sub
1069 5399 1158 5451 dio
1195 5395 1595 5466 pernoctasset?
1634 5391 1885 5456 Quamvis

367 5494 544 5539 autem
590 5487 780 5541 domus
830 5488 917 5541 illa
958 5491 1128 5557 ampla
1160 5489 1293 5541 foret
1321 5495 1607 5555 vastaque,
1648 5489 1888 5536 constru-

3516 270 3639 327 373

2444 426 2667 495 ropheta
2699 426 2913 473 novum
2964 398 3338 461 cubiculum

1959 478 2353 596 separatumrab
2369 478 3081 596 eti"."l‘extusllebraiclus
3113 496 3438 596 expresse

1961 563 2017 583 οι
2057 563 2263 578 ...........
2287 563 2351 571 __
2372 563 2431 570 η
2498 563 2511 568 ,
2541 563 2562 565 γ

1960 563 2086 684 ωιτη
2112 605 2464 678 separationis
2494 612 2709 653 murum
2740 585 3221 684 qui-aedificatus
3257 563 3631 684 ἐεζὲὶιξῖοξ

1960 656 2425 771 de
2457 656 2784 753 Premagny,
2816 678 3071 741 ideoque
3116 656 3636 771 insuperabilem

1953 754 2213 859 jiidicavit
2238 777 2762 851 argumentationem
2793 781 2985 823 suam.
3019 754 3306 859 Aliunde
3334 763 3484 859 vim:
3503 759 3637 801 exr-

1957 837 2573 947 Isanctnstlemens
2622 870 2683 916 ut
2711 858 2866 913 nulla
2915 854 2994 907 sit
3050 846 3295 944 mulier
3334 841 3403 893 in
3447 837 3633 947 domo

1957 923 2115 1034 quam
2142 960 2383 1014 habitant
2403 955 2652 1009 homines
2680 947 2954 1016 virgines,
2974 933 3342 1034 praesertim
3379 923 3634 998 quando

1954 1025 2055 1109 iter
2083 1053 2323 1111 faciunt,
2357 1046 2451 1102 sed
2491 1053 2551 1097 ut
2582 1041 2790 1111 fugiant
2836 1025 3255 1088 contubernia
3312 1034 3463 1075 cum
3498 1031 3635 1111 run--

1956 1142 2175 1199 lieribus
2194 1179 2208 1203 ,
2255 1149 2306 1192 et
2333 1147 2391 1189 ut
2420 1134 2555 1204 ipsis
2584 1146 2694 1184 non
2724 1125 3062 1180 ministrent
3110 1111 3472 1204 mulieres;
3497 1106 3631 1204 iam

1956 1232 2066 1286 dixi
2119 1195 2646 1283 cubiculum'Elisei
2694 1214 2841 1285 apud
2904 1202 3382 1263 Sunamitidem
3442 1195 3635 1250 fuisse

1956 1328 2295 1390 separatum;
2329 1315 2405 1368 ibi
2437 1326 2568 1369 vero
2611 1303 2993 1362 ministerium
3029 1312 3063 1350 a
3095 1290 3495 1390 mulieribus
3518 1301 3639 1339 non

1955 1379 2244 1475 recipiebat
2287 1419 2299 1454 :
2336 1403 2411 1459 illi
2461 1401 2602 1455 enim
2635 1394 2948 1452 sulliciebat
2979 1400 3208 1443 servus
3244 1379 3362 1451 qui
3396 1391 3641 1445 semper

1956 1497 2315 1551 comitabatur
2345 1509 2490 1546 eum.

2021 1584 2207 1636 Nzevos
2236 1582 2428 1651 qumrit
2474 1576 2719 1631 invenire
2769 1571 3015 1625 criticns
3073 1558 3521 1635 philosophus
3577 1555 3639 1608 in

1956 1671 2207 1741 Epistolis
2254 1647 2465 1723 nostris
2516 1673 2573 1718 ut
2628 1662 3031 1715 auctoritatem
3118 1664 3355 1707 earum
3417 1647 3638 1700 elevet.

1885 1741 1926 1799 Β
1953 1737 2177 1814 Grandis
2203 1759 2382 1826 igitur,
2406 1755 2577 1823 ipsius
2604 1752 2839 1820 judicio,
2887 1760 3099 1801 naevus
3131 1751 3237 1797 est
3272 1737 3449 1809 quod
3489 1749 3641 1805 qua-

1954 1858 2033 1902 ter
2060 1855 2277 1902 sanctus
2302 1846 2552 1899 Clemens
2577 1840 2935 1896 Christianos
2993 1829 3464 1888 nominaverit,
3502 1837 3641 1878 cum

1952 1952 2055 1991 vox
2092 1938 2193 1990 ista
2225 1944 2299 1988 ter
2342 1941 2550 1985 tantum
2593 1932 2650 1984 in
2694 1928 2851 1981 Novo
2894 1925 3320 1978 Testamento
3364 1913 3637 1985 reperia-

1955 2036 2061 2082 tur.
2110 2023 2587 2093 Perspicacitatem
2628 2020 2797 2086 hujus
2855 2010 3297 2069 adnotationis
3352 2008 3638 2077 judican-

1953 2117 2075 2169 dam
2113 2115 2359 2182 relinquo
2408 2111 2633 2165 cuilibet
2675 2107 2898 2161 lectori.
2947 2104 3011 2158 Si
3068 2103 3181 2156 cui
3243 2109 3465 2153 tamen
3520 2110 3640 2150 non

1953 2203 2215 2257 sulliceret
2247 2202 2347 2254 hoc
2384 2213 2729 2268 responsum,
2766 2196 2921 2251 scire
2961 2192 3157 2246 debet
3200 2191 3330 2244 hoc
3375 2186 3639 2241 vocabu-

1952 2293 2060 2348 lum
2089 2294 2221 2347 adeo
2264 2305 2547 2345 commune
2586 2288 2757 2342 fuisse
2811 2288 2922 2340 hac
2954 2290 3179 2347 mtate,
3239 2292 3314 2336 ut
3372 2294 3408 2333 a
3449 2278 3640 2350 genti-

1952 2382 2091 2436 libus
2123 2382 2317 2447 passim
2354 2379 2726 2440 adhiberetur,
2761 2376 2913 2429 sicut
2941 2380 3118 2443 patet
3152 2388 3234 2426 ex
3273 2372 3448 2423 Actis
3482 2385 3637 2421 mar-

1955 2471 2076 2539 tyrii
2106 2470 2283 2523 Sancti
2318 2468 2514 2536 lgnatii
2545 2464 2885 2527 Antiocheni,
2922 2470 2983 2517 et
3014 2479 3094 2517 ex
3142 2462 3433 2531 Epistola
3459 2459 3636 2515 Plinii

1957 2560 2022 2613 ad
2055 2560 2341 2625 Traianum
2371 2560 2764 2625 imperatorem,
2793 2555 2860 2609 de
2887 2553 3299 2609 Christianis.

2022 2648 2158 2704 XIV.
2199 2647 2507 2703 Wetstinus
2540 2647 2881 2714 allegaverat
2931 2646 3396 2697 auctoritatem
3448 2639 3635 2696 sancti

1960 2738 2239 2809 Epiphanii
2290 2738 2383 2805 qui
2432 2735 2702 2790 haereticis
2755 2734 2859 2788 arvi
2911 2734 3009 2788 sui
3070 2733 3448 2802 opponebat
3502 2731 3634 2799 Epi-

1957 2831 2121 2885 stolas
2151 2829 2318 2883 sancti
2349 2825 2642 2881 Clementis
2675 2825 2745 2878 ad
2780 2825 3068 2894 virgines,
3107 2825 3175 2877 in
3216 2824 3452 2893 quibus
3483 2837 3635 2876 como

1959 2923 2324 2971 memorantur
2361 2914 2528 2977 Elias,
2563 2912 2761 2975 David,
2806 2911 3071 2965 Samson
3125 2920 3193 2966 et
3238 2927 3461 2965 omnes
3498 2926 3632 2976 pro.

1959 3009 2153 3076 phetan.
2181 3005 2260 3059 Ad
2293 3006 2394 3059 hoc
2425 3011 2810 3072 argumentum
2840 3001 3045 3055 reduci
3091 3009 3315 3071 potest
3351 3000 3631 3056 Wetstini

1960 3094 2298 3149 ratiocinatio
2324 3111 2337 3146 :
2368 3111 2386 3143 ‹
2414 3091 2532 3145 Νοη
2558 3091 2734 3144 solum
2770 3090 3184 3159 Epiphanius,
3224 3093 3396 3147 sicut
3428 3092 3631 3146 Hiero-

1958 3198 2170 3253 nymus,
2206 3180 2478 3250 Epistolas
2509 3179 2715 3232 indicat
2747 3193 2894 3246 quas
2927 3189 3201 3234 sanctus
3236 3181 3527 3235 Clemens
3560 3179 3630 3232 ad

1956 3273 2188 3342 virgines
2218 3270 2463 3339 scripsit;
2497 3268 2591 3322 sed
2632 3268 2735 3323 has
2765 3268 3115 3336 specialiter
3152 3270 3476 3340 Epistolas
3511 3271 3631 3325 dis-

1958 3362 2114 3415 tinxit
2146 3360 2516 3415 enuntiatione
2544 3366 2727 3412 textus
2776 3358 2873 3427 qui
2927 3359 2991 3412 in
3041 3362 3309 3416 caeteris
3351 3361 3631 3431 Operibus

1960 3450 2130 3504 sancti
2174 3448 2464 3503 Clementis
2513 3444 2708 3499 nullibi
2760 3446 3091 3514 reperitur.
3150 3446 3220 3502 In
3269 3449 3427 3503 solis
3475 3449 3630 3503 enim

1961 3539 2214 3608 Epistolis
2266 3538 2333 3592 ad
2383 3536 2620 3604 virgines
2665 3536 2880 3588 mentio
2919 3535 2982 3588 fit
3020 3536 3107 3592 de
3158 3537 3341 3604 Elia,
3392 3538 3629 3603 Davide,

1963 3626 2217 3680 Samsone
2242 3634 2297 3679 et
2326 3624 2574 3677 omnibus
2603 3622 2912 3691 prophetis.
2948 3642 2969 3673 ι

2031 3713 2213 3767 Robur
2244 3712 2400 3780 hujus
2447 3710 2721 3763 ratiocinii
2768 3712 2938 3780 quasi
3006 3728 3144 3768 non
3215 3716 3545 3771 advertens
3566 3715 3630 3770 D.

1964 3800 2031 3855 de
2071 3799 2386 3869 Premagny,
2419 3812 2727 3851 sermonem
2781 3798 3137 3867 gyroflectit
3189 3805 3273 3858 ad
3333 3806 3632 3861 inscitiam

1964 3887 2193 3955 exempli
2221 3885 2517 3947 Santsonis,
2555 3884 2714 3954 quasi
2756 3886 3016 3955 pessime
3050 3901 3333 3949 sanctus
3366 3896 3634 3950 Clemens

1971 3974 2283 4027 Samsonem
2331 3974 2434 4027 huc
2478 3972 2809 4027 induxisset.
2851 3976 2969 4030 Sed
3005 3982 3138 4034 etsi
3194 3986 3635 4041 concederetur

1966 4064 2182 4120 domino
2217 4063 2283 4118 de
2308 4062 2603 4133 Premagny
2634 4064 2970 4119 Samsonem
3004 4084 3145 4126 non
3196 4074 3499 4130 debuisse
3528 4077 3637 4129 huc

1969 4153 2255 4215 introduci,
2293 4168 2401 4205 non
2430 4152 2612 4207 minus
2642 4152 2851 4207 invicta
2891 4165 3057 4210 esset
3094 4164 3442 4220 conclusio
3482 4164 3637 4220 wet-

1969 4242 2115 4303 stini,
2148 4240 2261 4308 qui,
2298 4256 2361 4292 ex
2396 4240 2497 4292 hac
2527 4242 2837 4309 prolatione
2884 4247 3461 4310 authenticitatem
3507 4256 3637 4325 Epi-

1975 4331 2228 4386 stolarum
2255 4338 2555 4383 nostrarum
2588 4329 2778 4387 infert.

2049 4419 2116 4473 Ut
2144 4425 2341 4480 autem,
2383 4435 2449 4473 ex
2478 4420 2579 4472 hac
2610 4423 2778 4475 etiam
2816 4434 2999 4493 parte,
3043 4427 3341 4489 debilem
3385 4453 3522 4492 esse
3552 4436 3641 4490 ad-

1975 4520 2271 4563 notatorem
2308 4516 2518 4577 pateat,
2548 4510 2675 4564 dico
2723 4516 2980 4580 exempla
3026 4516 3384 4582 Samson“
3434 4537 3496 4583 ει
3535 4529 3640 4582 Da-

1974 4601 2111 4653 vidis
2140 4598 2362 4652 miriﬁce
2395 4600 2661 4657 inservire
2691 4605 2835 4659 thesi
2866 4612 3150 4667 auctoris
3206 4616 3636 4686 Epistolarum,

1978 4687 2034 4739 Si
2063 4701 2293 4753 namque
2322 4686 2609 4753 prudentia
2638 4693 3043 4762 prophetarum
3082 4716 3219 4758 nos
3254 4718 3477 4765 cautos
3518 4724 3641 4764 esse

1976 4784 2172 4834 monet,
2208 4775 2566 4843 quorumdam
2613 4791 2935 4838 sanctorum
2966 4790 3268 4849 virorum
3317 4814 3503 4856 casus
3547 4815 3642 4853 va-

1980 4867 2174 4959 lentior
2204 4864 2380 4959 a_dhue
2408 4870 2729 4959 praedicatio
2757 4883 2840 4930 est
2868 4884 2931 4929 ut
2964 4881 3462 4959 nobismetipsis
3500 4891 3641 4947 ditii-

1977 4955 2188 5007 damus.
2223 4951 2339 5051 lion
2372 4958 2550 5012 solum
2585 4960 2910 5021 Samsonem
2934 4975 2990 5020 et
3021 4951 3347 5032 Davideni
3394 4984 3642 5051 appellat

1979 5050 2199 5097 sanctus
2242 5040 2609 5117 Hieronymus
2667 5053 2723 5108 in
2777 5053 2878 5108 hac
2932 5061 3244 5127 materia,
3303 5040 3639 5122 sed-etiam

1981 5131 2339 5187 Salomonem.
2398 5136 2605 5199 Omnes
2660 5152 2863 5200 norunt
2913 5143 3033 5199 haec
3097 5157 3322 5210 sancti
3387 5159 3641 5213 doctoris

1980 5223 2142 5321 verba
2172 5221 2239 5276 ad
2267 5223 2641 5321 Nepotianum
2668 5257 2682 5293 :
2718 5258 2737 5291 ‹
2762 5238 2837 5294 Ne
2873 5238 2977 5292 sub
3003 5241 3234 5297 eodem
3269 5254 3441 5303 tecto
3482 5264 3641 5303 man-

1984 5318 2113 5363 sites
2145 5349 2160 5374 ,
2228 5328 2331 5369 nec
2377 5318 2439 5375 in
2490 5331 2769 5397 praeterita
2811 5329 3066 5386 castitate
3119 5336 3443 5397 conﬁdas.
3530 5338 3642 5393 Nec

1984 5410 2223 5450 sanctior
2282 5401 2466 5467 David
2494 5454 2511 5479 ,
2572 5437 2675 5477 nec
2716 5419 2980 5476 Samsone
3009 5417 3263 5491 fortior,
3306 5443 3427 5482 nec
3476 5428 3639 5483 Salo.

1988 5500 2144 5539 mone
2170 5499 2329 5556 potes
2360 5515 2495 5563 esse
2520 5514 2842 5586 sapientior.
2868 5531 2886 5566 ι

441 5661 485 5693 ’³
526 5658 732 5729 Luc.v1,
770 5663 867 5749 1⁵2.⁴
941 5668 985 5699 ³⁸
1026 5665 1151 5722 Luc.
1179 5682 1307 5730 xxn,
1340 5666 1424 5720 39.
1502 5666 1537 5696 ³³
1575 5663 1634 5718 IV
1668 5660 1795 5731 Reg.
1838 5676 1906 5726 ιν,

1026 5665 1424 5730 Luc.xxn,39.
1502 5666 1537 5696 ³³
1575 5660 1795 5731 tVRes.
1838 5660 2022 5726 ιν,ίᾶ
2099 5662 2140 5693 ³³
2181 5663 2478 5746 lbid.,l0.
