3740 6308
90 330 189 427 ά

116 491 260 619 μιδὲ

132 640 189 686 ει

149 747 163 780 i

188 286 273 351 43

1206 304 1552 363 EPISTOLE
1582 304 1672 359 ΔΙ)
1706 302 2039 361 VlRGlNES.
2071 331 2141 345 --
2169 298 2522 356 PROCEMIA.

3329 297 3433 350 575

224 401 508 470 ναιέται.
538 421 985 477 ρεοωνθτιιιιι
1018 423 1252 491 quidem
1279 423 1502 478 Samson
1528 428 1581 475 et
1609 419 1804 486 David;
1837 424 1880 481 Α
1908 418 2107 480 futuro,
2137 423 2339 471 certum
2366 414 2589 468 incerto.
2618 409 2844 466 Ministri
2873 410 3099 466 Romani
3128 413 3281 467 aliter
3309 429 3437 469 sen-

283 492 331 546 ἱιι
355 496 626 561 Peccatis
662 514 794 554 non
839 518 1407 573 perseveraverunt:
1440 509 1662 578 ide0que
1690 524 1814 562 san-

196 599 285 659 e"
306 582 673 655 Εοὶβὶηιιὶυε
698 589 1047 656 Ebionitas
1072 602 1257 670 arguit
1283 599 1420 670 quod
1447 614 1540 653 eos
1564 599 1810 668 repudia-

172 676 343 767 ?xint
368 692 504 731 cum
535 682 779 738 exteris
813 688 1161 759 prephetis.

239 767 532 838 Quantum
571 770 649 825 ad
679 775 958 830 verbum
1015 779 1208 832 laudat
1243 795 1351 849 quo
1384 793 1511 833 usus
1552 785 1635 836 est
1661 775 1812 831 Wet-

188 875 369 947 ‘ggnus
412 860 652 915 citando
692 869 943 921 textum
980 870 1165 924 sancti
1210 867 1509 938 Epiphanii,
1540 868 1681 923 scire
1716 866 1812 920 de-

205 960 407 1030 guisset
430 949 503 1006 D.
527 951 600 1007 de
639 951 988 1029 Premagny
1020 958 1129 1013 hac
1161 973 1310 1022 voce,
1337 957 1651 1027 saepissime,
1678 957 1809 1011 nihil

228 1042 360 1111 apud
383 1041 691 1114 signiﬁcari
724 1059 911 1112 quam
947 1045 1539 1109 commemorationem,
1569 1060 1666 1099 nec
1694 1045 1811 1098 lau-

253 1144 352 1195 hem
382 1132 445 1187 ab
468 1145 539 1185 eo
560 1146 795 1199 semper
820 1132 1098 1188 indicari.

316 1220 415 1279 XV.
452 1220 772 1276 Prudenter
839 1223 1101 1278 siluisset
1139 1223 1417 1276 adnotator
1465 1236 1579 1291 quas
1633 1220 1811 1275 dicere

258 1313 581 1384 praesumpsit
622 1314 689 1366 de
732 1313 1059 1380 privatione
1101 1313 1451 1376 matrimonii.
1497 1310 1622 1370 Vult
1667 1310 1809 1363 enim

254 1410 465 1458 sanctus
492 1399 702 1452 Paulus
731 1407 793 1452 ut
834 1413 867 1451 a
898 1399 1062 1453 nobis
1092 1398 1233 1460 absit
1277 1398 1567 1457 scurrilitas
1603 1412 1715 1465 qua
1741 1395 1809 1448 ad

252 1508 353 1546 rem
392 1506 495 1543 non
545 1489 869 1558 pertinet".
901 1488 1156 1557 Plerique
1195 1488 1439 1541 homines
1479 1485 1679 1539 nubere
1714 1498 1812 1537 vo-

241 1585 393 1643 lunt,
432 1579 566 1649 quia
617 1579 935 1632 caelibatum
969 1577 1173 1631 viribus
1217 1577 1330 1631 suis
1372 1576 1697 1645 superiorem
1724 1574 1813 1642 ju-

238 1671 435 1727 dicent.
467 1667 568 1722 llis
594 1666 736 1721 dicit
766 1666 1058 1736 Apostolus
1083 1682 1098 1719 :
1129 1662 1316 1717 Melius
1340 1673 1415 1717 est
1441 1663 1627 1717 nubere
1646 1680 1803 1733 quam

1903 509 2043 559 tiunt
2071 513 2122 560 et
2166 510 2348 571 agunt,
2393 517 2424 555 a
2469 501 2787 572 quibusdam
2839 503 3070 567 saeculis,
3109 509 3162 555 et
3192 516 3221 554 a
3249 496 3477 567 math

1906 595 2085 647 monio
2133 593 2425 646 abstinent.
2455 608 2473 641 ι
2534 588 2721 645 Priora
2765 591 2927 644 verba
2983 591 3278 645 orthodoxa
3324 581 3463 646 non"

1907 689 2062 747 sunt;
2094 681 2391 750 posteriora
2419 678 2673 733 historice
2704 686 2830 733 sunt
2860 679 3014 734 falsa.
3044 678 3192 748 Saepe
3214 680 3438 749 legendo

1907 774 2279 828 adnotationes
2326 771 2524 827 domini
2573 771 2640 826 de
2668 770 2981 841 Premagny,
3026 773 3260 840 suspicio
3308 774 3439 827 mihi

1906 864 2093 918 oborta
2132 869 2217 916 est
2262 861 2411 914 illum
2461 860 2692 915 fortasse
2753 861 3076 929 pertinuisse
3123 862 3189 916 ad
3236 870 3439 916 sectam

1906 949 2335 1021 protestantium.
2366 948 2620 1002 Errabam
2655 968 2668 1003 :
2699 950 2901 1002 nullum
2936 949 3132 1018 quippe
3161 950 3319 1017 hujus
3360 942 3440 1003 ἵξις

1907 1040 2065 1093 milia
2109 1039 2402 1092 membrum
2459 1052 2696 1106 unquam
2768 1037 2891 1091 huic
2947 1039 3140 1092 ha;resi
3190 1039 3437 1095 adhaesit.

1908 1125 2297 1180 Tantummodo
2366 1125 2567 1180 certior
2640 1124 2816 1180 factus
2882 1140 3001 1179 sum
3070 1126 3438 1181 adnotaturem

1908 1214 2096 1277 fuisse,
2124 1219 2185 1266 ut
2209 1213 2319 1281 jam
2356 1214 2481 1267 alibi
2511 1214 2710 1267 dictum
2740 1222 2844 1277 est,
2881 1215 3089 1267 socium
3118 1223 3438 1269 consuetum

1907 1302 2346 1371 philosophorum
2386 1303 2570 1357 saeculi
2617 1303 2961 1370 praecedentis
2990 1304 3081 1372 qui
3130 1305 3438 1372 religionem

1909 1391 2178 1445 lacessere
2226 1390 2607 1460 gloriabantur.
2637 1388 2694 1441 In
2725 1391 2887 1445 altera
2924 1392 3154 1446 editione
3179 1394 3441 1449 versionis

1908 1480 2123 1535 Gallica:
2146 1486 2450 1535 nostrarum
2479 1478 2855 1547 Epistolarum,
2885 1480 2947 1537 Β.
2972 1482 3037 1537 de
3059 1481 3353 1552 Premagny
3386 1483 3440 1537 id

1907 1570 2370 1643 superaddendum
2394 1569 2653 1639 judicavit
2682 1572 2764 1625 his
2787 1586 2904 1639 quae
2931 1572 2985 1625 in
3015 1573 3180 1643 priori
3203 1574 3438 1628 editione

1904 1659 2016 1728 jam
2070 1658 2328 1713 dixerat:
2370 1676 2387 1710 ε
2420 1658 2562 1714 Deus
2604 1676 2710 1714 non
2754 1662 3003 1731 proponit
3053 1663 3439 1717 incrementum

228 1760 318 1811 ari
353 1759 417 1815 “.
485 1758 591 1812 isti
656 1772 794 1812 vero
823 1735 827 1736 ν
858 1754 1308 1826 reprehensibiles
1366 1754 1537 1808 forent
1584 1754 1628 1809 si
1682 1769 1807 1822 pro-
1837 1735 1876 1795 Β

1916 1747 2176 1801 mercedis
2227 1761 2325 1816 pro
2366 1747 2689 1801 czelibibus:
2735 1759 2788 1802 et
2834 1751 2965 1804 satis
3031 1752 3225 1803 mirum
3280 1759 3361 1806 est
3398 1762 3440 1805 ‘a

226 1860 418 1919 pterea
478 1848 869 1916 virginitatem
916 1846 1327 1915 impugnarent,
1401 1851 1494 1897 aut
1539 1858 1655 1898 eam
1684 1859 1805 1897 om-

226 1941 395 1995 nibus
474 1937 891 2007 impossibilem
974 1933 1450 2003 pronuntiarent:

220 2031 433 2099 quippe
457 2044 491 2083 e
518 2028 809 2081 diametro
838 2024 1168 2079 contrariam
1208 2023 1391 2076 statuit
1417 2022 1682 2087 Christus,
1712 2022 1807 2081 do-

220 2120 403 2179 cendo
426 2132 544 2173 non
573 2113 1023 2181 omnesquidem
1049 2126 1240 2181 capere
1267 2112 1487 2167 verbum
1518 2110 1682 2173 istud,
1713 2110 1805 2165 sed

218 2209 431 2277 quibus
476 2205 683 2257 datum
717 2211 823 2265 est,
862 2212 919 2255 et
949 2200 1231 2255 addendo:
1267 2200 1369 2265 Qui
1406 2208 1570 2269 potest
1608 2215 1805 2268 capere,

220 2299 405 2364 capiat
423 2296 469 2327 ³³
498 2313 515 2353 ;
546 2308 678 2363 quae
729 2292 898 2345 verba
930 2290 1160 2345 invitant
1192 2289 1398 2343 animas
1424 2303 1711 2358 generosas
1755 2300 1809 2345 et

220 2386 401 2440 fortes
440 2385 513 2439 ad
560 2382 966 2452 virginitatem,
1012 2389 1226 2449 propter
1271 2394 1494 2449 regnum
1524 2379 1804 2434 caelorum.

221 2476 495 2530 Eamdem
519 2473 911 2527 invitationem
937 2477 991 2523 et
1016 2470 1316 2523 doctrinam
1340 2470 1561 2538 protulit
1591 2478 1810 2524 sanctus

222 2566 455 2629 Paulus,
481 2566 687 2619 dicens
714 2582 728 2617 :
772 2562 899 2615 Volo
929 2560 1101 2614 omnes
1126 2577 1211 2612 vos
1236 2575 1348 2613 esse
1375 2561 1506 2612 sicut
1531 2561 1809 2627 meipsum;

219 2658 321 2711 sed
363 2656 738 2725 unusquisque
784 2654 1057 2722 proprium
1108 2650 1299 2703 donum
1349 2649 1499 2705 habet
1545 2664 1609 2702 ea:
1652 2649 1759 2703 Deo
1791 2665 1810 2702 :

220 2750 373 2802 alius
402 2747 624 2818 quidem
650 2747 753 2806 sic,
785 2744 923 2797 alius
950 2759 1067 2797 vero
1097 2742 1174 2795 sic
1194 2741 1263 2793 ³⁸.
1308 2812 1311 2815 _

299 2837 561 2907 Nugatur
592 2845 779 2889 autem
812 2833 874 2886 Ι).
900 2834 967 2887 de
993 2832 1313 2901 Premagny,
1350 2829 1677 2886 insinuando
1708 2845 1816 2883 ma-

221 2927 562 2980 trimonium
597 2925 788 2994 potius
828 2922 1152 2991 expiationis
1189 2935 1348 2990 quam
1393 2920 1664 2976 felicitatis
1705 2927 1817 2975 sta-

1901 1844 2088 1890 sancto
2131 1835 2404 1891 Clemente
2445 1838 2707 1907 prolatum
2756 1838 2921 1894 fuisse
2966 1840 3066 1893 hoc
3110 1841 3439 1909 paradoxum

1512 1932 1807 1993 (locu-mam
1898 1930 2136 1991 tempore
2154 1925 2285 1978 adeo
2311 1926 2564 1994 apostolis
2589 1926 2786 1989 vicine,
2815 1928 3220 1996 praesertimque
3241 1938 3440 1983 sancto

1901 2010 2058 2066 Petro
2102 2014 2477 2082 praedecessori
2523 2030 2640 2080 suo,
2683 2017 2838 2085 cujus
2880 2017 3282 2069 matrimonium
3328 2032 3441 2071 non

1903 2103 2127 2157 habetur
2153 2112 2210 2157 ut
2230 2105 2469 2167 dubium,
2495 2121 2592 2159 nec
2619 2106 2779 2159 etiam
2813 2107 3215 2160 matrimonium
3248 2106 3440 2159 horum

1900 2194 2272 2262 episcoporum
2326 2210 2461 2264 quos
2508 2196 2721 2250 volebat
2773 2205 2993 2251 sanctus
3059 2196 3261 2251 Paulus
3324 2213 3446 2253 esse

1904 2285 2062 2338 unius
2095 2286 2279 2339 uxoris
2302 2287 2468 2340 viros.
2499 2304 2517 2338 ι

1974 2372 2173 2428 Textus
2196 2374 2307 2443 jam
2332 2391 2361 2429 a
2394 2391 2477 2430 me
2517 2376 2735 2435 adducti
2783 2378 2914 2432 satis
2944 2378 3236 2447 explodunt
3263 2396 3325 2434 ac
3361 2396 3448 2435 re-

1906 2461 2078 2517 futant
2112 2464 2249 2518 hanc
2272 2465 2471 2519 domini
2500 2467 2565 2521 de
2597 2466 2892 2536 Premagny
2920 2470 3292 2525 assertionem.
3326 2470 3445 2525 Nor.

1906 2558 2235 2624 exspectavit
2268 2556 2470 2612 Novum
2500 2558 2900 2613 Testamentum
2935 2560 3191 2618 Dominus
3217 2572 3273 2617 ut
3308 2580 3447 2618 mer-

1906 2642 2055 2698 cedis
2086 2643 2469 2699 incrementum
2499 2645 2796 2715 virginibus
2820 2649 3131 2716 spontaneis
3159 2651 3443 2718 pollicere-

1911 2742 2017 2787 tur.
2050 2734 2193 2788 Dabo
2214 2737 2306 2799 eis,
2332 2740 2503 2807 inquit
2525 2754 2620 2807 per
2642 2739 2858 2803 lsaiam,
2892 2742 2942 2793 in
2973 2740 3122 2793 domo
3153 2758 3284 2805 mea,
3314 2753 3362 2798 et
3392 2746 3446 2798 in

1912 2825 2073 2878 muris
2105 2828 2229 2880 meis
2264 2826 2477 2893 locum,
2508 2837 2557 2884 et
2604 2846 2786 2883 nomen
2828 2832 3011 2884 melius
3050 2849 3082 2884 a
3116 2832 3240 2901 ﬁliis
3282 2842 3331 2887 et
3374 2836 3443 2903 ﬁ-

1913 2914 2080 2968 liabus
2122 2931 2140 2968 :
2185 2933 2366 2971 nomen
2412 2922 2776 2987 sempiternum
2830 2920 2964 2973 dabo
3009 2922 3115 2985 eis,
3163 2922 3298 2991 quod
3343 2940 3446 2978 non

222 3024 355 3069 tum
382 3031 527 3076 esse,
563 3014 807 3080 ideoque
838 3011 963 3079 plus
1003 3010 1197 3063 mereri
1227 3010 1319 3078 qui
1348 3008 1503 3064 nubit
1529 3024 1687 3077 quam
1720 3007 1812 3077 qui
1838 3045 1882 3100 ε
1914 3004 2098 3072 peribit
2127 3006 2190 3061 ³⁹.
2239 3006 2428 3061 Merito
2480 3008 2642 3078 igitur
2668 3012 2951 3063 concilium
2997 3010 3368 3065 Tridentinum
3397 3012 3445 3044 “

225 3119 263 3157 a
300 3105 515 3175 nuptiis
546 3119 609 3158 se
647 3102 935 3156 abstinet:
979 3100 1137 3169 quasi
1170 3100 1261 3168 qui
1304 3100 1689 3153 continentiam
1727 3114 1815 3154 re-

229 3202 445 3263 spuunt
472 3191 830 3263 paenitentiae
852 3190 1104 3245 meritum
1130 3188 1503 3243 intendissent.

303 3283 483 3339 Nemo
527 3281 762 3352 quidem
811 3293 1010 3349 negare
1055 3284 1234 3347 potest
1282 3293 1503 3348 magnas
1552 3277 1817 3332 sollicitu-

227 3372 400 3426 dines
429 3369 771 3439 conjugibus
815 3366 1107 3421 reservari.
1150 3365 1231 3418 Ab
1260 3364 1345 3419 his
1370 3379 1696 3434 praeservare
1723 3380 1820 3419 cu,

233 3462 431 3530 piebat
457 3459 766 3529 Apostolus
813 3457 939 3511 illos
974 3455 1171 3524 quibus
1209 3454 1453 3509 dicebat:
1490 3454 1617 3507 Volo
1648 3464 1818 3508 autem

231 3566 331 3604 vos
364 3550 477 3602 sine
523 3545 898 3601 sollicitudine
939 3559 1049 3597 esse
1073 3541 1151 3604 ";
1190 3544 1283 3597 sed
1328 3541 1690 3597 certissimum
1735 3548 1820 3596 est

233 3637 741 3695 mortiﬁcationem
770 3634 961 3688 carnis
995 3641 1087 3685 aut
1117 3631 1341 3701 Spiritus
1371 3647 1478 3684 non
1503 3646 1622 3687 esse
1660 3630 1817 3686 ﬁnem

228 3743 437 3782 eorum
493 3727 591 3796 qui
638 3724 964 3793 conjugium
1028 3723 1251 3791 eligunt.
1284 3720 1348 3774 Et
1391 3721 1599 3773 utinam
1651 3721 1819 3774 multo

232 3817 541 3886 pauciores
588 3821 783 3869 essent
827 3813 1029 3881 quibus
1070 3810 1329 3879 applicari
1371 3811 1611 3864 valerent
1659 3811 1819 3865 verba

230 3905 546 3976 Baphaelis
593 3903 916 3974 archangeli
947 3921 957 3955 :
986 3900 1127 3953 Audi
1174 3917 1273 3965 me,
1317 3910 1367 3954 et
1411 3899 1680 3953 ostendam
1725 3901 1819 3952 tibi

230 3997 336 4065 qui
388 4004 514 4049 sunt
570 3994 767 4063 quibus
822 3993 1103 4060 prrrvalere
1154 4001 1320 4059 potest
1370 3990 1682 4053 dwmonium
1717 3991 1818 4043 :Iti

232 4102 473 4154 namque
514 4086 611 4154 qui
640 4084 949 4151 conjugium
981 4083 1056 4135 ita
1083 4082 1389 4148 suscipiunt,
1434 4089 1489 4133 ut
1521 4080 1681 4133 Deum
1708 4097 1740 4133 a
1768 4095 1821 4133 se

232 4187 290 4229 et
323 4192 361 4228 α
389 4193 487 4228 sua
518 4184 698 4227 mente
720 4173 1027 4234 excludant,
1062 4180 1112 4224 et
1152 4186 1260 4224 suae
1300 4170 1501 4222 libidini
1533 4170 1608 4222 ita
1645 4181 1820 4223 vacent

231 4266 387 4317 sicut
422 4281 591 4334 equus
621 4272 674 4315 et
707 4261 902 4324 mulus,
927 4260 1112 4328 quibus
1142 4274 1245 4310 non
1266 4266 1342 4310 est
1371 4258 1656 4311 intellectus
1681 4272 1699 4310 :
1727 4257 1821 4310 Ita-

232 4346 329 4400 bet
359 4355 688 4413 potestatem
709 4343 1026 4397 dwmonium
1051 4343 1105 4394 in
1132 4359 1218 4396 eos
1241 4342 1304 4394 ³⁸.

318 4439 380 4492 Si
422 4437 765 4492 attendisset
804 4435 892 4489 his
942 4434 1167 4487 monitis
1214 4433 1518 4497 adnotatur,
1563 4447 1665 4487 non
1706 4441 1814 4487 tam

233 4531 441 4585 leviter
462 4530 533 4583 de
561 4529 677 4580 hac
704 4526 931 4579 materia
954 4524 1169 4577 locutus
1194 4523 1403 4577 fuisset.

318 4619 625 4682 Caeterum,
677 4617 770 4683 qui
811 4620 1033 4683 propter
1078 4627 1305 4681 regnum
1339 4612 1594 4666 cwlorum
1630 4614 1811 4666 matri-

235 4711 443 4764 monio
496 4706 854 4768 valedicunt,
906 4704 1112 4757 nullam
1165 4702 1567 4755 similitudinem
1622 4702 1820 4757 habent

234 4816 379 4856 cum
410 4800 515 4853 hac
544 4801 763 4865 impura
793 4794 1240 4864 philosophorum
1266 4793 1355 4845 lue
1384 4791 1473 4859 qui
1500 4806 1666 4845 nexus
1690 4807 1817 4846 con-

235 4890 463 4960 iugales
504 4895 582 4951 et,
628 4893 692 4939 ut
721 4886 899 4940 verbis
927 4882 1173 4953 Apostoli
1210 4890 1352 4945 utar,
1379 4881 1673 4934 honorabile
1700 4899 1823 4936 con-

233 4979 473 5035 ubium
506 4979 751 5047 fugiunt,
785 4982 845 5029 ut
875 4974 1104 5028 liberius
1134 4986 1199 5023 ac
1233 4969 1446 5038 turpius
1466 4971 1824 5038 voluptatibus

233 5066 440 5123 carnis
473 5067 726 5120 habenas
756 5064 957 5117 laxent.
985 5061 1081 5114 Va:
1110 5059 1313 5112 talibus
1354 5059 1443 5127 qui
1483 5061 1691 5128 generis
1722 5063 1823 5116 hu-

235 5156 402 5210 mani
438 5154 799 5223 Opprobrium
831 5151 988 5204 sunt!

338 5244 433 5299 Sic
463 5244 711 5311 loquitur
738 5240 800 5294 D.
837 5239 905 5294 de
933 5238 1244 5300 Premagny
1282 5249 1295 5283 :
1336 5248 1353 5280 ‹
1380 5231 1598 5287 Ministri
1642 5236 1822 5290 refor-

239 5336 389 5393 mati
440 5334 691 5401 (nuptias
739 5321 1135 5389 contrahendo)
1188 5320 1527 5386 pmtulerunt
1571 5338 1820 5399 praesens

328 5529 376 5560 ⁸³
456 5527 653 5591 Ephes.
680 5542 731 5587 ν,
761 5525 813 5579 4.
891 5517 1150 5591 "1901‘-
1179 5527 1273 5576 νη,
1298 5512 1348 5566 9ο
1376 5515 1467 5591 ﬁ"
1495 5516 1678 5591 Matth.
1714 5538 1838 5585 xix,

1916 5525 1961 5579 Ξ.
2038 5524 2081 5556 ⁸⁸
2110 5525 2130 5577 ῐ
2156 5524 2281 5578 Cor.
2307 5540 2403 5591 vu,
2441 5528 2489 5582 7.
2566 5528 2608 5559 ³⁷
2633 5524 2789 5587 lbid.,
2817 5526 2911 5581 52.

931 5589 976 5619 ιο
1003 5585 1159 5637 sess.
1188 5594 1334 5643 xxiv,
1364 5580 1434 5635 De
1457 5588 1711 5657 matrim,
1744 5580 1877 5648 can.
1909 5596 1961 5648 9.
2041 5595 2082 5625 "‘
2116 5592 2223 5649 Τίιο
2248 5609 2295 5663 ιι
2325 5595 2375 5648 3-

246 5599 347 5653 17.
426 5598 469 5629 ⁸⁸
491 5594 595 5651 lsa.
620 5612 724 5659 Lvt,
766 5594 818 5647 5.

1915 3095 2250 3150 anathemate
2295 3099 2536 3166 percellit
2567 3117 2585 3150 ‹
2612 3114 2707 3156 eos
2751 3104 2841 3170 qui
2892 3100 3078 3154 dicunt
3123 3101 3349 3155 clericos
3390 3104 3443 3155 in

1915 3184 2084 3239 sacris
2111 3186 2390 3242 ordinibus
2437 3176 2783 3251 constitutos,
2810 3190 2890 3244 vel
2922 3192 3193 3259 regulares
3224 3194 3446 3245 castita-

1915 3282 2019 3328 tem
2048 3276 2358 3330 solemniter
2384 3278 2677 3347 professos,
2707 3296 2866 3357 posse
2895 3282 3291 3334 matrimonium
3319 3296 3447 3347 con-

1914 3364 2147 3430 trahere,
2172 3382 2279 3421 non
2311 3368 2556 3424 obstante
2585 3371 2699 3440 lege
2724 3372 3109 3435 ecclesiastica,
3142 3373 3224 3426 vel
3256 3379 3398 3426 voto.
3421 3389 3439 3422 ι

1914 3452 2109 3508 Eadem
2143 3470 2298 3524 poena
2328 3458 2511 3526 plectit
2539 3474 2633 3514 eos
2666 3475 2684 3511 ‹
2716 3460 2807 3528 qui
2839 3461 3022 3513 dicunt
3050 3475 3154 3513 non
3187 3476 3306 3515 esse
3335 3476 3447 3514 meo

1917 3541 2021 3595 lius
2049 3556 2111 3596 ac
2157 3543 2367 3598 beatius
2398 3560 2613 3601 manere
2642 3548 2707 3614 in,
2744 3549 3049 3619 virginitate
3080 3558 3169 3601 aut
3199 3548 3445 3609 caelibatu

1868 3664 1874 3673 .
1918 3647 2077 3701 quam
2102 3632 2255 3704 jungi
2280 3636 2639 3703 matrimonio.
2661 3655 2683 3689 ι

1985 3724 2251 3788 Quantum
2291 3725 2357 3778 ad
2394 3725 2730 3800 hypothesim
2774 3723 2977 3779 domini
3016 3724 3083 3780 de
3124 3725 3443 3798 Premagny,

1916 3814 2290 3883 aquibusdam
2336 3824 2538 3868 tantum
2586 3815 2797 3893 sarculis
2847 3816 3229 3869 continentiam
3279 3817 3447 3873 fuisse

1917 3901 2169 3956 Ecclesiae
2222 3903 2485 3956 ministris
2533 3904 2931 4001 praescpiptam,
2993 3904 3165 3958 dicam
3198 3906 3346 3958 illum
3389 3922 3447 3960 se

1916 3990 2150 4045 historiae
2176 3992 2549 4046 ecclesiasticae
2579 3990 2881 4061 imp’éritum
2926 3994 3163 4062 praebere
3197 3995 3286 4063 qui
3328 4010 3447 4048 om-

1917 4077 2076 4132 nibus
2110 4079 2471 4132 monumentis
2513 4072 2895 4145 ecclesiasticis
2938 4082 3288 4147 contradicit,
3328 4099 3447 4152 qua!

1915 4167 2236 4221 inconcusse
2276 4168 2529 4221 evincunt
2556 4158 2623 4222 in
2646 4167 2887 4224 Ecclesia
2920 4171 3240 4225 occidentali
3272 4174 3447 4226 conti-

1916 4257 2147 4311 nentiam
2177 4267 2429 4327 perpetua
2464 4259 2581 4329 lege
2622 4262 2984 4337 praescriptam
3025 4263 3191 4318 fuisse
3233 4264 3447 4319 clericis

1917 4349 1970 4400 in
1991 4348 2158 4401 sacris
2179 4348 2454 4409 ordinibus
2475 4352 2799 4405 constitutis.
2821 4351 2979 4406 Jubet
3008 4362 3227 4408 sanctus
3248 4353 3446 4407 Paulus

1918 4448 1969 4491 ut
2006 4436 2097 4507 qui
2130 4438 2195 4490 ad
2232 4441 2598 4513 episcopatum
2630 4450 3029 4510 promoventur,
3065 4444 3108 4496 si
3146 4451 3301 4496 antea
3330 4443 3446 4496 fue-

1918 4529 2026 4581 rint
2054 4528 2281 4590 uxorati,
2309 4530 2479 4584 sancti
2509 4540 2563 4584 et
2603 4532 2962 4596 continentes,
2994 4540 3116 4602 post
3161 4547 3447 4587 consecra-

1918 4618 2115 4670 tionem
2144 4632 2316 4678 suam,
2346 4627 2693 4686 permaneant
2715 4620 2778 4675 θ’.

1988 4704 2123 4760 XVI.
2164 4705 2355 4760 Paucis
2384 4708 2717 4777 respondebo
2745 4708 3070 4762 cavillationi
3117 4709 3448 4766 adnotatoris

1920 4796 1985 4849 de
2013 4796 2174 4850 verbo
2208 4797 2363 4859 dixit.
2394 4799 2535 4867 quod
2566 4799 2829 4867 reperitur
2865 4799 3182 4867 quandoque
3222 4800 3274 4852 in
3320 4800 3447 4870 Epi-

1920 4885 2072 4939 stolis
2104 4888 2220 4940 sine
2251 4888 2512 4955 subjecto.
2542 4888 2675 4941 Cum
2707 4894 2930 4942 sanctus
2957 4888 3203 4942 Clemens
3232 4889 3449 4944 assidue

1921 4990 2127 5029 sacram
2182 4976 2510 5046 Scripturam
2567 4976 2819 5046 legisset,
2876 4978 3337 5048 probabiliterque
3392 4981 3446 5036 in

1921 5065 2190 5132 primitivo
2226 5074 2395 5132 textu,
2421 5068 2749 5121 locutionum
2787 5065 2907 5132 ejus
2939 5083 3092 5121 usum
3134 5072 3445 5138 assumpsit.

1923 5150 1980 5204 Si
2020 5152 2279 5221 tantisper
2319 5154 2379 5207 D.
2422 5155 2488 5208 de
2524 5154 2820 5220 Premagny
2862 5152 3154 5210 Hebraicos
3207 5165 3298 5210 aut
3349 5157 3449 5226 Sy-

1923 5242 2097 5294 riacos
2128 5239 2299 5295 fontes
2339 5242 2645 5303 delibasset,
2676 5240 2809 5292 nihil
2852 5242 2908 5295 in
2939 5245 3109 5299 sacris
3155 5245 3448 5314 Scripturis

1926 5324 2252 5397 frequentius
2290 5330 2591 5397 agnovisset
2620 5341 2777 5396 quam
2808 5329 3089 5385 subaudiri
3126 5332 3446 5400 subjectum.

3013 5529 3055 5561 “
3085 5526 3219 5582 Tob.
3247 5542 3319 5589 Vl,
3349 5525 3442 5589 ιϐ,
