3740 6302
303 372 407 428 375

298 472 515 574 quando
536 514 601 553 ex
636 504 884 553 contextu
919 491 1050 547 satis
1078 486 1408 557 lntelligitur.
1440 481 1611 550 Saepe,
1651 479 1707 533 In
1737 478 1823 532 Bi-

305 570 457 655 bliis,
494 589 716 645 verbum
748 586 881 636 dixit
923 582 1007 635 his
1047 577 1327 647 aequivalet
1371 573 1583 632 dicitur,
1631 570 1825 622 dictum

303 692 401 738 est.
430 680 645 733 Poterat
670 690 798 744 ergo
825 673 1054 740 scriptor
1090 666 1310 721 criticus
1352 662 1825 733 Pythagoricorum

307 781 549 824 somnum
575 778 679 818 non
701 761 937 816 turbare.
987 769 1085 808 nec
1124 750 1727 815 eruditionemprorsus
1753 744 1828 794 in-

310 860 488 912 utilem
525 850 990 908 nobis'ostentare.
1030 844 1177 896 llanc
1211 854 1310 910 ego
1352 837 1710 891 difficultatem
1737 849 1828 887 ex-

308 948 469 1020 punxi
501 947 553 1003 in
585 941 828 997 versione
856 952 971 991 mea
998 953 1013 989 :
1045 931 1287 988 eamdem
1323 936 1535 997 poterat
1560 924 1625 979 de
1656 924 1829 977 medio

308 1040 492 1093 tollere
515 1037 627 1104 ipse
655 1029 974 1085 Wetstinus.

379 1125 515 1181 XVII
537 1133 590 1179 et
616 1120 796 1175 XVIII.
826 1115 1214 1171 Adnotationes
1247 1125 1366 1179 qua:
1394 1110 1495 1163 sub
1518 1107 1602 1159 his
1623 1104 1831 1159 duobus

309 1216 543 1270 numeris
572 1211 936 1271 includuntur,
968 1206 1192 1274 probant
1222 1200 1493 1256 dominum
1522 1197 1586 1250 de
1619 1194 1832 1248 Prema-

308 1322 414 1376 gny
448 1319 557 1359 non
604 1314 813 1369 semper
844 1295 1169 1367 praajudiciis
1198 1292 1522 1345 obcaecatum
1553 1294 1606 1340 et
1644 1282 1833 1337 alluci-

309 1373 490 1450 natum
518 1393 704 1447 fuisse.
731 1389 839 1443 Has
877 1385 1163 1456 scribendo
1192 1384 1380 1441 lineas,
1410 1379 1610 1447 Optime
1644 1374 1711 1428 de
1746 1373 1833 1441 ju-

309 1484 454 1539 stitia
492 1490 545 1536 et
583 1481 810 1535 veritate
838 1476 1061 1529 meritus
1084 1480 1186 1527 est.
1211 1469 1443 1535 Quilibet
1487 1461 1833 1519 nihilominus

308 1573 692 1629 animadvertat
746 1570 920 1638 ipsum
974 1563 1242 1618 Wetstino
1291 1572 1502 1626 semper
1561 1552 1831 1607 contradi-

308 1666 482 1727 xisse,
520 1662 634 1716 sive
668 1657 883 1728 quando
930 1660 1127 1707 rectam
1169 1652 1309 1704 viam
1349 1645 1693 1715 sequebatur,
1723 1642 1834 1696 sive

308 1754 523 1825 quando
558 1751 627 1806 ab
650 1765 712 1804 ea
744 1744 1075 1802 dellectebat.
1103 1737 1406 1809 Optandum
1434 1742 1579 1789 certe
1615 1739 1730 1786 erat
1774 1736 1833 1782 ut

286 1822 395 1897 aliis
423 1841 625 1897 ultimis
660 1836 898 1892 numeris
933 1832 1067 1886 nihil
1111 1824 1403 1883 addidisset
1439 1824 1500 1877 D.
1524 1824 1590 1878 de
1620 1822 1837 1875 Prema-

311 1948 436 2002 gny.
465 1929 571 1984 Sed
608 1930 796 1987 altera,
819 1925 885 1978 de
914 1936 1017 1991 qua
1044 1920 1155 1989 jam
1183 1920 1394 1971 locutus
1420 1928 1560 1975 sum,
1591 1910 1836 1979 opusculi

310 2023 428 2090 ejus
456 2021 620 2075 editio
645 2016 798 2087 quasi
830 2013 1174 2084 pmnitentem
1214 2008 1384 2075 ipsum
1407 2004 1620 2059 exhibet
1642 2002 1839 2070 optime

314 2112 515 2165 liniisse
542 2108 687 2177 quod
721 2105 861 2159 male
893 2106 1149 2170 coeperat.
1181 2096 1322 2149 Duas
1350 2109 1477 2163 ergo
1506 2106 1669 2145 novas
1697 2090 1840 2158 prio-

314 2198 467 2252 ribus
496 2198 611 2252 suis
653 2193 1088 2249 adnotationibus
1118 2187 1330 2256 adjecit,
1360 2199 1477 2254 qua:
1508 2183 1663 2237 famae
1698 2181 1839 2234 illius

315 2290 437 2357 plus
466 2288 735 2341 nocebunt
763 2299 921 2354 quam
954 2281 1267 2352 proderunt.

385 2377 564 2430 Prima
594 2374 817 2428 refertur
868 2371 935 2425 ad
993 2368 1379 2438 separationcm
1415 2378 1574 2435 quam
1624 2368 1843 2417 sanctus

317 2468 563 2521 Clemens
591 2480 621 2516 a
650 2463 828 2534 Moyse
856 2461 1047 2515 factam
1080 2457 1244 2511 luisse
1271 2454 1462 2510 asserit
1514 2452 1655 2509 inter
1700 2451 1844 2505 viros

317 2564 370 2611 et
391 2556 661 2618 mulieres,
688 2553 815 2607 dum
871 2548 1176 2626 incederent
1226 2545 1494 2607 Israelitaz,
1556 2541 1842 2612 [Egyptum

316 2647 700 2714 relinquentes.
732 2640 975 2696 Secunda
1005 2646 1210 2707 spectat
1253 2650 1445 2693 nomen
1495 2633 1658 2686 maris
1701 2627 1842 2700 quod

319 2737 463 2791 sicco
492 2734 713 2803 vestigio
745 2732 835 2785 lilii
860 2730 1025 2786 Israel
1054 2729 1398 2783 transierunt.

397 2826 451 2877 I°
481 2822 644 2876 Juxta
672 2820 1059 2880 adnotatorem,
1114 2824 1331 2871 sanctus
1362 2815 1602 2868 Clemens
1636 2812 1842 2864 locutus

322 2922 405 2969 est
447 2912 515 2966 de
558 2912 796 2965 virorum
856 2924 919 2963 ac
969 2909 1248 2962 mulierum
1296 2904 1623 2973 separatione
1686 2914 1843 2969 quam

324 3005 532 3072 Moyses
556 3002 859 3055 nullatenus
884 2998 1217 3052 memoravit.
1247 2994 1525 3047 Probabile
1558 3005 1684 3060 ergo
1705 2989 1848 3057 judi-

324 3100 412 3146 cat
455 3090 691 3159 Moysen,
742 3089 912 3140 virum
968 3096 1074 3138 tam
1128 3084 1459 3153 prudentem,

322 3186 384 3231 ut
414 3176 715 3247 promiscue
753 3181 999 3230 sexcenta
1037 3172 1200 3227 millia
1245 3171 1479 3224 virorum
1527 3173 1848 3219 armatorum

324 3268 677 3339 procederent
729 3279 852 3318 cum
899 3264 1067 3317 multo
1128 3260 1389 3331 superiori
1461 3268 1681 3312 numero
1734 3270 1851 3309 mu-

328 3360 560 3422 lierum,
615 3356 911 3426 puellarum
967 3361 1021 3408 et
1078 3351 1385 3406 infantium!
1439 3348 1569 3414 Quis
1622 3361 1850 3415 unquam

328 3449 489 3502 talem
518 3446 884 3500 confusionem
935 3442 1219 3509 admissam
1249 3440 1415 3495 fuisse
1458 3435 1738 3507 imaginari
1766 3449 1854 3487 au-

329 3538 505 3592 debit?
1388 3516 1393 3519 ’
1664 3578 1667 3581 .

400 3627 545 3682 Hanc
569 3641 696 3682 vero
716 3623 1197 3679 considerationem
1222 3622 1521 3680 adnotator,
1552 3618 1704 3686 quasi
1726 3632 1856 3686 puer

330 3721 659 3788 inexpertus,
690 3718 871 3773 forsan
926 3722 1101 3770 mente
1157 3714 1419 3768 revolvit:
1479 3709 1625 3763 Unde
1674 3705 1858 3760 didicit

334 3818 553 3865 sanctus
575 3809 820 3863 Clemens
850 3808 988 3860 hanc
1016 3805 1207 3858 factam
1258 3802 1424 3856 fuisse
1473 3797 1855 3869 separationem

335 3902 400 3954 de
420 3915 521 3968 qua
546 3898 820 3967 Scriptura
844 3910 949 3950 non
978 3894 1248 3965 loquitur?

404 3990 559 4043 Nulla
587 3989 715 4042 mihi
773 3986 1011 4056 profecto
1063 3984 1337 4039 dillicultas
1382 3987 1523 4036 esset
1547 3980 1858 4034 admittendi

338 4086 589 4134 sanctum
619 4076 943 4131 Clementem
971 4089 1002 4127 a
1026 4074 1309 4128 traditione
1325 4070 1647 4133 Judaeorum,
1670 4070 1771 4125 hac
1796 4071 1862 4125 de

338 4167 760 4230 circumstantia,
783 4164 950 4218 fuisse
977 4163 1244 4218 edoctum.

410 4254 517 4309 Sed
550 4256 696 4308 nulla
725 4255 881 4309 nobis
924 4262 1006 4308 est
1055 4253 1355 4309 traditionis
1384 4269 1491 4308 non
1534 4253 1745 4322 scriptae
1773 4269 1863 4306 ne-

341 4346 585 4408 cessitas,
640 4344 852 4413 quando
906 4343 1343 4411 mquivalentibus
1394 4343 1571 4398 verbis
1619 4344 1755 4397 hanc
1783 4345 1861 4395 vi-

340 4449 524 4489 rorum
559 4448 623 4486 ac
646 4434 927 4487 mulierum
958 4432 1343 4502 separationem
1368 4432 1574 4501 Moyses
1593 4433 1859 4501 exprimit.

409 4525 690 4578 Enimvero
714 4525 791 4578 sic
817 4524 1007 4593 legitur
1052 4522 1105 4575 in
1146 4523 1317 4590 capite
1345 4537 1417 4574 xn
1448 4522 1633 4587 Exodi,
1666 4540 1717 4577 v.
1755 4523 1858 4577 57:

343 4616 571 4677 Profecti
625 4624 744 4668 sunt
792 4614 891 4682 ﬁlii
940 4611 1109 4666 Israel
1142 4611 1205 4665 de
1259 4610 1497 4666 Ramesse
1551 4613 1606 4665 in
1654 4612 1864 4675 Socoth,

344 4714 583 4758 sexcenta
611 4704 715 4772 fere
749 4701 918 4755 millia
958 4700 1469 4770 peditumeirorum,
1518 4700 1704 4770 absque
1744 4716 1865 4768 par—

344 4794 494 4848 vulis.
540 4792 637 4847 Hic
666 4792 765 4846 soli
794 4790 920 4852 viri,
954 4791 1107 4859 quasi
1158 4790 1471 4860 emphatice,
1501 4788 1862 4860 designantur.

345 4880 527 4947 Capite
553 4896 621 4934 xv
647 4877 952 4947 expressius
1002 4877 1241 4939 innuitur
1275 4876 1556 4946 separatio.
1580 4877 1863 4932 Canticum

348 4970 488 5022 enim
517 4969 725 5039 Moyses
753 4982 874 5022 cum
926 4966 1058 5020 viris
1083 4966 1336 5021 concinit.
1363 4965 1559 5021 Deinde
1587 4967 1864 5036 egrediun-

351 5064 436 5108 tur
464 5058 712 5112 mulieres
736 5096 751 5120 ,
789 5066 842 5113 et
890 5058 1020 5127 ipsae
1047 5057 1162 5111 vice
1206 5072 1305 5112 sua
1354 5057 1408 5111 id
1435 5058 1698 5112 canticum
1743 5072 1865 5112 cum

352 5146 516 5200 Maria
544 5146 739 5216 Moysis
781 5157 834 5202 et
860 5148 1086 5203 Aaronis
1114 5163 1317 5213 sorore,
1348 5150 1608 5202 recinunt.

419 5232 572 5288 Philo
591 5233 823 5299 Iudaeus,
847 5246 1033 5292 sancto
1060 5238 1317 5295 Clementi
1356 5246 1673 5299 cotetaneus,
1730 5238 1869 5291 hanc

352 5325 736 5392 separationem
759 5322 900 5382 clare
923 5328 1190 5397 exprimit.
1217 5327 1519 5397 Postquam
1545 5321 1685 5381 enim
1709 5326 1872 5397 Egy-

355 5414 585 5482 ptiorum
614 5417 849 5469 narravit
878 5419 1083 5471 ruinam
1104 5456 1119 5481 ,
1163 5419 1347 5472 addit:
1404 5436 1421 5468 ι
1452 5416 1668 5471 Factum
1727 5417 1868 5471 istud

357 5504 543 5572 ingens
561 5511 614 5556 et
636 5507 949 5575 stupendum
977 5508 1179 5562 Hebraei
1206 5509 1407 5575 mirati,
1423 5507 1565 5579 quod
1594 5506 1712 5587 sine
1730 5521 1859 5562 san-

426 5651 469 5681 “
504 5650 656 5733 Philo
686 5652 755 5706 Dc
784 5653 886 5707 vita
919 5655 1141 5727 Moysis,
1174 5660 1263 5713 lib.
1300 5675 1336 5712 ι.
1622 5610 1631 5651 ἱ

1088 358 1141 411 S.
1176 349 1553 410 CLEMENTIS
1583 347 1602 399 l
1638 344 1797 400 80M.
1832 341 2027 398 ΡΟΝΤ.
2063 338 2286 395 OPERA.
2316 335 2633 391 GENUINA.

1852 461 1896 514 A
1922 454 2101 524 guine,
2133 451 2402 519 insperata
2422 446 2649 502 victoria
2688 442 2859 514 potiti
2916 439 3170 497 essent,
3215 441 3387 485 cum
3426 435 3669 524 cerne-

3530 300 3659 358 376

1924 551 2039 596 rent
2068 538 2325 608 temporis
2351 543 2569 605 puncto,
2591 533 2843 588 hostium
2870 519 3459 583 internecionem,
3494 509 3670 564 duas

1923 634 2186 692 choreas,
2238 626 2708 686 unamvirorum,
2756 622 3013 675 alteram
3098 606 3545 667 mulierum,
3598 600 3667 654 in

1924 724 2105 777 littore
2163 720 2514 774 instituunt:
2572 723 2628 769 et
2685 712 2886 781 Moyse
2955 707 3121 761 viris
3192 697 3665 770 praecinente,

1926 813 2043 880 ejus
2068 824 2255 864 sorore
2281 805 2624 867 mulieribus,
2683 797 3165 872 gratulationem
3203 788 3359 843 Deo
3399 781 3674 839 cecine-

1927 908 2050 953 runt
2071 900 2168 951 δ’.»

1999 987 2247 1041 Ultimam
2277 981 2616 1039 adnotatoris
2643 977 3109 1049 objectationem
3140 969 3233 1024 de
3264 963 3452 1021 mari
3484 960 3670 1032 Suph

1928 1082 2273 1148 attingamus.
2329 1074 2446 1129 Non
2493 1073 2708 1127 dubitat
2773 1068 3025 1122 criticus
3079 1059 3411 1127 scriptor
3470 1054 3675 1122 hujus

1930 1170 2094 1223 maris
2125 1183 2320 1221 nomen
2350 1165 2540 1219 nullibi
2569 1165 2626 1217 in
2655 1160 2852 1215 Exodo
2913 1152 3241 1210 inveniri.
3282 1147 3363 1204 Si
3401 1148 3485 1202 de
3510 1145 3675 1201 Vul-

1929 1268 2047 1331 gata
2077 1259 2323 1313 versione
2342 1257 2556 1310 locutus
2587 1254 2806 1312 fuisset,
2840 1262 3057 1303 verum
3131 1240 3433 1313 quidem
3472 1237 3678 1292 dixis-

1930 1330 2043 1415 set;
2084 1349 2129 1403 si
2175 1362 2299 1402 vero
2328 1346 2394 1401 de
2443 1351 2594 1398 textu
2654 1340 2939 1396 Hebraico
2995 1341 3114 1390 aut
3184 1330 3515 1403 Syriaco,
3586 1334 3680 1381 te-

1932 1454 2074 1494 mere
2107 1447 2253 1492 certe
2280 1437 2493 1490 locutus
2523 1443 2628 1496 est,
2659 1428 2985 1501 prazsertim
3054 1439 3233 1479 cum
3299 1425 3493 1474 esset
3532 1431 3685 1470 aca-

1931 1527 2170 1582 demicus
2199 1526 2314 1590 vir;
2370 1537 2650 1591 nunquam
2683 1519 2834 1573 enim
2883 1516 3013 1571 sive
3073 1514 3155 1566 in
3227 1506 3510 1570 Exodo,
3548 1506 3685 1560 sive

1930 1619 1983 1672 in
2006 1616 2138 1671 locis
2163 1617 2284 1669 aliis
2302 1630 2472 1669 sacrae
2495 1612 2821 1682 Scriptura‘,
2856 1605 3187 1661 Hebraice
3223 1612 3350 1655 aut
3379 1598 3683 1671 Syr-iace,

1933 1710 2051 1763 aliis
2078 1709 2256 1764 verbis
2304 1722 2454 1759 mare
2506 1704 2757 1757 Rubrum
2813 1698 3209 1767 designatur
3292 1706 3506 1763 quam
3546 1705 3685 1743 ver-

1935 1799 2017 1853 bis
2048 1797 2127 1851 Im
2154 1796 2316 1865 Suph,
2368 1810 2489 1865 qua:
2518 1792 2698 1848 reddit
2743 1788 2997 1860 Vulgata
3042 1793 3305 1840 nostra
3336 1798 3464 1852 per
3503 1780 3684 1834 Mare

1937 1892 2184 1945 Rubrum.

2005 1981 2136 2046 Quis
2183 1992 2345 2048 porro
2376 1976 2514 2030 ferat
2563 1973 2848 2028 hominem
2896 1973 3448 2040 praesumentem
3509 1964 3681 2034 loqui

1938 2073 2003 2127 de
2040 2074 2124 2127 his
2151 2088 2271 2141 quae
2296 2071 2543 2124 absolute
2573 2066 2843 2138 ignorat?

2012 2164 2245 2219 Verbum
2297 2160 2441 2228 Suph
2487 2167 2681 2229 quater
2757 2154 3075 2210 invenitur
3144 2153 3220 2206 in
3300 2160 3495 2205 textu
3562 2146 3681 2203 He-

1941 2255 2121 2310 braico
2170 2259 2224 2306 et
2274 2250 2500 2320 Syriaco
2555 2246 2750 2301 Exodi.
2797 2244 2862 2299 Si
2895 2244 3059 2298 recti
3124 2242 3401 2297 fuerint
3456 2238 3681 2293 calculi

1940 2343 2065 2405 mei,
2089 2339 2317 2396 vicesies
2345 2340 2534 2393 novies
2556 2337 2663 2390 hoc
2694 2337 2934 2391 verbum
2958 2333 3149 2402 Suph
3188 2336 3512 2387 eumdem
3541 2347 3681 2385 sen-

1942 2450 2059 2490 sum
2081 2432 2385 2501 exprimens
2408 2429 2683 2483 invenitur
2713 2429 2769 2480 in
2815 2425 3019 2480 Veteri
3060 2425 3529 2480 Testamento
3558 2422 3679 2477 ile-

1944 2525 2146 2587 braico,
2177 2532 2231 2577 et
2259 2522 2379 2591 plus
2432 2536 2593 2589 quam
2646 2518 2912 2573 tricesies
2949 2519 3013 2573 in
3096 2517 3395 2588 Syriaco
3436 2516 3678 2572 Novum

1944 2614 2343 2669 Testamentum
2376 2610 2794 2679 complectente.
2823 2605 3055 2661 Santes
3084 2607 3455 2677 Pagninus
3484 2607 3549 2659 in
3570 2621 3681 2661 sua

1946 2704 2190 2757 versione
2224 2700 2415 2753 Latina
2457 2697 2681 2753 litterali
2727 2713 2969 2766 semper
3006 2705 3399 2753 conservat
3455 2714 3677 2755 nomen

1947 2792 2293 2863 primitivum,
2322 2804 2384 2845 ac
2410 2789 2574 2843 vertit
2600 2807 2614 2842 :
2647 2785 2807 2840 Mare
2838 2786 3031 2857 Suph.

2014 2880 2343 2936 Existimavit
2369 2887 2590 2932 sanctus
2618 2876 3016 2948 IlierOnymus
3041 2879 3273 2934 verbo
3305 2878 3467 2948 sup/1
3492 2879 3677 2950 signi-

1949 2974 2094 3027 ficari
2116 2971 2348 3025 rubrum.
2374 2967 2545 3022 Graeci
2574 2968 2717 3021 idem
2743 2983 2910 3022 mare
2938 2966 3385 3038 Erythrarum
3427 2978 3674 3031 vocant,

1515 3056 1849 3132 congemis...
1875 3063 2087 3132 cquod
2115 3063 2274 3115 etiam
2297 3058 2511 3111 rubrum
2534 3064 2715 3111 sonat.
2749 3056 2866 3110 Sed
2901 3058 3187 3126 quidam
3220 3060 3336 3116 isti
3372 3060 3537 3115 mari
3562 3060 3672 3115 hoc

1948 3168 2140 3206 nomen
2170 3152 2353 3205 datum
2383 3156 2671 3201 autumant
2700 3163 2731 3201 a
2767 3163 2910 3219 rege
2950 3148 3259 3221 Erythro
3299 3153 3419 3224 qui
3452 3167 3671 3223 regna-

1949 3246 2022 3298 vit
2050 3244 2104 3296 in
2135 3242 2311 3296 insula
2341 3240 2504 3308 hujus
2533 3240 2704 3293 maris
2733 3239 3017 3295 finitima.

2018 3333 2118 3399 Qui
2147 3331 2365 3386 uberius
2385 3330 2548 3398 hujus
2565 3330 2826 3384 vocabuli
2853 3330 3427 3400 significationem
3458 3335 3674 3390 callere

1950 3424 2191 3491 cupiunt,
2216 3420 2593 3475 doctissimum
2636 3419 2845 3473 adeant
2908 3420 3248 3479 Drusium
3305 3424 3667 3498 (Comment.

1950 3513 2004 3564 in
2042 3510 2209 3566 Exod.
2236 3549 2252 3575 ,
2281 3526 2332 3564 c.
2372 3508 2484 3580 26).

2021 3601 2143 3655 Haec
2174 3612 2298 3655 sunt
2329 3600 2440 3654 fere
2468 3614 2590 3669 quae
2637 3614 2667 3651 a
2695 3600 2973 3669 pluribus
3024 3606 3240 3661 annis
3277 3608 3670 3680 scripsissem

1953 3693 2018 3746 de
2046 3693 2253 3746 duabus
2280 3692 2538 3761 Epistolis
2591 3692 2771 3745 sancti
2826 3691 3203 3753 Clementis
3243 3702 3328 3755 ad
3365 3701 3668 3771 Virgines,

1953 3783 2057 3836 nisi
2089 3784 2279 3851 partim
2310 3783 2569 3851 temporis
2603 3784 2901 3850 angustia,
2942 3789 3201 3853 partim
3233 3792 3487 3848 laboris
3535 3791 3672 3848 difﬁ-

1954 3873 2125 3926 cultas
2150 3873 2412 3926 voluntali
2438 3888 2571 3926 mea:
2594 3873 2782 3927 obices
2808 3876 3228 3943 posuiSsent.

2026 3962 2132 4016 llas
2165 3962 2432 4031 Epistolas
2471 3962 2788 4017 firmissime
2812 3968 3011 4020 credo
3043 3985 3207 4026 esse
3245 3976 3667 4043 authenticas,

1957 4054 2297 4123 quantumvis
2345 4054 2689 4108 amarissime
2724 4054 2913 4110 feram
2971 4066 3291 4122 nondum
3355 4070 3669 4142 hucusque

1956 4152 2224 4215 repertum
2252 4143 2420 4199 fuisse
2439 4143 2831 4214 primigenium
2870 4154 3170 4211 textum.
3214 4156 3290 4212 Si
3322 4161 3670 4217 inveniam;-

1958 4235 2346 4304 tandem,quod
2368 4235 2785 4292 instantissimis
2814 4244 3136 4308 precibus
3166 4265 3207 4303 a
3240 4250 3378 4307 Deo
3410 4257 3668 4324 postulo,

1961 4326 2208 4379 omnibus
2230 4325 2528 4378 innotescet
2556 4341 2720 4382 verus
2750 4332 2946 4385 sancti
3007 4342 3376 4405 pontificis
3435 4362 3668 4409 sensus,

1962 4422 2053 4488 qui
2087 4436 2180 4488 per
2204 4420 2567 4515 traductorem
2599 4422 2904 4493 Syriacum
2933 4432 3183 4492 vitiari
3215 4446 3458 4510 potuit.
3493 4445 3670 4515 Spero

1962 4521 2140 4566 tamen
2186 4511 2544 4567 traductionis
2586 4516 2721 4569 vitia
2766 4532 2800 4571 a
2846 4536 2945 4576 me
2992 4540 3150 4583 nun
3183 4535 3390 4590 modo
3425 4511 3670 4592 πιθὼν,

1963 4619 2071 4658 non
2098 4602 2282 4664 fuisse,
2316 4601 2408 4656 sed
2430 4603 2585 4658 valde
2612 4607 2937 4667 imminuta.

2036 4691 2167 4745 Mira
2193 4690 2295 4744 fuit
2326 4706 2445 4745 sors
2503 4694 2845 4763 scriptorum
2907 4711 3146 4766 sancti
3217 4714 3595 4774 Clementis.
3628 4717 3672 4771 Α

1964 4782 2122 4880 Iunio
2148 4780 2380 4880 bat-ricio
2407 4780 2712 4880 Anglicano
2742 4788 2986 4845 inventa
3030 4759 3157 4855 ee-t

1965 4870 2031 4924 ad
2054 4870 2363 4923 Corinthios
2394 4870 2635 4940 scripta;
2693 4890 2724 4928 a
2760 4877 3071 4942 Wetstino
3132 4870 3275 4949 non
3312 4870 3531 4955 minus
3568 4898 3672 4954 Ec-

1963 4961 2137 5016 clesiae
2150 4960 2401 5016 Romana:
2420 4959 2638 5018 infenso
2667 4966 2912 5025 inventae
2941 4987 3115 5033 sunt
3152 4987 3376 5044 amba:
3408 4992 3670 5062 ejusdem

1966 5054 2137 5109 sancti
2158 5053 2451 5108 Clementis
2479 5054 2548 5107 ad
2572 5054 2836 5130 Virgines
2856 5063 3203 5136 Epistola.

2031 5145 2177 5200 Notae
2208 5145 2429 5199 Patricii
2485 5146 2543 5201 in
2594 5147 2910 5220 Epistolam
2979 5176 3201 5232 quam
3275 5173 3525 5233 invenit
3582 5178 3669 5232 vix

1968 5235 2314 5333 dissidentem
2345 5236 2627 5333 hominem
2656 5243 2956 5319 detegunt.
2992 5253 3492 5333 Prolegomena
3510 5268 3669 5324 Wet~

1969 5326 2366 5418 stiniLduobus
2393 5327 2532 5385 locis
2556 5339 2819 5407 exceptis
2861 5340 2925 5396 in
2955 5326 3467 5414 quibus‘odium
3496 5376 3666 5418 suum

1967 5431 2092 5517 erga
2120 5414 2417 5517 llomanam
2461 5418 2782 5484 Ecclesiarn
2812 5436 3023 5506 exerit,
3050 5447 3450 5507 testimonia
3497 5414 3665 5509 Lini-

1968 5507 2092 5561 bent
2115 5507 2444 5567 sinceritatis
2464 5526 2530 5568 ac
2556 5520 2848 5583 veritatis.
