3838 6442
206 368 304 425 ισδ

1372 367 1735 425 EPISTOLA‘Z
1776 366 2249 426 DECRETALES.

3324 367 3436 425 £66

200 482 471 548 veritatis,
501 490 704 555 peccat
740 483 795 537 in
826 481 1142 551 Christum,
1188 489 1242 538 et
1278 481 1497 539 Patrem
1527 482 1768 539 omnium
1799 484 1844 542 A
1874 490 1930 537 et
1959 500 2176 540 summo
2196 483 2380 541 studio
2410 483 2533 547 niti,
2564 490 2626 538 ut
2656 497 2852 540 omnes
2877 483 3001 539 vita
3023 482 3189 555 hujus
3211 498 3449 555 occupa-

196 576 493 631 exacerbat
541 575 742 637 Deum,
769 582 992 645 propter
1022 573 1168 644 quod
1202 582 1258 628 et
1286 575 1393 629 vita
1422 575 1653 630 carebit.
1683 572 1769 643 lp‘

195 682 313 720 sum
348 673 536 719 autem
568 664 662 734 qui
692 670 887 735 praest
916 664 1132 719 cateris
1155 704 1170 728 ,
1211 671 1426 734 oportet
1464 662 1662 718 medici
1690 663 1771 717 vi-

192 771 310 811 cem
343 771 534 826 agere,
567 765 621 810 et
650 771 755 809 non
786 756 911 810 fera
948 755 1134 810 bestia
1158 754 1341 810 furore
1362 755 1718 810 commoveri.
1746 771 1766 808 ι

193 847 316 905 Hac
346 866 415 906 eo
438 849 682 914 dicente,
713 865 810 920 ego
833 850 1129 920 procidcns
1155 850 1220 904 ad
1246 850 1410 921 pedes
1441 850 1583 920 ejus,
1614 863 1774 921 roga-

190 943 339 1006 bam,
372 958 653 997 exettsans
705 959 824 1006 me,
873 949 927 998 et
976 942 1259 998 declinans
1290 943 1554 997 honorem
1586 945 1773 998 cathe-

189 1036 322 1099 dra,
355 1035 443 1089 vel
483 1040 831 1105 potestatem.
863 1033 931 1089 At
960 1034 1049 1089 ille
1090 1034 1431 1104 respondens
1464 1054 1476 1090 :
1510 1033 1617 1089 Pro
1647 1035 1771 1104 hoc,

189 1127 374 1197 inquit
396 1166 412 1189 ,
447 1142 519 1181 ne
549 1141 635 1180 me
676 1124 977 1196 rogaveris.
1025 1124 1140 1180 Hoc
1174 1125 1320 1181 enim
1353 1125 1470 1181 ﬁeri
1507 1136 1772 1182 statutum

190 1226 272 1274 est
295 1217 457 1281 mibi,
495 1224 551 1271 et
575 1232 640 1272 eo
668 1217 865 1287 magis,
889 1216 1034 1287 quod
1067 1232 1303 1273 excusas
1328 1236 1344 1286 ;
1376 1218 1502 1289 quia
1536 1220 1650 1275 hac
1679 1235 1771 1276 ca-

190 1308 380 1365 thedra
412 1326 542 1363 eum
569 1308 659 1379 qui
688 1308 838 1378 cupit
864 1323 1004 1372 eam,
1045 1315 1098 1364 et
1127 1308 1383 1364 audacter
1408 1311 1633 1380 expetit,
1661 1327 1768 1366 non

190 1399 457 1469 requirit.
492 1398 589 1454 sed
619 1406 871 1451 ornatum
906 1398 1151 1454 moribus
1186 1407 1240 1453 et
1280 1398 1337 1453 in
1364 1400 1547 1454 verbis
1585 1399 1771 1455 erudi-

189 1498 322 1546 tum.
363 1489 524 1557 Quod
559 1490 606 1545 si
634 1497 780 1545 esset
804 1490 944 1545 alius
977 1490 1201 1555 melior,
1233 1492 1280 1547 si
1310 1492 1436 1563 quis
1469 1493 1599 1546 mihi
1631 1493 1772 1547 alius

190 1581 413 1652 adjutor
441 1592 557 1637 tam
601 1581 827 1637 sedulus
861 1582 1163 1647 astitisset,
1209 1583 1255 1637 si
1308 1583 1433 1654 quis
1465 1591 1575 1638 tam
1615 1584 1772 1654 plene

189 1673 455 1728 doctrina
486 1688 621 1730 mea
648 1674 912 1729 rationem
943 1674 1205 1745 cepisset,
1235 1674 1329 1730 sed
1357 1682 1413 1729 et
1434 1674 1772 1729 ecclesiasti-

187 1780 283 1821 cas
328 1764 729 1833 diSpositiones
770 1779 802 1818 a
839 1780 927 1819 me
967 1771 1079 1819 tam
1122 1764 1281 1835 plene
1318 1764 1636 1829 didicisset,
1673 1765 1769 1820 ha-

186 1852 322 1909 bens
344 1855 517 1909 alium
548 1855 734 1920 talem,
753 1870 862 1910 non
887 1862 944 1909 te
973 1859 1221 1926 cogerem
1248 1871 1387 1927 opus
1409 1858 1612 1912 bonum
1643 1873 1767 1914 sus-

188 1945 376 2017 cipere
414 1945 720 2002 nolentem.
760 1944 1107 2018 Superlluum
1145 1956 1230 2004 est
1259 1963 1389 2020 ergo
1428 1949 1593 2003 alium
1620 1964 1768 2020 qua-

186 2054 332 2105 rere,
360 2056 490 2096 cum
531 2041 807 2113 primitias
834 2056 1025 2097 eorum
1056 2041 1150 2113 qui
1180 2057 1248 2097 ex
1273 2043 1524 2114 gentibus
1554 2058 1653 2114 per
1681 2058 1769 2099 me

190 2132 502 2197 salvantur,
536 2141 592 2187 et
616 2133 889 2204 pracipue
919 2133 1083 2203 hujus
1108 2134 1284 2203 urbis,
1316 2143 1369 2190 te
1403 2136 1638 2207 primum
1666 2135 1769 2190 obo

186 2225 408 2280 tulerim
440 2223 577 2280 Deo.
611 2223 720 2280 Sed
749 2232 806 2282 et
846 2226 981 2282 illud
1012 2227 1253 2292 intuere,
1284 2227 1414 2299 quia
1459 2227 1505 2284 si
1555 2228 1770 2298 pericu-

187 2315 300 2370 lum
324 2314 540 2386 peccati
562 2316 764 2371 timens
783 2356 799 2382 ,
842 2316 1123 2388 suscipere
1159 2318 1365 2389 refugis
1392 2317 1648 2374 Ecclesia
1671 2336 1771 2391 gu-

187 2407 526 2476 bernacula;
572 2414 759 2463 certus
781 2416 902 2464 esto
922 2447 938 2472 ,
969 2410 1096 2479 quia
1128 2409 1364 2479 amplius
1395 2425 1594 2481 peccas
1614 2452 1630 2479 ,
1677 2412 1772 2482 qui

187 2496 455 2568 populum
485 2495 583 2552 Dei
616 2498 764 2553 velut
801 2498 857 2553 in
890 2497 1152 2555 ﬂuctibus
1178 2500 1418 2571 positum
1456 2509 1512 2555 et
1550 2501 1772 2573 pericli-

186 2597 397 2645 tantem
419 2629 437 2656 ,
488 2605 617 2645 cum
652 2591 847 2661 juvare
874 2591 1058 2663 possis
1078 2633 1092 2656 .
1123 2593 1495 2666 subterfugis;
1536 2595 1618 2650 tui
1651 2602 1776 2651 tan—

186 2680 482 2737 tummodo
510 2681 723 2738 habens
752 2684 1250 2742 considerationem
1268 2726 1284 2752 ,
1316 2694 1373 2742 et
1400 2703 1509 2743 non
1540 2687 1688 2760 quod
1718 2689 1774 2745 in

184 2787 491 2829 commune
514 2775 771 2831 omnibus
802 2776 1056 2847 expedit,
1098 2778 1417 2849 providens.
1448 2780 1558 2837 Sed
1588 2791 1776 2839 certus

184 2874 334 2931 esto,
376 2867 527 2936 quod
579 2883 811 2924 necesse
837 2877 923 2923 est
951 2876 1005 2924 te
1042 2871 1322 2942 suscipere
1351 2888 1513 2929 omne
1553 2876 1774 2946 pericu-

183 2958 347 3019 lum,
377 2959 509 3030 quia
549 2974 657 3015 nec
698 2976 799 3032 ego
846 2977 947 3033 pro
988 2963 1165 3019 salute
1205 2966 1451 3022 omnium
1491 2969 1563 3024 ab
1613 2969 1776 3026 obse-

182 3049 401 3105 crando
428 3051 686 3106 cessabo.
722 3051 938 3117 Quanto
973 3070 1103 3126 ergo
1133 3056 1270 3111 mihi
1300 3058 1464 3116 citius
1489 3060 1777 3132 acquieve-

1874 576 2055 632 tiones
2086 576 2357 646 abjicias;
2383 593 2452 633 ne
2476 576 2771 647 ﬁdejussor
2790 577 3025 639 existas,
3053 593 3124 633 ne
3150 575 3448 633 advocatus

1874 668 2049 724 litium
2076 669 2198 734 ﬁas,
2223 686 2362 725 neve
2386 670 2439 725 id
2468 670 2580 724 ulla
2605 670 2791 741 aliqua
2829 670 3189 740 occupatione
3220 685 3449 739 prorsus

1872 761 2171 818 inveniaris
2214 761 2511 817 mundialis
2558 763 2766 833 negotii
2806 762 3099 816 occasione
3136 760 3446 830 perplexus.

1870 848 2060 920 Neque
2087 850 2231 905 enim
2250 850 2491 921 judicem
2516 859 2611 906 aut
2637 852 2975 922 cognitorem
2998 849 3341 906 sacularium
3360 863 3453 903 ne-

1873 944 2147 1014 gotiorum
2180 943 2341 998 hodie
2376 950 2428 999 te
2457 942 2715 997 ordinare
2739 943 2855 996 vult
2884 940 3139 996 Christus
3167 939 3235 1007 ⁸⁶,
3268 938 3351 993 uti
3380 954 3452 993 ne
3514 968 3519 975 ~

1872 1032 2201 1102 prafocatus
2228 1032 2595 1103 praesentibus
2616 1031 2899 1086 hominum
2925 1029 3098 1097 curis,
3126 1045 3237 1084 non
3266 1028 3452 1100 possis

1873 1124 2042 1178 verbo
2080 1121 2177 1179 Dei
2218 1138 2446 1187 vacare,
2490 1130 2545 1177 et
2574 1122 2878 1177 secundum
2912 1119 3161 1176 veritatis
3204 1120 3451 1190 regulam

1873 1228 2167 1269 secernere
2206 1212 2381 1268 bonos
2408 1227 2440 1266 a
2468 1212 2649 1268 malis.
2696 1210 2804 1266 lsta
2840 1226 3077 1281 namque
3104 1225 3270 1281 opera
3288 1249 3304 1277 ,
3331 1224 3453 1284 qua

1874 1305 1972 1361 tibi
2005 1306 2187 1361 minus
2228 1319 2532 1376 congruere
2568 1304 2825 1375 superius
2863 1303 3255 1375 exposuimus,
3295 1300 3460 1358 exbiv

1872 1396 2037 1453 beant
2054 1396 2159 1453 sibi
2188 1397 2422 1453 invicem
2447 1396 2749 1463 discentes,
2766 1395 2828 1452 id
2857 1404 2943 1452 est
2958 1396 3114 1464 laici;
3137 1404 3193 1451 et
3211 1406 3262 1451 te
3287 1410 3455 1451 nemo

1873 1503 2107 1565 occupet
2126 1484 2195 1548 ab
2236 1492 2323 1549 his
2348 1492 2574 1558 studiis,
2606 1507 2707 1563 per
2740 1507 2864 1563 qua
2900 1490 3052 1547 salus
3079 1489 3338 1547 omnibus
3356 1488 3455 1544 da-

1873 1593 1984 1641 ‘lll‘.
2961 1623 2964 1627 ι
3450 1626 3455 1635 .

1945 1676 2099 1731 Sicut
2138 1677 2285 1733 enim
2316 1677 2358 1709 ⁸⁷
2394 1677 2494 1732 tibi
2524 1675 2820 1748 impietatis
2851 1674 3066 1730 crimen
3097 1680 3184 1728 est
3203 1712 3220 1737 ,
3267 1670 3453 1743 negle-

1873 1769 1978 1825 ctis
2001 1768 2156 1825 verbi
2196 1768 2294 1824 Dei
2331 1768 2531 1825 studiis
2551 1810 2567 1836 ,
2601 1766 3006 1824 sollicitudines
3036 1765 3319 1836 suscipere
3347 1778 3453 1819 sa-

1872 1862 2088 1918 culares
2120 1882 2133 1918 :
2166 1863 2243 1919 ita
2281 1871 2337 1920 et
2362 1862 2661 1934 unicuique
2696 1862 2961 1917 laieorum
2994 1869 3280 1930 peccatum
3306 1864 3395 1914 est
3416 1896 3437 1923 ,

1871 1956 1979 2013 nisi
2015 1956 2247 2012 invicem
2272 1954 2375 2010 sibi
2405 1955 2568 2011 etiam
2591 1954 2648 2010 in
2676 1952 2765 2010 his
2783 1968 2907 2024 qua
2937 1950 3006 2006 ad
3036 1949 3346 2006 communis
3373 1947 3455 2003 vi-

1871 2057 1941 2104 ta
1966 2064 2126 2103 usum
2161 2048 2441 2119 pertinent
2460 2087 2479 2113 ,
2527 2054 2751 2118 operam
2805 2044 3040 2100 ﬁdeliter
3068 2043 3341 2099 dederint.
3370 2040 3461 2102 Te

1868 2157 2004 2199 vero
2026 2156 2283 2197 securum
2331 2139 2511 2196 facere
2539 2154 2617 2194 ex.
2638 2138 2747 2204 his,
2780 2136 2987 2208 quibus
3015 2153 3124 2192 non
3152 2135 3320 2192 debes
3355 2149 3455 2188 va-

1870 2248 2001 2292 care
2023 2233 2092 2300 ⁵⁸,
2123 2247 2314 2288 omnes
2337 2230 2701 2286 communiter
2722 2218 3045 2285 elaborent;
3062 2227 3219 2295 Quod
3242 2227 3289 2283 si
3316 2225 3457 2283 forte

1872 2339 1905 2379 a
1934 2322 2245 2395 semetipsis
2277 2322 2381 2376 hoc
2404 2322 2529 2376 laici
2564 2336 2674 2375 non
2698 2321 3030 2391 intelligunt,
3061 2335 3160 2390 per
3188 2318 3455 2373 diaconos

1872 2416 2141 2474 edocendi
2163 2423 2315 2479 sunt,
2347 2423 2407 2469 ut
2437 2415 2534 2469 tibi
2564 2415 2740 2470 solius
2768 2413 3028 2469 Ecclesia
3052 2411 3456 2468 sollicitudines

1873 2508 2287 2579 derelinquant;
2331 2522 2440 2580 quo
2471 2506 2646 2579 ipsam
2668 2546 2683 2571 ,
2716 2514 2791 2562 ut.
2812 2506 3037 2578 dignum
3063 2513 3185 2570 est,
3229 2504 3457 2575 dispen-

1874 2615 2003 2657 sare
2055 2599 2330 2664 suﬂicias,
2380 2606 2438 2655 et
2487 2598 2737 2654 veritatis
2775 2598 2944 2655 verbo
2991 2596 3361 2654 abundantius
3399 2603 3456 2651 et

1877 2690 2185 2748 studiosius
2231 2688 2535 2746 deservire.
2588 2687 2648 2743 Si
2688 2687 2835 2744 enim
2885 2687 3259 2744 mundialibus
3302 2685 3455 2742 curis

1874 2782 2050 2841 fueris
2079 2787 2417 2852 occupatus,
2465 2786 2519 2834 et
2567 2779 2803 2850 teipsum
2835 2777 3078 2849 decipies
3100 2816 3114 2840 ,
3145 2784 3200 2832 et
3228 2792 3324 2832 eos
3351 2775 3447 2847 qui

1875 2884 1933 2931 te
1958 2873 2212 2930 audiunt.
2238 2871 2359 2927 Non
2390 2872 2534 2927 enim
2556 2871 2762 2942 poteris
2779 2908 2795 2936 ,
2833 2884 2956 2940 qua
2976 2868 3045 2923 ad
3074 2869 3305 2924 salutem
3328 2884 3455 2939 per-

1877 2967 2077 3031 tinent,
2104 2962 2321 3036 plenius
2353 2961 2586 3032 singulis
2630 2959 2941 3032 quibusque
2982 2958 3342 3030 distinguere.
3386 2957 3457 3012 Et

1877 3073 1945 3114 ex
1974 3072 2039 3112 eo
2070 3056 2182 3123 ﬁet,
2200 3064 2274 3117 ,ιιι
2301 3063 2355 3111 et
2379 3061 2437 3109 tu
2467 3059 2725 3123 tanquam
2776 3052 2870 3122 qui
2900 3066 3009 3106 non
3040 3050 3295 3105 docueris
3323 3065 3446 3120 qua

183 3141 298 3206 ris,
328 3149 490 3197 tanto
519 3158 610 3197 me
630 3143 793 3199 citius
829 3146 1032 3202 laboris
1050 3155 1104 3201 et
1126 3147 1363 3205 tristitia
1383 3166 1517 3207 mea
1543 3168 1781 3210 marore
1804 3157 1851 3217 (Ξ
1883 3152 1951 3208 ad
1976 3152 2208 3209 salutem
2240 3150 2528 3207 hominum
2554 3148 2829 3221 pertinent
2850 3147 3099 3218 puniaris
3122 3146 3191 3211 ⁸⁹,
3224 3156 3278 3203 et
3293 3146 3457 3202 disci-

186 3235 499 3291 reievabis.
535 3235 671 3292 Novi
711 3238 876 3293 etiam
927 3239 1052 3308 hoc,
1089 3255 1123 3295 ο
1162 3236 1451 3310 Clemens,
1502 3246 1647 3317 quod
1677 3248 1778 3303 tibi

184 3324 359 3379 taedia
408 3333 467 3381 et
513 3327 834 3392 molestias,
872 3331 1117 3401 pericula
1161 3333 1328 3407 etiam
1376 3342 1432 3390 et
1486 3338 1778 3407 opprobria

184 3417 465 3473 incruditi
495 3420 644 3491 vulgi
693 3420 1059 3495 indocilisque
1099 3406 1419 3497 conciliem;
1454 3406 1575 3500 qua
1602 3439 1662 3487 tu
1698 3440 1782 3488 ta-

179 3518 321 3561 men
348 3507 474 3562 scio
510 3507 659 3578 quod
688 3518 1009 3567 constanter
1044 3523 1100 3569 et
1131 3514 1350 3571 fortiter
1379 3514 1524 3575 feres
1544 3560 1559 3585 ,
1604 3523 1781 3593 respi-

181 3601 348 3655 ciens
378 3600 447 3653 ad
479 3600 629 3655 illam
656 3617 831 3673 spem,
858 3620 979 3674 qua
1001 3606 1097 3659 tibi
1130 3609 1273 3679 apud
1307 3608 1476 3666 Deum
1506 3615 1782 3683 patientia

180 3700 468 3763 praparat
495 3708 774 3751 coronam.
809 3694 916 3751 Sed
963 3706 1017 3752 et
1062 3698 1198 3753 illud
1239 3702 1438 3774 cupio,
1468 3710 1524 3760 te
1563 3721 1779 3763 mecum

176 3787 339 3856 justa
368 3787 592 3841 ratione
620 3789 954 3858 perspicere,
980 3790 1200 3860 quando
1226 3794 1464 3849 maxime
1495 3810 1661 3866 opera
1686 3804 1801 3855 tua

182 3881 404 3952 indiget
424 3879 707 3949 Christus,
727 3896 871 3936 nunc
892 3898 1016 3937 cum
1042 3884 1299 3941 inimicus
1326 3887 1593 3945 adversus
1615 3904 1780 3960 spons-

181 3986 312 4027 nm
336 3974 465 4042 ejus
496 3980 810 4029 commovet
832 3974 1059 4040 bellum,
1096 3986 1164 4031 an
1193 3977 1379 4035 futuro
1408 3981 1463 4035 in
1502 3989 1786 4052 tempore,

180 4064 423 4134 quando
449 4064 567 4134 jam
598 4064 855 4120 Christus
895 4074 1021 4136 post
1052 4068 1338 4125 victoriam
1385 4072 1778 4145 triumphabit,

182 4172 295 4212 nec
334 4158 490 4211 ultra
529 4157 699 4213 ullius
746 4173 911 4228 opera
956 4160 1254 4232 indigebit?
1287 4163 1421 4230 Quis
1462 4181 1571 4222 non
1614 4168 1779 4224 etiam

183 4252 353 4323 parvi
388 4267 596 4307 sensus
632 4251 934 4321 intelligat.
979 4256 1123 4325 quod
1152 4257 1295 4313 istud
1321 4266 1405 4314 est
1435 4268 1690 4331 tempus.
1726 4262 1780 4317 in

179 4360 303 4416 quo
340 4358 577 4414 operam
624 4351 773 4398 tuam
824 4346 1079 4403 Christus
1122 4351 1393 4420 requirit?
1438 4350 1574 4407 Tota
1617 4353 1783 4424 igitur

179 4446 384 4491 mente
412 4435 471 4489 in
498 4438 754 4506 prasenti
786 4438 1117 4495 necessitate
1141 4442 1320 4511 prabe
1347 4459 1568 4514 operam
1609 4456 1777 4511 tuam,

175 4534 242 4581 et
269 4526 548 4581 auxilium
580 4528 636 4582 in
668 4530 872 4599 praliis
906 4532 1102 4588 exhibe
1132 4536 1242 4605 regi
1273 4536 1501 4606 Optimo,
1532 4553 1782 4594 remune-

176 4620 450 4674 rationes
509 4617 832 4686 magniﬁcas
874 4630 997 4692 post
1040 4624 1324 4678 victoriam
1380 4625 1660 4683 reddituro
1714 4627 1781 4683 ⁸³.

177 4711 472 4766 Libenter
498 4726 630 4782 ergo
663 4714 884 4783 suscipe
913 4715 1281 4785 episcopatus
1298 4716 1553 4781 cilicium,
1578 4734 1645 4775 eo
1670 4734 1786 4773 ma—

175 4805 371 4865 xime,
400 4802 564 4873 quod
599 4803 1006 4860 ecclesiasticas
1033 4806 1429 4876 dispositiOnes
1474 4823 1505 4864 a
1545 4824 1632 4863 me
1660 4825 1787 4879 pro-

177 4895 465 4951 babiliter
506 4893 786 4959 didicisti,
837 4902 897 4950 ut
944 4897 1096 4952 salus
1138 4913 1362 4964 eorum,
1407 4900 1500 4971 qui
1546 4917 1639 4972 per
1684 4918 1787 4959 nos

172 4988 584 5059 confugerunt
624 4987 692 5042 ad
739 4986 946 5051 Deum,
992 5004 1339 5061 nequaquam
1387 4993 1626 5052 vacillet.
1680 4993 1786 5051 Ve-

173 5088 519 5135 rumtamen
559 5088 614 5134 et
648 5079 887 5134 breviter
930 5087 986 5137 te
1024 5080 1093 5137 de
1139 5082 1313 5152 ipsius
1358 5084 1786 5156 dispensationis

168 5172 400 5227 ordine
447 5185 639 5224 coram
690 5171 947 5227 omnibus
1004 5188 1351 5230 commonere
1410 5180 1784 5236 necessarium

168 5269 344 5324 duco
369 5265 439 5318 ".

263 5356 358 5412 Te
390 5356 617 5428 quidem
649 5357 695 5388 "
725 5364 939 5427 oportet
980 5358 1531 5428 irreprehensihiliter
1558 5365 1743 5423 vivere
1766 5410 1801 5435 ,_

1882 3247 1995 3318 puli
2026 3261 2122 3317 per
2144 3244 2511 3317 ignorantiam
2536 3250 2783 3315 pereant.

1951 3337 1997 3369 ⁸ο
2022 3335 2235 3391 Idcirco
2268 3341 2324 3390 tu
2356 3333 2577 3405 quidem
2602 3332 2670 3388 ad
2699 3332 2805 3387 hoc
2824 3332 3003 3388 solum
3023 3338 3239 3396 vacato,
3270 3336 3332 3385 ut
3353 3344 3453 3399 op-

1881 3436 2117 3502 portune
2147 3434 2202 3484 et
2224 3427 2346 3483 sine
2373 3424 2785 3481 intermissione
2812 3422 3014 3479 doceas
3058 3422 3282 3479 verbum
3318 3419 3458 3485 Dei,

1881 3536 1978 3592 per
2008 3517 2151 3595 quod
2174 3518 2406 3575 salutem
2440 3516 2704 3586 consequi
2734 3517 2952 3585 possint
2982 3514 3047 3570 “.
3072 3511 3155 3569 Illi
3180 3528 3310 3569 vero
3333 3529 3457 3567 cum

1880 3620 2039 3673 tanta
2062 3610 2373 3669 reverentia
2402 3616 2498 3663 tua
2522 3609 2691 3663 verba
2717 3607 3046 3679 suscipiant,
3072 3614 3331 3677 tanquam
3362 3606 3459 3676 qui

1881 3704 2063 3760 sciant
2111 3702 2351 3773 legatum
2377 3708 2431 3756 te
2460 3707 2514 3755 et
2553 3712 2862 3769 praconem
2898 3712 3023 3753 esse
3064 3697 3316 3754 veritatis
3341 3738 3354 3763 ,
3404 3706 3462 3753 et

1880 3795 2255 3867 quodcunque
2301 3807 2469 3864 super
2503 3800 2707 3847 terram
2737 3789 3030 3860 ligaveris,
3075 3804 3204 3845 esse
3232 3790 3458 3860 ligatum

1878 3898 1936 3946 et
1970 3889 2031 3945 in
2054 3888 2225 3955 calo;
2266 3893 2321 3942 et
2347 3883 2712 3956 quodcunque
2742 3882 2977 3938 solveris
3013 3896 3180 3953 super
3217 3889 3456 3948 terram,

1881 3984 2047 4039 etiam
2085 3979 2161 4036 ibi
2201 3993 2327 4035 esse
2374 3975 2701 4035 solvendum
2735 3974 2801 4031 ⁸⁸.
2836 3973 3105 4042 Quoniam
3160 3973 3378 4045 quidem
3406 3980 3487 4035 et,

1880 4082 1973 4138 tu,
2006 4078 2066 4127 ut
2104 4069 2215 4126 dixi
2241 4112 2256 4137 ,
2299 4082 2422 4140 qua
2449 4072 2689 4139 oportet,
2720 4065 2919 4136 ligabis
2940 4104 2956 4131 ,
2997 4070 3053 4119 et
3077 4079 3199 4134 qua
3229 4062 3452 4134 expedit

1881 4166 2081 4221 solves.
2107 4162 2175 4218 Et
2204 4161 2273 4216 ad
2295 4168 2350 4216 te
2372 4158 2591 4230 quidem
2624 4157 2717 4229 qui
2743 4172 2937 4227 praes,
2963 4156 3068 4212 ista
3097 4156 3207 4210 sint
3232 4154 3460 4218 monita,

1880 4268 1935 4313 et
1964 4257 2051 4314 his
2082 4255 2305 4313 similia.
2355 4251 2437 4307 Ad
2484 4251 2838 4323 presbyteros
2887 4264 3018 4305 vero
3064 4249 3174 4303 sint
3208 4248 3316 4303 ista
3361 4246 3455 4302 ":

1882 4351 2024 4405 Ante
2052 4346 2267 4409 omnia,
2301 4352 2360 4400 ut
2395 4342 2677 4416 pudicitia
2714 4340 3037 4404 studentes,
3082 4338 3462 4394 adolescentes

1887 4441 2096 4513 nuptiis
2120 4440 2351 4511 jungant
2371 4480 2387 4505 ,
2413 4450 2522 4508 quo
2557 4434 2795 4489 calorem
2830 4432 3095 4489 ferventis
3121 4433 3299 4487 atatis
3332 4446 3464 4486 con-

1882 4530 2057 4604 jugali
2106 4531 2225 4602 lege
2275 4527 2635 4600 praveniant.
2671 4523 2779 4580 Sed
2823 4540 2893 4581 ne
2929 4525 2985 4579 in
3030 4522 3465 4595 provectioribus

1887 4624 2107 4697 quidem
2137 4637 2335 4678 curam.
2358 4620 2560 4675 habere
2582 4616 2963 4687 hujuscemodi
2984 4615 3281 4688 negligant,
3312 4613 3462 4684 quia,

1886 4721 1943 4775 in
1976 4717 2186 4779 multis,
2210 4715 2371 4769 etiam
2402 4727 2526 4766 cum
2551 4711 2809 4767 senuerit.
2825 4724 3049 4779 corpus,
3073 4707 3465 4778 concupiscen-

1889 4815 1965 4868 tia
1991 4815 2139 4882 viget
2178 4809 2243 4864 “.
2277 4806 2356 4863 Ne
2397 4804 2537 4861 forte
2580 4818 2714 4875 ergo
2744 4801 3125 4857 fornicationis
3153 4800 3339 4866 labes,
3372 4815 3495 4856 οε·-

1891 4905 2114 4962 casione
2147 4909 2394 4969 accepta,
2425 4903 2688 4966 tanquam
2717 4908 2988 4950 venenum
3024 4892 3324 4964 pessimum
3348 4906 3466 4947 ser-
3494 4940 3497 4947 ,

1895 5006 1987 5069 pat
2017 4996 2072 5051 in
2102 4993 2281 5056 vobis,
2312 5005 2510 5046 cavere
2538 4997 2601 5044 et.
2617 4985 2933 5043 antevenire
2960 4983 3331 5041 necessarium
3357 4990 3465 5047 est,

1898 5105 1965 5145 ne
1995 5086 2140 5159 quod
2184 5090 2239 5142 iu
2282 5083 2451 5138 vobis.
2477 5080 2731 5136 adulterii
2775 5077 3052 5133 occultum
3101 5077 3378 5132 coalescat
3421 5076 3467 5108 ⁸³

1897 5178 2231 5235 incendium.
2264 5173 2332 5228 Et
2366 5172 2499 5244 quid
2528 5172 2585 5226 in
2615 5168 2870 5225 omnibus
2917 5168 3159 5238 peccatis
3200 5165 3468 5224 adulterio

1892 5265 2479 5344 gravius?.Secundum
2518 5278 2752 5332 namque
2775 5263 2830 5317 iu
2872 5261 2917 5292 “
2948 5261 3125 5330 panis
3154 5259 3366 5315 obtinet
3389 5261 3468 5314 lo-

1893 5379 2039 5429 cum,
2096 5360 2355 5435 quoniam
2411 5355 2629 5429 quidem
2684 5354 2920 5425 primum
2973 5352 3049 5406 illi
3100 5351 3323 5419 habent,
3370 5365 3467 5423 qut

266 5578 328 5661 '_’
379 5588 713 5661 ξςεφιιιτμε.
756 5580 909 5661 in__c.
947 5580 1091 5661 Just.
1169 5585 1225 5661 ’ξι
1257 5585 1435 5661 duxit
1484 5584 1530 5616 "
1574 5585 1638 5639 12
1670 5603 1725 5656 q.
1770 5590 1834 5653 ι,
1864 5590 1935 5646 Te
1953 5587 2184 5661 quidem.
2260 5584 2305 5616 ⁵⁸
2338 5579 2652 5661 Deest-bac
2676 5576 3036 5661 voculani‘nc
3089 5574 3233 5660 Just.
3307 5575 3371 5661 ξτ.
3399 5576 3457 5661 ῌ

287 5722 452 5774 aristi
501 5736 690 5792 papa.
733 5720 794 5792 ff
846 5720 981 5789 lvo,
1026 5722 1081 5777 in
1126 5720 1340 5781 'Decret.
1410 5725 1502 5777 lib.
1537 5742 1589 5779 ι’.

170 5668 247 5775 ἓ.
284 5651 314 5703 1
330 5691 347 5715 ,
362 5648 525 5732 .Sicut
548 5652 707 5705 enim.

220 5730 452 5774 -vartstt
501 5736 679 5775 pana.

178 5739 452 5775 rxansu
501 5739 679 5792 papa.
750 5739 794 5753 τ’
848 5739 981 5789 Ivo,
1027 5739 1081 5777 In
1132 5739 1340 5781 ticeret.
1410 5739 1502 5777 un.
1537 5742 1589 5779 ι’.

176 5792 241 5826 *³
317 5792 569 5846 calescat.
650 5791 696 5822 “
730 5790 797 5845 32
828 5801 1019 5863 quast.
1040 5794 1089 5851 7.
1124 5794 1266 5863 Quid
1293 5796 1345 5849 in
1371 5793 1632 5851 omnibus.

821 5653 869 5686 ⁵⁸
930 5656 1083 5709 ethis
1114 5654 1302 5725 quibus
1350 5652 1501 5708 debes
1550 5652 1847 5722 vacantem,
1900 5652 2040 5715 idem
2085 5658 2277 5712 codex.

846 5720 981 5779 1νο.
1026 5722 1081 5777 in
1132 5726 1340 5779 Decret.
1410 5725 1502 5777 lib.
1537 5742 1589 5779 ι’.
1697 5728 1740 5761 θ’
1782 5720 1970 5779 Matth.
2034 5745 2145 5779 xvi.
2251 5727 2270 5758 ‘

1838 5740 1970 5779 aun.
2034 5745 2145 5784 ινι.

2388 5652 2434 5683 "
2489 5652 2791 5720 deponat-is.
2870 5647 3086 5720 “idem
3134 5649 3189 5702 in
3234 5647 3464 5720 epistola

2251 5725 2296 5758 "
2334 5722 2523 5779 Const.
2555 5717 2653 5785 ’tv,
2714 5725 2797 5775 ιυ.
2913 5717 3105 5773 “Nic.
3157 5721 3195 5775 ι.
3239 5732 3325 5789 ep.
3373 5718 3476 5776 49..
