3740 6236
416 369 518 427 467

1263 362 1318 415 8.
1351 352 1735 413 CLEMENTIS
1764 352 1785 405 Ι
1823 349 1990 404 ROM.
2032 347 2229 402 PONT.
2260 341 2486 400 OPERA
2521 335 2751 391 DUBIA.

3477 331 3567 388 668

421 488 676 540 aberrant
700 496 730 537 a
757 483 898 546 Deo,
929 475 1140 535 etiamsi
1171 472 1350 529 sobrie
1381 469 1615 525 vixerint
1641 468 1705 535 ‘7.
1737 465 1964 535 Propter
1992 467 2036 522 Α
2140 461 2198 516 Si
2227 458 2320 530 qui
2347 457 2393 491 ⁷³
2421 470 2484 509 ex
2534 442 2795 515 fratribus
2836 442 3053 515 negotia
3087 441 3284 497 habent
3325 438 3452 496 inter
3481 458 3568 510 se,

422 576 566 646 quod
586 590 705 641 vos,
732 587 766 628 ο
796 567 1114 641 presbyteri,
1146 561 1440 617 Ecclesium
1463 558 1710 619 excolite,
1736 562 1789 612 et
1816 554 1959 611 ordi-

422 644 550 719 nate
580 665 628 697 “
668 670 921 733 Sponsam
958 654 1162 712 Christi
1208 651 1275 704 ad
1316 648 1652 720 pudicitiam.
1697 644 1961 714 Sponsam

426 760 605 808 autem
633 752 775 814 dico,
806 758 1015 803 omnem
1041 741 1294 796 Ecclesia
1314 736 1780 807 congregationem
1803 750 1817 799 ;
1846 745 1964 801 quae

428 841 474 897 si
511 839 705 911 pudica
734 839 949 891 inventa
994 831 1156 886 fuerit
1190 842 1221 881 a
1260 841 1459 896 sponso
1490 840 1624 888 suo,
1659 821 1964 892 ingentibus

428 930 496 984 ab
513 908 593 984 eo
618 926 773 981 donis
793 930 845 977 et
880 919 1194 976 muneribus
1231 914 1624 980 honorabitur;
1654 918 1708 967 et
1734 926 1853 976 vos,
1872 908 1977 966 vel-

424 1027 489 1072 ut
528 1016 761 1071 ministri
783 1022 1014 1083 sponsae,
1044 1017 1098 1065 ct
1125 1008 1282 1063 amici
1308 1005 1518 1077 sponsi,
1544 1004 1745 1075 ingenti
1773 1000 1967 1072 gaudio

429 1116 483 1165 et
512 1106 691 1161 lautitia
731 1100 1101 1174 perfruemini.
1148 1099 1204 1154 Si
1229 1115 1356 1155 vero
1384 1112 1580 1168 sponsa
1613 1095 1726 1149 haec
1753 1102 1967 1160 reperta

430 1198 588 1253 fuerit
616 1193 1001 1250 commaculata
1028 1191 1283 1260 peccatis,
1307 1190 1424 1259 ipsa
1446 1186 1684 1256 quidem,
1710 1190 1966 1252 tanquam

429 1286 670 1354 indigns,
700 1298 809 1337 non
834 1280 1076 1336 tradetur
1100 1276 1376 1348 regalibus
1406 1276 1448 1308 "
1477 1276 1633 1329 toris.
1661 1271 1769 1327 Vos
1790 1279 1969 1329 autem

429 1382 614 1445 ptenas
641 1371 874 1436 dabitis,
923 1369 969 1424 si
1004 1368 1143 1422 forte
1171 1381 1268 1437 per
1309 1371 1546 1419 vestram
1591 1359 1968 1431 negligentiam

429 1464 515 1520 vel
542 1462 805 1518 desidiam
852 1458 1151 1529 obrepserit
1179 1456 1431 1525 contagio
1458 1468 1598 1508 sazva
1628 1450 1855 1521 peccati.
1886 1447 1972 1503 ld-

430 1557 578 1612 circo
606 1562 727 1608 ante
748 1552 931 1606 omnia
972 1548 1283 1605 sobrietatis
1319 1553 1373 1600 et
1402 1543 1673 1614 pudicitiae
1713 1541 1974 1597 sollicitu-

430 1645 609 1701 dinem
640 1642 825 1715 gerite.
854 1640 1017 1695 Valde
1037 1628 1181 1694 enim
1212 1635 1352 1706 apud
1384 1634 1551 1690 Deum
1574 1646 1735 1702 grave
1766 1628 1972 1686 crimen

432 1738 647 1792 ducitur
682 1732 998 1797 fornicatio,
1035 1729 1192 1797 cujus
1221 1727 1429 1797 species
1458 1730 1585 1779 sunt
1613 1720 1824 1792 quidem
1852 1719 1970 1788 plu-

432 1841 544 1889 res,
568 1826 709 1879 sicut
729 1822 883 1878 vobis
917 1790 1118 1888 et'ipse'
1141 1790 1393 1873 Clemens
1418 1790 1703 1882 diligenter
1722 1817 1971 1879 exponet.
2006 1790 2045 1845 Β

434 1916 815 1971 Verumtamen
855 1911 1026 1981 prima
1077 1907 1286 1977 species
1333 1903 1582 1958 adulterii
1625 1910 1743 1966 est,
1797 1899 1974 1954 virum

434 2006 653 2077 prepria
684 2018 852 2059 uxore
878 1996 1216 2057 solummodo
1252 2004 1361 2050 non
1391 2010 1510 2050 esse
1544 1997 1855 2048 contentum
1875 2028 1890 2054 ,
1920 1995 1974 2042 et

435 2072 718 2152 mulierem
750 2106 859 2146 non
898 2088 1113 2159 proprio
1140 2094 1345 2139 tantum
1392 2094 1607 2137 servare
1645 2095 1705 2135 se
1750 2078 1887 2133 viro.
1917 2072 1973 2131 Si

436 2192 565 2251 ergo
594 2185 780 2234 castus
809 2171 971 2231 fuerit
998 2174 1141 2244 quis,
1173 2174 1352 2241 potest
1379 2177 1433 2225 et
1455 2170 1721 2223 humanus
1742 2174 1795 2222 et
1821 2166 1983 2221 miseo

437 2271 612 2325 ricors
648 2268 782 2334 ﬁeri,
812 2278 908 2335 per
937 2264 1085 2338 quod
1120 2270 1173 2317 et
1196 2263 1313 2330 ipse
1340 2268 1597 2314 aeternam
1622 2273 1655 2312 a
1680 2256 1789 2312 Deo
1813 2256 1977 2311 mise—

438 2358 726 2415 ricordiam
755 2362 1137 2424 consequatur.
1182 2352 1323 2405 Sane
1357 2350 1500 2405 sicut
1541 2347 1789 2403 adulterii
1814 2361 1978 2402 venea

438 2463 569 2501 num
605 2446 818 2502 cunctis
845 2444 1002 2498 malis
1030 2439 1385 2510 perniciosius
1417 2444 1498 2492 est
1518 2476 1534 2503 ,
1581 2438 1657 2491 ita
1689 2449 1840 2491 amor
1869 2433 1980 2488 fra~

438 2548 627 2593 tcrnus
662 2544 718 2591 et
745 2536 983 2590 Charitas
1028 2531 1194 2587 totius
1233 2529 1361 2583 boni
1403 2527 1681 2598 fastigium
1719 2532 1883 2585 tenet.
1914 2522 1982 2578 Et

440 2628 562 2686 ideo
591 2626 798 2697 diligite
825 2635 1015 2679 omnes
1040 2621 1239 2675 fratres
1268 2626 1509 2682 vestros,"
1532 2624 1585 2671 et
1611 2629 1736 2671 cum
1766 2614 1979 2685 religio-

439 2734 507 2773 ne
529 2733 592 2773 ac
612 2714 980 2771 misericordia
1013 2710 1269 2781 respicite
1306 2709 1373 2763 ad
1401 2723 1589 2763 omnes
1611 2707 1678 2761 ν’.
1713 2704 1987 2775 Orpbanis

443 2808 693 2864 exhibete
712 2804 1067 2873 vosmetipsos
1096 2807 1370 2871 parentes.
1397 2797 1593 2852 Viduis
1616 2796 1855 2851 virorum
1885 2809 1982 2849 cu-

442 2913 558 2953 ram
593 2894 885 2965 impendite
905 2932 920 2958 ,
952 2906 1075 2946 cum
1107 2890 1251 2945 omni
1273 2888 1552 2962 castitate,
1584 2900 1703 2956 quae
1730 2898 1989 2939 necessa-'

444 2989 527 3042 ria
552 2993 700 3050 sunt,
728 2984 1047 3054 prmbentes.
1078 2978 1327 3034 Iuniores
1358 2985 1539 3032 tamen
1568 2976 1759 3030 viduas
1779 2973 1985 3043 nuptiis

2065 553 2205 625 apud
2234 547 2547 619 cognitores
2578 539 2764 597 saeculi
2808 551 2921 591 non
2960 534 3295 625 iudicentur;
3337 533 3423 589 sed
3448 534 3570 603 apud

2062 623 2405 715 presbyteros
2428 632 2709 698 Ecclesiae,
2731 625 3000 699 quidquid
3043 623 3175 678 illud
3197 632 3296 686 est.
3320 623 3571 679 dirimatur

2061 711 2113 787 et
2142 730 2285 785 omni
2331 724 2494 780 modo
2521 721 2781 777 obediant
2803 715 3027 772 statutis
3051 728 3255 769 eorum.
3280 711 3441 781 Super
3473 728 3571 767 om-

2061 824 2151 877 nia
2175 826 2353 874 autem
2379 813 2659 870 avaritiam
2692 809 2896 880 fugite;
2923 821 3044 877 qua:
3064 804 3303 859 homines
3325 803 3575 859 occasione

2062 909 2343 983 praesentis
2374 905 2514 960 lucri
2543 904 2611 957 ab
2639 899 2860 956 aeternis
2899 900 3114 966 separat
3144 894 3313 948 bonis.
3339 890 3572 959 Pondera,

2065 1014 2369 1064 mensuras,
2406 1003 2663 1059 stateras,
2696 1007 2798 1063 pro
2817 989 2958 1045 locis
2982 986 3282 1057 quibusque
3308 984 3575 1054 aequissima

2065 1091 2363 1158 custodite;
2391 1086 2643 1158 deposita
2672 1080 2905 1137 ﬁdeliter
2932 1076 3223 1134 restituite.
3255 1075 3377 1140 Quae
3402 1074 3574 1138 omnia,

2064 1192 2117 1239 et
2146 1184 2192 1238 si
2222 1197 2327 1251 qua
2354 1184 2482 1235 sunt
2534 1174 2737 1231 similia
2788 1170 2877 1225 bis
2897 1208 2912 1234 ,
2954 1168 3028 1222 ita
3053 1165 3266 1221 demum
3307 1163 3512 1219 sollicite
3532 1170 3578 1219 et

2067 1273 2354 1343 diligenter
2378 1264 2675 1338 implebitis
2695 1303 2711 1329 ,
2738 1261 2788 1318 si
2828 1261 3071 1314 futurum
3102 1256 3194 1311 Dei
3214 1254 3457 1324 judicium
3482 1253 3579 1309 sine

2068 1342 2471 1419 intermissione
2519 1357 2577 1411 in
2613 1362 2804 1409 vestro
2849 1350 3018 1406 corde
3043 1346 3286 1404 volvatis.
3317 1342 3438 1410 Quis
3461 1345 3576 1398 enim

2070 1465 2293 1523 peccare
2317 1448 2537 1520 poterit,
2576 1443 2622 1499 si
2652 1455 2872 1511 semper
2902 1444 3028 1492 ante
3053 1435 3239 1489 oculos
3264 1448 3384 1488 suos
3409 1430 3490 1484 Dei
3506 1429 3579 1498 ju-

2070 1522 2269 1601 dicium
2298 1548 2462 1613 ponat
2481 1540 2505 1593 ἵ
2526 1532 2683 1603 Quod
2702 1535 2769 1603 in
2802 1532 2908 1586 ﬁne
2945 1526 3133 1585 mundi
3162 1532 3359 1581 certum
3384 1529 3458 1577 est
3489 1522 3578 1591 agi-

2072 1631 2315 1698 tandum,
2347 1637 2407 1685 ut
2436 1626 2654 1681 tandem
2683 1622 2778 1695 qui
2808 1621 2952 1676 bene
2988 1618 3047 1672 in
3092 1616 3193 1669 hac
3226 1613 3330 1668 vita
3370 1617 3580 1681 egerunt,

2075 1727 2478 1791 consequantur
2526 1716 2671 1770 bona
2716 1710 2999 1783 reposita;
3028 1712 3334 1777 peccatores
3360 1709 3514 1754 autem
3537 1706 3582 1752 ut

2071 1788 2474 1882 consequantur
2508 1811 2849 1878 praeparatas
2890 1808 2945 1855 et
2981 1794 3286 1853 reconditas
3314 1805 3507 1863 poenas,
3532 1788 3584 1842 de

2071 1904 2267 1975 quibus
2304 1902 2379 1955 ita
2406 1899 2650 1953 futurum
2677 1893 2934 1950 dubitare
2954 1887 3173 1944 omnino
3194 1899 3298 1939 non
3317 1894 3583 1953 possumus;

2071 1970 2341 2064 siquidem
2389 1989 2505 2043 bare
2549 1985 2741 2042 omnia
2774 1984 2850 2036 ita
2884 1995 3008 2037 esse
3044 1984 3269 2033 ventura
3286 1982 3434 2029 verus
3460 1970 3584 2024 nobis

2071 2060 2338 2153 Propheta
2364 2076 2634 2149 praedixit.
2658 2073 2823 2133 Unde
2859 2081 2914 2128 et
2942 2085 3062 2133 vos,
3094 2067 3187 2137 qui
3218 2064 3344 2120 estis
3368 2060 3467 2116 veri
3488 2073 3583 2129 pro-

2073 2149 2247 2240 phetm
2292 2163 2583 2233 discipuli,
2627 2158 2854 2231 abjicite
2904 2172 2936 2215 a
2975 2153 3231 2211 cordibus
3268 2149 3449 2206 vestris
3487 2156 3586 2200 ante

2074 2258 2256 2312 omnia
2274 2255 2580 2313 discordias
2598 2259 2653 2309 et
2684 2252 2997 2304 aninwrum
3020 2244 3393 2305 dissensiones,
3425 2255 3481 2295 ex
3498 2236 3587 2309 qui-

2074 2348 2179 2402 bus
2202 2358 2365 2402 omne
2381 2346 2581 2399 malum
2612 2356 2756 2412 Opus
2787 2337 3059 2410 procedit,
3080 2344 3135 2391 et
3162 2331 3513 2402 benignitatem
3538 2342 3586 2381 ac

2077 2434 2473 2505 simplicitatem
2507 2440 2619 2487 tota
2651 2436 2840 2484 mente
2863 2431 3101 2482 servate.
3134 2421 3283 2489 Quod
3308 2419 3353 2475 si
3380 2417 3496 2471 forte
3518 2415 3588 2467 ali-

2076 2525 2237 2594 cujus
2256 2526 2350 2579 εστ
2369 2523 2454 2577 vel
2489 2522 2652 2585 livor,
2687 2519 2779 2574 vel
2805 2515 3132 2582 inﬁdelitas,
3161 2513 3245 2567 vel
3279 2506 3472 2579 aliquod
3496 2520 3583 2559 ma.

2078 2617 2189 2670 lum
2233 2626 2300 2671 ex
2345 2613 2431 2668 his
2468 2626 2591 2683 quae
2635 2611 2904 2681 superius
2932 2602 3370 2664 memoravimus.
3398 2598 3585 2651 latenter

2080 2706 2392 2777 irrepserit;
2442 2720 2551 2759 non
2576 2704 2911 2767 erubescat,
2937 2698 3031 2772 qui
3073 2696 3265 2752 animae
3304 2708 3405 2749 sua:
3439 2702 3588 2746 curam

2078 2797 2233 2867 gerit,
2266 2794 2513 2850 conﬁteri
2543 2794 2658 2848 hinc
2685 2793 2818 2847 huic
2844 2792 2938 2862 qui
2974 2795 3203 2860 praeest,
3228 2791 3286 2840 ut
3310 2783 3374 2838 ab
3398 2782 3497 2851 ipso
3516 2790 3589 2849 per

2080 2890 2302 2946 verbum
2366 2887 2461 2941 Dei
2509 2888 2563 2943 et
2610 2885 2912 2941 consilium
2979 2883 3196 2939 salubre
3243 2882 3463 2939 curetur,
3509 2885 3592 2940 quo

2079 2979 2252 3049 possit
2296 2978 2503 3047 integra
2525 2976 2629 3031 ﬁde
2651 2984 2708 3031 et
2751 2974 3015 3045 operibus
3046 2972 3204 3027 bonis
3230 2982 3411 3047 ptenas
3443 2959 3593 3018 aeterni

446 3078 712 3148 copulate.
740 3075 834 3129 llis
856 3074 947 3145 qui
976 3074 1225 3143 ignorant
1252 3069 1498 3161 artiﬁcia,
1531 3066 1797 3137 exquirite
1820 3065 1983 3120 hone-
2007 3101 2053 3161 ρ
2082 3070 2224 3141 ignis
2264 3069 2521 3140 effugere,
2561 3075 2616 3123 et
2672 3066 2742 3122 ad
2765 3072 3045 3139 perpetuac
3071 3064 3193 3119 vitae
3216 3057 3420 3131 praemia
3444 3066 3593 3126 perve-

450 3178 567 3224 stas
595 3168 804 3237 aliquas
818 3165 1157 3227 occasiones,
1175 3161 1371 3232 quibus
1396 3160 1595 3215 victum
1619 3157 1991 3212 necessarium:

447 3264 687 3328 quaerant
710 3272 727 3323 ;
754 3253 1049 3309 artiﬁcibus
1078 3267 1205 3307 vero
1237 3263 1452 3319 cperam
1474 3248 1768 3325 providete,
1797 3244 1988 3299 debili-

448 3352 552 3404 bus
573 3344 1003 3402 misericordiam
1036 3341 1214 3397 facite.
1268 3338 1395 3396 Scio
1440 3344 1619 3392 autem
1659 3322 1774 3392 haec
1806 3326 1997 3390 omnia

450 3438 690 3493 facturos
716 3449 838 3502 vos,
870 3432 916 3488 si
943 3430 1260 3487 cbaritatem
1282 3444 1395 3500 prae
1423 3426 1639 3482 caeteris
1656 3433 1708 3480 et
1730 3430 1854 3479 ante
1874 3438 1990 3478 oms

450 3528 547 3583 nia
566 3528 620 3581 in
650 3532 832 3581 vestro
861 3522 1023 3579 corde
1051 3522 1247 3593 ﬁgatis.
1278 3519 1447 3588 Cujus
1475 3516 1793 3582 charitatis,
1820 3520 1874 3591 et
1901 3526 1984 3568 re-

453 3616 729 3689 cipiendae,
751 3623 803 3670 et
824 3590 1115 3679 habendae,
1138 3610 1429 3667 maximum
1453 3608 1555 3663 erit
1584 3590 1876 3660 fomentum
1896 3643 1912 3669 ,
1944 3604 1989 3658 si

453 3709 761 3778 frequenter
783 3707 923 3761 inter
944 3703 1304 3771 vosmetipsos
1329 3712 1668 3755 communem
1696 3694 1878 3750 cibum
1909 3709 1995 3749 ve-

453 3805 625 3852 strum
643 3810 992 3865 mensamque
1029 3793 1260 3856 faciatis,
1288 3798 1341 3845 et
1363 3790 1680 3858 inquantum
1702 3783 1996 3855 unusquis-

454 3905 560 3959 que
577 3888 848 3959 praevalet,
878 3886 1121 3941 crebrius
1150 3898 1314 3954 panes
1337 3897 1399 3936 ac
1422 3881 1563 3936 sales
1594 3892 1723 3934 suos
1748 3892 1871 3930 cum
1892 3876 1997 3929 fra-

455 3981 630 4034 tribus
658 3979 772 4034 suis
802 3984 999 4033 sumat.
1028 3972 1133 4031 Per
1160 3976 1274 4029 haec
1299 3973 1441 4029 enim
1468 3970 1734 4041 praecipue
1760 3965 1995 4022 charitas

457 4075 831 4137 comparatur,
888 4073 942 4120 et
982 4079 1146 4120 causa
1199 4064 1365 4117 totius
1408 4060 1535 4115 boni
1579 4059 1633 4114 in
1687 4052 1995 4126 hujusmodi

458 4157 837 4212 communione
871 4155 1141 4210 consiStit.
1168 4153 1268 4208 Ubi
1292 4160 1471 4206 autem
1511 4163 1615 4219 pax
1653 4154 1706 4202 et
1744 4145 2007 4215 bonitas,

461 4248 536 4302 ibi
563 4253 616 4303 et
649 4246 816 4301 salus.
865 4245 1090 4314 Propter
1131 4242 1275 4313 quod
1305 4254 1618 4296 communes
1656 4236 1818 4291 facite
1846 4234 1995 4288 cibos

460 4344 674 4393 vestros
700 4349 823 4389 cum
850 4334 936 4389 his
962 4334 1054 4405 qui
1087 4332 1383 4388 secundum
1414 4329 1577 4385 Deum
1604 4327 1796 4381 fratres
1829 4331 1992 4388 sunt,

2082 3172 2220 3212 mre.

2110 3238 2113 3240 ’
2152 3245 2376 3317 Diacom
2409 3232 2538 3301 vero
2564 3244 2836 3301 Ecclesiae
2857 3238 2935 3311 ’⁸,
2960 3252 3221 3314 tanquam
3246 3237 3382 3318 oculi
3400 3235 3493 3290 sint
3509 3231 3596 3301 epi«

2084 3338 2233 3409 accpi
2256 3338 2577 3392 oberrantes
2603 3331 2678 3401 ",
2712 3344 2769 3391 et
2794 3333 3317 3395 cireumlu‘strantes
3351 3340 3460 3383 cum
3479 3336 3596 3378 vere-

2086 3425 2283 3480 cundia
2312 3432 2468 3480 actus
2489 3424 2667 3480 totius
2697 3421 2993 3489 Ecclesiae,
3024 3432 3080 3479 et
3108 3422 3483 3494 perscrutantes
3504 3410 3597 3466 dili-

2087 3515 2299 3586 gentius
2321 3554 2336 3579 ,
2371 3514 2417 3569 si
2453 3528 2618 3584 quem
2657 3510 2889 3569 videant
2916 3513 3158 3569 vicinum
3187 3510 3299 3566 fieri
3324 3501 3593 3579 pmcipitio,

2087 3613 2140 3660 et
2169 3605 2473 3675 proximum
2497 3619 2620 3660 esse
2644 3611 2902 3674 peccato,
2935 3610 2998 3658 ut
3042 3601 3280 3659 referant
3308 3599 3414 3654 bac
3434 3593 3491 3649 ad
3507 3590 3595 3662 epi-

2089 3710 2333 3765 scopum,
2365 3701 2418 3749 et
2439 3694 2783 3748 commoneri
2813 3695 2883 3749 ab
2906 3710 2973 3750 eo
3003 3693 3179 3763 possit
3209 3691 3254 3747 is
3274 3688 3361 3761 qui
3387 3687 3437 3742 in
3456 3679 3598 3760 praci-

2089 3785 2278 3856 Ρίῑίυιη
2304 3784 2557 3853 Ῐθυευΐιιε
2584 3791 2673 3839 εει
2697 3824 2714 3849 9
2754 3784 2837 3845 uti
2880 3792 3194 3849 revocetur,
3218 3790 3271 3840 et
3304 3796 3405 3836 non
3428 3778 3599 3832 corruat

2089 3874 2144 3928 in
2173 3878 2471 3944 peccatum.
2494 3870 2937 3944 Negligentiores
2957 3874 3005 3905 "
3029 3888 3264 3945 quoque,
3288 3879 3433 3926 eteos
3451 3864 3599 3936 quira-

2090 3964 2204 4018 rius
2227 3962 2293 4016 ad
2324 3956 2653 4014 audiendum
2687 3961 2921 4016 verbum
2947 3960 3043 4015 Dei
3073 3960 3352 4023 accedunt,
3381 3969 3469 4010 nec
3487 3946 3601 4007 solli-

2092 4052 2196 4107 cite
2218 4051 2284 4105 ad
2313 4050 2551 4120 episcopi
2583 4057 2888 4106 traétatum
2915 4051 3268 4113 conveniunt,
3297 4045 3393 4118 ipsi
3418 4052 3602 4097 commo-

2093 4149 2257 4197 neant
2277 4148 2329 4195 et
2350 4141 2660 4195 hortentur.
2699 4140 2759 4195 Si
2791 4143 2943 4197 enim
2983 4142 3191 4198 assidui
3222 4139 3329 4196 sint
3343 4136 3407 4192 ad
3428 4131 3602 4188 audien-

2095 4233 2245 4296 dum,
2274 4246 2382 4284 non
2417 4232 2593 4284 solum
2624 4231 2753 4286 vitae
2777 4240 3001 4287 aeternae
3036 4249 3104 4286 ex
3141 4228 3340 4287 salubri
3361 4219 3601 4281 commoui-

2097 4324 2239 4377 tione
2261 4320 2479 4389 capiunt
2517 4319 2697 4387 lucra,
2720 4337 2918 4377 verum
2941 4329 2997 4377 et
3040 4333 3368 4393 quaecunque
3404 4315 3492 4368 illa:
3510 4310 3602 4364 sunt

461 4425 590 4497 quia
624 4439 721 4495 per
750 4424 863 4479 haec
886 4423 1199 4493 temporalia
1227 4420 1419 4483 ofﬁcia,
1450 4420 1599 4488 pacis
1627 4426 1679 4473 et
1720 4415 2000 4470 charitatis
2030 4424 2070 4477 ο
2098 4413 2330 4469 tristitia:
2356 4412 2438 4465 vel
2477 4427 2770 4478 mmrores,
2804 4430 2930 4485 quae
2951 4416 2997 4446 ⁷⁷
3027 4430 3095 4469 ex
3124 4410 3395 4484 praesentis
3413 4406 3515 4461 vita:
3535 4413 3601 4453 ne-

464 4516 732 4571 fructibus
759 4511 954 4584 gaudia
982 4520 1179 4566 aeterna
1219 4508 1554 4563 merebimini
1586 4503 1653 4560 ".
1704 4505 1870 4559 Multo
1900 4519 1998 4558 au-

465 4615 573 4661 tem
598 4605 883 4661 sollicitius
913 4601 1214 4658 esurientes
1241 4597 1462 4661 reﬁcite,
1493 4603 1546 4651 et
1578 4595 1883 4649 sitientibus
1904 4609 2000 4663 po-

467 4704 579 4749 tum
610 4696 754 4759 date,
788 4694 949 4749 nudis
977 4693 1391 4753 vestimentum;
1438 4700 1607 4756 aegros
1652 4672 1911 4746 visitate;
1947 4693 1999 4738 et

470 4797 565 4836 eos
592 4783 682 4852 qui
702 4784 757 4837 in
787 4797 1007 4837 carcere
1034 4787 1178 4843 sunt,
1205 4784 1363 4848 prout
1391 4774 1644 4845 possibile
1665 4781 1767 4836 est,
1786 4772 1998 4841 juvate;

472 4874 786 4942 peregrinos
814 4873 947 4929 satis
975 4879 1219 4944 prompte
1249 4869 1302 4922 in
1325 4867 1574 4921 domibus
1606 4864 1797 4918 vestris
1828 4862 2003 4918 susci-

476 4957 583 5013 nite
601 4960 670 5015 ".
688 4960 763 5014 Et
791 4975 860 5015 ne
896 4960 1078 5015 omnia
1107 4974 1251 5013 nunc
1276 4956 1584 5027 singulatim
1610 4954 1785 5008 dicam
1805 4995 1820 5019 ,
1851 4968 2009 5007 omne

477 5062 677 5104 nonum
709 5050 823 5119 ipsa
851 5066 945 5121 per
974 5066 1033 5107 se
1060 5050 1129 5121 (si
1160 5050 1217 5105 in
1244 5049 1401 5103 vobis
1438 5044 1618 5115 fuerit)
1648 5045 1887 5098 cbaritas
1914 5058 2010 5099 vos

481 5138 662 5193 facere
683 5135 927 5205 docebit,
955 5143 1098 5197 sicut
1126 5149 1179 5195 et
1206 5138 1510 5196 econtrario
1541 5151 1633 5192 eos
1658 5136 1747 5205 qui
1779 5152 1808 5188 a
1839 5135 2010 5190 salute

484 5224 643 5279 alieni
666 5233 812 5292 sunt,
836 5243 992 5285 omne
1018 5230 1216 5283 malum
1242 5227 1414 5283 facere
1438 5221 1619 5282 o'dium
1648 5223 1822 5279 docet.

551 5425 595 5457 ⁸⁷
619 5423 769 5494 Et‘in
801 5431 945 5484 Decr.
972 5429 1091 5494 ivo,
1128 5432 1222 5485 lib.
1272 5448 1368 5484 vn.
1443 5432 1487 5464 ⁸⁸
1526 5428 1796 5483 adornata.
1871 5427 1915 5459 "
1962 5425 2263 5479 extrudemr
2299 5442 2329 5494 ᾳ
2378 5423 2662 5493 regalibus.

1779 5496 1826 5527 ⁷³
1865 5494 2149 5560 “quaest.
2194 5494 2249 5553 l,
2289 5492 2459 5563 Siqui
2500 5503 2598 5547 est.

1261 5569 1307 5598 ⁷⁸
1335 5567 1432 5618 his.
1454 5565 1881 5634 Negtigentiores.
1911 5572 1964 5615 et
1997 5564 2065 5613 ita
2102 5577 2333 5634 semper.

490 5632 539 5704 ⁷]
563 5631 658 5704 liis.
689 5635 1353 5704 quwcunqtte‘sefmonibus
1397 5630 1553 5687 δαίς.⁷
1597 5630 1641 5664 τ’
1668 5633 1769 5704 ΔΜδ.
1824 5630 2308 5704 rilwhwtfruitate,
2358 5631 2637 5704 doctrina,
2680 5630 2797 5689 'etc.

487 5507 573 5565 ep.
599 5493 635 5545 2
673 5491 979 5565 S.E_vartsti
1006 5491 1172 5565 papze.
1243 5503 1288 5532 τ’
1320 5493 1504 5549 Matth.
1552 5514 1676 5550 xxv.

490 5564 602 5616 sim.
702 5564 747 5596 "
778 5563 961 5618 Const.
986 5563 1044 5628 ti,
1068 5563 1153 5620 Η.

2102 4502 2443 4561 cessitatibus
2469 4509 2521 4555 et
2551 4502 2809 4560 cladibus
2831 4515 3138 4575 temporum
3175 4502 3407 4563 veniunt,
3432 4501 3603 4566 quaeque

2103 4595 2365 4649 malorum
2396 4593 2750 4650 sermonibus
2792 4594 2841 4626 ’³
2870 4597 2928 4649 in
2962 4594 3131 4650 corde
3168 4607 3267 4650 suo
3308 4591 3437 4646 velut
3469 4580 3602 4653 iacula

2103 4685 2273 4739 deﬁxa
2320 4682 2757 4749 circumferunt,
2813 4685 3154 4755 abjiciuntur
3188 4683 3362 4739 omnia
3400 4672 3603 4748 praedica-

2102 4776 2247 4828 tione
2269 4772 2529 4838 veritatis,
2559 4782 2614 4827 et
2643 4776 2769 4829 vitae
2784 4787 3006 4833 aeternae
3025 4776 3272 4833 doctrina
3299 4774 3362 4835 ”,
3396 4778 3441 4825 et
3474 4759 3603 4821 erudi-

2104 4866 2247 4918 tione
2280 4869 2524 4931 purgata.
2563 4863 2831 4934 Alioquin
2865 4867 2912 4923 si
2940 4869 3118 4939 multo
3144 4874 3379 4935 tempore
3414 4855 3603 4939 auditum

2106 4950 2426 5006 subtraham
2448 4964 2477 5002 a
2502 4948 2675 5005 verbo
2694 4952 2816 5020 Dei,
2850 4962 2907 5011 et
2939 4938 3258 5011 remaneant
3284 4952 3326 4984 ⁸⁸
3355 4952 3403 5004 in
3430 4945 3550 5000 cultu
3573 4937 3601 4968 "

2104 5041 2379 5101 vitiorum,
2404 5039 2522 5093 sine
2549 5039 2724 5097 dubio
2748 5044 2929 5113 spinis
2956 5053 3121 5101 erunt
3147 5059 3210 5099 ac
3236 5044 3281 5075 ⁸³
3302 5037 3517 5097 sentibus
3539 5042 3605 5082 oc-

2103 5130 2304 5199 cupati.
2332 5128 2396 5181 Et
2424 5129 2552 5197 quid
2579 5130 2755 5196 aliud,
2788 5134 2902 5188 nisi
2932 5134 2999 5189 ad
3034 5136 3210 5204 ignem
3245 5130 3362 5186 talis
3379 5129 3476 5180 bare
3500 5130 3603 5173 tem

2105 5220 2530 5291 praeparabitur?
2551 5219 2627 5276 De
2660 5222 2754 5279 bis
2771 5239 2938 5295 ergo,
2962 5232 3024 5279 ut
3055 5203 3313 5286 diximus,
3341 5209 3552 5272 diaconis
3573 5203 3625 5233 δν

2741 5426 2790 5459 ’⁸
2811 5427 3048 5484 Coustit.
3108 5445 3174 5485 tv.
3206 5427 3259 5481 Ξ.
3326 5422 3369 5456 ’⁸
3420 5417 3527 5485 "01“
3558 5421 3601 5485 ,³η

2711 5496 2761 5529 ⁷⁵
3108 5476 3439 5562 δὸίῖὶῑαεοηί
3470 5476 3603 5562 Ετίίῗ

2440 5563 2485 5594 ⁷⁷
2522 5563 2621 5619 MS-
2666 5567 2781 5633 qui.
2837 5575 2892 5622 et
2918 5578 2985 5621 ex
3019 5558 3483 5633 recentiurimtanu

2910 5620 2963 5669 ⁸⁰ί
3007 5620 3193 5688 inculti
3240 5626 3494 5683 vitiorum,
3523 5620 3597 5670 etc.

500 5699 543 5732 "
575 5700 672 5758 Is.
700 5698 741 5755 ἀ
774 5698 935 5755 cultu.
1008 5702 1052 5735 "
1074 5702 1233 5757 Dcum
1267 5704 1570 5771 amiseram,
1598 5702 1758 5772 spinis
1794 5717 1871 5754 ac.
1947 5699 1991 5730 ⁸³
2024 5698 2120 5753 Ms.
2154 5698 2379 5757 diaconi.
