3740 6286
1460 340 1793 397 ΕΡΙΒΤΟΒᾹ

1897 334 2311 395 ECRETALES.
3323 347 3432 403 [70
3475 300 3479 308 Ι

117 295 240 455 f9
1460 340 1810 397 EPISTOLE
1840 334 2311 395 DECRETALES.
3323 347 3428 403 47o

145 435 273 523 Ast
285 421 515 523 ᾠδαὶ
540 441 609 497 et
628 453 749 504 eos
772 449 894 517 qui
930 455 1257 513 mundum
1274 470 1488 513 carnem
1509 458 1790 523 mgrotant.
1821 456 1867 511 Α
1893 450 2065 505 tiones
2095 447 2223 514 ipsae
2251 442 2301 474 “
2331 435 2517 495 bonis
2530 444 2768 502 moribus
2794 454 2846 504 et
2867 446 3022 502 bonis
3053 449 3301 518 operibus
3331 455 3428 507 ad-

144 518 797 630 ‘bll'tcllbuperquiram,
832 549 901 598 es
942 547 1108 616 plebi
1140 549 1211 621 (si
1237 549 1373 604 forte
1400 518 1625 617 plebs.“
1649 546 1796 614 igno—
1888 537 2164 605 juventur.
2200 529 2308 589 Sed
2343 531 2696 630 afbenomnia
2733 551 2855 591 cum
2885 537 3062 607 quiete
3088 548 3143 596 et
3180 540 3426 606 silentio.
3462 532 3465 535 ’

198 618 282 709 isti
300 618 553 693 Micam
574 625 653 683 de
674 627 810 701 ὶὶῖει.
855 643 933 690 ut
976 646 1038 694 et
1078 618 1188 709 ipsi
1214 639 1428 694 visitent
1453 652 1567 702 eos,
1598 642 1653 691 et
1677 649 1796 704 qua:

219 719 498 795 new-533T“
515 729 682 789 εὶὶῐιὶ.
716 728 1039 795 praebeant
1068 733 1151 786 eis
1176 747 1298 787 cum
1325 729 1653 784 conscientia
1674 728 1794 795 ejus

247 819 313 894 qui
334 822 544 890 praesit.
580 815 750 883 Quod
778 818 830 851 ⁸⁵
861 827 1063 876 tamen
1093 822 1260 876 etiam
1289 820 1335 874 si
1366 820 1499 874 clam
1530 816 1791 880 fecerint,

244 929 327 968 non
354 909 679 981 peccabunt,
707 909 812 964 sed
865 920 925 967 et
954 911 1026 966 de
1056 911 1385 981 percgrinis'
1410 909 1652 963 similiter
1679 907 1795 976 epi-

241 1016 389 1071 scopo
444 1004 741 1072 suggerant
774 999 1140 1067 refovendis;
1170 1008 1222 1054 et
1248 1007 1436 1054 caatera
1463 996 1547 1052 his
1577 990 1792 1057 similia,

233 1105 348 1161 quae
384 1089 449 1143 ad
488 1090 697 1145 cultum
721 1087 991 1144 Ecclesiae
1033 1096 1090 1144 et
1130 1087 1465 1158 disciplinam
1491 1087 1609 1156 ejus
1631 1084 1795 1154 perti-

231 1191 375 1243 nent,
401 1180 654 1235 diaconis
682 1194 836 1235 cura
859 1179 974 1235 sint
1003 1179 1072 1237 ⁸⁸.
1117 1178 1222 1244 Qui
1250 1179 1602 1242 catechizant,
1634 1176 1687 1230 id
1714 1186 1797 1231 est

221 1270 314 1338 qui
344 1269 516 1323 verbo
544 1269 839 1325 instruunt
868 1268 1198 1338 incipientes
1217 1304 1233 1331 ,
1267 1267 1442 1338 primo
1473 1273 1703 1335 oportet,
1735 1273 1795 1320 ut

220 1359 321 1427 ipsi
356 1358 621 1413 instructi
648 1358 766 1412 sint
788 1375 805 1425 ;
837 1357 907 1413 de
928 1358 1109 1412 anima
1135 1359 1275 1413 enim
1300 1358 1475 1428 agitur
1494 1356 1791 1411 hominum.

212 1450 280 1503 Et
311 1457 537 1519 oportet
564 1465 697 1504 eum
725 1449 821 1519 qui
853 1449 1011 1504 docet
1038 1457 1094 1503 et
1116 1449 1338 1504 instruit
1358 1448 1564 1505 animas
1594 1449 1754 1504 rudes
1773 1480 1793 1513 ,ν

208 1557 339 1597 esse
365 1542 537 1596 talem
556 1581 577 1605 ,
610 1548 674 1595 ut
703 1555 807 1610 pro
838 1541 1058 1611 ingenio
1083 1540 1405 1598 discentium
1445 1541 1795 1611 semetipsum

205 1630 393 1699 possit
419 1637 646 1699 aptare,
669 1637 727 1685 et
754 1629 909 1684 verbi
940 1629 1183 1685 ordinem
1206 1644 1305 1698 pro
1334 1630 1597 1686 audientis
1635 1644 1794 1699 capa-

201 1725 381 1778 citate
417 1722 699 1791 dirigere.
734 1720 909 1777 Debet
933 1736 1066 1790 ergo
1093 1720 1210 1790 ipse
1241 1722 1508 1791 praecipue
1537 1722 1584 1755 ⁸²
1607 1724 1789 1793 appri-

201 1828 295 1866 me
323 1826 457 1866 esse
486 1810 757 1866 eruditus
778 1816 835 1863 et
863 1808 1058 1864 doctus
1079 1845 1096 1873 ,
1130 1808 1643 1878 irreprehensibilis,
1672 1823 1790 1863 ma-

201 1909 395 1963 turus,
426 1898 780 1968 impavidus,
820 1897 965 1954 sicut
981 1897 1085 1967 ipsi
1108 1897 1403 1966 probabitis
1422 1897 1535 1953 fore
1555 1897 1796 1955 Clemenc

198 2001 319 2043 rem
354 1989 509 2041 hunc
535 1996 670 2057 post
694 2001 806 2041 me.
843 1985 1070 2040 Multum
1096 1994 1181 2044 est
1210 1993 1410 2055 autem,
1440 1988 1491 2044 si
1514 2002 1615 2059 ego
1648 2004 1793 2046 nunc

199 2082 276 2135 de
316 2080 597 2150 singulis,
626 2094 754 2149 qua:
776 2080 1151 2151 unusquisque
1178 2079 1378 2138 habere
1412 2081 1639 2152 debeat,
1666 2097 1794 2153 pro-

199 2183 439 2237 sequar.

276 2258 697 2314 Verumtamen
724 2260 860 2314 illud
894 2269 980 2316 est
1003 2260 1149 2330 quod
1168 2276 1277 2331 pra
1300 2265 1508 2321 emeris
1526 2265 1595 2320 ab
1621 2266 1797 2320 omni.

201 2348 316 2404 bus
346 2349 512 2405 vobis
542 2350 717 2417 cupio
738 2349 794 2402 in
823 2363 1109 2403 commune
1124 2350 1346 2415 servari,
1370 2360 1429 2405 ut
1452 2352 1792 2407 concordiam

205 2438 479 2501 teneatis,
512 2454 618 2507 per
646 2438 797 2506 quod
826 2439 1003 2492 solum
1030 2438 1078 2471 ⁸⁸
1106 2439 1330 2508 potestis
1360 2449 1571 2509 portum
1594 2442 1793 2511 quietis

208 2523 451 2588 intrare,
479 2531 539 2579 et
563 2525 845 2579 civitatem
870 2526 1068 2578 summi
1093 2527 1252 2599 regis,
1277 2543 1527 2599 qumpas
1544 2531 1791 2589 nominas

210 2620 331 2676 tur,
360 2614 623 2668 habitare
651 2614 722 2669 ⁸⁸.
757 2614 1023 2670 Similis”
1058 2631 1287 2686 namque
1307 2627 1390 2674 est
1418 2628 1589 2677 status
1616 2622 1794 2676 omnis

211 2702 487 2758 Ecclesiae
536 2718 761 2773 magnae
806 2706 970 2767 navi,
1017 2721 1137 2775 quae
1158 2722 1252 2775 per
1281 2709 1544 2764 undosum
1573 2711 1793 2781 pelagus

213 2792 460 2847 diversis
480 2808 513 2846 e
548 2793 695 2847 locis
722 2799 778 2847 et
801 2793 1114 2864 regionibus
1143 2796 1288 2851 viros
1316 2804 1510 2866 portat,
1536 2799 1605 2851 ad
1631 2814 1791 2852 unam

215 2881 466 2947 potentis
492 2880 654 2949 regni
684 2880 877 2937 urbem
902 2895 1191 2950 properare
1217 2883 1515 2951 cupientes.
1553 2881 1633 2937 Sit
1664 2898 1792 2954 ergo

216 2971 380 3024 navis
403 2970 583 3038 hujus
613 2969 883 3024 Dominus
907 2970 977 3035 ",
1004 2970 1117 3040 ipse
1144 2972 1481 3040 omnipotens
1513 2974 1668 3040 Deus,
1695 2988 1793 3043 gu-

218 3060 487 3115 bernator
510 3075 651 3115 vero
681 3061 758 3113 sit
780 3058 1051 3114 Christus.
1087 3060 1219 3115 Tum
1243 3063 1436 3132 deinde
1467 3071 1693 3133 proreta:
1713 3065 1797 3119 οἵ·
1821 3068 1861 3123 ε

220 3152 411 3204 licium
464 3151 771 3219 episcopus
827 3151 1081 3219 impleat,
1131 3153 1427 3223 presbyteri
1474 3162 1794 3223 nautarum,

218 3239 444 3293 diaconi
476 3239 937 3306 dispensatorum
967 3238 1141 3291 locum
1164 3248 1377 3295 teneant
1408 3257 1422 3295 :
1456 3239 1511 3294 hi
1539 3242 1632 3310 qui
1652 3251 1811 3297 cate-L

219 3330 471 3392 chizant,
504 3328 829 3397 nautologis
873 3328 1253 3397 conferantur;
1300 3331 1528 3401 epibatis
1573 3341 1749 3388 autem
1777 3376 1791 3401 ,

221 3419 398 3474 totius
428 3418 806 3472 fraternitatis
830 3418 1116 3473 multitudo
1138 3419 1328 3475 similis
1350 3421 1453 3490 sit;
1476 3423 1648 3492 ipsum
1669 3441 1797 3495 quo.

217 3524 328 3576 que
356 3524 511 3563 mare
532 3508 630 3562 hic
662 3506 905 3562 mundus
926 3506 1186 3562 habeatur
1215 3527 1227 3563 :
1259 3516 1536 3566 ventorum
1558 3528 1682 3569 vero
1699 3531 1791 3570 va-

217 3601 450 3655 rietates
477 3606 539 3654 et
571 3597 864 3652 turbinum
885 3635 901 3663 ,
933 3596 1161 3654 diversis
1199 3602 1585 3661 tentatieuibus
1612 3607 1793 3661 confe-

218 3702 462 3747 rantur:
512 3689 967 3760 persecutiones,
1016 3689 1389 3747 tribulationes
1427 3702 1480 3749 et
1521 3698 1790 3764 pericula.

216 3780 489 3834 ﬂuctibus
530 3783 917 3846 exaequentur.
961 3774 1183 3834 Terreni
1229 3794 1356 3839 vero
1400 3782 1654 3851 spiritus,
1701 3788 1791 3855 qui

218 3870 300 3924 vel
333 3868 406 3922 de
427 3865 807 3926 tonantibus,
831 3863 919 3917 vel
937 3863 1004 3919 de
1029 3865 1362 3921 convallibus
1382 3868 1608 3937 spirant,
1634 3885 1796 3939 pseu-

214 3958 702 4028 doprophetarum
735 3961 792 4008 et
818 3953 1183 4019 seductorum,
1214 3968 1308 4011 seu
1336 3971 1512 4026 pravae
1541 3959 1795 4015 doctrinae

214 4048 391 4100 verba
425 4046 720 4099 ducantur
746 4042 796 4073 ⁸³
828 4059 842 4095 :
873 4045 1239 4111 promontoria
1266 4059 1396 4105 vero
1424 4058 1478 4101 et
1511 4047 1629 4102 loca
1660 4064 1792 4104 con-

214 4135 467 4206 fragosa,
507 4134 566 4187 hi
593 4131 696 4203 qui
728 4132 786 4185 in
816 4133 1173 4200 potestatibus
1203 4134 1386 4189 saculi
1410 4144 1536 4191 sunt
1560 4138 1790 4209 judices,

215 4238 272 4283 et
297 4226 558 4298 pericula
596 4223 884 4277 minantur
910 4231 963 4276 et
993 4231 1215 4279 mortes.
1264 4224 1564 4282 Dithalassa
1594 4230 1641 4261 "
1666 4246 1795 4286 vero

214 4319 342 4371 loca
362 4356 378 4381 ,
410 4329 544 4386 qua:
574 4311 895 4380 duplicibus
941 4312 1096 4365 unda:
1129 4311 1335 4370 fallacis
1355 4317 1575 4373 aestibus
1607 4322 1795 4376 verbe-

212 4378 449 4469 rantur:
478 4402 677 4459 dubiis
707 4407 909 4464 mente,
948 4408 1003 4455 et
1038 4400 1107 4455 de
1146 4402 1625 4483 repromissionum
1654 4410 1795 4463 veri-
1828 4378 1869 4432 θ

209 4506 333 4551 tate
361 4493 709 4550 nutantibus
730 4490 1106 4555 conferantur,
1139 4500 1301 4561 atque
1328 4493 1415 4549 his
1454 4497 1544 4563 qui
1583 4497 1796 4554 irratio-

212 4586 395 4640 nabili
421 4584 599 4639 ﬁdem
633 4590 886 4636 nostram
909 4581 1120 4635 ratione
1148 4580 1468 4640 discutiunt.
1495 4585 1796 4657 Hypocritze

209 4686 407 4731 autem
425 4683 485 4731 et
501 4673 711 4738 dolosi,
735 4671 930 4741 piratis
956 4670 1164 4726 similes
1192 4671 1506 4729 habeantur.
1531 4676 1645 4733 Jam
1669 4698 1795 4737 vero
1824 4690 1833 4705 ’

212 4767 456 4834 rapidus
490 4769 713 4826 vortex,
745 4768 800 4815 et
840 4766 1079 4815 tartarea
1105 4760 1443 4831 Charybdis,
1474 4772 1525 4818 et
1551 4771 1699 4823 saxis
1727 4771 1793 4823 il-

210 4857 326 4910 lisa
369 4853 697 4923 naufragia,
750 4864 815 4907 ac
852 4850 1144 4905 mortiferae
1181 4851 1582 4911 submersiones
1605 4896 1619 4919 ,
1668 4860 1797 4928 quid

209 4946 373 5001 aliud
427 4942 765 5002 aestimanda
828 4949 992 5004 sunt,
1067 4955 1233 5010 quam
1290 4945 1545 5009 peccata?
1602 4946 1790 5005 Restat

210 5039 437 5109 igitur,
515 5042 582 5089 ut
643 5032 764 5087 haec
815 5032 971 5086 navis
1024 5046 1190 5085 cursu
1221 5045 1476 5098 prospero
1518 5042 1630 5091 tuta
1670 5056 1795 5114 pos—

208 5131 294 5183 sit
327 5134 558 5197 portum
599 5121 925 5177 desiderata:
958 5121 1110 5175 urbis
1154 5120 1394 5180 intrare,
1430 5121 1500 5174 ita
1536 5123 1648 5181 Deo
1676 5145 1798 5198 pre-

208 5229 346 5270 cem
376 5212 620 5268 fundere
650 5209 989 5280 navigantes,
1026 5215 1085 5262 ut
1114 5213 1424 5260 mereantur
1448 5212 1648 5271 audiri.
1682 5221 1795 5272 An-

206 5304 333 5361 diri
361 5311 559 5360 autem
582 5317 615 5356 a
643 5300 758 5355 Deo
784 5300 859 5353 ita
880 5298 1095 5353 demum
1125 5293 1413 5349 merebitur
1431 5300 1572 5366 quis,
1600 5307 1649 5358 si
1674 5324 1800 5363 ora-

305 5484 358 5521 ⁸
390 5481 474 5535 Ex
504 5494 613 5535 ms.
658 5478 781 5533 dele

210 5554 267 5588 ⁸⁸
298 5566 500 5622 κρατῇ
535 5548 733 5622 sola_m.
787 5611 801 5622 _
847 5548 890 5622 ξς
919 5548 1192 5622 “edundi!

212 5623 265 5655 ιι
297 5598 743 5685 ganniebat.
781 5611 831 5685 1·
853 5609 1032 5685 ορξιδιο
1066 5621 1134 5685 .¹.¹’
1161 5598 1247 5685 δι’
1297 5604 1362 5685 .-"

831 5475 971 5552 ple!!!
1011 5540 1026 5552 _
1066 5468 1411 5552 "'D‘ist.g93,.
1430 5473 1666 5552 Qtuconi
1695 5487 1966 5548 Ecclesitt'.
2048 5495 2090 5526 ⁸⁸
2112 5495 2208 5550 Ms.
2233 5514 2359 5549 cura
2389 5508 2477 5552 ut.
2552 5500 2597 5532 ⁸⁷

847 5546 890 5615 8:
919 5537 1220 5615 ﬂedundat‘
1240 5550 1362 5615 V0!“
1390 5544 1660 5613 habitare,

1417 5626 1697 5675 tacentur.
1776 5627 1822 5657 ³³
1852 5626 1945 5681 Ms:

1891 626 2119 695 epibatze
2145 624 2220 699 (id
2249 631 2338 679 est
2371 617 2520 693 laici)
2551 624 2604 678 in
2632 625 2754 682 suis
2768 629 3135 697 unusquisque
3163 632 3430 688 resideant

1892 713 2059 778 locis,
2094 729 2162 768 ne
2194 711 2335 766 forte
2383 723 2480 778 per
2518 711 2935 782 inquietudinem
2960 754 2977 780 ,
3028 723 3083 771 et
3126 716 3433 778 inconditos

1891 800 2216 870 inutilesque
2254 800 2594 870 discursus,.
2613 802 2674 855 si.
2686 803 2888 873 passim
2917 805 3101 874 vagari
3127 810 3389 877 cmperint
3407 848 3425 870 ,

1892 890 1974 945 vel
1998 890 2064 943 ab
2091 889 2265 944 cilicio
2299 904 2401 945 suo
2437 890 2984 960 nautas-impediant,
3013 894 3094 949 vel
3116 895 3170 949 in
3199 883 3427 953 alterum

1891 980 2031 1034 latus
2079 994 2173 1048 per
2224 977 2648 1047 inquietudinem
2692 993 2880 1034 eorum
2925 981 3079 1037 navis
3110 999 3293 1053 pressa
3334 988 3428 1041 deo

1890 1076 2183 1138 mergatur.
2211 1066 2493 1138 Nautologi
2504 1070 2579 1125 de
2601 1070 2937 1125 mercedibus
2952 1070 2998 1103 "
3021 1085 3425 1140 commoneant;

1890 1164 1944 1211 et
1967 1157 2102 1212 nihil
2130 1156 2352 1212 omnino
2388 1158 2531 1226 quod
2567 1158 2635 1211 ad
2666 1157 2999 1227 diligentiam
3036 1160 3120 1217 vel
3157 1162 3221 1217 ad
3262 1164 3426 1219 disci-

1889 1246 2090 1315 plinam
2128 1246 2389 1316 pertinet,
2407 1246 2618 1302 diaconi
2647 1247 2940 1317 negligant.
2970 1245 3271 1320 Presbyteri
3319 1252 3425 1307 vel-

1864 1340 1953 1388 vut
1991 1341 2167 1388 nautae
2194 1341 2379 1404 aptent
2406 1335 2614 1406 singula
2648 1336 2714 1388 ad
2740 1336 3148 1392 insuuctiouem
3173 1336 3326 1391 navis
3346 1338 3428 1390 di-

1888 1418 2150 1491 ligenter,
2196 1428 2253 1476 et
2294 1421 2564 1476 instruant
2607 1437 2729 1493 quae
2762 1423 2819 1478 in
2843 1438 2944 1479 suo
2980 1431 3217 1495 tempore
3246 1427 3427 1494 requi-

1891 1508 2057 1563 renda
2086 1516 2234 1565 sunt.
2259 1507 2559 1579 Episcopus
2585 1517 2841 1579 tanquam
2865 1518 3115 1580 proreta,
3146 1511 3428 1582 vigilanter

1890 1604 1944 1651 et
1979 1597 2205 1652 sollicite
2250 1598 2637 1669 gubernatoris
2674 1599 2836 1654 verba
2884 1600 3151 1655 custodiat
3201 1600 3424 1657 Christi.

1893 1684 2141 1740 Salvator
2169 1686 2430 1744 Dominus
2470 1688 2801 1759 gubernator
2837 1687 3092 1745 Ecclesiae
3121 1706 3267 1755 suae,
3305 1691 3428 1745 dili-

1820 1762 1869 1823 B
1892 1781 2045 1842 gatur
2067 1775 2134 1832 ab
2160 1775 2433 1836 omnibus.
2453 1787 2506 1830 et
2533 1776 2707 1846 ipsius
2728 1776 2899 1832 salius
2915 1778 3197 1848 praeceptis
3219 1791 3284 1832 ac
3307 1778 3425 1847 jus,

1894 1862 1972 1923 sis
2009 1863 2192 1918 credat
2216 1870 2272 1919 et
2302 1863 2513 1917 obediat
2542 1862 3018 1922 omnis.Ecclesia.
3067 1864 3176 1919 Deo
3215 1880 3428 1935 quoque

1892 1949 2262 2007 indesinenter
2283 1951 2611 2020 supplicetur
2642 1967 2674 2006 a
2714 1952 2927 2007 cunctis
2960 1951 3026 2006 de
3066 1952 3419 2022 prosperitate

1893 2048 2213 2109 ventorum,
2251 2048 2309 2097 ut
2337 2041 2649 2110 navigantes
2691 2056 2905 2098 omnem
2946 2041 3346 2099 tribulationem
3376 2051 3428 2099 et

1892 2146 2051 2186 omne
2090 2131 2389 2203 periculum
2433 2139 2686 2201 superent
2706 2172 2722 2197 ,
2752 2140 3006 2202 tanquam
3036 2146 3182 2187 mare
3207 2132 3428 2202 profun-

1892 2220 2021 2276 dum
2041 2219 2225 2275 mundi
2256 2220 2414 2277 istius
2434 2229 2486 2275 et
2512 2222 2637 2275 vitae.
2666 2220 2911 2275 humanae
2930 2222 3148 2291 pelagus
3173 2222 3430 2292 navigan-

1891 2315 1994 2376 tes,
2027 2306 2085 2363 in
2111 2322 2218 2380 quo
2244 2306 2587 2363 esurientium
2616 2306 2685 2360 sit
2713 2315 2766 2362 et
2790 2307 3103 2372 sitiendum,
3132 2305 3428 2361 nuditatem

1891 2411 2101 2466 quoque
2134 2394 2434 2459 ferendam,
2469 2394 2686 2449 morbos
2715 2396 2874 2450 etiam
2913 2396 3157 2465 corporis
3194 2404 3246 2449 et
3271 2396 3427 2465 agri—

1892 2483 2106 2538 tudiues
2136 2481 2467 2537 tolerandas.
2492 2479 2714 2550 lnsupcr
2740 2490 2795 2536 et
2822 2481 3097 2536 hominum
3129 2482 3338 2539 insidiis
3364 2497 3427 2535 ac

1892 2569 2173 2639 dolosaepe
2201 2569 2577 2635 laborandum,
2614 2570 2811 2647 quippe
2836 2569 2929 2640 qui
2960 2570 3342 2641 dispergendos
3370 2584 3429 2624 se

1892 2674 2275 2728 nonnunquam
2303 2659 2570 2726 noverint,
2590 2658 2685 2715 sed
2711 2659 2999 2728 aliquando
3021 2659 3181 2714 etiam
3204 2675 3429 2729 congre—

1892 2745 2114 2817 gandos,
2146 2746 2384 2800 vomitus
2411 2759 2623 2815 quoque
2652 2752 2705 2803 et
2728 2744 3100 2815 sugillationes
3144 2742 3390 2797 ferendas
3409 2783 3424 2804 ,

1893 2848 2015 2887 cum
2043 2848 2108 2890 ex
2130 2818 2447 2889 confusione
2475 2841 2817 2903 peccatorum
2846 2840 2897 2887 et
2934 2831 3226 2901 rejectione
3252 2832 3429 2886 crimi-

1894 2938 2040 2987 num,
2064 2920 2209 2977 velut
2235 2924 2371 2978 male
2391 2922 2696 3001 cgngregati
2741 2921 2794 2976 in
2826 2922 3127 2978 visceribus
3148 2922 3284 2978 fellis
3302 2962 3315 2987 ,
3346 2923 3428 2993 ja-

1895 3019 2047 3064 ctura
2077 3007 2320 3064 facienda
2355 3016 2475 3077 est,
2516 3016 2569 3064 et
2611 3006 2910 3078 abiicienda
2953 3026 3179 3080 prorsus
3211 3027 3240 3065 e
3270 3011 3430 3065 corde

1895 3097 2071 3151 omnis
2095 3097 2423 3157 intrinsecus
2450 3112 2570 3166 quae
2616 3097 2742 3150 latet
2783 3098 3084 3152 amaritudo
3112 3098 3352 3169 peccati,
3382 3099 3430 3153 si

1894 3201 1997 3256 qua
2026 3187 2161 3241 forte
2183 3204 2247 3242 ex
2269 3187 2557 3243 desideriis
2575 3187 2793 3257 iniquis,
2824 3186 2966 3242 velut
2981 3203 3047 3242 ex
3080 3188 3212 3243 cibis
3232 3189 3429 3255 noxiis,

1893 3283 2213 3344 congregata
2246 3286 2347 3331 est.
2380 3276 2550 3341 Quam
2581 3276 2769 3346 utique
2815 3291 2937 3330 cum
2976 3279 3275 3333 evomuerit
3308 3280 3429 3349 quis

1893 3370 1944 3416 et
1979 3363 2258 3432 abjeccrit,
2289 3364 2518 3434 ingentis
2536 3364 2866 3435 aegritudinis
2890 3366 3201 3420 liberabitur
3222 3354 3435 3431 morbo,

1896 3451 1942 3504 si
1973 3462 2149 3506 tamen
2180 3462 2301 3522 post
2339 3454 2596 3507 vomitum
2618 3492 2634 3518 ,
2668 3469 2787 3523 qua:
2825 3454 2890 3507 ad
2937 3454 3219 3510 sanitatem
3267 3456 3432 3527 perti-

1896 3549 2045 3607 nent,
2078 3548 2275 3596 sumat.
2318 3540 2697 3597 Verumtamen
2745 3544 2936 3597 scitote
2971 3547 3153 3597 cuncti
3177 3543 3256 3611 ’°,
3287 3547 3429 3613 quod

1893 3642 2052 3697 supra
2101 3643 2286 3684 omnes
2331 3642 2427 3683 vos
2470 3629 2674 3685 laboret
2731 3631 3048 3701 episcopus;
3095 3631 3219 3701 quia
3263 3650 3431 3689 unus-

1892 3716 2119 3786 quisque
2148 3722 2382 3771 vestrum
2418 3734 2574 3771 suum
2603 3719 2877 3788 proprium
2906 3718 3009 3773 fcrt
3036 3719 3306 3790 laborem,
3341 3724 3431 3778 ille

1890 3821 2018 3860 vero
2049 3813 2101 3860 et
2128 3821 2284 3861 suum
2321 3814 2373 3863 et
2402 3807 2755 3877 singulorum.
2789 3809 3012 3879 Propter
3040 3810 3204 3880 quod,
3242 3827 3275 3867 o
3309 3794 3437 3869 Cle-l

1892 3910 2063 3958 mens,
2116 3902 2371 3964 tanquam
2409 3896 2501 3965 qui
2534 3897 2783 3953 omnibus
2813 3914 3041 3970 praeesse
3086 3908 3139 3956 te
3175 3904 3389 3958 noveris
3412 3945 3426 3969 ,

1892 3980 2136 4054 singulos
2159 3982 2339 4055 (prout
2383 3985 2642 4056 potueris)
2665 3986 2816 4054 juva,
2848 3995 2900 4041 et
2947 3991 3188 4059 singulos
3220 3993 3427 4060 releva,

1892 4074 1983 4141 qui
2032 4080 2086 4128 et
2140 4073 2473 4144 singulorum
2519 4089 2656 4131 onus
2678 4083 2731 4130 et
2775 4076 3193 4134 sollicitudinetn
3223 4090 3425 4152 portas.

1894 4155 2044 4217 Unde
2081 4166 2134 4214 et
2162 4175 2260 4230 ego
2290 4176 2433 4214 nunc
2463 4161 2601 4215 hanc
2629 4163 2726 4216 tibi
2757 4162 3041 4235 injungens
3075 4168 3431 4237 dispensatio‘

1892 4261 2035 4327 nem,
2063 4247 2177 4301 scio
2208 4247 2332 4317 quia
2373 4249 2582 4320 accipio
2610 4251 2836 4320 gratiam
2866 4256 3035 4323 magis
3055 4295 3068 4317 ,
3099 4273 3257 4327 quam
3293 4276 3429 4329 prte-

1894 4342 1997 4391 sto.
2031 4334 2141 4390 Sed
2175 4345 2292 4392 esto
2335 4336 2609 4392 confidens
2641 4346 2693 4393 et
2732 4340 2941 4395 fortiter
2991 4342 3203 4409 ferens;
3248 4356 3428 4403 certus

1897 4423 2021 4491 quia
2046 4422 2244 4478 laboris
2275 4425 2353 4478 tui
2379 4426 2626 4481 meritum
2654 4429 2881 4498 recipies
2900 4472 2914 4496 ,
2956 4446 3078 4487 cum
3119 4434 3185 4487 ad
3214 4444 3424 4504 portum

1897 4514 2092 4584 quietis
2153 4514 2473 4570 incolumem
2532 4517 2670 4572 hanc
2720 4523 3027 4589 provexeris
3082 4540 3290 4580 navem.
3350 4526 3427 4581 ibi

1899 4605 2173 4662 mercedes
2195 4615 2248 4662 et
2282 4609 2497 4678 praemia
2532 4626 2628 4680 pro
2657 4615 2898 4667 omnium
2929 4616 3100 4672 salute
3130 4620 3424 4689 suscipiet,

1901 4694 1948 4750 si
1976 4694 2064 4749 hic
2088 4712 2184 4765 pro
2213 4698 2449 4752 omnium
2481 4698 2850 4756 incolumitate
2896 4706 3213 4773 vigilaveris.
3246 4707 3427 4780 Itaque

1902 4784 1947 4839 si
1973 4791 2026 4839 te
2059 4786 2210 4841 multi
2230 4803 2259 4841 e
2293 4785 2547 4843 fratribus
2572 4800 2794 4859 prOpter
2816 4794 3045 4861 rigorem
3063 4796 3286 4863 justitia:
3306 4799 3429 4853 odio

1902 4872 2205 4938 habuerint,
2240 4891 2304 4929 ex
2334 4876 2432 4931 hoc
2455 4878 2667 4946 quidem
2698 4894 2805 4934 non
2842 4881 3069 4945 hederis,
3096 4886 3188 4940 sed
3222 4902 3287 4940 ex
3326 4887 3429 4942 hu-

1895 4963 2191 5031 jusccmodi
2218 4965 2356 5021 odiis
2389 4983 2538 5020 amor
2564 4967 2656 5022 tibi
2688 4972 3062 5027 conciliabitur
3081 4973 3197 5032 Dei.
3221 4961 3285 5030 Et
3308 4978 3429 5033 ideo

1901 5062 2081 5124 satage
2103 5056 2270 5125 magis
2291 5064 2344 5109 et
2366 5058 2479 5111 refu
2491 5072 2571 5127 ge,
2598 5074 2663 5112 ne
2686 5061 2918 5117 lauderis
2948 5065 3014 5118 ab
3043 5065 3264 5135 iniquis,
3286 5076 3339 5122 et
3362 5085 3430 5125 ne

1901 5158 1929 5196 a
1964 5144 2198 5212 pessime
2242 5146 2523 5214 agentibus
2557 5147 2830 5218 diligaris;
2878 5154 2973 5209 sed
3005 5156 3182 5223 potius
3211 5166 3430 5229 propter

1895 5231 2095 5299 justam
2124 5231 2578 5301 dispensationem
2610 5236 2654 5268 "
2673 5277 2687 5300 ,
2719 5247 2772 5293 et
2799 5241 3159 5310 aquissimam
3189 5249 3427 5317 regulam

1903 5319 2226 5389 disciplinae.
2274 5337 2302 5373 a
2347 5320 2564 5378 Christo
2592 5329 2882 5383 collaudari
2929 5338 3183 5390 merearis
3207 5336 3274 5392 ".
3306 5337 3427 5393 llaec

1966 5564 1997 5577 ,Δ
2048 5500 2090 5526 ⁵⁸
2112 5500 2208 5576 his.
2233 5514 2359 5549 cura
2389 5508 2499 5577 εει..
2552 5500 2687 5577 ⁸⁷-1η
2715 5519 2815 5577 ms.
2852 5505 3000 5561 abest
3027 5521 3128 5560 vox
3151 5512 3421 5577 principale.

1929 5566 2099 5641 gitur.
2132 5566 2186 5641 in
2224 5581 2322 5618 tus.
2384 5566 2443 5641 ,τε
2476 5566 2571 5641 _lvo_
2609 5570 2660 5623 in
2720 5573 2897 5625 Decret
2967 5586 3101 5641 part.
3151 5566 3245 5636 'ttt,
3295 5566 3343 5632 é.
3376 5582 3435 5637 i.

1995 5631 2311 5703 [iit/Massa.
2338 5634 2428 5703 “'f
2470 5634 2631 5703 ipsius
2704 5642 2748 5673 θ’
2783 5631 3057 5701 mercibus.
3132 5645 3178 5675 ⁹⁶
3196 5631 3425 5702 Ε’γειτὶεὶξ

210 5690 257 5744 2
297 5671 504 5759 epist.T
563 5671 748 5737 n'Ms.
774 5679 990 5747 iustitia:
1044 5671 1474 5734 dispensationem,
1560 5684 1614 5715 η
1683 5671 1793 5746 '0“

1897 5671 1953 5751 ἔξ,
1987 5671 2445 5766 ὶῖὲἷπῖῖῗῖἷῗάιδ.
