3838 6358
378 307 476 361 471

1233 300 1290 357 S.
1328 297 1720 357 CLEMENTIS
1759 301 1776 355 1
1816 297 1945 354 ΙίΟῆ

2050 299 2220 355 ῸΝΤ.
2265 297 2490 354 OPERA
2531 298 2756 356 DUBIA.
3513 305 3618 360 λῖς

379 438 505 477 cum
537 419 790 484 dixisset,
820 417 980 474 ethis
1012 415 1212 473 similia
1233 431 1394 485 quam
1428 418 1683 487 plurima,
1729 431 1946 471 rursum
1978 422 2023 477 Α
2049 414 2321 480 Clemens,
2352 429 2536 470 coram
2566 418 2820 470 omnibus
2871 415 2964 486 qui
3009 427 3308 488 praesentes
3357 427 3518 480 sunt,
3557 430 3617 473 ιιι

378 510 680 580 respiciens
711 507 778 561 ad
803 507 1084 577 populum,
1114 503 1247 558 dixit
1286 523 1298 558 :
1345 502 1448 558 Sed
1490 511 1542 557 et
1587 519 1706 570 vos,
1739 501 1951 557 charis-

377 604 502 657 sinii
532 601 732 654 fratres
768 607 822 654 et
853 596 1102 653 conservi
1135 595 1263 664 mei,
1297 595 1422 649 huic
1452 595 1544 665 qui
1574 593 1829 666 praesidet
1857 609 1951 647 vo-

377 695 462 749 bis
500 694 566 748 ad
604 693 890 748 veritatem
923 689 1224 744 docendam
1247 729 1261 752 ,
1313 689 1368 741 in
1416 688 1672 741 omnibus
1701 685 1947 749 obedite;

378 787 618 840 scientes
640 783 786 854 quod
812 781 858 836 si
883 782 1009 851 quis
1035 780 1180 832 hunc
1202 779 1628 843 contristavcrit,
1649 777 1946 840 Christum,

376 878 471 947 qui
500 876 550 932 ei
579 874 812 930 docendi
839 872 1072 927 credidit
1114 870 1454 930 cathedram.
1495 886 1602 923 non
1642 869 1853 938 recipit.
1885 866 1949 921 Et

379 967 472 1036 qui
495 966 774 1021 Christum
798 978 905 1016 non
939 961 1264 1030 susceperit,
1283 976 1382 1014 nec
1406 959 1569 1013 Deum
1594 957 1808 1013 Patrem
1827 973 1950 1013 sus-

377 1059 591 1128 cepisse
627 1055 987 1125 judicabitur,
1021 1061 1076 1107 et
1102 1053 1223 1106 ideo
1261 1068 1361 1106 nec
1394 1052 1509 1121 ipse
1539 1049 1868 1118 suscipietur
1894 1049 1946 1100 in

378 1166 546 1223 regno
568 1151 854 1206 calorum.
905 1145 1135 1215 PrOpter
1168 1142 1312 1213 quod
1357 1142 1587 1212 satagite
1636 1141 1700 1194 ad
1733 1157 1946 1195 omnem

378 1243 661 1297 collectam
691 1246 746 1293 et
765 1236 1244 1307 congregationem
1293 1246 1508 1301 semper
1543 1231 1856 1294 convenire,
1889 1236 1948 1282 ut

377 1351 486 1391 non
534 1333 683 1388 velut
730 1330 1068 1400 negligentes
1107 1333 1160 1380 et
1189 1325 1408 1380 desides
1451 1337 1478 1375 a
1509 1321 1695 1392 judice
1727 1321 1948 1376 Christo

377 1422 841 1480 condemnemini.
869 1418 1273 1474 Convenientes
1297 1429 1430 1471 vero
1456 1430 1672 1485 semper
1711 1414 1776 1468 ad
1824 1413 1949 1469 Cle-

377 1523 634 1579 mentem,
665 1514 788 1567 date
818 1526 1008 1566 omnes
1050 1524 1271 1578 operam
1311 1521 1410 1576 pro
1451 1507 1568 1575 ipso
1619 1505 1844 1568 sentire,
1894 1513 1948 1559 et

376 1621 594 1661 summo
631 1604 813 1660 studio
838 1602 1077 1656 favorem
1114 1609 1355 1654 vestrum
1387 1613 1514 1668 erga
1541 1597 1717 1666 ipsum
1762 1604 1950 1651 osten-

375 1700 507 1754 dere
526 1699 594 1762 ”,
623 1696 859 1752 scientes
883 1694 1010 1764 quia
1039 1699 1262 1762 propter
1290 1691 1533 1759 singulos
1556 1699 1818 1750 vestrum,
1845 1689 1946 1759 ipsi

2052 514 2406 578 posteaquam
2437 508 2602 577 (sicut
2629 517 2838 562 naturae
2867 510 2888 539 ⁸
2909 509 3149 564 debitum
3178 510 3285 579 est)
3325 513 3449 562 vitse
3486 527 3618 580 pra:-

2052 601 2226 654 sentis
2251 602 2408 654 finem
2439 599 2650 666 fecero,
2676 600 2696 631 ⁷
2725 597 2929 652 Jacobo
2965 599 3121 653 fratri
3142 599 3376 661 Domini,
3407 600 3633 664 descri-,

2052 701 2142 761 pta
2165 691 2419 753 breviter,
2441 691 2520 745 vel
2549 706 2670 759 qua:
2703 691 2771 744 ad
2797 691 3012 744 initium
3049 691 3169 745 fidei
3208 699 3315 744 tum
3339 700 3614 760 spectant,

2051 783 2134 837 vel
2183 783 2344 835 etiam
2375 797 2512 851 quos
2536 789 2662 836 ante
2711 781 2867 836 fidem
2917 783 3130 836 animos
3152 782 3411 852 gesseris,
3438 783 3533 837 sed
3563 791 3618 837 et

2051 874 2285 943 qualiter
2317 873 2450 926 mihi
2474 874 2541 928 ab
2594 873 2751 927 initio
2787 890 2960 942 usque
2997 872 3062 926 ad
3097 872 3254 928 finem
3286 888 3472 927 comes
3524 875 3615 926 iti-

2052 965 2197 1018 neris
2221 971 2272 1016 et
2321 972 2539 1016 actuum
2570 964 2756 1027 fueris,
2783 980 3009 1034 quaeque
3054 979 3150 1034 per
3192 965 3440 1032 singulas
3477 964 3616 1017 civi-

2049 1063 2189 1109 tates
2219 1055 2327 1124 (me
2373 1056 2708 1124 disputante)
2740 1057 3009 1110 sollicitus
3063 1055 3277 1109 auditor
3305 1056 3616 1125 exceperis,

2049 1147 2252 1216 quique
2327 1147 2381 1200 in
2443 1147 2923 1216 prmdicationibus
2988 1147 3123 1200 meis
3179 1147 3264 1199 vel
3319 1146 3616 1200 verborum

2051 1237 2217 1292 fuerit
2264 1237 2399 1291 ordo
2427 1239 2508 1291 vel
2544 1246 2806 1304 actuum;
2836 1238 2928 1292 sed
2969 1237 3062 1308 qui
3115 1253 3202 1292 me
3235 1237 3359 1291 finis
3391 1238 3444 1291 in
3511 1237 3615 1289 hac

2050 1331 2183 1384 urbe
2209 1331 2489 1399 repererit,
2528 1331 2668 1384 sicut
2704 1329 2838 1391 dixi,
2881 1331 3061 1384 omnia
3090 1345 3252 1400 quam
3287 1338 3462 1398 potes,
3488 1329 3616 1381 bre-

2051 1423 2193 1475 viter
2248 1422 2666 1491 comprehensa,
2717 1422 2783 1476 ad
2841 1423 3018 1492 ipsum
3062 1429 3115 1476 te
3171 1422 3449 1475 destinare
3507 1436 3618 1473 non

2049 1513 2247 1584 pigeat.
2315 1513 2424 1568 Nec
2496 1515 2738 1568 verearis
2795 1529 2865 1569 ne
2920 1513 3061 1568 forte
3106 1513 3335 1565 multum
3395 1511 3465 1566 de
3495 1527 3622 1564 meo

2051 1605 2198 1658 exitu
2251 1604 2663 1660 eontristandus
2731 1605 2823 1668 sit,
2854 1621 2979 1659 cum
3024 1605 3076 1659 id
3123 1620 3208 1659 me
3255 1619 3353 1674 pro
3414 1605 3620 1674 pietate

2052 1698 2323 1752 sustinere
2345 1715 2451 1752 non
2476 1698 2732 1768 ambigat.
2789 1697 2901 1752 Erit
2923 1707 3102 1752 autem
3144 1697 3193 1751 ei
3245 1696 3447 1766 grande
3473 1697 3621 1749 sola-

379 1789 553 1859 magis
584 1787 686 1844 soli
708 1785 943 1840 infestus
968 1789 1056 1837 est
1083 1783 1338 1837 inimicus
1358 1783 1446 1844 '°°,
1473 1789 1525 1834 et
1554 1781 1607 1833 in
1639 1781 1814 1850 ipsum
1834 1794 1948 1832 ma-
1976 1775 2025 1836 Β
2052 1790 2212 1851 tium,
2243 1791 2290 1844 si
2331 1790 2605 1852 didicerit,
2659 1789 2803 1859 quod
2835 1796 2956 1858 post
2981 1803 3066 1842 me
3088 1804 3195 1841 non
3224 1789 3510 1858 imperatus
3538 1788 3621 1838 vir

373 1885 496 1955 jora
529 1882 762 1938 suscitat
790 1879 952 1933 bella.

448 1976 676 2046 Oportet
709 1987 838 2042 ergo
880 1986 974 2025 vos
1013 1984 1226 2024 summo
1290 1966 1471 2023 studio
1525 1966 1650 2033 niti,
1705 1973 1763 2020 ut
1797 1965 1945 2019 omni

376 2084 505 2140 erga
543 2069 695 2122 illum
730 2063 951 2119 vinculo
981 2063 1186 2116 amoris
1233 2060 1414 2113 innexi
1454 2057 1774 2128 plenissimo
1816 2073 1946 2127 erga

377 2175 501 2216 eum
534 2155 848 2213 inluereatis
881 2153 1098 2210 affectu.
1171 2151 1276 2207 Sed
1317 2161 1373 2206 et
1419 2166 1516 2206 vos
1577 2165 1794 2220 quoque
1843 2149 1947 2219 ipsi

378 2251 667 2306 unanimes
696 2249 754 2303 in
775 2249 924 2303 omni
957 2245 1252 2301 concordia
1301 2243 1614 2314 perdurate,
1666 2257 1777 2311 quo
1810 2240 1948 2295 faci-

378 2344 486 2399 lius
517 2344 683 2399 etiam
706 2341 784 2396 illi
827 2339 1051 2394 obedire
1094 2351 1286 2392 omnes
1328 2334 1446 2404 pari
1476 2341 1532 2389 et
1578 2348 1853 2387 consensu
1892 2339 1948 2386 et

378 2435 741 2490 unanimitate
770 2431 1016 2504 possitis.
1049 2428 1281 2499 Propter
1320 2425 1466 2497 quod
1494 2433 1548 2481 et
1577 2440 1673 2480 vos
1713 2425 1946 2480 salutem

377 2526 666 2595 consequi,
692 2534 746 2580 et
775 2525 864 2578 ille
898 2522 1094 2594 possit,
1119 2518 1622 2589 obtemperantibus
1641 2517 1744 2572 sibi
1767 2517 1946 2579 vobis,

376 2617 683 2687 promptius
714 2610 1149 2681 impositioneris
1164 2606 1659 2679 pondusevehere.’
1690 2605 1945 2674 Qumdam

377 2709 543 2764 etiam
562 2723 626 2762 ex
655 2705 809 2761 vobis
832 2705 968 2774 ipsis
989 2703 1293 2772 intelligere
1324 2697 1555 2760 debetis,
1579 2700 1626 2751 si
1655 2713 1761 2768 qua
1795 2706 1944 2763 sunt,

377 2816 500 2869 quae
532 2801 647 2870 ipse
677 2806 899 2868 propter
932 2794 1159 2850 insidias
1200 2792 1478 2846 hominum
1528 2791 1796 2844 malorum
1836 2805 1946 2844 non

379 2898 560 2960 potest
603 2889 910 2947 evidentius
968 2894 1022 2942 et
1060 2883 1404 2940 manifestius
1455 2882 1726 2953 proloqui.
1784 2881 1947 2936 Verbi

381 2983 554 3055 gratia
580 3001 594 3036 :
622 2984 643 3012 ’
677 2980 736 3034 Si
758 2980 1013 3034 inimicus
1034 2984 1117 3031 est
1139 2976 1302 3030 alicui
1331 2988 1430 3043 pro
1452 2974 1664 3027 actibus
1688 2973 1823 3036 suis,
1853 2988 1948 3028 vos

381 3078 552 3132 nolite
578 3084 919 3144 exspectare,
942 3077 1001 3123 ut
1028 3069 1146 3138 ipse
1164 3067 1319 3122 vobis
1350 3067 1496 3120 dicat
1521 3085 1532 3119 :
1565 3063 1702 3120 Cum
1728 3065 1820 3117 illo
1846 3079 1946 3117 no-

382 3170 476 3223 lite
501 3166 662 3220 amici
708 3180 868 3227 esse;
931 3162 1026 3216 sed
1065 3159 1358 3229 prudenter
1387 3158 1680 3211 observare
1714 3155 1942 3218 debetis,

381 3269 435 3314 et
476 3256 738 3312 voluntati
799 3255 920 3322 ejus
952 3252 1070 3307 sine
1119 3249 1542 3304 commonitione
1573 3246 1947 3301 obsecundare

378 3361 434 3406 et
493 3361 740 3405 avertere
790 3362 890 3400 vos
925 3345 993 3399 ab
1022 3360 1087 3398 eo
1117 3343 1204 3397 cui
1255 3341 1432 3412 ipsum
1480 3341 1695 3396 sentitis
1752 3339 1948 3392 adver-

382 3459 503 3496 sum
536 3443 556 3472 ³
583 3458 598 3509 ς
630 3440 725 3495 sed
763 3454 863 3493 nec
914 3437 1061 3504 loqui
1104 3435 1210 3497 his,
1252 3433 1452 3504 quibus
1479 3433 1594 3502 ipse
1631 3447 1739 3485 non
1771 3431 1949 3501 loqui-

381 3543 492 3595 tur,
541 3543 599 3586 ut
629 3530 1006 3599 unusquisque
1041 3527 1134 3596 qui
1179 3527 1234 3580 in
1283 3526 1443 3594 culpa
1493 3531 1598 3586 est,
1649 3523 1777 3577 dum
1802 3524 1950 3592 cupit

380 3625 625 3677 omnium
653 3629 898 3675 vestrum
935 3617 1205 3671 amicitias
1233 3631 1508 3686 reparare,
1546 3614 1948 3669 festinetcitius

382 3711 730 3768 reconciliari
752 3711 824 3774 ei,
853 3713 944 3780 qui
972 3708 1231 3762 omnibus
1257 3715 1472 3776 praeest,
1503 3714 1558 3761 et
1595 3722 1690 3776 per
1712 3703 1813 3758 hoc
1832 3705 1954 3759 red-

382 3811 472 3856 eat
522 3801 588 3856 ad
631 3801 884 3859 salutem.
911 3815 1033 3854 cum
1059 3799 1284 3854 obedire
1320 3799 1549 3868 creperit
1571 3798 1791 3851 monitis
1813 3812 1950 3866 pra:-

380 3892 634 3946 sidentis.
699 3891 758 3945 Si
790 3907 923 3945 vero
968 3891 1093 3959 quis
1152 3891 1363 3944 amicus
1403 3889 1566 3944 fuerit
1623 3890 1706 3944 his
1747 3889 1950 3958 quibus

381 3985 499 4054 ipse
560 3983 772 4037 amicus
798 3998 904 4036 non
945 3989 1050 4042 est,
1082 3989 1135 4034 et
1163 3981 1379 4035 locutus
1428 3979 1592 4035 fuerit
1640 3980 1724 4033 his
1749 3980 1948 4049 quibus

381 4077 497 4144 ipse
529 4090 636 4128 non
668 4074 933 4143 loquitur,
986 4088 1129 4126 unus
1147 4082 1231 4127 est
1282 4080 1335 4126 et
1367 4071 1482 4142 ipse
1514 4087 1577 4126 ex
1602 4071 1710 4125 illis
1731 4071 1822 4140 qui
1855 4088 1949 4125 ex-

383 4167 686 4219 terminare
715 4166 902 4217 voluut
936 4163 1232 4218 Ecclesiam
1271 4162 1368 4217 Dei
1405 4179 1417 4213 :
1466 4170 1518 4217 et
1555 4179 1679 4216 cum
1720 4178 1948 4233 corpore

381 4258 662 4311 vobiscum
692 4272 814 4311 esse
845 4256 1112 4316 videatur,
1145 4264 1325 4310 mente
1347 4264 1399 4308 et
1427 4255 1610 4309 animo
1639 4265 1826 4309 contra
1851 4273 1948 4311 vos

380 4357 485 4402 est.
546 4347 611 4401 Et
662 4357 747 4401 est
793 4349 966 4401 multo
1014 4349 1245 4416 nequior
1288 4347 1464 4401 hostis
1523 4347 1634 4410 hic,
1679 4362 1840 4415 quam
1871 4349 1947 4402 illi

2050 1881 2270 1951 aliquis,
2301 1889 2394 1934 aut
2438 1881 2711 1944 indoctus,
2746 1888 2908 1949 atque
2954 1880 3211 1949 ignorans
3240 1879 3406 1932 divini
3449 1879 3598 1932 verbi

2049 1975 2370 2045 mysterium
2395 1974 2416 2004 ⁵
2449 2013 2464 2036 ,
2491 1981 2544 2028 et
2573 1972 2932 2027 ecclesiastici
2983 1970 3194 2026 ordinis
3245 1969 3616 2039 disciplinam,

2049 2067 2134 2120 vel
2177 2064 2439 2119 doctrina:
2468 2065 2708 2134 regulam
2739 2063 3014 2127 nesciens,
3065 2064 3375 2132 susceperit
3426 2064 3618 2114 catheo

2049 2156 2203 2210 dram
2233 2172 2406 2211 meam
2434 2174 2448 2220 ;
2475 2158 2579 2211 scit
2614 2156 2780 2219 enim,
2822 2155 2950 2225 quia
2968 2154 3013 2209 si
3047 2154 3300 2208 indoctus
3321 2162 3376 2207 et
3405 2153 3620 2207 inscius

2049 2251 2283 2305 officium
2313 2250 2553 2304 doctoris
2601 2248 2854 2318 accipiat,
2896 2247 3017 2301 sine
3065 2246 3232 2299 dubio
3281 2245 3534 2314 discipuli
3567 2255 3620 2298 et

2049 2342 2329 2397 auditores
2358 2340 2676 2411 ignorantiae
2705 2339 2947 2394 tenebris
2978 2336 3219 2392 obvoluti
3239 2338 3282 2398 ’,
3337 2337 3390 2390 in
3419 2336 3620 2390 interi-

2051 2443 2164 2488 tum
2195 2434 2597 2503 demergentur.
2641 2431 2795 2486 Unde
2824 2441 2878 2487 et
2894 2447 3016 2501 ego,
3044 2431 3115 2484 mi
3145 2430 3366 2484 domine
3388 2426 3619 2489 Jacobc,

2050 2542 2172 2579 cum
2201 2525 2317 2579 haec
2347 2525 2415 2578 ab
2431 2540 2496 2580 eo
2529 2531 2798 2594 prmeepta
2827 2523 3182 2591 susceperim,
3206 2536 3434 2575 necesse
3450 2519 3620 2572 habui

2055 2617 2287 2686 implere
2312 2616 2456 2685 quod
2485 2616 2747 2682 jusserat,
2780 2613 3029 2668 indicans
3060 2613 3158 2666 tibi
3183 2620 3236 2666 et
3265 2612 3332 2666 de
3355 2612 3438 2666 his
3459 2611 3617 2681 ipsis.

2050 2708 2210 2762 simul
2248 2714 2302 2760 et
2335 2706 2402 2762 de
2434 2707 2540 2760 illis
2575 2707 2811 2761 breviter
2854 2704 3344 2774 comprehenderis,
3377 2719 3501 2774 qua:
3524 2720 3624 2772 per

2050 2800 2294 2871 singulas
2325 2814 2570 2869 quasque
2607 2800 2769 2854 urbes
2789 2797 3120 2870 digrediens,
3147 2799 3311 2850 autin
3343 2795 3613 2866 praedica-

2049 2893 2216 2948 tionis
2244 2908 2496 2948 sermone
2526 2893 2846 2963 protulerit,
2880 2899 2975 2945 aut
3023 2892 3076 2944 in
3107 2900 3383 2961 gestorum
3408 2889 3620 2943 virtute

2050 2985 2358 3054 perfecerit;
2374 2986 2619 3053 quamvis
2637 2984 2732 3038 tibi
2751 2984 2816 3038 de
2837 2983 2923 3037 his
2937 2982 3169 3052 plurima
3182 2982 3293 3051 jam
3325 2989 3379 3036 et
3399 2980 3621 3050 plenius

2051 3085 2177 3131 ante
2210 3078 2501 3146 descripta,
2532 3077 2652 3147 ipso
2676 3077 2900 3145 jubente
2920 3115 2935 3140 ,
2962 3074 3382 3136 transmiserim,
3418 3073 3525 3128 sub
3553 3088 3624 3127 eo

2050 3169 2169 3239 ipso
2217 3169 2396 3233 titulo,
2454 3183 2615 3237 quem
2678 3168 2796 3238 ipse
2847 3167 3093 3238 praecipit
3139 3165 3304 3236 afligi,
3343 3166 3387 3196 ὀ
3427 3164 3479 3219 id
3533 3172 3624 3220 est

2047 3261 2341 3316 Clementis
2402 3261 2780 3323 ltinerarium,
2823 3261 2863 3292 ¹¹
2909 3275 3017 3313 non
3054 3253 3470 3311 Pmdicationis
3517 3254 3621 3311 Pe-

2048 3353 2118 3405 tti
2155 3353 2217 3406 ".

2121 3442 2226 3498 Sed
2247 3450 2302 3497 et
2319 3457 2466 3496 nunc
2492 3456 2766 3510 exponere
2787 3441 2899 3509 jam
2927 3456 3048 3511 qua:
3074 3439 3349 3510 praecepit,
3381 3438 3622 3494 Domino

2049 3551 2206 3605 opem
2237 3534 2468 3595 ferente,
2499 3534 2753 3602 incipiam
2782 3552 2794 3586 :
2838 3533 3190 3595 Pmnilemini,
3221 3532 3420 3602 inquit,
3458 3540 3510 3585 et
3539 3548 3621 3585 ee-

2049 3642 2166 3678 ram
2188 3627 2325 3695 agite
2353 3626 2706 3693 ptrnitentiam
2737 3625 2802 3678 ".
2833 3623 3038 3678 Omnes
3063 3639 3194 3693 ergo
3223 3623 3496 3686 homines,
3521 3623 3618 3692 qui

2049 3715 2365 3771 Christiano
2396 3725 2691 3771 censentur
2738 3715 3021 3778 vocabulo,
3066 3714 3282 3767 Patrem
3322 3723 3376 3767 et
3416 3712 3619 3766 Filium

2048 3816 2104 3863 et
2136 3808 2396 3878 Spiritum
2428 3817 2696 3873 sanctum,
2723 3823 2890 3861 unum
2920 3806 3085 3862 Deum
3113 3814 3167 3861 et
3197 3806 3486 3860 Dominum
3519 3822 3620 3859 ve-

2049 3902 2246 3955 raciter
2287 3901 2512 3955 credere
2541 3909 2597 3954 et
2636 3899 2907 3960 confiteri,
2931 3913 3166 3967 eumque
3195 3906 3308 3952 tota
3350 3907 3537 3952 mente
3557 3905 3618 3950 et

2047 3990 2158 4034 toto
2187 3979 2348 4035 corde
2370 3989 2424 4035 et
2455 3989 2565 4034 tota
2597 3981 2796 4036 virtute
2820 3982 3062 4051 diligere,
3088 3991 3142 4036 et
3163 3981 3446 4051 proximos
3471 3995 3609 4032 suos

2046 4083 2301 4138 tanquam
2351 4072 2698 4143 semetipsos,
2738 4071 3112 4140 docibilesque
3156 4086 3278 4126 esse
3324 4084 3500 4139 usque
3540 4069 3606 4121 ad

2046 4165 2333 4234 perfectam
2351 4165 2653 4220 doctrinam
2675 4163 2740 4218 ad
2759 4164 2872 4217 hate
2889 4162 3238 4232 perficienda,
3257 4173 3609 4229 summopere

2042 4267 2270 4327 Oportet.
2298 4257 2458 4312 Fides
2497 4257 2641 4310 enim
2679 4266 2732 4308 et
2758 4255 2993 4319 dilectio,
3025 4254 3190 4308 totius
3230 4252 3494 4307 bonitatis
3524 4259 3610 4304 est

2044 4348 2476 4403 fundamentum.
2525 4348 2652 4400 Sine
2686 4346 2790 4399 fide
2824 4354 3001 4399 autem
3045 4344 3256 4413 placere
3290 4342 3402 4397 Deo
3444 4356 3612 4395 nemo

380 4440 475 4508 qui
514 4439 649 4495 foris
678 4447 828 4502 sunt,
860 4448 914 4494 et
939 4440 1216 4494 evidenter
1241 4439 1444 4492 inimici
1486 4447 1634 4494 sunt.
1672 4438 1770 4494 llic
1802 4441 1946 4494 enim
1981 4449 2023 4501 ι)
2045 4440 2238 4509 poterit
2259 4440 2322 4493 “.
2346 4439 2563 4494 Christo
2591 4439 2768 4507 itaque
2791 4436 3162 4506 resurgente"
3193 4444 3246 4487 et
3281 4433 3611 4488 ascendente

384 4547 479 4599 per
509 4532 874 4585 amicitiarum
909 4532 1164 4601 speciem,
1188 4546 1309 4600 quae
1333 4530 1540 4585 inimici
1562 4531 1582 4562 ⁸
1607 4539 1756 4593 sunt,
1787 4532 1949 4600 gerit,

381 4633 435 4677 et
480 4624 779 4680 Ecclesiam
841 4625 1103 4694 dispergit
1151 4639 1214 4676 ac
1266 4631 1444 4676 vastat
1465 4624 1508 4677 ⁸.
1563 4624 1628 4676 Et
1671 4640 1792 4676 cum
1838 4625 1950 4678 [nec

381 4714 632 4777 dixisset,
657 4717 710 4769 in
746 4716 927 4768 medio
958 4729 1141 4767 coram
1174 4715 1428 4769 omnibus
1467 4731 1660 4770 manus
1693 4717 1819 4770 mihi
1849 4718 1949 4770 im-

382 4807 585 4874 posuit,
637 4815 688 4861 et
715 4807 766 4860 in
797 4807 1055 4860 cathedra
1087 4821 1207 4868 sua,
1253 4805 1456 4876 ingenti
1496 4808 1823 4861 verecundia
1864 4808 1939 4861 fa-

379 4897 631 4966 tigatum.
689 4899 878 4953 sedere
912 4915 995 4954 me
1037 4898 1318 4966 compulit.
1373 4896 1618 4967 Cumque
1657 4900 1942 4958 sedissem,

380 4988 494 5042 haec
554 4991 618 5044 ad
661 5007 745 5044 me
800 5006 1017 5044 rursum
1072 4991 1288 5044 locutus
1349 4999 1472 5044 est:
1505 4989 1773 5061 Deprecor
1799 5000 1872 5057 te,
1912 5009 1944 5047 0

449 5230 492 5298 ’ν
529 5229 831 5296 dependere.
911 5231 978 5261 ¹⁰⁰
1012 5231 1225 5298 infestat
1275 5231 1536 5284 inimicus.

375 5369 665 5434 prtereptis.
755 5370 774 5398 ¹
832 5371 1000 5424 Conc.
1059 5369 1300 5425 Metense
1362 5387 1491 5425 ann.
1537 5372 1661 5434 888,
1709 5389 1759 5427 c.
1804 5375 1856 5426 8.

2044 4534 2097 4587 in
2143 4533 2374 4597 coelum,
2406 4531 2576 4586 misso
2612 4538 2800 4584 sancto
2852 4528 3078 4597 Spiritu,
3109 4527 3306 4583 collata
3345 4525 3612 4594 apostolis

2041 4625 2266 4679 scicntia
2291 4625 2617 4694 linguarum,
2637 4621 2815 4676 adhuc
2837 4622 2892 4675 in
2917 4636 3026 4675 uno
3055 4618 3238 4690 positi,
3263 4616 3610 4688 Symbolum,

2042 4717 2184 4786 quod
2216 4716 2387 4771 fidelis
2419 4731 2566 4770 nunc
2597 4723 2740 4769 tenet
2764 4712 3028 4777 Ecclesia,
3055 4709 3432 4778 unusquisque
3461 4707 3610 4777 quod

2043 4806 2215 4860 sensit
2243 4804 2493 4871 dicendo,
2522 4805 2904 4864 condiderunt,
2943 4812 3003 4858 ut
3039 4800 3378 4856 discedentes
3412 4797 3483 4852 ab
3523 4797 3610 4850 iu-

2043 4897 2249 4961 vicem,
2287 4897 2426 4952 hanc
2460 4897 2700 4967 regulam
2743 4912 2836 4965 per
2881 4908 3071 4950 omnes
3113 4901 3300 4962 gentes
3345 4889 3614 4960 pradica-

2044 4999 2182 5044 rent.
2234 4990 2512 5044 Summam
2544 5002 2674 5060 ergo
2723 4990 2886 5043 totius
2920 4986 3041 5042 fidei
3085 4984 3370 5039 catholica:
3411 4997 3611 5036 recen-

375 5297 407 5315 '
449 5230 492 5315 ’ξ
529 5230 831 5315 dependere.
911 5231 1225 5312 “(infestet
1275 5231 1536 5315 inimicus;
1615 5233 1838 5315 '.Conc.
1875 5232 1945 5287 Va

2050 5253 2116 5315 se
2146 5233 2207 5314 ll.
2239 5232 2372 5315 c_.'_6,
2417 5250 2502 5315 an.
2525 5231 2667 5315 ’μεε
2697 5234 2942 5286 distinct.
2963 5231 3053 5286 93.
3083 5231 3147 5313 Et
3181 5230 3606 5315 ino‘epistkdeer.

377 5297 412 5352 5
460 5297 869 5369 Anaclet.papaa
901 5297 1306 5368 cujus'initium
1331 5309 1415 5356 est
1442 5317 1455 5351 :
1489 5301 1797 5357 Benedictus
1830 5303 1940 5358 Dea

377 5369 665 5438 prtereptis.
755 5370 774 5398 ¹
832 5371 1000 5424 Conc.
1059 5369 1300 5425 Metense
1362 5387 1491 5425 ann.
1537 5372 1661 5434 888,
1709 5389 1759 5427 c.
1804 5375 1856 5426 8.

2050 5313 2099 5359 et
2139 5304 2389 5359 similiter
2445 5303 2668 5356 Fabiani
2726 5316 3044 5373 papaa,quaa
3095 5297 3346 5368 incipit':
3404 5349 3407 5351 _

2050 5375 2128 5429 ris.
2192 5390 2454 5428 aversum.
2530 5372 2811 5426 ‘im’mica.
2887 5371 3096 5426 ’ϐείω
3127 5370 3299 5429 Petri.
3373 5386 3407 5438 p

3404 5299 3609 5354 Divinis

3478 5371 3605 5424 διδ.

378 5437 399 5465 ⁸
426 5435 800 5490 Ms.natnrafe.
876 5441 896 5471 "
933 5441 1162 5495 Neronis
1209 5457 1352 5493 anno
1388 5442 1441 5503 8,
1488 5455 1741 5498 currente
1784 5444 1944 5497 Chris

2050 5445 2130 5502 ΒΞ.
2174 5460 2349 5498 caesus
2394 5450 2499 5506 est,
2552 5441 2745 5496 Petrus
2798 5457 2926 5496 vero
2966 5441 3197 5494 Neronis
3246 5435 3490 5507 ejusdem
3542 5441 3613 5495 15

373 5515 629 5566 exeunte,
665 5509 866 5562 Christi
897 5510 983 5563 67.
1061 5513 1082 5542 ⁸
1117 5513 1586 5570 ministerium,ita
1619 5521 1672 5567 et
1731 5531 1781 5568 c.
1831 5512 1973 5568 Just.
2051 5515 2070 5544 '
2115 5515 2212 5569 Ms.
2256 5515 2495 5567 involuti.

376 5575 432 5628 in
457 5579 1010 5651 __ms._uostro_addita
1051 5581 1118 5634 ab
1150 5582 1331 5650 aliquo
1382 5583 1787 5651 interpolatore.

377 5715 424 5746 ⁵⁵
449 5715 594 5771 llebr
651 5733 724 5772 xl.
786 5722 838 5774 6.

457 5581 1010 5655 _nts..riostro_addita
1051 5581 1118 5655 ab
1150 5582 1331 5650 aliquo
1382 5583 1787 5651 interpolatore.
1866 5586 1908 5618 ¹¹
1961 5583 2120 5637 Deest
2162 5585 2274 5638 hzec
2309 5584 2522 5652 negatio
2575 5581 2626 5634 in
2669 5597 2770 5655 ms.

375 5647 1270 5722 quibusdamcodicilms:_Cmtera
1331 5661 1456 5705 sunt
1503 5647 1619 5705 vice
1672 5655 2006 5722 appendicis,
2072 5655 2252 5707 addita
2307 5647 2453 5708 circa
2488 5667 2688 5704 annum
2714 5651 2839 5712 800,
2872 5661 2928 5722 ut
2975 5650 3208 5702 videtur.

919 5721 960 5750 "
1014 5719 1260 5774 Venantii
1296 5739 1416 5792 etp.
1468 5724 1520 5775 in
1588 5719 1899 5793 Symbolum
1951 5742 1997 5778 ς.
2043 5727 2088 5788 l,
2124 5741 2292 5793 usqu
2355 5724 2419 5778 ad
2447 5723 2667 5792 Diligere
2717 5738 2836 5790 ergo
2891 5721 3075 5786 Deum,
3121 5729 3227 5776 ctc.

2573 5514 2617 5582 to
2647 5511 2877 5582 Reliqua
2923 5511 3214 5582 sententia;
3259 5526 3375 5582 non?
3427 5517 3614 5582 exstat

2850 5581 2890 5612 “
2922 5579 3020 5634 Hic
3046 5580 3242 5633 desinit
3295 5581 3526 5648 epistola
3558 5581 3614 5633 in

2872 5661 2928 5703 ut
2975 5650 3208 5702 videtur.
3289 5651 3330 5682 ¹³
3359 5649 3536 5703 Marc.
3570 5665 3610 5703 ι.

3359 5665 3536 5707 ΜἎΓΟ.
3570 5665 3610 5703 Ι.
