3740 6288
93 344 157 447 ό
168 285 286 469 βω
326 413 341 426 .
676 433 691 446 ⁸
730 366 753 387 υ
1376 341 1729 399 εριδτοιηε
1767 343 2230 443 necnersces.

194 451 209 469 ‘
289 452 302 469 ‘
330 431 394 469 πί
425 436 547 469 ““1‘
584 436 641 469 Μ
680 445 1031 469 anim-.2.--
1078 466 1151 469 ,μ
1182 453 1197 469 ι
1242 454 1295 469 ..,
1338 456 1372 469 ,.
1507 465 1517 469 _
1811 466 1821 469 _
1946 463 1953 469 _
2054 460 2099 469 __
2148 456 2203 469 η

194 432 302 495 ,tt's,

330 431 554 530 Fili“:
584 436 649 485 εὶ
675 433 1035 530 integritas
1068 453 1407 509 credulitatis
1439 456 1761 517 ostenditur,
1790 466 1837 520 Α
1861 428 1955 511 nui
1979 469 2026 512 te
2054 460 2120 511 ¹⁹.
2147 456 2210 509 Et
2242 441 2397 508 illud
2428 462 2444 501 :
2487 453 2589 511 llic
2610 459 2746 514 οη,
2765 468 2955 522 ποιων.
2985 468 3035 513 ει
3063 474 3163 511 mm
3191 472 3395 530 τερηηι,

321 510 997 617 ξῦεἰ-οιξιιιὶι)οιειιιὶε
1013 544 1096 612 (id
1125 555 1210 599 est
1241 554 1438 599 sancta:
1464 545 1765 615 Trinitatis)
1865 550 2001 601 bitur
2039 549 2171 601 alter
2193 547 2258 600 ad
2283 541 2492 600 curn”.
2526 548 2586 601 Et
2624 538 2741 617 post
2770 564 2782 599 :
2836 548 2902 602 In
2927 558 3067 602 terra
3108 510 3254 602 visits.
3290 559 3391 615 est,

119 500 188 543 ω’
205 508 320 583 “illi!

145 582 217 621 \\'
272 606 311 621 ,..

172 606 410 710 “utilitas
471 610 853 710 declaratur,
890 637 957 683 et
1011 606 1337 704 mysterium
1374 606 1765 691 lncarnationis

186 703 287 783 ἳξῶ
317 703 437 771 δεῖν
466 707 567 778 qui
602 726 715 780 pro
761 718 969 775 salute
1008 703 1241 778 humani
1296 726 1507 795 generis
1544 742 1573 778 a
1606 726 1765 781 Patre

219 820 267 867 de,
301 806 424 861 coelo
476 802 868 873 descendens,
927 813 1005 867 de
1053 813 1271 883 Virgine
1314 817 1461 871 nasci
1514 817 1765 885 dignatus

220 912 295 963 est,
352 913 565 969 quoquo
594 898 640 929 "
668 901 899 966 ordine,
932 904 1027 957 vel
1061 906 1278 974 quando
1322 914 1547 959 mortem
1580 915 1763 974 perto-

218 994 335 1053 lerit,
363 990 631 1059 quomodo
660 992 924 1059 sepultus
957 1000 1280 1057 surrexerit,
1300 1005 1353 1049 et
1383 996 1435 1047 in
1460 1010 1621 1050 carne
1644 998 1759 1066 ipsa

206 1085 365 1138 caelos
390 1082 719 1142 ascenderit.
753 1083 822 1135 ad
841 1085 1206 1153 dextramque
1240 1084 1410 1138 Patris
1439 1088 1761 1150 consederit,

199 1174 354 1241 judex
385 1183 657 1227 venturus
700 1173 807 1235 sit,
852 1188 919 1226 ac
978 1175 1213 1242 qualiter
1242 1176 1614 1229 remissionem
1642 1193 1764 1244 pec-

191 1274 435 1317 catorum
494 1278 664 1319 sacro
705 1264 1045 1332 baptismate
1112 1265 1315 1318 renatis
1348 1267 1655 1328 contulerit,
1711 1274 1764 1319 et

190 1354 664 1408 resurrectionem
695 1353 923 1405 humani
956 1354 1174 1422 generis
1209 1354 1248 1385 "
1280 1354 1335 1406 in
1386 1354 1571 1408 eadem
1601 1369 1763 1408 carne

180 1453 240 1497 et
295 1446 355 1497 in
404 1447 580 1498 vitam
627 1453 896 1496 aeternam
934 1442 1195 1507 futuram,
1226 1444 1305 1497 sic
1356 1444 1654 1498 docuerunt
1697 1445 1759 1497 ⁸⁸.

177 1532 502 1600 Symbolum
556 1534 709 1586 enim
754 1532 963 1594 Graece,
1029 1533 1222 1587 Latine
1280 1534 1490 1587 collatio
1546 1534 1757 1587 dicitur.

169 1621 241 1674 Et
263 1624 306 1653 "
324 1623 431 1677 hoc
446 1625 711 1692 praedicti
729 1626 1151 1692 sanctiapostoli
1172 1624 1310 1678 inter
1327 1641 1385 1680 se
1400 1640 1492 1693 per
1507 1624 1761 1694 Spiritum

166 1720 435 1765 sanctum
463 1714 799 1779 salubriter,
835 1722 894 1767 ut
938 1715 1143 1767 dictum
1173 1722 1276 1779 est,
1314 1715 1669 1769 condiderunt
1694 1714 1758 1767 ὀ.

3293 352 3397 404 ιη

1862 649 1911 691 et
1937 640 2069 691 inter
2090 638 2320 691 homines
2354 647 2680 692 conversatus
2709 648 2784 691 est
2808 638 2894 691 ³⁰⁶.

1932 727 1973 758 ³¹
1988 727 2213 796 Diligere
2225 740 2357 796 ergo
2370 723 2532 779 Deum
2548 742 2973 796 unumquemque
2995 740 3060 779 ex
3083 734 3191 779 toto
3210 726 3392 791 corde,

1861 826 1915 871 et
1945 833 2009 871 ex
2036 825 2145 869 tota
2185 818 2387 878 anima,
2419 824 2475 869 ut
2504 818 2773 886 przeﬁxum
2802 828 2903 879 est,
2936 833 3001 870 ex
3040 826 3145 870 tota
3181 818 3392 871 fortitu-

1863 905 1986 960 dine
2001 907 2043 937 ³³
2076 915 2306 975 oportet,
2337 914 2389 958 et
2422 909 2718 976 proximum
2749 915 2999 974 tanquam
3023 908 3389 974 semetipsum,

1861 996 2213 1061 respondente
2240 996 2464 1049 Domino
2485 997 2692 1049 cuidam
2724 995 3031 1049 Scribarum
3062 1010 3123 1047 ac
3143 997 3387 1051 dicente:

1860 1083 2098 1137 Primum
2130 1088 2357 1138 omnium
2402 1088 2703 1139 mandatum
2740 1096 2836 1147 est,
2876 1087 2998 1138 audi
3034 1085 3202 1139 Israel
3232 1100 3250 1137 :
3285 1086 3391 1138 Do-

1864 1176 2032 1227 minus
2058 1176 2195 1228 Deus
2234 1186 2375 1237 tuus,
2402 1176 2536 1229 Deus
2576 1194 2707 1229 unus
2736 1188 2844 1239 est;
2874 1186 2927 1231 et
2954 1193 2967 1229 :
3000 1177 3190 1246 Diliges
3218 1178 3390 1230 Domi-

1859 1281 1981 1316 num
2012 1266 2174 1319 Deum
2198 1278 2339 1319 tuum
2369 1282 2433 1319 ea:
2469 1278 2572 1319 toto
2592 1267 2741 1319 corde
2779 1277 2884 1324 tuo,
2914 1276 2961 1319 et
2989 1283 3052 1318 ex
3074 1276 3182 1318 tota
3211 1268 3388 1318 anima

1861 1365 1970 1419 tua,
2002 1367 2050 1409 et
2073 1372 2136 1409 ea:
2194 1366 2301 1409 tota
2327 1366 2490 1409 mente
2525 1367 2635 1417 tua,
2672 1367 2719 1408 et
2770 1371 2833 1408 ex
2873 1366 2981 1408 tota
3022 1356 3205 1408 virtute
3254 1364 3386 1410 tua:

1855 1443 1951 1497 hoc
1984 1446 2304 1513 estprimum
2353 1446 2657 1497 mandatum
2720 1444 3008 1498 Secundum
3028 1454 3197 1497 autem
3218 1446 3388 1500 simile

1857 1545 1933 1585 est
1963 1533 2042 1585 illi
2063 1548 2082 1585 .'
2103 1534 2300 1602 Diliges
2322 1535 2615 1601 proximum
2641 1544 2782 1585 tuum
2812 1549 3054 1601 tanquam
3077 1536 3295 1601 teipsum
3316 1535 3384 1593 ³⁸.

1859 1621 2030 1690 Majus
2048 1622 2244 1675 horum
2276 1624 2416 1675 aliud
2454 1622 2761 1676 mandatum
2795 1638 2900 1676 non
2943 1632 3023 1678 est
3045 1664 3061 1685 ,
3090 1625 3231 1692 quod
3270 1640 3386 1678 ma-

1855 1711 1945 1777 jus
1990 1718 2075 1765 est
2117 1713 2365 1767 omnibus
2408 1714 2928 1767 holocautomatibus
2975 1724 3028 1769 et
3078 1716 3382 1771 sacriﬁciis.

161 1800 389 1855 Dicitur
416 1810 476 1856 et
509 1802 811 1867 indicium,
843 1803 989 1872 quod
1022 1818 1116 1872 per
1159 1803 1281 1867 hoc,
1324 1804 1416 1872 qui
1447 1812 1589 1858 recte
1636 1820 1759 1859 cre-
1789 1804 1831 1860 Β
1860 1799 2008 1855 Unde
2032 1809 2084 1854 et
2114 1801 2168 1853 in
2210 1800 2386 1855 Veteri
2441 1802 2786 1857 Testamento
2821 1805 3077 1871 scriptum
3107 1804 3331 1859 habetur
3364 1822 3380 1859 :

158 1892 401 1955 diderit,
457 1894 773 1948 indicatur.
832 1893 975 1961 Ergo
1029 1893 1242 1946 cunctis
1270 1893 1614 1948 credentibus
1642 1912 1759 1964 quae

156 1985 545 2037 continentur
581 1985 642 2037 in
697 1982 927 2052 praefato
963 1983 1238 2051 Symbolo,
1282 1983 1431 2037 salus
1458 1984 1759 2040 animarum

154 2081 219 2126 et
295 2074 414 2126 vita
466 2079 747 2141 perpetua
807 2072 968 2125 bonis
1011 2072 1220 2124 actibus
1270 2080 1620 2140 praeparatur.

237 2162 314 2216 Et
335 2166 492 2232 quod
516 2166 563 2195 ¹¹
587 2164 646 2217 in
676 2163 978 2231 primordio
998 2161 1478 2232 ejusdemSymboli
1495 2166 1759 2234 praeponi-

156 2259 284 2316 tur,
304 2252 486 2307 Credo
511 2255 573 2306 in
591 2252 767 2305 Deum
780 2252 994 2305 Patrem
1010 2260 1399 2317 omnipotentem
1413 2267 1431 2315 ,°
1445 2255 1756 2321 praeclarum

157 2343 300 2397 ﬁdei
332 2345 728 2399 testimonium
764 2350 819 2395 et
852 2341 1259 2394 fundamentum
1298 2343 1352 2393 in
1381 2344 1551 2410 prima
1581 2343 1757 2401 fronte

160 2440 549 2495 monstratur,
579 2432 717 2501 quia
750 2431 937 2483 salvus
952 2445 1076 2484 esse
1102 2432 1319 2497 poterit,
1342 2434 1432 2500 qui
1465 2442 1612 2489 recte
1634 2450 1755 2490 cre-

162 2522 399 2577 diderit.
426 2523 665 2577 Credere
683 2523 823 2575 enim
841 2530 1042 2589 oportet
1071 2521 1389 2577 accedentem
1408 2524 1475 2575 ad
1496 2525 1659 2578 Deum
1673 2529 1717 2557 “
1736 2545 1753 2594 ;

163 2616 438 2682 quoniam
466 2612 634 2667 corde
657 2612 891 2665 creditur
919 2611 987 2664 ad
1015 2613 1301 2680 justitiam,
1334 2623 1380 2665 et
1410 2631 1496 2668 ore
1552 2617 1755 2683 confes-

164 2705 246 2756 sio
278 2705 347 2772 [it
399 2705 471 2756 ad
496 2704 735 2756 salutem
768 2703 835 2757 ³³.
882 2700 1036 2755 Unde
1071 2703 1144 2754 ait
1174 2702 1438 2770 Propheta
1474 2723 1486 2757 :
1519 2703 1748 2766 Credidi,

166 2806 388 2861 propter
414 2795 562 2863 quod
613 2795 827 2846 locutus
888 2808 1006 2844 sum
1028 2792 1091 2845 ".
1149 2792 1214 2845 Et
1255 2793 1424 2847 illud:
1459 2793 1645 2847 Justus
1691 2811 1755 2848 ea:

170 2888 277 2952 ﬁde
295 2889 428 2941 vivit
453 2887 524 2939 ³⁸.
560 2884 628 2936 Et
665 2900 679 2934 :
713 2881 841 2936 Nisi
873 2881 1214 2947 credideritis,
1236 2899 1337 2934 non
1367 2883 1659 2952 intelligetis
1682 2886 1750 2940 ’°.

172 2978 319 3047 Ergo
348 2979 394 3009 ’⁷
429 2979 487 3031 in
534 2976 711 3029 rebus
746 2972 1005 3026 humanis
1033 2973 1239 3025 nullum
1290 2987 1425 3042 opus
1477 2974 1750 3042 incipitur,

173 3068 280 3120 nisi
310 3068 476 3120 labor
502 3065 695 3119 omnis
723 3064 793 3117 ad
817 3064 1069 3117 etl‘ectum
1099 3062 1279 3115 venire
1307 3063 1575 3116 credatur.
1605 3063 1752 3117 Unde

174 3159 522 3213 credendum
545 3165 634 3210 est
667 3157 723 3207 in
760 3154 951 3215 Deum,
984 3166 1014 3203 a
1062 3166 1170 3220 quo
1210 3159 1319 3205 tam
1352 3167 1590 3220 praesens
1617 3154 1748 3215 vita,

175 3264 345 3316 quam
377 3248 568 3301 futura
601 3246 903 3298 tribuatur.
939 3242 1079 3296 Deus
1126 3249 1302 3295 autem
1337 3243 1626 3310 appellatio
1670 3250 1754 3296 est

176 3338 512 3392 substantia:
557 3335 931 3404 sempiternae,
964 3332 1077 3386 sive
1107 3332 1313 3387 timoris
1352 3332 1535 3385 divini.
1593 3330 1755 3401 Igitur

178 3425 322 3482 Deus
356 3430 480 3481 sine
501 3426 805 3495 principio,
826 3424 946 3476 sine
972 3422 1094 3484 line,
1120 3421 1367 3490 simplex,
1395 3422 1748 3489 incorporeus

176 3524 227 3569 et
263 3513 883 3584 incomprehensibilis.
927 3510 1137 3564 Patrem
1180 3518 1358 3565 autem
1409 3526 1531 3564 cum
1574 3512 1749 3576 audis,

177 3606 588 3675 agnoscequod
613 3605 816 3656 haheat
839 3600 1033 3655 Filium
1052 3602 1312 3654 veraciter
1332 3602 1591 3670 genitum,
1611 3603 1753 3656 sicut

174 3712 474 3770 [vissessor
530 3695 746 3748 dicitur
795 3692 890 3759 qui
940 3690 1143 3757 aliquid
1186 3691 1455 3757 possidet,
1486 3696 1539 3743 et
1580 3689 1751 3743 domi-

175 3804 281 3842 nus
340 3789 438 3856 qui
494 3785 670 3838 habet
701 3779 846 3852 quod
877 3780 1201 3833 dominetur.
1256 3778 1397 3832 Deus
1426 3794 1553 3847 ergo
1573 3778 1749 3843 Pater,

172 3878 375 3932 secreti
397 3871 749 3931 sacramenti
770 3870 1090 3923 vacabulttm
1118 3872 1221 3930 est,
1250 3868 1408 3935 cujus
1430 3883 1553 3921 vere
1581 3867 1749 3924 Filius

168 3977 254 4021 est
286 3967 568 4027 Verbum,
612 3970 670 4017 et
705 3960 1008 4029 speculum,
1050 3966 1105 4013 et
1133 3958 1434 4021 character,
1480 3966 1534 4012 et
1576 3961 1753 4029 imago

169 4058 367 4111 vivens
394 4055 589 4108 Patris
628 4050 889 4113 viventis,
926 4050 981 4102 in
1032 4048 1287 4102 omnibus
1339 4047 1483 4102 Patri
1532 4050 1749 4114 similis,

164 4147 420 4213 ejusdem
456 4152 684 4197 natura:
714 4142 771 4193 in
815 4140 1115 4204 divinitate,
1178 4140 1411 4208 genitus,
1443 4148 1497 4192 et
1524 4141 1750 4209 genitori

166 4251 265 4303 per
311 4236 509 4289 omnia
545 4230 874 4299 coaequalis.
930 4228 1039 4283 Nec
1075 4238 1346 4297 quaeratur
1376 4230 1640 4297 quomodo
1659 4246 1749 4299 ge-

164 4329 288 4379 nuit
321 4324 572 4389 Filium;
612 4320 765 4390 quod
793 4329 847 4373 et
875 4320 1046 4389 angeli
1078 4320 1346 4380 nesciunt,
1381 4327 1435 4371 et
1479 4320 1748 4387 prophetis

1858 1891 2009 1955 Quod
2041 1890 2134 1944 tibi
2170 1892 2284 1959 ﬁeri
2328 1908 2426 1944 non
2472 1893 2566 1958 vis,
2593 1892 2743 1945 alteri
2776 1910 2835 1946 ne
2864 1893 3041 1956 feceris
3066 1895 3130 1949 “.
3182 1894 3247 1947 Et
3276 1894 3382 1949 D0-

1857 1982 2034 2035 minus
2063 1981 2136 2032 ait
2172 1996 2183 2030 :
2219 1982 2404 2035 Omnia
2443 1998 2751 2050 quwcunque
2786 1984 2936 2035 nullis
2966 1994 3021 2035 ut
3068 1985 3267 2051 faciant
3294 2001 3385 2038 vo-

1855 2068 1932 2122 bis
1965 2070 2211 2134 homines,
2263 2080 2311 2124 et
2348 2088 2432 2125 vos
2457 2073 2611 2139 facite
2650 2074 2889 2127 similiter
2941 2075 3046 2128 illis
3071 2076 3135 2129 ³⁸.
3175 2074 3384 2140 Quibus

1855 2162 2099 2229 utrisque
2127 2163 2392 2217 mandatis
2423 2163 2488 2228 “,
2516 2180 2610 2231 per
2636 2180 2800 2217 unum
2832 2166 3033 2219 malitia
3080 2167 3385 2234 compesci-

1856 2256 1963 2315 tur,
1994 2258 2045 2305 et
2068 2266 2163 2319 per
2188 2253 2332 2305 aliud
2363 2252 2664 2321 benignitas
2691 2263 3034 2324 propagatur,
3069 2264 3127 2309 ut
3178 2272 3246 2310 ne
3269 2271 3383 2309 ma-

1856 2340 1963 2393 lum
1985 2340 2107 2408 quis
2136 2340 2347 2405 inferat,
2378 2343 2469 2396 sed
2493 2344 2687 2396 bonum
2705 2345 2992 2412 impendat.
3042 2344 3302 2408 Primum,
3324 2353 3385 2398 ut

1854 2445 1918 2482 ca
1931 2438 2039 2483 teat
2067 2432 2291 2498 laedere;
2320 2434 2612 2487 secundum
2638 2440 2695 2486 ut
2718 2436 3074 2488 noritbonum
3104 2445 3380 2504 praestare.

1852 2519 1915 2574 Si
1927 2522 2060 2574 enim
2081 2521 2297 2585 fratrem
2324 2538 2470 2591 quem
2492 2523 2649 2588 vides,
2669 2540 2770 2577 non
2788 2525 2991 2593 diligis;
3028 2526 3207 2589 Deum,
3230 2542 3382 2594 quem

1854 2627 1955 2664 non
1979 2612 2138 2674 vides,
2161 2612 2415 2681 quomodo
2461 2622 2601 2680 potes
2644 2614 2857 2682 diligere
2884 2616 2925 2645 ³⁷
2950 2616 2973 2667 ?
2998 2615 3086 2668 Sic
3125 2632 3253 2684 ergo
3278 2632 3381 2672 nos

1855 2702 2007 2756 decet
2035 2718 2286 2758 exercere
2321 2718 2505 2757 curam
2537 2713 2802 2766 nostram,
2837 2714 3013 2759 utnon
3045 2706 3379 2763 dimittamus

1853 2806 2036 2844 curam
2065 2801 2299 2849 vestram
2332 2812 2346 2847 :
2380 2800 2433 2846 et
2460 2794 2539 2846 sic
2568 2794 2788 2863 diligere
2817 2809 2937 2856 nos,
2968 2810 3036 2848 ne
3079 2797 3381 2865 negligatur

1854 2881 2067 2934 dilectio
2106 2883 2328 2950 proximi
2355 2899 2371 2948 ;
2399 2884 2527 2951 quia
2557 2884 2601 2915 ³⁸
2616 2882 2709 2937 Dei
2738 2884 2953 2938 dilectio
2985 2885 3140 2937 morti
3164 2900 3380 2954 compa-

1854 2979 2022 3032 ratur,
2072 2971 2281 3026 dicente
2332 2971 2646 3040 Sapientia:
2712 2972 2900 3026 Valida
2952 2984 3028 3027 est
3078 2974 3283 3027 dilectio
3322 2985 3380 3028 ut

1854 3076 1990 3113 mors
2015 3060 2058 3091 ⁸⁹
2083 3078 2097 3114 :
2128 3060 2356 3124 idcirco,
2380 3063 2503 3130 quia
2534 3063 2674 3116 sicut
2701 3078 2846 3117 mors
2882 3064 3140 3117 violenter
3167 3074 3381 3133 separat

1852 3151 2083 3203 animam
2116 3165 2147 3203 a
2177 3165 2419 3219 corpore,
2442 3151 2515 3205 ita
2537 3151 2752 3206 dilectio
2781 3152 2872 3207 Dei
2902 3162 3113 3222 separat
3144 3156 3378 3210 animam

1852 3240 2112 3294 violenter
2143 3254 2174 3292 a
2206 3240 2476 3294 mundano
2503 3249 2555 3294 et
2582 3243 2785 3295 carnali
2838 3258 3036 3296 amore.
3091 3244 3192 3308 Qui
3219 3246 3377 3307 enim,

1852 3329 2108 3384 Dominus
2138 3330 2329 3398 inquit,
2350 3330 2521 3397 diligit
2542 3346 2641 3393 me,
2660 3330 2908 3389 mandata
2942 3348 3053 3383 mea
3074 3333 3293 3385 servabit
3310 3333 3375 3389 “.

1850 3420 1983 3474 Nam
2011 3421 2102 3489 qui
2129 3420 2219 3473 Dei
2260 3427 2525 3487 prmcepta
2569 3423 2886 3483 contemnit,
2920 3421 3083 3474 Deum
3113 3437 3220 3474 non
3251 3424 3378 3476 dili-

1850 3512 1947 3580 git.
2007 3509 2159 3563 Unde
2187 3510 2445 3577 scriptum
2495 3516 2579 3562 est
2610 3527 2625 3563 :
2659 3508 2835 3562 Nolite
2869 3521 3049 3576 putare
3091 3512 3226 3579 quod
3259 3530 3373 3565 ma-

1850 3601 2014 3654 neatis
2051 3601 2102 3652 in
2131 3599 2398 3652 dilectione
2429 3615 2561 3659 mea,
2597 3602 2642 3652 si
2675 3617 2775 3652 non
2829 3602 3152 3653 servaveritis
3182 3617 3375 3668 prlece-

1849 3700 1937 3759 pta
1964 3708 2076 3743 mea
2104 3692 2169 3744 “.
2216 3688 2396 3757 Neque
2416 3690 2558 3743 enim
2590 3705 2768 3759 regem
2821 3691 3113 3758 diligimus,
3149 3693 3194 3745 si
3248 3693 3375 3746 odio

1852 3784 1990 3851 leges
2015 3783 2131 3849 ejus
2158 3782 2431 3833 habemus.
2476 3778 2656 3847 Neque
2683 3779 2823 3831 enim
2854 3795 2919 3831 ex
2946 3787 3058 3832 toto
3086 3782 3246 3835 corde
3276 3798 3365 3850 po-

1850 3872 1975 3926 terit
2002 3872 2089 3924 ille
2125 3870 2287 3923 Deum
2320 3868 2562 3937 diligere,
2598 3869 2689 3936 qui
2743 3870 2984 3923 noscitur
3029 3871 3085 3922 in
3138 3874 3351 3940 proxim

1849 3976 2082 4014 corruere
2105 3959 2147 3990 ’δ’
2179 3958 2463 4012 dilectione
2490 3974 2504 4009 :
2533 3958 2658 4025 quia
2677 3972 2768 4025 per
2783 3957 3117 4013 dilectionem
3141 3964 3368 4029 proximi

1848 4049 2156 4118 pervenitur
2202 4046 2267 4100 ad
2313 4048 2624 4099 cltaritatem
2686 4046 2923 4110 Christi,
2978 4052 3254 4116 quoniam,
3314 4066 3369 4108 ut

1849 4139 2177 4208 praelibatum
2214 4144 2317 4198 est,
2358 4137 2410 4187 in
2441 4135 2527 4187 his
2578 4135 2789 4190 duobus
2816 4141 3095 4207 praeceptis
3131 4148 3239 4195 tota
3286 4144 3370 4198 lex

1846 4227 2042 4297 pendet
2084 4234 2137 4279 et
2166 4226 2434 4294 prophetae
2464 4224 2529 4278 ".
2556 4224 2825 4280 Docibiles
2847 4241 2995 4296 ergo,
3016 4232 3105 4297 qui
3137 4232 3372 4300 perfecte

1847 4317 1989 4371 docti
2030 4330 2136 4369 non
2167 4324 2290 4367 sunt
2319 4316 2383 4366 ad
2410 4314 2522 4368 haec
2554 4315 2853 4383 peragenda
2876 4356 2889 4377 ,
2922 4328 3133 4386 oportet
3185 4338 3373 4378 omnes

162 4418 523 4485 incognitum
555 4422 666 4467 est.
713 4410 871 4464 Unde
901 4410 1029 4463 illud
1057 4410 1259 4463 dictum
1287 4417 1370 4463 est
1402 4428 1415 4461 :
1450 4408 1747 4463 Generatio.
1780 4413 1820 4465 ι)
1847 4420 1988 4467 esse,
2034 4412 2087 4459 et
2116 4411 2174 4457 ut
2218 4404 2316 4471 ipsi
2366 4404 2506 4457 docti
2556 4405 2685 4467 sint,
2724 4416 2777 4460 et
2806 4408 2941 4460 alios
2966 4411 3257 4476 prudenter
3286 4415 3369 4465 in-

158 4524 282 4560 nem
300 4509 421 4575 ejus
448 4506 577 4574 quis
593 4500 872 4557 enarrabit
894 4500 961 4532 ’τ’
980 4499 1184 4565 ?Quam
1202 4506 1464 4553 secretam
1488 4501 1744 4568 originem

159 4614 295 4652 cum
330 4593 785 4667 proprioFiIio,
840 4591 990 4644 novit
1034 4590 1149 4658 ipse
1201 4590 1351 4643 solus
1404 4589 1494 4656 qui
1545 4590 1745 4657 genuit.

155 4690 205 4721 "
220 4689 348 4742 Nec
377 4688 531 4740 Deus
555 4701 588 4736 a
617 4682 780 4735 nobis
808 4678 1179 4734 discutiendus
1199 4677 1402 4738 est,sed
1418 4677 1747 4742 credendus;

157 4782 257 4849 qui
280 4783 344 4833 in
362 4778 538 4832 nobis
564 4774 705 4843 ipsis
722 4771 1019 4833 nescimus,
1044 4768 1188 4837 quod
1214 4767 1462 4830 facimus,
1485 4770 1750 4835 quomodo

153 4870 477 4940 sapientia,
517 4863 830 4932 ingenium,
850 4868 943 4913 aut
973 4860 1303 4915 intellectus.
1326 4863 1416 4907 aut
1442 4858 1747 4925 consilium,

152 4971 260 5015 aut
281 4974 454 5014 mens
482 4961 682 5009 nostra
701 4960 927 5020 generat
946 4949 1192 5003 verbum.
1232 4946 1337 4999 Sed
1358 4944 1547 4999 sullicit
1562 4963 1745 5010 nosse,

148 5053 297 5122 quia
336 5053 434 5102 lux
466 5045 666 5116 genuit
686 5040 1051 5110 splendorem,
1078 5040 1221 5091 sicut
1252 5036 1325 5087 ait
1350 5033 1607 5122 Propheta
1639 5056 1652 5090 :
1682 5037 1750 5090 In

145 5121 551 5210 splendoribus
585 5141 893 5187 sanctorum
928 5143 992 5181 ea:
1032 5135 1179 5179 utero
1205 5132 1325 5175 ante
1349 5121 1636 5190 Luciferum
1663 5144 1751 5195 ge-

1847 4502 2075 4554 struere,
2097 4501 2149 4547 et
2172 4494 2403 4562 perfecte
2436 4495 2643 4561 possint
2669 4496 2883 4557 docere,
2913 4497 3064 4563 juxta
3096 4499 3364 4554 Danielem

1845 4586 2177 4654 prophetam,
2222 4584 2313 4651 qui
2357 4584 2476 4636 ait:
2518 4584 2747 4650 Populus
2798 4596 2966 4638 autem
2998 4588 3163 4640 sciens
3202 4588 3365 4643 Deum

1846 4692 2017 4737 suum,
2057 4673 2302 4726 obtinebit
2349 4682 2397 4725 et
2440 4673 2615 4740 faciet,
2647 4683 2694 4727 et
2740 4675 2878 4727 docti
2908 4676 2959 4727 in
2996 4678 3180 4743 populo
3223 4679 3369 4734 doce-

1849 4768 1969 4818 bunt
1998 4765 2245 4832 plurimos
2272 4763 2335 4816 δ”.
2391 4762 2588 4817 Omnes
2616 4764 2892 4827 docibiles,
2923 4773 2980 4817 ut
3002 4768 3111 4833 jam
3164 4768 3363 4824 dictum

1851 4864 1953 4916 est,
1986 4856 2078 4923 qui
2098 4855 2239 4909 docti
2261 4854 2304 4885 “
2334 4861 2481 4915 sunt,
2516 4868 2636 4906 esse
2663 4863 2904 4921 oportet;
2935 4856 3027 4909 sed
3063 4860 3367 4916 sacerdotes

1851 4945 2117 4997 doctiores
2174 4943 2380 4996 caeteris
2432 4942 2644 5010 populis
2704 4959 2925 4997 necesse
2977 4945 3087 4999 fore
3145 4947 3368 5003 docebat

1855 5034 2105 5087 Christus
2149 5032 2426 5085 dicens“:
2480 5032 2616 5095 Quia
2661 5033 2707 5083 si
2734 5049 2895 5085 circus
2950 5051 3085 5087 circo
3123 5038 3367 5093 ducatum

1852 5133 2081 5191 prwstet,
2125 5122 2274 5175 ambo
2311 5125 2367 5174 in
2414 5122 2608 5189 foveam
2648 5122 2835 5175 cadunt
2862 5124 2925 5178 ".
2984 5126 3299 5184 Sacerdotes
3323 5135 3365 5163 ‘“

215 5282 269 5312 ιε
294 5286 534 5333 αηοαυε,
616 5270 658 5302 ’⁷
685 5268 992 5323 resurrectio
1022 5267 1206 5333 futura
1232 5258 1321 5308 sit.
1357 5257 1438 5333 ﬂ"
1469 5257 1681 5333 _Aug
1712 5302 1725 5323 ,
1758 5278 1919 5314 serm.
1951 5262 2072 5333 liii,
2113 5261 2186 5333 De
2213 5270 2361 5333 temp.
2382 5276 2403 5333 7;
2428 5257 2834 5333 Rul.‘Symb.
2885 5260 2953 5333 _"
2977 5258 3115 5333 quia.
3190 5261 3237 5292 ’θ
3254 5279 3377 5316 con-

215 5293 269 5312 ,“
294 5293 534 5348 quoque.
616 5293 652 5302 "
685 5293 992 5323 ΐεδιιτϊειιιυ
1022 5293 1206 5333 Iulqu
1232 5293 1321 5308 σιιο
1471 5293 1525 5307 ιη
1560 5293 1679 5329 ηαδ
1712 5302 1725 5323 ο
1758 5293 1919 5341 autin.
1958 5293 1973 5315 ι
1996 5293 2072 5321 lu,
2113 5293 2184 5314 ut;
2213 5293 2361 5329 Sl’lu’l.
2386 5301 2400 5322 ,
2431 5293 2549 5311 "ul.
2578 5293 2626 5311 lu
2661 5293 2834 5325 υυηιυ.
2977 5293 3115 5327 ultu...
3254 5293 3376 5316 ιυη-

123 5350 415 5401 "dum".
464 5352 481 5365 ο
500 5345 544 5374 ιι
587 5341 728 5409 Ergo
755 5339 913 5407 quod,
938 5338 1031 5409 ἠ
1056 5324 1511 5409 ῌειιςλκεῃϐκυη
1534 5325 1887 5409 Ιξυηιμχῑιυ.
1962 5332 2006 5362 ³⁸
2032 5330 2413 5409 Psa-l;cxv_,10.
2488 5329 2533 5358 ’⁸
2563 5327 2767 5409 Ιξέὼέιε..
2788 5342 2845 5388 Il,
2873 5326 2925 5379 4.
2945 5328 3050 5409 “’1
3078 5329 3181 5409 lsa.
3211 5335 3376 5409 vzt,!_l.

122 5392 1133 5483 ὶῖῖίιῖέῖζ’ρηΐοίίιέῗτῖρόελξτξὲξὲνηίέοο
1184 5392 1599 5483 ’⁷ξ.¹ἲ;ἶῖ.ξ”][¹.ῖ.⁸;

122 5490 178 5519 ³⁹
246 5479 484 5539 Baruclt
520 5495 603 5539 Ill,
630 5479 720 5530 56.

124 5572 239 5608 XII.

126 5589 392 5675 stant.
592 5589 683 5644 Πίο
710 5589 867 5664 3ου.
900 5620 1002 5665 λιν,
1029 5600 1119 5673 25ἶ
1193 5589 1406 5675 domi:
1430 5610 1512 5675 iv,
1552 5598 1653 5675 μ).

800 5444 821 5455 η,
853 5408 904 5457 in
929 5402 1106 5468 ngb.
1184 5394 1253 5424 ³⁷⁸
1283 5394 1381 5443 lsa.
1406 5405 1513 5451 Lm,
1545 5395 1599 5446 8.
1685 5400 1733 5430 "
1760 5403 1895 5468 Aug.
1930 5415 2090 5453 serm.
2114 5399 2232 5456 181,
2267 5398 2337 5449 De
2366 5408 2553 5464 temp.;
2586 5395 2729 5457 Ruﬁ,
2754 5396 2787 5448 l.
2822 5410 2869 5447 c.
2945 5396 2987 5426 ”
3012 5394 3152 5449 Psal.
3183 5414 3292 5459 cur,
3324 5400 3378 5451 3.

800 5474 865 5504 ιο·
890 5472 1040 5522 Ibin”
1065 5464 1153 5516 58.
1232 5458 1271 5487 ³⁸
1302 5456 1553 5514 Hactenus
1588 5462 1735 5519 Ven.
1765 5467 1909 5520 Fort.
1986 5468 2027 5499 ”
2055 5467 2235 5519 Matth.
2265 5481 2395 5517 xxn.
2470 5465 2513 5495 ³³
2540 5465 2691 5516 Deut.
2714 5478 2800 5522 vr;
2832 5461 3014 5515 Matth.
3039 5479 3183 5522 xxn;
3215 5466 3377 5518 Ma'c.

336 5487 484 5535 ruch
520 5495 603 5539 Ill,
630 5487 720 5530 δῦ.
800 5487 865 5504 ’ν’
890 5487 1040 5523 ιυιιι..
1065 5487 1153 5516 oo.
1302 5487 1553 5514 naucuus
1600 5487 1702 5516 vcn

336 5552 385 5582 ιι
412 5550 554 5591 τηιι-
593 5562 668 5591 ιν-
708 5543 797 5591 16.
872 5541 913 5570 ³³
943 5534 1125 5588 Matth.
1159 5539 1252 5585 vn,
1276 5524 1368 5591 )2.
1439 5528 1481 5557 ³³
1509 5529 1567 5582 8,
1605 5532 1702 5585 Gn

1855 5487 1909 5520 Γῑο
1986 5487 2027 5499 ’⁸
2055 5487 2235 5519 3131111.
2267 5487 2395 5517 XXII.
2470 5487 2512 5495 "
2540 5487 2691 5516 l’CIll.
2717 5487 2800 5527 VI;
2832 5487 3014 5515 Μῑιιιιι.
3039 5487 3183 5528 XXII;
3215 5487 3377 5518 ma'c.

1855 5553 1864 5587 ι
1904 5536 2117 5591 Μοντιι..
2152 5537 2203 5586 4.
2280 5534 2320 5563 ³⁷
2353 5533 2367 5584 Ι
2395 5530 2546 5584 Joan.
2576 5548 2646 5586 tv.
2722 5533 2764 5562 ⁸⁸
2813 5530 2868 5583 S.
2905 5531 3026 5583 lsid.
3068 5531 3121 5591 2,
3156 5544 3294 5591 scut,
3326 5535 3379 5587 5.

412 5550 554 5603 Tol).
592 5562 668 5605 tv,
708 5543 797 5595 16.
872 5543 913 5570 ³³
943 5543 1125 5588 Matth.
1159 5543 1252 5585 VII,
1290 5543 1368 5575 η.
1439 5543 1481 5557 σν
1509 5543 1567 5582 δ.
1605 5543 1702 5585 uri

431 5632 557 5664 vm.
638 5615 683 5644 ⁸ο
710 5612 867 5664 Joan.
900 5620 1002 5664 λιν,
1029 5600 1115 5651 25.
1193 5592 1234 5621 ⁴’¹
1266 5589 1405 5664 Joan.
1431 5610 1512 5664 xiv,
1552 5598 1653 5650 10.

1855 5553 1864 5587 ι
1904 5543 2117 5591 Μονηι..
2152 5543 2203 5586 4.
2280 5543 2318 5563 ⁸⁷
2353 5543 2546 5584 lJoan.
2576 5548 2646 5586 tv.
2722 5543 2764 5562 "
2813 5543 2868 5583 δ.
2906 5543 3026 5583 Isnt.
3068 5543 3121 5591 2,
3156 5544 3294 5591 scut.
3326 5543 3379 5587 ὖ.

1855 5621 2007 5657 crure.
2086 5604 2130 5633 ⁸³
2162 5600 2342 5653 Matth.
2370 5616 2501 5663 χχιι,
2534 5600 2619 5654 40.
2697 5601 2741 5631 ⁸⁵
2766 5599 2898 5655 Dan.
2932 5615 3005 5664 x1,
3030 5600 3115 5651 52.
3190 5602 3233 5631 ⁸⁸
3261 5619 3380 5653 non.

128 5694 182 5724 “
211 5661 803 5744 ﬁguduouvocaltula
832 5690 930 5728 non
960 5661 1077 5729 sunt
1106 5663 1160 5715 in
1198 5672 1299 5710 ms.
1370 5661 1619 5718 "Matth.
1662 5683 1760 5737 xv,
1800 5672 1879 5725 li.
1958 5674 2001 5703 “
2031 5671 2272 5727 Distinet.
2304 5670 2392 5733 9'5,
2422 5661 2720 5730 Sacerdotes
2745 5685 2879 5723 vero.
