3740 6310
368 297 489 356 475‘

1197 290 1253 344 S.
1294 283 1681 345 CLEMENTIS
1716 284 1740 337 1
1774 282 1941 339 ROM.
1976 280 2176 340 PONT.
2207 281 2435 339 OPEBA
2473 281 2708 337 DUDIA.

3548 274 3652 329 ΠΟ

368 422 497 462 vero
522 406 604 461 sal
630 411 787 461 terra:
818 409 873 460 et
913 401 1099 457 mundi
1126 399 1309 453 lumen
1331 398 1375 435 δ’
1403 399 1625 461 docens,
1657 398 1906 468 praecepit
1933 402 1979 458 Α
2008 398 2169 466 cepit,
2194 398 2287 467 qui
2312 411 2421 450 non
2443 395 2764 466 primatum,
2790 400 2892 447 aut
2920 384 3544 460 arcblepiscoporum,
3564 395 3657 442 aut

369 498 424 550 in
460 495 745 564 splendore
773 494 1036 547 bonorum
1076 504 1297 559 Operum
1345 486 1559 541 Patrem
1612 488 1910 558 gloriﬁcare

369 585 573 650 Deum;
613 584 679 638 de
709 584 905 652 quibus
953 581 1215 634 Dominus
1271 578 1347 631 ait
1379 596 1392 632 :
1434 577 1585 630 Beati
1621 580 1765 641 estis,
1795 594 1911 632 cum

368 674 733 729 maledixerint
762 673 903 726 vobis
932 671 1183 731 homines,
1206 676 1256 721 et
1284 668 1540 735 persecuti
1566 684 1654 721 vos
1684 668 1907 736 fuerint,

368 774 417 819 et
445 765 674 818 dixerint
704 779 851 818 omne
900 761 1095 814 malum
1152 759 1423 812 adversum
1464 774 1573 821 vos,
1615 758 1912 811 mentientes

365 864 573 924 propter
598 869 695 908 me.
743 852 969 906 Gaudete
993 859 1043 904 et
1095 849 1372 911 exsultate,
1411 848 1657 917 quoniam
1720 864 1910 902 merces

372 956 539 1000 vestra
568 945 774 1013 copiosa
802 951 878 995 est
900 943 955 993 in
983 941 1155 1001 caelis;
1186 940 1260 993 sic
1302 937 1439 991 enim
1492 939 1748 1006 persecuti
1789 946 1911 991 sunt

370 1034 670 1103 prophetas,
700 1032 790 1101 qui
817 1032 1025 1099 fuerunt
1059 1038 1177 1082 ante
1203 1044 1310 1081 vos.
1356 1026 1453 1080 Vos
1477 1027 1605 1079 estis
1636 1027 1717 1080 sal
1761 1036 1911 1081 terra:

375 1124 523 1189 Quod
555 1124 600 1176 si
623 1122 703 1175 sal
724 1122 1008 1183 evanuerit,
1034 1120 1087 1171 in
1125 1134 1224 1187 quo
1270 1117 1491 1170 satietur
1517 1118 1543 1172 i’
1591 1115 1670 1166 Ad
1693 1116 1911 1169 nihilum

374 1215 505 1267 valet
532 1214 695 1277 ultra,
732 1213 833 1265 nisi
869 1221 924 1263 ut
949 1211 1094 1278 foras
1118 1209 1379 1270 mittatur,
1407 1214 1455 1259 et
1482 1206 1816 1258 conculcetur
1846 1204 1909 1258 ab

371 1304 681 1357 hominibus.
749 1301 871 1356 Non
900 1309 1065 1369 potest
1086 1298 1270 1351 civitas
1303 1294 1551 1349 abscondi
1576 1310 1734 1363 supra
1766 1304 1911 1348 mon-

372 1404 470 1449 tem
493 1395 683 1463 posita,
738 1408 897 1462 neque
954 1387 1239 1442 accendunt
1294 1386 1582 1448 lucernam,
1620 1394 1667 1437 et
1717 1395 1908 1453 ponunt

370 1502 483 1539 eam
516 1485 609 1538 sub
655 1483 850 1546 modio,
890 1480 978 1534 scd
1026 1494 1179 1547 super
1205 1475 1597 1537 candelabrum,
1652 1485 1708 1527 ut
1743 1475 1911 1527 luceat

372 1575 607 1629 omnibus
642 1575 732 1643 qui
762 1574 813 1625 in
858 1572 1009 1624 domo
1049 1577 1169 1622 sunt
1197 1567 1263 1630 '°,
1293 1574 1351 1619 ut
1380 1564 1473 1634 qui
1530 1564 1910 1634 ingrediuntur

372 1668 549 1721 lumen
577 1665 793 1719 videant
819 1664 883 1717 ⁸⁸.
938 1661 1027 1714 Sic
1084 1659 1251 1711 luceat
1281 1657 1372 1709 lux
1409 1666 1579 1709 vestra
1608 1670 1784 1707 coram
1814 1654 1909 1706 ho-

372 1755 617 1815 minibus,
641 1763 698 1805 ut
728 1751 931 1806 videant
956 1750 1089 1802 bona
1116 1762 1273 1815 opera
1311 1754 1502 1807 vestra,
1533 1754 1582 1797 et
1619 1744 1907 1813 gloriﬁcent

372 1844 586 1897 Patrem
634 1851 877 1905 vestrum,
912 1840 999 1909 qui
1026 1840 1081 1892 in
1101 1838 1239 1891 catlis
1280 1844 1359 1889 est
1386 1836 1453 1889 ⁵³.
1480 1834 1781 1904 EpiscOpos
1811 1849 1909 1886 au-

372 1943 477 1988 tem
509 1946 603 2003 per
642 1931 880 2001 singulas
903 1929 1169 1989 civitates,
1203 1926 1399 1995 quibus
1446 1924 1536 1977 ille
1588 1937 1697 1976 non
1729 1924 1891 1978 mise-

375 2036 495 2087 rat,
575 2021 858 2092 perdoctos
908 2026 962 2074 et
1030 2017 1320 2088 prudentes
1382 2016 1524 2069 sicut
1596 2022 1900 2083 serpentes,

374 2116 757 2185 simplicesque
814 2114 953 2167 sicut
982 2108 1282 2173 columbas,
1332 2106 1485 2177 juxta
1519 2104 1729 2158 Domini
1770 2118 1908 2172 prae-

375 2207 699 2276 ceptionem,
747 2204 905 2257 nobis
960 2201 1173 2254 mittere
1225 2198 1498 2267 praecepit.
1549 2194 1701 2259 Quod
1747 2195 1908 2248 etiam

374 2297 550 2350 facere
578 2294 965 2357 inchoavimus,
989 2298 1042 2344 et
1076 2288 1301 2341 Domino
1338 2301 1494 2355 opem
1540 2285 1761 2351 ferente,
1815 2283 1901 2336 fas

371 2386 514 2442 eturi
553 2398 761 2439 sumus.
796 2382 899 2437 Vos
941 2387 1116 2434 autem
1142 2393 1235 2447 per
1261 2383 1471 2432 vestras
1508 2374 1768 2428 dioeceses
1798 2374 1911 2442 epi-

373 2492 571 2547 scopos
604 2482 812 2529 sacrate
840 2481 893 2529 et
920 2471 1133 2533 mittite,
1160 2469 1283 2538 quia
1316 2481 1417 2520 nos
1450 2465 1514 2519 ad
1542 2465 1676 2518 alias
1706 2471 1909 2532 partes,

370 2569 513 2637 quod
536 2567 671 2620 idem
695 2564 879 2633 jussit,
906 2575 1066 2630 agere
1107 2558 1445 2613 curabimus.
1506 2555 1729 2624 Aliquos
1766 2570 1899 2610 vero

372 2658 439 2712 ad
467 2655 667 2710 Gallias
717 2653 1109 2724 Hispaniasque
1132 2648 1179 2681 ⁵³
1226 2649 1521 2709 mittemus,
1547 2655 1600 2700 et
1636 2646 1903 2715 quosdam

372 2749 439 2801 ad
470 2746 805 2801 Germaniam
826 2754 880 2797 et
909 2742 1137 2803 Italiam,
1163 2746 1323 2807 atque
1352 2738 1419 2791 ad
1449 2738 1681 2806 reliquas
1723 2742 1907 2805 gentes

372 2836 605 2905 dirigere
646 2834 914 2902 cupimus.
961 2829 1067 2885 Ubi
1095 2838 1270 2883 autem
1324 2827 1613 2882 ferociores
1653 2834 1706 2880 et
1734 2825 1908 2879 rebel-

373 2925 538 2979 liores
583 2932 771 2993 gentes
833 2936 953 2975 esse
997 2917 1431 2989 cognoverimus,
1489 2917 1618 2969 illuc
1676 2915 1907 2985 dirigere

2012 488 2555 557 metrOpolitanorum
2600 485 2852 547 nomine,
2886 484 3032 553 quia
3086 488 3329 535 matres
3359 479 3656 531 civitatum

2008 594 2118 633 non
2147 586 2360 641 tenent,
2395 577 2492 632 sed
2522 578 2923 646 episcoporum
2957 580 3195 625 tantum
3232 568 3531 623 vocabulo
3563 582 3656 639 po-

2008 674 2267 736 tirentur;
2294 669 2556 738 quoniam
2580 682 2684 721 nec
2708 669 2869 720 inter
2892 665 3058 733 ipsos
3090 661 3413 730 apostolos
3443 674 3549 729 par
3577 662 3657 714 in~

2009 761 2222 816 stitutio
2251 759 2376 821 fuit,
2411 758 2507 813 sed
2538 773 2685 811 unus
2726 756 3002 810 omnibus
3046 750 3299 822 praefuit
3316 750 3394 802 ".
3430 748 3552 803 Hoc
3579 758 3633 803 ta

2008 865 2129 904 men
2163 849 2573 919 praevidendum
2626 847 2897 908 instituit,
2933 856 3013 899 ne
3056 843 3121 896 in
3175 842 3370 905 villis,
3425 851 3526 895 aut
3576 856 3659 895 ca-

2007 940 2180 993 stellis
2210 939 2296 994 vel
2343 937 2577 992 modicis
2613 935 2969 1007 civitatibus,
3026 933 3504 987 instituerentur
3547 932 3661 999 epi-

2007 1029 2191 1097 scopi;
2216 1043 2284 1082 ne
2314 1039 2424 1083 vue
2457 1020 2651 1081 eorum
2682 1040 2891 1079 nomen
2924 1024 3119 1077 ﬁeret.
3160 1020 3502 1090 Episcopos
3532 1036 3662 1090 ergo

2007 1118 2178 1171 vicem
2207 1123 2579 1186 apostolorum
2600 1129 2813 1185 gerere,
2842 1113 3170 1168 Dominum
3196 1112 3485 1166 docuisse
3516 1110 3661 1165 dice-

2008 1208 2119 1270 bat,
2151 1214 2205 1261 et
2235 1208 2573 1276 reliquorum
2601 1206 3024 1275 discipulorum
3058 1203 3269 1258 vicem
3302 1209 3512 1256 tenere
3540 1217 3662 1271 pre-

2009 1298 2258 1368 sbyteros
2294 1298 2496 1353 debere
2541 1296 2890 1350 insinuabat.
2924 1293 3000 1348 Et
3033 1294 3090 1348 si
3138 1294 3289 1368 quis
3313 1292 3568 1362 aliquem
3598 1308 3661 1347 ex

2008 1388 2094 1441 bis
2127 1388 2544 1450 scandalizaret,
2588 1385 2994 1456 gravissimam
3034 1360 3159 1437 illi‘
3189 1360 3441 1453 pmnatn
3476 1383 3664 1438 inferri

2008 1477 2204 1532 debere
2239 1477 2597 1546 praedicabat.
2626 1475 2884 1530 Cunctos
2929 1489 3000 1529 se
3031 1474 3310 1528 invicem
3347 1472 3587 1544 diligere
3612 1483 3664 1528 et

2007 1569 2267 1637 adjuvare
2307 1569 2526 1632 debere,
2567 1575 2622 1622 et
2652 1566 2943 1622 neminem
2983 1566 3065 1619 ab
3103 1564 3425 1634 adjutorio
3482 1565 3666 1623 fratris

2008 1674 2067 1714 sc
2094 1660 2413 1715 subtrahere
2436 1657 2835 1717 instruebat.“
2870 1655 3245 1710 llomieidas
3269 1672 3417 1711 vero
3446 1666 3502 1711 et
3516 1656 3666 1710 adul-

2008 1758 2174 1814 teros,
2203 1762 2267 1804 ac
2290 1757 2524 1805 cunctos
2555 1748 2959 1803 criminalibus
2983 1746 3265 1802 nexibus
3296 1748 3591 1818 alligatos,
3618 1755 3667 1803 et

2004 1840 2097 1908 qui
2120 1840 2201 1893 eis
2231 1839 2539 1910 coaequales
2558 1853 2672 1892 non
2698 1845 2889 1902 erant,
2923 1837 3267 1907 ab|eorum
3292 1839 3597 1893 vexatione
3617 1846 3666 1891 et

2005 1923 2369 1992 accusatione,
2406 1928 2640 1984 docente
2674 1928 2947 1993 Domino,
2993 1928 3401 1997 prohibebat,
3435 1936 3495 1985 et
3536 1944 3668 1983 non-

2005 2019 2111 2074 nisi
2140 2033 2170 2073 a
2194 2020 2564 2088 coasqualibus
2604 2018 2819 2089 aliquid
2848 2019 2939 2074 eis
2972 2018 3211 2075 inferri
3251 2019 3481 2076 debere
3509 2021 3667 2075 doceo

2005 2111 2127 2176 bat;
2158 2109 2286 2178 quia
2321 2109 2654 2179 discipulum
2697 2124 2877 2179 supra
2928 2111 3322 2181 magistrum
3383 2126 3537 2177 esse,
3583 2122 3667 2167 aut

2007 2199 2169 2254 ullam
2193 2198 2245 2253 ei
2288 2199 2546 2267 injuriam
2576 2198 2808 2264 inferre,
2853 2200 3233 2257 nullatenus
3264 2202 3483 2257 debere
3512 2216 3668 2273 opor-

2006 2291 2176 2349 tet.“
2208 2290 2443 2346 lnfames
2474 2292 2641 2346 etiam
2694 2306 2925 2356 omnes,
2969 2299 3034 2346 et
3076 2309 3247 2363 quos
3304 2293 3585 2364 primates
3621 2300 3667 2349 et

2006 2382 2153 2453 leges
2190 2382 2372 2438 seculi
2402 2397 2512 2436 non
2533 2382 2879 2452 suscipiunt,
2906 2384 3021 2439 sed
3054 2396 3125 2439 et
3150 2386 3351 2441 laicos
3376 2388 3452 2440 ab
3483 2394 3665 2440 eorum

2007 2472 2353 2527 accusatione
2396 2480 2451 2526 et
2497 2473 2797 2527 vexatione
2854 2488 3121 2543 semper
3180 2475 3403 2546 repelli
3447 2476 3663 2539 debere,

2007 2564 2250 2633 rogabat,
2299 2572 2353 2617 et
2401 2569 2637 2617 cunctos
2678 2563 2794 2618 illis
2838 2562 3143 2620 subditos
3196 2581 3343 2622 esse
3384 2567 3669 2637 praecipie-

2005 2654 2117 2707 bat.
2137 2654 2180 2684 "
2208 2651 2545 2706 Cunctorum
2605 2654 2985 2708 sacerdotum
3033 2656 3272 2721 vitam,
3325 2659 3669 2727 superiorem

2007 2743 2442 2812 sanctioremque
2462 2758 2527 2797 ac
2555 2743 2866 2798 discretam
2911 2760 2947 2799 a
2982 2748 3413 2803 sacularibus
3438 2758 3497 2803 et
3525 2748 3669 2804 laici:

2006 2833 2315 2889 hominibus
2335 2848 2479 2900 esse,
2502 2840 2559 2887 et
2580 2832 2917 2902 spirituales
2940 2851 3250 2907 quosque
3286 2846 3468 2909 atque
3495 2853 3663 2893 sacer-
3700 2876 3707 2883 .

2005 2924 2158 2979 dotes
2186 2938 2351 2992 super
2375 2924 2630 2977 carnales
2657 2937 2726 2976 ac
2755 2923 2947 2979 laicos
2994 2941 3267 2998 semper
3330 2931 3671 2984 constituen-

374 3013 729 3081 sapientiores
760 3019 813 3063 et
842 3010 1167 3063 austeriores
1221 3021 1443 3060 necesse
1491 3006 1769 3069 habemus,
1814 3007 1910 3075 qui
1934 3037 1974 3092 ο
2007 3013 2105 3068 dos
2133 3013 2395 3081 docebas;
2425 3014 2689 3082 quoniam
2727 3028 2836 3083 pro
2872 3015 3155 3071 minimo
3195 3020 3379 3075 nobis
3416 3036 3545 3076 esse
3582 3020 3670 3075 de.

375 3102 615 3171 quotitie
655 3116 761 3153 non
813 3106 1028 3154 cessent
1070 3097 1252 3151 divina
1292 3098 1560 3151 seminare
1596 3097 1818 3160 semina,
1850 3106 1904 3150 et

373 3193 572 3245 uiultos
598 3190 815 3245 Christo
837 3190 1056 3252 lucrari,
1088 3197 1139 3243 et
1170 3188 1239 3240 ad
1267 3194 1466 3241 rectam
1498 3186 1652 3240 fidem
1679 3194 1733 3241 et
1762 3187 1902 3240 viam

373 3280 614 3335 veritatis
663 3280 974 3349 perducere,
1019 3285 1077 3333 ut
1110 3277 1293 3347 plures
1338 3277 1640 3349 manipulos
1679 3274 1906 3332 Domino

374 3372 585 3425 valeant
638 3377 986 3440 praesentare.

440 3461 563 3515 “In
593 3461 698 3515 illis
726 3475 852 3514 vero
884 3459 1212 3523 civitatibus,
1262 3457 1320 3511 in
1355 3456 1552 3525 quibus
1589 3454 1716 3508 olim
1766 3454 1905 3523 apud

370 3552 617 3607 ethnicos
663 3551 1108 3605 archillamines“
1151 3562 1359 3611 eorum,
1396 3556 1553 3616 atque
1596 3546 1753 3614 primi
1772 3545 1905 3614 legis

371 3641 623 3695 doctores
663 3650 836 3702 erant,
887 3640 1262 3709 episcoporum
1310 3636 1568 3706 primates
1622 3634 1769 3704 poni,
1818 3635 1903 3690 vel

312 3718 321 3731 ί
371 3732 727 3801 patriarchas,
758 3731 850 3799 qui
890 3730 1221 3798 reliquorum
1272 3726 1651 3796 episcoporum
1699 3721 1903 3791 judicia

370 3833 424 3875 et
470 3822 675 3890 majora
718 3818 951 3891 (quoties
999 3832 1223 3873 necesse
1264 3815 1422 3884 foret)
1452 3814 1663 3884 negotia
1704 3813 1758 3867 in
1795 3812 1902 3868 fide

371 3912 653 3978 agitarent,
677 3918 730 3965 et
759 3907 1055 3964 secundum
1094 3906 1185 3961 Dei
1214 3906 1565 3966 voluntatem,
1599 3904 1740 3957 sicut
1766 3917 1899 3958 eati-

372 4001 660 4053 stituerunt
692 4000 862 4052 sancti
887 3998 1135 4066 apostoli,
1164 4000 1235 4049 ita
1267 4003 1324 4049 ut
1344 4011 1409 4049 ne
1433 3995 1555 4064 quis
1583 3994 1784 4062 injuste
1808 4010 1901 4064 pe-

373 4089 717 4150 riclitaretur,
774 4088 1150 4142 delinirent."
1181 4087 1237 4141 ln
1288 4088 1394 4142 illis
1438 4096 1613 4141 autem
1663 4088 1897 4141 civitati-

373 4178 497 4240 bus,
522 4177 577 4231 in
605 4179 799 4247 quibus
836 4178 1037 4231 dudum
1075 4177 1215 4245 apud
1243 4178 1523 4245 praedictos
1543 4189 1694 4232 erant
1716 4180 1898 4233 archi-

371 4267 637 4330 llamines,
666 4283 801 4337 quos
830 4276 1007 4321 tamen
1038 4269 1274 4322 minores
1302 4269 1553 4321 tenebant
1595 4283 1752 4336 quam
1787 4286 1900 4325 me--

372 4366 609 4413 moratos
637 4360 911 4428 primates,
930 4357 1360 4426 archiepiscopos
1394 4358 1601 4413 institui
1623 4362 1893 4430 praecepit,
1927 4355 1974 4414 D
1997 4368 2167 4439 σηουίε
2194 4366 2283 4420 bos
2308 4381 2663 4433 possessorem

370 4451 461 4518 qui
509 4465 616 4503 non
658 4457 835 4504 tamen
878 4448 1186 4516 primatum,
1233 4448 1327 4502 sed
1371 4449 1899 4521 archiepiscoporum

372 4542 677 4595 fruerentur
720 4539 955 4593 nomine.
1007 4537 1389 4606 Episcoporum
1439 4542 1896 4609 quoquejudicia,

372 4639 430 4684 ut
477 4629 728 4700 superius
759 4633 1111 4683 memoratum
1158 4633 1261 4691 est,
1287 4637 1339 4680 et
1378 4629 1585 4697 majora
1634 4632 1901 4690 Ecclesia-

369 4737 489 4775 rum
533 4721 764 4791 negotia,
810 4720 856 4775 si
903 4718 1002 4788 ipsi
1046 4716 1475 4780 reclamaverint,
1520 4727 1614 4775 aut
1657 4722 1891 4793 aliquem

370 4813 633 4874 timorem,
660 4818 751 4864 aut
782 4811 914 4865 istos
956 4808 1039 4862 vel
1076 4807 1211 4861 alios
1252 4817 1534 4876 suspectos
1583 4812 1891 4883 habuerint,

371 4902 435 4953 ad
458 4902 566 4969 jam
598 4903 771 4955 dictos
801 4901 1054 4969 primates
1087 4898 1169 4952 vel
1209 4900 1564 4966 patriarchas,
1592 4922 1661 4959 ne
1699 4909 1893 4977 aliquis

372 4999 623 5043 nocenter
644 4992 687 5023 ⁵⁷
717 4991 932 5059 periret,
961 4988 1243 5043 transferri
1289 4992 1568 5058 perdocuit
1582 4995 1646 5050 ⁸⁸.
1680 4995 1737 5050 In
1780 5001 1896 5053 sin-

371 5081 508 5148 gulis
532 5096 656 5133 vero
683 5080 902 5150 reliquis
948 5080 1255 5134 civitatibus
1284 5081 1548 5151 singulos,
1582 5093 1635 5140 et
1664 5096 1770 5141 non
1811 5090 1895 5143 bi-

374 5185 471 5224 nos
496 5171 575 5224 vel
602 5177 782 5225 ternos
810 5179 899 5224 aut
923 5171 1102 5240 plures
1126 5171 1427 5241 episcopos,
1450 5178 1706 5231 constitui
1746 5195 1887 5248 prte-

440 5382 605 5415 504...’
703 5383 922 5415 noun-.1.
959 5404 991 5415 α.
1033 5388 1088 5415 ιι
1144 5390 1205 5415 an
1303 5392 1514 5415 uncum.
1543 5396 1706 5415 _--js_
1736 5397 1761 5415 I,
1802 5414 1837 5415 η
1972 5410 1984 5415 -
2062 5402 2096 5415 ,ι
2164 5404 2173 5415 .

440 5384 484 5413 δ’
496 5399 625 5438 esse.
703 5384 748 5418 '°
763 5384 1012 5453 Mattli.v,
1031 5388 1229 5448 11-16.
1303 5395 1345 5424 ⁵¹
1364 5392 1519 5448 Deest
1542 5396 1713 5449 media
1736 5397 1847 5451 haec

371 5452 589 5539 uirisque
628 5520 646 5539 Δ
741 5451 882 5539 Dis-tl:
905 5456 1015 5539 89,,
1041 5457 1103 5510 In
1149 5460 1615 5539 illis-civitatibuﬁ
1664 5474 1717 5539 et
1738 5465 1848 5539 Δ[ιω

1757 5414 1847 5451 nec
1870 5402 2134 5456 sententia
2164 5404 2218 5457 in
2253 5402 2489 5459 Luccnsl
2534 5408 2752 5466 codice.
2833 5415 2885 5447 "
2906 5415 3063 5477 Ibid.
3122 5428 3208 5482 16

1762 5465 1868 5521 Leo
1900 5468 1987 5539 IX,
2019 5487 2103 5539 op.
2137 5472 2191 5527 3.
2272 5474 2317 5506 ³⁸
2353 5475 2516 5539 primi
2550 5482 2859 5539 sacerdotes
2895 5468 3181 5539 natui;m.c
3220 5473 3234 5486 ’

372 5518 509 5596 Aug.
542 5522 594 5573 in
617 5518 760 5596 Ad_r._
783 5523 905 5596 coll.
934 5518 1107 5596 datam
1170 5527 1376 5596 lngilr.,
1441 5550 1490 5587 c.
1549 5518 1637 5595 ‘33,
1664 5532 1774 5588 Jul.
1804 5518 1836 5591 é

374 5586 566 5687 libf'gt.
614 5586 1339 5687 61“'ztpnl,Jllmttp;l’cl'rus
1366 5586 1588 5670 'Ilaer,
1624 5586 1671 5657 ίῖ.
1703 5586 1792 5675 65,

372 5675 454 5725 rp.
480 5660 538 5711 ἓν..
614 5657 654 5687 ⁸³
676 5654 891 5724 Julfcp.
923 5658 975 5721 ‘2,
1000 5677 1046 5714 ρ.
1076 5654 1163 5710 ῧϋ.
1507 5654 1588 5670 Vi"
1632 5654 1669 5657 ’⁷
1712 5654 1748 5675 “⁴

2012 5538 2097 5621 -.⁸⁷
2137 5544 2256 5612 quis
2293 5538 2621 5621 innpcenter.
2652 5619 2665 5621 4
2700 5551 2749 5583 ⁸⁸
2782 5538 2983 5621 jussit.

1840 5608 2225 5685 collectionis,
2303 5617 2343 5647 ⁶¹
2370 5615 2427 5680 ‘2,
2458 5633 2513 5687 ιι.
2554 5619 2617 5688 7,
2642 5608 2804 5677 Laici
2833 5608 3677 5703 inaccusatidn'e.

2005 3103 2112 3167 bet,
2143 3112 2201 3156 ut
2231 3118 2261 3158 a
2289 3103 2494 3159 talibus
2542 3116 2858 3173 arguamur
2906 3113 2969 3161 et
3015 3106 3421 3178 iudicemur,
3469 3112 3556 3165 vel
3606 3112 3671 3165 ab

2003 3194 2238 3251 humano
2270 3194 2445 3251 die.“
2473 3194 2712 3262 Majores
2761 3211 2910 3251 vero
2948 3212 2985 3250 a
3014 3199 3392 3257 minoribus
3438 3217 3541 3257 nec
3589 3216 3672 3255 ac-

2004 3284 2183 3342 cusari
2216 3298 2316 3340 nec
2350 3284 2590 3353 judicari
2618 3286 2919 3343 ullatenus
2959 3303 3171 3357 posse
3220 3292 3510 3359 dicebat;
3543 3308 3671 3361 quo-

2003 3372 2148 3428 niam
2179 3388 2288 3427 non
2318 3375 2495 3427 solum
2537 3374 2643 3429 hoc
2692 3375 2958 3443 divinas,
2989 3382 3117 3436 sed
3153 3389 3223 3437 et
3274 3384 3443 3456 leges
3494 3382 3670 3439 saeculi

2004 3465 2243 3519 inhibere
2272 3465 2523 3520 docebat.

2072 3555 2268 3611 Omnes
2287 3571 2419 3624 ergo
2451 3555 2628 3626 legum
2652 3555 2999 3613 divinarum
3038 3562 3331 3619 libenter
3355 3565 3668 3627 violatores,

2002 3652 2055 3700 ct
2093 3658 2372 3698 sacrarum
2416 3645 2839 3700 institutionum
2875 3650 3258 3710 voluntarie
3316 3657 3673 3726 perturbato-

2000 3749 2109 3800 res,
2155 3735 2526 3789 ecclesiastica
2576 3735 2847 3806 indignos
2903 3744 3145 3810 regula
3179 3753 3246 3800 et
3280 3755 3496 3801 sancta
3522 3761 3669 3800 come

2000 3824 2255 3877 munione
2304 3823 2607 3891 judicabat;
2662 3826 3043 3894 Operatores
3104 3851 3269 3891 vero
3321 3840 3670 3902 earumdem,

1999 3917 2185 3984 eisque
2212 3915 2544 3979 obedientes,
2567 3924 2950 3989 utrarumque
2976 3936 3065 3977 ac
3101 3938 3479 3983 camerarum
3510 3930 3672 3982 bona.

2000 4021 2119 4059 rum
2160 4006 2355 4075 dignos
2403 4018 2528 4060 esse
2575 4005 2822 4061 dicebat.
2870 4007 3067 4069 Unde
3134 4023 3204 4071 et
3274 4022 3592 4090 prophetas
3624 4020 3673 4073 in

2000 4097 2365 4153 testimonium
2407 4096 2660 4151 sumebat
2685 4099 2960 4165 :Audite,
2995 4107 3181 4173 creti,
3213 4120 3273 4163 et
3310 4113 3547 4165 auribus
3569 4127 3675 4179 per-

2000 4189 2127 4255 cipe,
2168 4196 2328 4250 terra,
2369 4188 2620 4256 quoniam
2668 4187 2949 4246 Dominus
3016 4197 3285 4256 locum.
3350 4215 3480 4260 3“;
3520 4202 3675 4258 ις’ίιίω

1999 4278 2219 4331 enutrivi
2255 4286 2303 4331 et
2350 4278 2605 4343 exaltavi,
2639 4278 2747 4347 ipsi
2791 4292 2994 4338 autem
3038 4304 3411 4358 ερνευεηιηι
3443 4313 3550 4351 me,
3583 4294 3675 4350 Co.

2700 4386 2892 4435 suum,
2935 4383 2995 4428 et
3047 4384 3276 4440 asinus
3302 4403 3555 4458 prtzsepc
3594 4387 3676 4440 ἀο-

1999 4460 2126 4511 mini
2158 4458 2259 4519 sui,
2292 4456 2465 4510 Israel
2497 4468 2676 4513 autem
2716 4476 2824 4515 non
2860 4476 3161 4535 cognovit
3210 4456 3332 4543 me,
3370 4490 3428 4533 et
3465 4456 3675 4548 populus

1998 4564 2137 4601 meus
2154 4563 2255 4600 non
2285 4548 2564 4604 intellexit.
2594 4550 2682 4603 Vw
2704 4555 2856 4620 genti
2888 4567 3248 4623 peccatrici
3269 4570 3291 4622 !
3316 4572 3527 4639 populo
3545 4569 3675 4641 gravi

1997 4638 2289 4707 iniquitate,
2322 4639 2510 4691 semini
2558 4656 2815 4710 nequam,
2850 4648 2999 4713 ﬁliis
3064 4638 3439 4715 sceleratis;
3492 4638 3677 4714 mm“.

2000 4817 2289 4912 abalienati.
2309 4828 2431 4870 sunt
2459 4829 2777 4878 retrorsum.
2814 4792 3572 4912 Super

1997 4909 2157 5007 ult-ra,
2187 4906 2436 4961 addentes
2466 4914 2993 4977 prwvaricationem
3016 4906 3075 4980 2V
3108 4906 3315 4990 Omne
3370 4949 3541 5007 caput
3572 4938 3678 4991 lan-

1993 4999 2228 5098 guidum,
2252 5010 2301 5053 et
2330 5016 2481 5054 omne
2527 5019 2619 5056 cor
2658 5021 2899 5064 mwrens
2928 5028 2950 5066 :
2971 5032 3011 5069 α
3054 5023 3292 5088 planta
3340 4999 3503 5098 pedis
3530 5045 3678 5098 usqu:

1994 5092 2063 5145 ad
2092 5094 2328 5145 verticem
2350 5107 2451 5146 non
2484 5104 2562 5147 est
2588 5095 2644 5147 in
2670 5112 2732 5151 eo
2759 5103 2995 5159 sanitas
3016 5123 3041 5161 :
3084 5117 3320 5173 vulnus

3364 5132 3421 5176 ιι
3465 5124 3615 5184 livor,
3637 5129 3676 5174 et

1994 5183 2153 5252 plaga
2186 5192 2387 5236 tumens
2412 5200 2519 5237 non
2538 5195 2618 5239 est
2651 5187 3096 5268 circumligata,

3138 5222 3255 5263 nec
3292 5225 3507 5268 curata
3535 5216 3678 5267 medi-

3318 5434 3373 5467 ⁵³
3395 5436 3503 5489 Ms.
3553 5433 3677 5499 Spa-

3306 5504 3363 5536 “
3394 5505 3543 5560 \‘idc
3566 5504 3677 5556 Ant.

3125 5568 3185 5602 "
3238 5570 3309 5625 In
3379 5571 3550 5629 De".
3573 5573 3675 5623 lvo.

2893 5489 3210 5556 ﬂamines.
