3740 6288
1473 373 1818 433 EPISTOLIE
1857 374 2302 433 DECRETALES

3374 386 3480 448 473

31 461 101 536 ίῖἷ
138 461 551 563 ιθρξςξέτϊνς
583 463 732 531 lota
779 474 962 537 oleo.
1022 484 1223 545 Terra
1261 501 1430 547 vestra
1474 492 1699 551 deserta.
1726 494 1845 548 civi-
1877 506 1912 563 Α
1945 492 2214 562 episcopis
2250 492 2305 547 in
2340 492 2592 548 omnibus
2622 492 2828 563 absque
2860 507 3013 547 mora
3037 492 3369 561 obedientes,
3395 500 3481 554 iu-

34 606 59 636 tu

298 552 659 656 “Tal?”
697 578 1055 630 ‘uccensa:
1080 595 1101 633 :
1128 583 1391 652 regionem
1420 592 1615 637 vestran

361 554 659 656 ’ξονωβθξιε
697 578 1055 630 "moenere
1080 595 1101 633 :
1128 583 1391 652 regionem
1420 592 1639 637 vestram
1661 600 1838 639 coram

48 591 124 636 ων
240 591 273 649 ζ
302 591 657 656 "gnua
697 591 1055 630 auccensa:
1080 595 1101 633 :
1128 591 1391 652 regionem
1420 592 1639 637 vestram
1661 600 1839 639 coram

48 591 286 733 ‘“‘//‘
327 638 499 733 (diem
544 646 906 727 devoranh
958 678 1023 722 et
1071 669 1409 726 desolabitur
1464 675 1597 728 sicut
1642 676 1696 727 in
1750 692 1841 729 va-

57 749 106 836 ni
367 731 610 836 Ῑξοειίίίν
636 752 703 798 ει
752 749 1309 831 άετειὶηᾳυειιινσδ.
1368 764 1477 827 Vw,
1524 763 1534 817 i

367 731 610 836 hostili,
636 752 703 798 et
752 749 1309 831 derelinquetur“.
1368 764 1477 827 γω,
1524 763 1718 834 inquit.
1752 766 1841 836 qui

228 826 325 925 eis
382 828 613 925 bonum
668 843 957 915 malum,
1010 863 1071 907 et
1114 856 1317 909 malum
1358 854 1557 920 bonum,

382 828 613 925 bonum
668 843 957 915 malum,
1010 863 1071 907 et
1114 856 1317 909 malum
1358 854 1565 920 bonum,
1597 869 1840 925 ponentes

138 902 172 919 ι
941 902 957 915 υ
1013 902 1067 907 -ν
1116 902 1316 909 --ν--νηη
1358 902 1565 920 νυν-ην,
1597 902 1838 925 (παπ.--

96 902 395 1015 liras
422 923 645 994 lucem,
672 943 731 987 et
762 936 978 996 lucem
1028 947 1299 1011 tenebras,
1330 958 1568 1015 ponentes
1601 965 1839 1002 amarum

122 999 432 1115 aged“,
464 1027 522 1074 et
558 1022 771 1081 .dulce
828 1031 902 1085 in
954 1051 1241 1092 amarum.
1276 1037 1560 1107 Propterea
1608 1041 1837 1106 captivus

182 1148 251 1193 Μ
270 1125 374 1179 ινδ
398 1121 479 1165 est
510 1116 775 1184 populus
817 1140 1017 1190 meus,
1043 1129 1175 1197 quia
1204 1140 1305 1181 non
1328 1128 1507 1181 habuit
1544 1130 1833 1196 scientiam,

206 1234 247 1276 ε(
274 1203 491 1275 nobiles
539 1208 667 1276 ejus
709 1212 1078 1270 interierunt
1117 1218 1276 1282 fame,
1326 1227 1373 1271 et
1406 1218 1681 1273 multitudo
1726 1220 1836 1288 ejus"

236 1313 312 1361 sui
354 1302 587 1356 mruit.
635 1300 971 1371 Propterea
1024 1309 1274 1361 dilatavit
1315 1310 1546 1378 infernus
1605 1310 1833 1364 animum

250 1404 407 1456 suam,
435 1400 483 1445 et
513 1393 739 1461 aperuit
780 1412 845 1448 os
894 1414 1060 1450 suum
1095 1398 1286 1469 absque
1341 1400 1449 1453 ullo
1496 1403 1731 1455 termino.
1767 1402 1837 1455 Et

252 1482 543 1537 descendent
568 1483 749 1551 fortes
779 1485 935 1553 ejus,
970 1497 1022 1540 et
1063 1489 1281 1556 populus
1312 1489 1445 1558 ejus,
1499 1500 1548 1543 et
1592 1490 1834 1545 sublimes

243 1574 553 1643 gloriosique
592 1575 717 1643 ejus
779 1576 855 1628 ad
891 1594 1039 1633 eum.
1090 1578 1157 1631 Et
1188 1579 1543 1632 incurvabitur
1586 1580 1757 1647 homo,
1787 1589 1836 1635 et

242 1663 614 1717 humiliabitur
644 1667 759 1729 vir,
795 1676 849 1720 et
875 1669 1022 1721 oculi
1049 1668 1350 1721 sublimium
1373 1670 1739 1737 deprimantur.
1769 1669 1835 1723 Et

238 1755 571 1807 excitabitur
602 1756 891 1811 Dominus
913 1759 1239 1812 exercituum
1268 1760 1321 1811 in
1334 1758 1559 1827 judicio,
1599 1770 1647 1813 et
1692 1761 1833 1815 Deus

1943 584 2199 637 stituente
2239 582 2487 647 Domino,
2527 597 2649 638 esse
2689 582 2883 638 debere
2923 584 3229 640 docebat".
3260 586 3477 645 Nullum

1941 672 2070 725 item
2099 671 2274 726 aliena
2315 672 2696 742 concupiscere
2736 680 2828 726 aut
2875 688 3216 743 praesumere,
3243 692 3362 745 qua:
3385 695 3482 733 eo—

1941 773 2063 818 rum
2093 770 2270 823 erant,
2310 763 2399 817 scd
2452 777 2889 832 unumquemque
2922 764 3038 818 suis
3088 765 3299 833 sibique
3325 783 3476 820 coni-

1941 851 2126 906 missis
2173 859 2457 906 contentos
2507 867 2628 908 esse
2657 852 2960 907 docebat".
2990 852 3266 908 Neminem
3312 858 3475 910 etiam

1941 941 2102 994 alicui
2133 940 2335 1010 aliquid
2358 942 2552 1007 facere,
2585 945 2688 999 nisi
2718 944 2861 1013 quod
2893 945 2996 999 sibi
3018 945 3133 999 ﬁeri
3161 947 3344 1010 vellet,
3388 948 3474 1000 in-

1940 1031 2202 1085 struebat.
2236 1031 2485 1086 Sanctam
2517 1048 2729 1102 quoque
2747 1033 3042 1088 Ecclesium
3075 1036 3473 1090 immaculatum

1938 1130 2125 1174 omnes
2156 1135 2370 1175 servare
2408 1122 2601 1177 debere
2637 1125 3059 1193 evangelizabat,
3098 1127 3254 1194 cujus
3295 1129 3476 1187 claves

1937 1210 2223 1279 episcopos
2258 1227 2378 1265 esse
2427 1212 2658 1267 dicebat.
2704 1213 2809 1282 Ipsi
2838 1215 2977 1267 enim
3011 1215 3206 1269 habent
3236 1226 3472 1286 potesta-

1938 1303 2045 1353 tem
2073 1301 2327 1355 claudere
2372 1304 2588 1365 varium,
2627 1310 2679 1356 et
2727 1304 2936 1372 aperire
2965 1314 3145 1373 portas
3172 1308 3309 1375 ejus,
3341 1311 3468 1379 quia

1936 1389 2115 1447 claves
2144 1392 2268 1445 caeli
2307 1390 2434 1445 facti
2463 1401 2610 1448 sunt.
2644 1393 2945 1448 Admonere
2976 1403 3153 1468 autem
3176 1412 3271 1452 eos
3298 1401 3460 1454 nemi-

1936 1494 2057 1533 nem
2087 1480 2282 1535 debere
2309 1482 2556 1546 docebat,
2582 1484 2707 1552 quia
2726 1485 2868 1537 oculi
2894 1484 3102 1541 Domini
3132 1496 3278 1552 sunt,
3307 1496 3360 1544 et
3382 1492 3471 1559 qui

1934 1585 2019 1622 eos
2051 1573 2235 1640 tangit,
2274 1575 2435 1642 tangit
2481 1573 2732 1642 pupillam
2764 1574 2901 1628 oculi
2958 1576 3144 1644 ejus".
3174 1578 3237 1631 Et
3268 1566 3472 1649 quanta

1934 1675 2092 1729 paena
2120 1662 2315 1732 dignus
2342 1666 2411 1719 sit
2451 1665 2540 1735 qui
2572 1680 2665 1719 eos
2693 1667 3047 1732 scandalizat,
3072 1669 3247 1738 ipsum
3286 1671 3470 1724 Domi-

1936 1765 2063 1804 num
2094 1752 2342 1809 docuisse
2373 1755 2610 1819 dieebttt,
2641 1756 2731 1809 ubi
2758 1757 2831 1810 ait
2863 1777 2876 1812 :
2904 1760 3006 1822 Qui
3036 1760 3469 1814 scandalizaverit

228 1855 456 1899 sanctus
492 1848 952 1916 sanctiﬁcabitur
975 1849 1031 1901 in
1054 1849 1339 1916 justitia”.
1380 1849 1636 1906 Carnales
1667 1868 1705 1919 sl

1991 1858 2090 1893 tum
2118 1843 2179 1896 de
2205 1844 2411 1911 pusillis
2452 1847 2566 1898 istis
2597 1847 2685 1916 qui
2723 1849 2776 1899 in
2806 1862 2885 1900 me
2912 1848 3146 1912 credunt,
3193 1851 3393 1919 expedit
3422 1854 3468 1905 ei

226 1937 484 1991 tualibus
514 1938 797 1995 resistere
832 1939 1173 2009 prohibebat.
1201 1939 1264 1993 Et
1289 1940 1355 1995 de
1376 1940 1459 1994 his
1484 1941 1575 2010 qui
1593 1943 1830 1997 cervices

214 2042 373 2081 suas
407 2037 608 2081 contra
641 2030 954 2098 magistros
984 2037 1039 2085 et
1085 2030 1327 2085 seniores
1374 2046 1503 2085 suos
1531 2034 1827 2102 erigebant,

215 2116 358 2170 haec
389 2117 444 2171 in
464 2119 803 2188 exemplum
837 2120 1145 2175 adducebat
1162 2122 1205 2154 “
1233 2137 1245 2171 :
1272 2120 1521 2175 Detracta
1548 2133 1624 2177 est
1654 2124 1720 2177 ad
1748 2127 1830 2179 in-

204 2204 383 2274 feros
419 2209 686 2277 superbia
718 2219 840 2273 tua,
878 2212 1105 2264 concidit
1122 2210 1166 2251 ⁸⁷
1193 2212 1412 2267 cadaver
1448 2223 1626 2270 tuum:
1656 2214 1831 2270 subter

205 2310 270 2352 te
305 2306 595 2354 sternetur
636 2302 812 2366 tinea,
846 2308 896 2355 et
927 2302 1300 2370 operimentum
1337 2313 1481 2355 tuum
1524 2320 1673 2358 erunt
1714 2323 1824 2359 ver-

200 2407 367 2445 mes.
403 2391 702 2457 Quomodo
743 2392 987 2445 cecidisti
1022 2393 1085 2446 de
1124 2395 1270 2459 cwlo,
1302 2393 1534 2463 Lucifer,
1563 2398 1651 2466 qui
1681 2414 1829 2451 mane

196 2480 500 2535 oriebaris
520 2484 545 2536 ?
564 2481 851 2536 Corruisti
874 2484 926 2534 in
949 2489 1165 2545 terram,
1188 2485 1277 2552 qui
1303 2485 1612 2539 vulnerabas
1631 2497 1825 2553 gentes,

190 2572 313 2639 qui
351 2571 579 2626 dicebas
607 2573 667 2626 in
701 2573 864 2626 corde
889 2582 979 2627 tuo
1004 2588 1022 2625 :
1053 2572 1119 2626 In
1141 2576 1324 2627 caelum
1351 2576 1712 2644 conscendam,
1739 2594 1830 2630 δα-

186 2675 311 2726 per
336 2672 498 2716 astra
528 2662 638 2717 Dei
662 2662 922 2716 exaltabo
950 2664 1140 2717 solium
1164 2680 1364 2729 meum;
1387 2664 1568 2721 sedebo
1586 2668 1638 2719 in
1659 2677 1829 2743 monte

190 2750 596 2818 Testamenti,
644 2756 701 2808 in
742 2755 1002 2808 lateribus
1047 2756 1336 2825 aquilonis;
1367 2758 1643 2810 ascendam
1673 2774 1827 2826 super

186 2843 585 2899 altitudinem
614 2846 867 2909 nubium,
891 2846 1082 2898 similis
1109 2862 1197 2899 ero
1224 2845 1518 2901 Altissimo.
1559 2846 1828 2901 Verumta-

187 2950 346 2989 men
384 2937 460 2989 ad
490 2936 774 3004 infernum
803 2936 1099 2989 detraheris
1126 2937 1176 2988 in
1202 2936 1517 3005 profundum
1563 2939 1682 2992 laci.
1719 2939 1822 3004 Qui

188 3034 256 3078 te
296 3027 578 3091 viderint,
617 3027 693 3081 ad
730 3037 785 3087 te
830 3028 1244 3091 inclinabantur,
1277 3038 1421 3098 teque
1465 3031 1823 3098 prospicient;

189 3117 480 3187 nunquid
514 3119 626 3171 iste
658 3128 744 3171 est
773 3120 876 3182 vir,
901 3118 991 3187 qui
1020 3117 1246 3172 turbavit
1271 3118 1316 3149 ⁸⁸
1342 3128 1555 3185 terram,
1581 3120 1670 3188 qui
1697 3136 1819 3173 con-

186 3210 404 3263 cussit
453 3226 651 3279 regna,
686 3210 783 3278 qui
836 3209 1012 3276 posuit
1057 3208 1229 3262 orbem
1276 3208 1554 3273 desertum,
1591 3219 1641 3262 et
1671 3209 1821 3263 urbes

183 3299 336 3367 ejus
385 3296 697 3362 destruxit,
730 3299 923 3351 vinctis
958 3298 1070 3365 ejus
1103 3315 1203 3352 non
1225 3300 1433 3366 aperuit
1464 3316 1725 3353 carcerem
1743 3301 1825 3355 "‘2

185 3388 581 3445 Ebrietatem
610 3389 822 3460 oppido
854 3388 1197 3457 prohibebat,
1226 3398 1280 3444 et
1295 3389 1561 3455 ebriosos,
1593 3406 1823 3462 corpore

185 3488 255 3534 et.
297 3482 512 3535 animo
534 3490 798 3534 mortuos
829 3491 949 3533 esse
980 3478 1339 3547 praedicabat;
1371 3480 1435 3535 de
1456 3482 1653 3548 quibus
1686 3491 1737 3536 et
1766 3483 1821 3536 in

187 3572 556 3640 exemplum
632 3570 864 3625 aiebat:
903 3568 989 3622 Va:
1040 3571 1128 3639 qui
1178 3572 1489 3640 consurgitis
1545 3588 1694 3624 mane
1754 3571 1821 3624 ad

185 3662 550 3718 ebrietatem
583 3659 928 3725 sectandam,
965 3670 1013 3713 et
1042 3659 1329 3729 potandum
1368 3677 1527 3729 usque
1564 3660 1631 3713 ad
1654 3676 1823 3728 vespe-

190 3769 373 3819 ram,
394 3764 453 3805 ut
471 3751 601 3808 vino
634 3751 875 3805 testuetis
900 3769 918 3806 :
949 3750 1177 3814 cithara,
1195 3760 1244 3802 at
1270 3750 1404 3820 lyra,
1432 3762 1479 3802 et
1496 3760 1818 3820 tympanum,

185 3857 253 3898 et
282 3844 462 3913 tibia,
493 3853 549 3899 et
579 3844 767 3897 vinum
793 3842 846 3894 in
866 3841 1112 3894 conviviis
1142 3842 1322 3894 vestris
1348 3856 1365 3893 :
1391 3850 1440 3895 et
1460 3856 1583 3907 opus
1609 3840 1820 3894 Domini

186 3953 326 3990 non
363 3934 671 4004 respicitis,
710 3949 804 3985 nec
856 3947 1012 3999 opera
1067 3949 1317 3985 manuum
1363 3934 1473 3998 ejus
1529 3932 1822 3985 considera-

187 4037 279 4081 ns
296 4020 385 4082 “.
420 4026 491 4079 Et
515 4026 733 4080 iterum
760 4042 773 4077 :
813 4022 902 4075 Va:
924 4027 1013 4091 qui
1037 4032 1266 4090 potentes
1300 4025 1425 4076 estis
1455 4023 1521 4077 ad
1546 4021 1820 4076 bibendum

185 4120 433 4182 vinum,
465 4125 523 4171 et
554 4115 662 4169 viri
704 4112 868 4182 fortes
912 4112 981 4165 ad
1017 4111 1335 4167 miscendam
1365 4112 1704 4166 ebrietatem:
1729 4116 1819 4182 qui

176 4210 555 4278 jutiﬁcatis
585 4206 814 4274 impium
840 4220 933 4272 pro
966 4204 1285 4268 muneribus,
1315 4214 1363 4257 et
1382 4203 1647 4271 justitiam
1680 4203 1817 4271 justi

187 4301 465 4369 σείεται
500 4301 572 4350 ab
617 4313 704 4350 eo.
739 4294 966 4363 Propter
1006 4296 1124 4358 hoe,
1154 4296 1288 4348 sicut
1319 4294 1530 4346 devorat
1568 4295 1817 4362 stipulam

188 4393 417 4461 lingua
438 4390 615 4459 ignis,
648 4396 699 4440 et
723 4385 871 4439 calor
891 4387 1120 4452 ﬂamma:
1150 4385 1344 4447 exurit,
1370 4384 1445 4437 sic
1469 4384 1623 4436 radix
1640 4400 1816 4439 eorum

1930 1941 1987 1981 ut
2015 1932 2363 2000 suspendatur
2388 1936 2526 1987 mola
2555 1936 2791 1989 asinaria
2817 1936 2869 1989 in
2893 1938 3026 1991 collo
3048 1940 3179 2007 ejus,
3199 1950 3246 1993 et
3271 1939 3471 1994 demer-

1928 2031 2084 2089 gatur
2112 2024 2163 2074 in
2188 2024 2500 2092 profundum
2532 2027 2713 2080 maris.
2747 2026 2835 2081 Va:
2861 2028 3053 2083 mundo
3094 2046 3125 2082 a
3168 2029 3470 2086 scandulis!

1934 2108 2152 2165 Necesse
2178 2122 2254 2167 est
2282 2116 2416 2167 enim
2457 2125 2513 2167 ut
2539 2117 2742 2169 veniant
2785 2119 3036 2173 scandala
3066 2137 3083 2174 :
3116 2129 3466 2174 verumtamen

1930 2219 2003 2257 va:
2026 2203 2220 2257 homini
2247 2206 2345 2268 illi,
2379 2221 2469 2273 per
2501 2221 2646 2274 quem
2673 2206 2977 2262 scandalum
3012 2210 3177 2263 venit!
3203 2208 3265 2263 Si
3294 2220 3468 2264 autem

1930 2308 2113 2347 manus
2138 2305 2236 2355 tua
2268 2296 2597 2349 scandalizat
2628 2307 2694 2360 te,
2724 2297 2964 2351 abscinde
2994 2316 3130 2365 eam,
3179 2309 3228 2354 et
3274 2302 3469 2369 projice

1927 2386 2018 2437 abs
2050 2394 2114 2440 te.
2146 2385 2345 2438 Bonum
2376 2396 2452 2438 est
2502 2387 2594 2440 tibi
2648 2388 2715 2440 ad
2750 2390 2908 2441 vitam
2966 2391 3164 2459 ingredi
3219 2390 3460 2455 debilem,

1926 2491 2081 2543 quam
2129 2474 2260 2529 duas
2314 2492 2498 2531 manus
2556 2478 2822 2531 habentem
2881 2483 3018 2534 mitti
3076 2483 3129 2535 in
3184 2484 3467 2551 gehennam

1925 2562 2079 2636 ignis.
2113 2567 2181 2619 Et
2208 2569 2255 2622 si
2299 2581 2384 2635 pes
2425 2578 2543 2623 tuus
2570 2570 2895 2625 scandalizat
2926 2582 2992 2636 te,
3045 2573 3286 2627 abscinde
3313 2591 3454 2641 eum,

1924 2667 1971 2710 et
2003 2659 2195 2725 projice
2224 2658 2315 2711 abs
2341 2668 2405 2713 te.
2433 2660 2635 2712 Bonum
2682 2670 2759 2714 est
2800 2661 2892 2713 tibi
2940 2663 3154 2716 introire
3185 2663 3253 2716 ad
3302 2667 3464 2719 vitam

1924 2746 2187 2815 claudum,
2216 2763 2370 2817 quam
2399 2749 2527 2803 duos
2557 2749 2705 2818 pedes
2732 2749 2999 2804 habentem
3051 2754 3186 2805 mitti
3216 2757 3266 2806 in
3298 2754 3464 2824 ignem

1926 2845 2193 2892 veternum.
2222 2838 2287 2890 Et
2316 2840 2362 2892 si
2389 2841 2566 2893 oculus
2603 2850 2721 2893 tuus
2743 2842 3070 2895 scandalizat
3094 2852 3297 2908 te,erue
3323 2862 3461 2909 eum,

1921 2936 1969 2980 et
1995 2928 2189 2995 projice
2206 2929 2296 2983 abs
2325 2939 2390 2983 te.
2416 2930 2616 2983 Bonum
2637 2941 2711 2984 est
2738 2933 2829 2985 tibi
2863 2948 3022 2985 unum
3045 2935 3459 2991 oculumhaben-

1925 3023 2025 3069 tem
2058 3020 2110 3070 in
2136 3018 2293 3072 vitam
2334 3020 2567 3083 introire,
2598 3036 2751 3091 quam
2799 3021 2929 3076 duos
2985 3024 3159 3078 oculos
3196 3025 3463 3081 habentem

1925 3108 2061 3160 mitti
2077 3110 2127 3161 in
2142 3110 2423 3178 gehennam
2444 3112 2596 3180 ignis.
2630 3112 2820 3177 Videte,
2844 3131 2905 3166 ne
2934 3118 3271 3171 contemnatis
3302 3134 3460 3172 unum

1922 3212 1985 3248 ea:
2005 3197 2084 3250 his
2104 3199 2330 3265 pusillis.
2364 3201 2525 3254 Anton
2556 3201 2670 3254 dico
2703 3205 2841 3255 vobis
2869 3222 2887 3258 :
2920 3204 3244 3276 Qua'cunque
3273 3208 3464 3278 alliga-

1923 3289 2095 3341 veritis
2142 3306 2294 3358 super
2327 3301 2541 3354 terram,
2572 3302 2721 3345 erunt
2772 3294 2993 3362 alligata
3043 3306 3090 3349 et
3141 3298 3192 3350 in
3222 3302 3348 3352 cwlo
3372 3315 3391 3350 :
3411 3308 3463 3355 et

1922 3394 2230 3450 quacunque
2252 3383 2508 3435 solverilis
2530 3398 2680 3450 super
2710 3392 2926 3449 terram,
2951 3397 3101 3440 erunt
3132 3388 3305 3442 soluta
3336 3401 3385 3444 et
3406 3392 3460 3447 in

1922 3470 2066 3524 ca'lo.
2108 3469 2306 3523 lterum
2347 3472 2461 3524 dico
2500 3472 2661 3534 vobis,
2701 3476 2824 3544 quia
2856 3477 2902 3527 si
2939 3476 3041 3530 duo
3073 3491 3137 3530 ea:
3169 3478 3308 3532 vobis
3337 3498 3461 3535 catt-

1920 3561 2171 3612 senserint
2198 3576 2349 3628 super
2380 3570 2594 3627 terram,
2630 3561 2692 3615 de
2722 3560 2871 3617 omni
2913 3582 2967 3618 re
2993 3583 3347 3639 quamcunque
3372 3588 3462 3640 pe-

1923 3651 2114 3714 tierint,
2146 3651 2233 3718 ﬁet
2280 3652 2386 3705 illis
2415 3668 2447 3705 a
2483 3651 2647 3706 Patre
2681 3670 2811 3716 utea,
2860 3656 2948 3724 qui
2980 3658 3030 3708 in
3062 3658 3200 3710 caelis
3229 3668 3328 3714 est.
3362 3659 3461 3716 Ubi

1919 3741 2052 3793 enim
2078 3750 2199 3793 sunt
2225 3740 2327 3793 duo
2350 3743 2426 3796 vel
2457 3752 2557 3796 tres
2599 3747 2895 3814 congregati
2923 3747 2974 3799 in
3002 3747 3205 3801 nomine
3232 3766 3364 3815 meo,
3387 3751 3459 3805 ibi

1919 3846 2033 3882 sum
2076 3832 2128 3882 in
2158 3831 2324 3884 medio
2358 3849 2535 3885 eorum
2555 3833 2621 3888 ⁷³.
2650 3833 2712 3887 Et
2742 3835 2934 3888 iterum
2986 3852 3079 3904 per
3136 3839 3455 3907 prophetam

1919 3919 2177 3989 loquitur,
2209 3922 2394 3977 dicens
2422 3942 2435 3977 :
2465 3923 2707 3992 Expavit,
2740 3926 2935 3994 inquit,
2954 3927 3134 3981 caelum
3162 3945 3318 3996 super
3338 3934 3453 3994 hoc,

1916 4019 1965 4063 et
1994 4010 2199 4064 horruit
2245 4014 2470 4080 amplius
2515 4016 2848 4084 vehementer,
2881 4017 3008 4070 dicit
3056 4018 3308 4074 Dominus
3323 4022 3387 4077 ".
3412 4022 3456 4077 Ο

1918 4100 2304 4156 intolerabilem
2355 4104 2760 4174 malignitatem,
2793 4124 2826 4161 o
2854 4108 3087 4179 linguam
3118 4110 3456 4181 iniquitatem

1918 4190 2221 4260 loquentem
2250 4203 2436 4247 contra
2468 4195 2654 4263 Deum,
2679 4205 2732 4251 et
2773 4208 3004 4254 mentem
3034 4201 3088 4255 in
3118 4203 3456 4261 altitudinem

1916 4295 2083 4335 cornu
2114 4272 2487 4338 extollentem!
2523 4284 2587 4338 Et
2617 4287 2807 4341 iterum
2840 4308 2854 4344 :
2888 4289 3121 4359 Impone,
3148 4292 3322 4359 homo,
3352 4306 3456 4349 tua:

1918 4371 2109 4439 lingula
2125 4373 2314 4425 ostium
2341 4382 2389 4427 et
2417 4392 2608 4431 seram.
2633 4378 2819 4442 Cessa,
2845 4396 3013 4435 cornu
3039 4382 3093 4437 in
3115 4384 3454 4440 altitudinem

184 4484 385 4551 quasi
413 4480 621 4549 favilla
661 4478 786 4539 erit,
819 4486 869 4529 et
896 4491 1100 4545 germen
1128 4491 1307 4528 eorum
1351 4484 1405 4525 ut
1434 4474 1599 4540 pulvis
1634 4491 1814 4529 αδσιη-
1844 4484 1888 4536 ι)
1917 4464 2200 4527 extollens,
2229 4474 2282 4520 et
2333 4467 2562 4536 loquens
2604 4469 2865 4525 adversus
2910 4470 3076 4526 Deum
3117 4473 3453 4543 iniquitatem

186 4574 331 4628 det.
376 4570 719 4640 Abjecerunt
758 4567 897 4621 enim
944 4567 1105 4635 legem
1154 4565 1363 4617 Domini
1402 4567 1740 4629 exercituum,
1768 4577 1818 4619 et

183 4665 501 4735 eloquium
530 4660 727 4716 Sancti
759 4657 935 4711 Israel
966 4656 1469 4724 blasphemaverunt.
1496 4654 1620 4710 Ideo
1650 4659 1817 4712 iratus

183 4767 291 4810 est
347 4756 511 4824 furor
545 4750 773 4804 Domini
799 4749 854 4801 in
877 4746 1068 4815 populo
1095 4761 1212 4807 suo,
1244 4755 1294 4797 et
1334 4743 1562 4797 extendit
1606 4764 1816 4799 manum

186 4866 388 4906 suam
411 4861 579 4915 super
606 4857 751 4906 eum,
776 4849 825 4892 et
852 4837 1105 4905 percussit
1138 4852 1274 4888 eum.
1298 4832 1366 4885 Et
1390 4835 1819 4889 conturbatisunt

188 4950 463 5002 montes,
488 4946 541 4991 et
578 4935 731 5003 facta
774 4940 895 4982 sunt
928 4926 1206 4979 morticina
1236 4938 1415 4976 eorum
1441 4925 1592 4990 quasi
1619 4934 1815 4979 stercus

188 5035 262 5088 in
305 5030 498 5085 medio
541 5024 871 5095 platearum.
900 5018 964 5070 In
993 5016 1229 5070 omnibus
1260 5013 1341 5064 his
1371 5027 1467 5063 non
1496 5022 1571 5064 est
1604 5032 1813 5068 aversus

184 5126 391 5194 {urar
420 5120 566 5187 ejus,
596 5113 691 5168 sed
736 5110 907 5164 adhuc
936 5123 1124 5161 manus
1159 5102 1587 5194 ejusextenta“,
1620 5106 1666 5136 ἠ
1683 5105 1815 5159 Νυι-

188 5191 348 5272 lum
374 5207 615 5267 etiam"
648 5202 1031 5275 presbyterum
1053 5200 1106 5250 in
1133 5193 1364 5260 alicujus
1385 5191 1623 5261 episcopi
1654 5212 1816 5265 paro-

182 5307 361 5363 chi:
401 5299 619 5370 aliquid
654 5309 823 5364 agere
851 5293 1065 5357 debere,
1095 5290 1300 5355 absque
1347 5285 1459 5350 ejus
1504 5291 1811 5355 permissu,

189 5391 580 5457 mutabat";
639 5385 742 5439 sed
790 5389 845 5437 et
890 5386 1116 5434 cunctos
1172 5374 1506 5445 presbyteros
1559 5383 1811 5450 propriis

282 5554 346 5586 ⁸⁸
372 5547 497 5601 lsai.
533 5560 575 5604 t,
605 5542 642 5594 2
665 5546 724 5593 οἱ
761 5551 880 5602 εθαο

186 5640 356 5691 seq.
431 5612 716 5691 Tini-3;
742 5605 1038 5691 ‘13‘359;
1085 5605 1162 5691 Il.-

188 5664 409 5762 52%;.
655 5664 1039 5762 'i‘acontentu'm
1080 5664 1215 5719 abire
1270 5670 1503 5727 oportere.

189 5740 314 5812 ἴον]
344 5740 464 5812 Cor.
501 5765 631 5813 sm,
670 5740 745 5796 ΓΞ

1099 5593 1326 5666 ηιθεᾱ..
1354 5591 1418 5643 22
1440 5603 1489 5646 et
1505 5591 1642 5666 seq.
1702 5639 1711 5647 .

1918 4562 1972 4608 et
2020 4556 2325 4623 proximum
2370 4566 2545 4614 tuum.
2598 4558 2893 4630 Quousque
2942 4564 3172 4618 insultas
3228 4564 3452 4632 patienti

1914 4646 2129 4700 Christo
2162 4653 2216 4702 et
2245 4647 2538 4704 fratribus?
2562 4649 2652 4705 Sic
2695 4659 2876 4708 autem
2906 4665 3188 4723 peccantes
3239 4656 3295 4707 in
3343 4654 3453 4708 ira-

1914 4748 2045 4801 tres,
2073 4746 2126 4793 et
2155 4741 2515 4807 percutientes
2538 4757 2725 4796 eorum
2758 4742 3023 4796 inﬁrmam
3069 4742 3450 4798 conscientiam

1915 4832 1968 4885 in
1994 4832 2268 4888 Christum
2301 4834 2537 4903 graviter
2563 4835 2797 4903 peccatis
2816 4836 2882 4897 ⁸ο,
2906 4845 2958 4889 et
2980 4835 3058 4887 rei
3096 4833 3302 4902 judicio
3323 4835 3454 4891 elle-

1913 4924 2008 4985 cti,
2051 4923 2277 4978 infames
2320 4922 2643 4988 eiliciemini,
2681 4932 2734 4979 et
2778 4925 2922 4992 juste
2975 4926 3327 4994 repelleniini.
3386 4927 3459 4981 Et

1914 5013 2105 5067 iterum
2139 5030 2231 5082 per
2253 5015 2563 5083 prophetam
2595 5014 2850 5083 loquitur,
2883 5011 3067 5070 dicens
3098 5031 3111 5066 :
3148 5015 3248 5071 Vos
3277 5029 3449 5075 autem

1912 5101 2201 5156 sacerdotes
2230 5102 2441 5157 Domini
2455 5102 2814 5167 .vocabimini;
2845 5106 3069 5159 ministri
3116 5109 3213 5160 Dei
3261 5115 3449 5179 nostri,

1911 5193 2110 5247 dicetur
2140 5192 2278 5247 vobis
2303 5208 2322 5246 :
2348 5191 2727 5246 Fortitudinem
2752 5195 2979 5262 gentium
3006 5195 3300 5261 comedetis,
3323 5211 3371 5253 et
3396 5203 3451 5256 in

1912 5287 2080 5357 gloria
2125 5302 2299 5339 eorum
2328 5284 2649 5352 superbietis.
2684 5280 2789 5335 Pro
2818 5284 3118 5352 confusione
3156 5298 3324 5343 vestra
3352 5290 3452 5341 άτι-

1913 5380 2036 5450 plici
2062 5393 2110 5433 et
2145 5378 2349 5440 rubore,
2406 5373 2694 5427 laudabunt
2744 5384 2942 5441 partem
2996 5392 3195 5430 eorum.
3230 5377 3453 5448 Propter

987 5534 1031 5564 "
1048 5528 1167 5584 lsai.
1190 5543 1240 5586 ν,
1265 5525 1333 5577 20
1362 5532 1409 5577 et
1434 5542 1543 5595 seq.
1614 5531 1666 5561 “
1702 5532 1928 5590 dicebat.
2004 5533 2046 5565 "
2071 5532 2278 5588 cecidit.
2319 5530 2361 5563 ⁸⁸
2384 5527 2515 5582 Luc.
2547 5527 2889 5587 conturbavit.
2957 5532 3000 5563 ⁶⁹
3021 5530 3146 5584 lsai.
3178 5546 3294 5590 xw,
3322 5535 3381 5587 Η
3402 5545 3456 5590 et

991 5617 1006 5632 .
1099 5598 1141 5628 τι
1172 5593 1278 5632 ΙΙιεΛ
1315 5629 1325 5632 _
1354 5591 1418 5632 99
1440 5603 1488 5632 ρι
1516 5611 1620 5632 cM
1770 5603 1816 5632 rs
1839 5603 1950 5632 ιη...
2006 5610 2153 5632 -..ηερ
2207 5601 2269 5632 ιη
2369 5598 2413 5629 η
2438 5596 2511 5632 Mn
2565 5599 2695 5632 ωε...
2813 5599 2861 5630 1s
2911 5600 3113 5632 ..ηιηιιηι
3239 5600 3289 5630 1s
3321 5602 3430 5632 η...

1702 5639 1711 5647 ς
1770 5604 2288 5671 "Can.apost.40.
2369 5604 2720 5652 "Ms.cnim.
2813 5604 2861 5630 ⁷⁸
2911 5604 3135 5654 volebat.
3239 5604 3289 5630 ⁷⁵
3321 5604 3455 5656 Cain.

1642 5669 1694 5699 7"
1725 5668 1892 5725 Zach.
1940 5687 2000 5739 ιι,
2066 5671 2118 5727 8.
2148 5670 2197 5703 ⁷⁸
2269 5666 2451 5724 Matth.
2492 5683 2643 5735 ινιιι,
2698 5666 2732 5724 6
2787 5677 2843 5726 et
2903 5686 3017 5739 seq.
3083 5667 3130 5700 ⁷⁸
3159 5663 3364 5725 Jerem.
3395 5684 3460 5725 ii.

2369 5598 2413 5629 "
2434 5596 2533 5652 Ms.
2563 5599 2720 5651 enim.
2813 5599 2861 5630 '“
2911 5600 3135 5654 volebat.
3239 5600 3289 5630 ⁷⁵
3321 5602 3455 5656 Cuu.

2108 5610 2177 5656 st.
2201 5601 2288 5655 40.
