3740 6246
462 307 472 317 '
490 322 590 378 trs

1282 314 1338 369 S.
1365 308 1750 368 CLEMENTIS
1782 310 1800 363 Ι
1840 306 2004 362 ROM.
2045 300 2241 356 PONT.
2280 298 2503 355 OPEBA
2542 294 2769 350 DUBlA.

3526 299 3608 353 680

489 435 581 485 hoc
606 433 656 483 in
681 438 817 482 terra
847 444 941 481 sua
971 425 1197 494 duplicia
1218 422 1570 491 possidebunt,
1603 429 1651 471 et
1680 418 1863 471 lwtitia
1888 432 2015 469 sem-
2044 419 2087 471 Α
2117 428 2293 465 eorum
2322 409 2579 462 delectata
2610 418 2707 460 est.
2744 403 2895 457 Unde
2939 410 2988 457 et
3043 421 3130 472 ego
3173 404 3352 474 eligam
3381 407 3609 467 illusiones

490 527 693 591 piterna
723 520 819 572 erit
847 520 958 579 eis;
986 517 1107 584 quia
1128 530 1215 582 ego
1242 511 1490 563 Dominus
1506 509 1722 577 diligens
1736 505 2016 575 judicium,

491 624 539 666 et
569 610 688 665 odio
737 608 925 661 habens
982 605 1216 672 rapinam
1260 602 1313 653 in
1361 600 1753 658 holocaustum;
1803 604 1852 648 et
1888 593 2021 647 dabo

493 718 620 764 opus
658 714 832 753 eorum
860 697 911 748 in
949 695 1182 755 veritate,
1221 701 1267 743 et
1300 688 1464 757 foedus
1504 696 1798 756 perpetuum
1836 685 2023 753 feriam

493 794 591 847 eis.
624 790 691 842 Et
724 789 911 842 scietur
945 787 997 837 in
1032 781 1263 851 gentibus
1310 797 1479 833 semen
1519 795 1718 836 eorum,
1744 785 1792 830 et
1822 791 2024 843 germen

496 899 674 936 eorum
704 881 755 932 in
782 876 945 930 medio
980 874 1302 941 populorum.
1337 870 1525 925 Omnes
1558 870 1644 937 qui
1670 866 1886 919 viderint
1915 882 2022 928 eos,

500 979 796 1041 cognoscent
832 984 938 1029 eos,
968 966 1090 1034 quia
1138 966 1224 1016 isti
1263 971 1382 1015 sunt
1424 977 1592 1013 semen
1642 959 1725 1012 cui
1774 956 2025 1010 benedixit

501 1064 772 1120 Dominus.
830 1056 1065 1110 Gaudens
1099 1051 1328 1121 gaudebo
1369 1052 1421 1102 in
1458 1049 1696 1110 Domino,
1728 1056 1776 1099 et
1803 1046 2028 1099 exsulta-

500 1157 571 1207 bit
594 1154 768 1206 anima
792 1165 901 1201 mea
921 1148 971 1199 in
1000 1145 1102 1197 Deo
1130 1156 1273 1201 meo;
1303 1140 1425 1209 quia
1444 1138 1609 1189 induit
1632 1153 1708 1189 me
1734 1137 2026 1188 uestimento

499 1244 706 1304 salutis,
736 1251 783 1294 et
812 1237 1107 1291 indumento
1133 1231 1357 1301 justitiaz
1387 1227 1721 1281 circumdedit
1751 1242 1849 1287 me,
1878 1224 2028 1293 quasi

497 1350 739 1402 sponsum
766 1331 1063 1382 decoratum
1093 1338 1304 1382 corona,
1331 1329 1377 1371 et
1420 1318 1567 1387 quasi
1609 1331 1850 1383 sponsam
1872 1330 2030 1365 orna-

499 1436 599 1477 tam
634 1422 908 1475 monilibus
936 1418 1065 1469 suis.
1102 1414 1244 1467 Sicut
1272 1411 1407 1463 enim
1440 1418 1575 1461 terra
1600 1406 1793 1475 profert
1826 1420 2028 1473 germen

499 1514 669 1575 sutim,
694 1520 741 1564 et
764 1511 893 1562 sicut
924 1507 1103 1558 hortus
1139 1518 1305 1555 semen
1335 1514 1485 1552 suum
1514 1498 1786 1565 germinat,
1818 1496 1891 1546 sic
1922 1493 2029 1546 Do-

500 1607 667 1657 minus
697 1600 831 1652 Deus
878 1592 1182 1666 germinabit
1216 1590 1480 1657 justitiam
1518 1595 1565 1639 et
1607 1585 1807 1638 laudem
1857 1599 2030 1635 coram

500 1691 749 1746 universis
812 1682 1122 1756 gentibus“.
1153 1682 1196 1713 ⁸¹
1216 1680 1319 1733 Eos
1373 1688 1549 1731 autem
1581 1692 1611 1728 a
1639 1676 1755 1729 solo
1807 1673 2032 1726 Domino

503 1792 593 1835 aut
620 1776 962 1849 judicandos,
1004 1780 1095 1826 aut
1148 1770 1519 1830 removendos,
1546 1776 1599 1820 et
1647 1781 1755 1819 non
1796 1765 1864 1817 ab
1913 1764 2031 1816 aliis

504 1887 623 1925 osse
652 1868 885 1926 dicebat,
915 1863 1039 1932 quia
1099 1861 1183 1916 sui
1240 1866 1387 1920 sunt,
1420 1865 1472 1910 et
1523 1873 1629 1910 non
1685 1856 1925 1909 alterius.
1970 1855 2034 1907 Et

503 1961 626 2029 quis
655 1968 755 2018 est,
784 1955 873 2023 qui
924 1952 1145 2005 alterius
1166 1949 1369 2017 judicet
1413 1946 1659 2000 servum?
1687 1944 1816 1996 Nam
1852 1944 1896 1998 si
1927 1959 2033 1997 non

504 2049 784 2119 patiuntur
815 2045 1077 2103 homines,
1111 2054 1208 2094 nec
1258 2038 1397 2091 Deus
1441 2037 1659 2090 deorum
1694 2045 1746 2087 et
1780 2034 2033 2087 Dominus

505 2137 897 2192 dominantium
930 2134 1042 2186 hazc
1076 2131 1342 2184 ullatenus
1382 2128 1601 2196 patitur.
1635 2125 1785 2178 Unde
1826 2133 1877 2178 et
1907 2138 2029 2193 pro-

504 2228 692 2296 phetas
731 2224 832 2280 sibi
876 2230 1040 2276 testes
1071 2235 1189 2274 esse
1228 2218 1457 2277 dicebat,
1494 2232 1585 2284 per
1616 2231 1750 2283 quos
1778 2213 2033 2266 Dominus

505 2316 763 2385 loquitur,
798 2313 980 2367 dicens
1008 2329 1022 2364 :
1058 2309 1186 2363 Ecce
1214 2308 1394 2361 εποπὶ
1423 2317 1488 2369 te,
1514 2304 1602 2359 sed
1631 2322 1730 2357 non
1760 2306 1909 2373 quasi
1946 2320 2033 2356 ar-

503 2382 709 2480 gentum
738 2403 863 2471 elegi
901 2412 947 2454 te
988 2402 1039 2453 in
1090 2400 1296 2452 camino
1339 2398 1677 2467 paupertatis.
1710 2395 1928 2462 Propter
1956 2411 2034 2447 me

505 2496 721 2565 faciam,
752 2503 808 2546 ut
839 2509 939 2546 non
979 2490 1316 2556 blasphemer,
1341 2498 1388 2541 et
1436 2488 1660 2557 gloriam
1690 2502 1854 2539 meam
1884 2484 2035 2537 alteri

505 2564 607 2640 non
634 2564 787 2657 dabo.
819 2582 955 2635 Audi
986 2598 1083 2646 me,
1123 2578 1283 2632 Iacob
1314 2588 1361 2632 et
1387 2578 1577 2641 Israel,
1602 2592 1751 2647 quem
1782 2593 1870 2645 ego
1892 2591 2030 2628 voco.

513 2676 619 2745 Ego
648 2676 773 2743 ipse,
802 2689 892 2742 ego
918 2672 1138 2739 primus,
1164 2678 1210 2721 et
1236 2685 1324 2738 ego
1348 2669 1673 2721 novissimus.
1699 2665 1887 2719 Manus
1909 2680 2033 2733 quo-

506 2782 603 2835 que
632 2780 743 2817 mea
777 2761 1012 2831 fundavit
1045 2768 1257 2820 terram,
1295 2767 1343 2810 et
1365 2757 1577 2810 dextera
1615 2774 1726 2810 mea
1758 2771 1930 2808 mensa
1959 2764 2034 2806 est

508 2855 681 2923 cazlos.
720 2853 827 2922 Ego
855 2850 1042 2904 vocabo
1071 2866 1177 2911 eos,
1208 2858 1256 2901 et
1289 2846 1827 2901 stabuntsimul“.Me
1852 2845 2035 2901 insula:

506 2943 897 3012 exspectabant,
924 2950 973 2993 et
1014 2939 1277 2990 brachium
1310 2954 1477 2990 meum
1539 2935 1884 2989 sustinebunt.
1934 2934 2036 2989 Sa-

512 3036 595 3087 lus
626 3042 796 3084 autent
838 3047 950 3083 mea
979 3029 1029 3081 in
1077 3028 1436 3096 sempiternum
1467 3027 1585 3087 erit,
1617 3034 1663 3077 et
1692 3024 1896 3093 justitia
1923 3041 2034 3076 mea
2061 3030 2102 3084 ο

511 3140 611 3177 non
641 3122 861 3189 deﬁciet.
895 3118 1081 3171 Audite
1128 3133 1226 3179 me,
1266 3117 1352 3184 qui
1385 3117 1530 3168 scitis
1561 3116 1785 3183 justum,
1819 3115 2033 3182 populus

511 3230 675 3276 meus.
711 3212 790 3263 lex
816 3226 926 3262 mea
955 3209 1007 3260 in
1039 3205 1190 3259 corde
1218 3221 1414 3258 eorum.
1454 3204 1628 3257 Nolite
1650 3206 1825 3257 timere
1861 3219 2038 3271 oppro-

513 3304 681 3354 brium
715 3301 996 3359 hominum,
1030 3307 1078 3348 et
1103 3293 1445 3363 blasphemias
1477 3309 1651 3345 eorum
1679 3310 1739 3345 ne
1773 3295 2033 3347 metuatis.

511 3391 656 3446 Sicut
699 3391 832 3442 enim
871 3387 1244 3445 vestimentum,
1281 3383 1355 3435 sic
1378 3382 1604 3434 comedet
1636 3399 1718 3435 eos
1758 3384 1960 3445 vermis,
1990 3393 2036 3436 et

512 3481 642 3534 sicut
674 3480 849 3531 lanam
874 3478 948 3529 sic
977 3474 1239 3527 devorabit
1260 3490 1343 3525 eos
1373 3474 1525 3525 tinea.
1560 3472 1713 3526 Salus
1736 3483 1903 3525 autem
1928 3489 2039 3527 mea

512 3573 566 3624 in
594 3571 958 3638 sempiternum
993 3568 1108 3627 erit,
1133 3575 1178 3617 et
1198 3565 1412 3632 justitia
1463 3580 1576 3616 mea
1611 3565 1663 3616 in
1690 3566 2037 3632 generationes

510 3656 975 3730 generationum“.
1003 3655 1067 3707 Et
1110 3655 1301 3708 iterum
1330 3672 1342 3706 :
1369 3652 1686 3705 Abscondita
1712 3663 1789 3708 est
1817 3655 1898 3705 via
1929 3672 2040 3709 mea

513 3767 545 3801 a
573 3749 812 3812 Domino,
843 3755 889 3799 et
924 3763 955 3797 a
984 3744 1090 3797 Deo
1135 3760 1244 3797 meo
1288 3742 1546 3811 judicium
1582 3758 1747 3794 meum
1777 3745 2036 3797 transivit.

515 3838 762 3909 Nunquid
791 3838 975 3895 nescis.
1011 3844 1099 3887 aut
1128 3852 1227 3888 non
1258 3835 1489 3888 audisti?
1520 3832 1676 3897 Deus,
1704 3835 2041 3901 sempiternus

515 3932 786 3991 Dominus,
823 3931 908 3998 qui
947 3929 1135 3980 creavit
1184 3927 1427 3979 terminos
1473 3935 1640 3987 terrea,
1674 3941 1773 3977 non
1818 3924 2038 3992 deﬁciet,

515 4036 671 4088 neque
703 4017 977 4080 laborabit,
1010 4034 1099 4070 nec
1133 4026 1207 4069 est
1242 4017 1565 4083 investigatio
1613 4017 1882 4085 sapientitc
1908 4018 2039 4085 ejus.

517 4109 619 4174 Qui
648 4108 737 4159 dat
779 4108 915 4159 lasso
945 4108 1202 4167 virtutem,
1228 4116 1275 4158 et
1306 4106 1382 4157 his
1406 4106 1491 4174 qui
1538 4123 1636 4157 non
1663 4116 1801 4167 sunt,
1834 4108 2044 4174 fortitu-

517 4199 688 4250 dinem
707 4208 753 4249 et
781 4197 939 4249 robur
956 4197 1290 4264 multiplicat.
1314 4196 1568 4263 Deficient
1590 4198 1735 4264 pueri
1763 4206 1809 4249 et
1837 4198 2046 4251 labora-

518 4290 665 4353 bunt,
693 4299 739 4341 et
762 4288 971 4354 juvenes
1003 4289 1055 4339 in
1110 4288 1419 4354 infirmitate
1469 4287 1672 4341 cadent.
1729 4287 1829 4353 Qui
1874 4268 2043 4343 autem

516 4391 721 4446 sperant
753 4380 806 4431 in
841 4378 1079 4439 Domino,
1136 4377 1407 4430 mutabunt
1456 4378 1815 4445 fortitudinem
1846 4404 1861 4435 ,ν
1895 4398 2045 4433 assu-

518 4478 653 4522 munt
681 4485 871 4536 pennas
905 4470 1034 4519 sicut
1087 4468 1564 4536 aquila':current,
1613 4478 1660 4520 et
1709 4485 1809 4521 non
1848 4471 2049 4524 labora~

519 4559 1064 4619 bunt:ambulabunt,
1119 4568 1165 4610 et
1217 4575 1317 4610 non
1360 4558 1680 4624 deficient".
1728 4559 1950 4614 Taceant
1982 4563 2048 4615 ad

520 4669 598 4705 me
621 4653 826 4711 insula',
857 4661 904 4704 et
939 4660 1109 4719 gentes
1141 4658 1331 4701 mutent
1362 4648 1738 4715 fortitudinem.
1770 4650 2049 4717 Accedant,

518 4750 565 4793 et
599 4751 714 4793 tunc
753 4742 1053 4811 loquantur,
1108 4738 1263 4792 simul
1312 4737 1378 4790 ad
1422 4737 1680 4805 judicium
1745 4742 2051 4811 propinque-

523 4846 634 4881 mus
658 4831 721 4885 ⁸⁸.
756 4830 865 4885 Hos
897 4839 1072 4883 autem
1102 4830 1191 4898 qui
1220 4844 1313 4882 eos
1343 4835 1542 4890 vetent,
1574 4837 1666 4881 aut
1694 4843 1940 4885 amovere
1965 4834 2045 4886 vel

523 4918 775 4973 damnare
834 4921 1101 4982 nituntur,
1164 4917 1422 4971 Dominus
1466 4933 1561 4987 per
1605 4918 1916 4987 prophetam
1958 4923 2055 4975 da-

524 5009 997 5078 mnal",etusqne
1027 5010 1089 5062 ad
1117 5008 1535 5061 satisfactionem
1564 5023 1746 5061 eorum
1776 5017 1827 5062 et
1867 5011 2050 5066 Eccle-

524 5096 617 5148 sia:
666 5098 940 5153 damnatos
984 5116 1103 5154 esse
1158 5100 1410 5162 docebat,
1440 5100 1529 5152 ubi
1564 5100 1638 5152 ait
1667 5116 1679 5151 :
1707 5100 1859 5153 Talia
1889 5103 2046 5171 elege-

526 5195 643 5237 runt
693 5188 746 5238 in
805 5188 897 5240 viis
931 5192 1060 5254 suis,
1093 5200 1141 5244 et
1188 5189 1662 5244 abominationibus
1708 5192 1815 5245 suis
1871 5195 2048 5248 anima

2118 518 2316 565 eorum,
2352 511 2399 553 et
2428 498 2821 550 damnationem
2854 494 3111 546 adducam
3154 496 3395 563 eis;quia
3443 498 3611 553 locutus

2117 610 2235 647 sum
2282 592 2381 655 eis,
2420 599 2469 642 et
2501 605 2605 641 non
2648 586 2973 637 audierunt:
3007 584 3323 654 feceruntque
3370 589 3542 640 malum
3571 593 3613 644 in

2122 683 2287 736 oculis
2321 682 2467 745 meis,
2500 687 2548 732 et
2576 692 2693 751 qua:
2736 676 2908 738 nolui,
2939 675 3213 744 elegerunt.
3242 677 3420 730 Audite
3444 680 3614 733 verbum

2127 772 2360 832 Domini,
2386 771 2475 838 qui
2502 766 2725 821 tremitis
2779 764 2846 817 ad
2894 764 3100 817 verbum
3119 765 3261 833 ejus;
3284 766 3501 821 dixerunt
3526 772 3613 837 fra-

2124 869 2225 914 tres
2271 860 2448 921 vestri,
2514 857 2751 910 odientes
2781 872 2891 916 vos,
2925 864 2971 908 et
3025 854 3310 922 abjicientes
3338 869 3517 924 propter
3538 878 3613 912 no-

2125 969 2237 1005 men
2266 966 2432 1003 meum
2471 963 2489 1000 :
2513 946 2853 1016 Cloriﬁcetur
2902 946 3171 1006 Dominus,
3213 955 3260 997 et
3297 946 3541 1000 videbimus
3573 951 3615 1005 in

2129 1041 2311 1095 lwtitia
2336 1048 2525 1101 vestra,
2552 1037 2657 1105 ipsi
2690 1046 2867 1088 autem
2898 1026 3346 1101 confundentur”.
3378 1035 3478 1089 Non
3499 1040 3613 1092 enim

2127 1130 2454 1184 laborabunt
2484 1128 2689 1182 frustra
2724 1127 2779 1179 in
2807 1125 3221 1179 conturbatione
3249 1127 3482 1194 prtcsules
3514 1130 3611 1192 mei,

2126 1221 2248 1288 quia
2284 1236 2452 1272 semen
2485 1217 2873 1271 benedictorum
2900 1216 3107 1268 Domini
3128 1225 3219 1268 est.
3252 1215 3507 1284 Antequam
3527 1220 3613 1270 cla-

2126 1318 2285 1372 ment,
2336 1325 2427 1377 ego
2483 1306 2807 1368 exaudiam;
2838 1306 3008 1358 adhuc
3057 1305 3163 1357 illis
3215 1305 3523 1374 loquentibus,
3547 1325 3615 1377 ego

2130 1400 2343 1452 audiam
2360 1398 2426 1451 ⁸⁸.
2458 1396 2538 1449 Ad
2573 1395 2991 1466 glorificandum
3015 1403 3177 1460 se,,et
3208 1394 3378 1449 divina
3412 1397 3614 1450 mandata

2130 1488 2446 1543 seminanda
2487 1485 2938 1556 evangelizanda,
2972 1500 3066 1540 eos
3104 1484 3355 1539 Dominus
3385 1487 3537 1555 elegit,
3574 1497 3615 1541 et

2132 1596 2238 1634 non
2274 1588 2333 1631 ut
2375 1578 2792 1647 prohibeantur,
2825 1584 2922 1629 aut
2974 1577 3371 1645 perturbentur,
3419 1592 3619 1646 suggere-

2133 1669 2263 1735 bat;
2290 1669 2612 1739 “quoniam
2668 1668 2761 1736 qui
2819 1682 2916 1722 eos
2957 1666 3121 1729 laedit,
3152 1682 3269 1721 eum
3320 1666 3464 1730 laedit,
3495 1669 3616 1736 cujus

2134 1761 2401 1829 legatione
2458 1760 2780 1828 funguntur.
2837 1756 3140 1813 Praedicare
3192 1773 3283 1811 eos
3332 1758 3536 1821 assidue,
3578 1768 3617 1813 et

2132 1852 2384 1905 mandata
2417 1850 2633 1903 Domini
2658 1850 2779 1904 sine
2825 1849 3229 1904 intermissione
3252 1850 3535 1903 annuntiarc
3552 1864 3616 1902 ro-

2132 1942 2306 2010 gabat.
2334 1941 2509 2009 Opera
2538 1955 2730 1993 eorum
2780 1940 2924 1993 bona
2968 1953 3151 1992 coram
3187 1939 3469 1993 hominibus
3501 1954 3619 1992 mon-

2132 2040 2324 2096 strare,
2357 2038 2411 2084 et
2441 2031 2839 2084 conscientiam
2883 2029 3081 2083 bonam
3131 2044 3305 2082 coram
3332 2028 3434 2085 Deo
3469 2029 3619 2083 habere

2135 2120 2467 2174 insinuabat.
2503 2118 2709 2175 Omnes
2751 2120 3030 2190 principes
3057 2126 3230 2178 terrm.
3262 2127 3312 2173 et
3336 2126 3528 2173 cunctos
3546 2120 3617 2172 ho-

2133 2212 2305 2264 mines
2324 2212 2403 2264 eis
2433 2210 2678 2271 obedire.
2712 2219 2766 2265 et
2785 2210 2967 2279 capita
2999 2225 3098 2264 sua
3124 2209 3435 2274 submittere,
3452 2222 3618 2261 eorum-

2132 2318 2236 2370 que
2260 2302 2539 2369 adjutores
2572 2304 2811 2356 existere
2850 2301 3212 2371 praecipiebat,
3239 2308 3294 2353 ut
3325 2315 3487 2353 omnes
3511 2297 3617 2367 pari-

2133 2399 2216 2446 ter
2250 2393 2429 2448 lideles
2456 2400 2509 2445 et
2538 2401 2931 2461 cooperatores
2960 2392 3093 2461 legis
3124 2390 3216 2444 Dei
3236 2398 3615 2449 monstrarentur,

2133 2499 2201 2537 ne
2241 2483 2307 2536 de
2340 2484 2419 2536 eis
2452 2481 2668 2535 dicatur
2697 2501 2709 2535 :
2737 2481 3137 2550 Confundentur
3169 2491 3216 2534 et
3242 2481 3503 2534 erubescent
3537 2494 3617 2529 om-

2133 2590 2221 2627 nes
2265 2574 2352 2642 qui
2380 2581 2614 2640 pugnant
2644 2572 2928 2624 adversum
2986 2582 3054 2633 te,
3106 2582 3152 2624 et
3203 2580 3344 2624 erunt
3385 2570 3512 2639 quasi
3546 2584 3619 2618 non

2133 2665 2259 2725 sint,
2292 2673 2341 2715 et
2367 2664 2608 2730 peribunt
2654 2664 2757 2715 viri
2801 2664 2892 2732 qui
2927 2660 3288 2716 contradicunt
3318 2660 3417 2714 tibi.
3458 2660 3619 2725 Quare:

2132 2772 2240 2816 eos,
2272 2763 2320 2807 et
2352 2770 2453 2806 non
2496 2754 2727 2806 invenies
2766 2755 2904 2806 viros
2936 2752 3147 2808 rebelles
3183 2762 3310 2806 tuos.
3345 2752 3487 2804 Erunt
3508 2748 3620 2818 quasi

2134 2862 2235 2898 non
2262 2845 2386 2907 sint,
2419 2852 2467 2896 et
2491 2844 2651 2896 veluti
2680 2845 3014 2913 consumptio
3044 2843 3263 2897 hominis
3309 2841 3521 2896 bellantis
3549 2837 3619 2890 ad-

2134 2951 2334 2989 versum
2371 2943 2415 2986 te
2430 2934 2496 2988 ⁹².

2199 3026 2244 3055 "
2280 3023 2477 3078 Omnes
2503 3039 2631 3094 ergo
2654 3025 2751 3093 qui
2778 3024 2857 3080 eis
2892 3025 3322 3086 contraveniunt,
3354 3023 3418 3077 ita
3447 3020 3619 3076 damna-

2136 3126 2218 3169 tos
2239 3122 2291 3168 et
2320 3115 2548 3168 infames
2579 3131 2759 3185 usque
2784 3117 2850 3171 ad
2888 3116 3306 3171 satisfactionem
3336 3112 3619 3171 monstrabat,

2133 3213 2185 3259 et
2212 3206 2316 3260 nisi
2344 3214 2813 3271 converterentur,
2847 3224 2877 3262 a
2911 3208 3190 3262 liminibus
3215 3206 3435 3262 ecclesia:
3467 3203 3620 3256 alienos

2134 3311 2253 3349 esse
2278 3296 2641 3364 praecipiebat.
2669 3299 2715 3329 "
2745 3298 3172 3353 Homicidiorum
3205 3312 3325 3352 vero
3362 3298 3451 3348 tria
3476 3304 3619 3362 genera

2135 3401 2253 3440 esse
2280 3385 2509 3451 dicebat,
2533 3394 2585 3440 et
2614 3404 2837 3455 poenam
2862 3405 3052 3443 eorum
3075 3390 3289 3460 parilem
3314 3386 3417 3441 fore
3435 3382 3619 3438 docebat.

2140 3475 2289 3529 Sicut
2326 3476 2468 3530 enim
2500 3476 2812 3531 homicidas
2844 3480 3219 3534 interfectores
3254 3478 3477 3537 fratrum,
3511 3473 3563 3524 ita
3585 3478 3620 3521 οι

2136 3568 2466 3623 detractoros
2494 3584 2707 3631 eorum,
2735 3584 2941 3639 eosque
2965 3570 3229 3631 odientes,
3256 3564 3516 3621 homicidas
3537 3574 3620 3613 esse

2136 3656 2513 3712 nianil‘eslabat
2541 3676 2554 3723 ;
2582 3659 2711 3727 quia
2736 3668 2789 3713 et
2832 3662 2923 3729 qui
2956 3660 3153 3714 occidit
3186 3660 3388 3712 fratrem
3422 3667 3562 3710 suum,
3585 3654 3620 3699 et

2138 3749 2225 3818 qui
2261 3747 2394 3810 odit,
2427 3756 2479 3801 et
2508 3750 2600 3816 qui
2636 3751 2878 3803 detrahit
2920 3752 2991 3815 ei,
3032 3752 3231 3821 pariter
3260 3744 3505 3802 homicida:
3536 3753 3619 3792 esse

2139 3848 2508 3893 monstrantur
2530 3840 2597 3895 ".
2630 3841 2838 3897 Omnes
2867 3844 3032 3896 etiam
3065 3860 3094 3896 a
3136 3841 3426 3897 carnalibus
3465 3831 3620 3887 deside-

2137 3930 2252 3993 riis,
2286 3945 2404 3998 qua:
2441 3930 2677 3984 militant
2703 3934 2969 3987 adversus
2999 3934 3252 4000 animam,
3302 3928 3549 3984 abstinere,
3585 3924 3620 3969 cl

2139 4022 2331 4075 bonam
2372 4037 2557 4075 eorum
2591 4027 3070 4080 conversationem
3102 4041 3164 4079 ac
3216 4025 3516 4076 innocentem
3540 4026 3620 4062 Olli-

2140 4112 2300 4164 nibus
2330 4119 2635 4167 monstrare
2667 4116 2920 4183 rogabat.
2973 4116 3049 4168 Ex
3084 4114 3245 4169 corde
3287 4110 3417 4166 enim
3453 4108 3620 4158 cunctos

2143 4201 2396 4254 attentius
2426 4201 2657 4257 invicem
2690 4206 2918 4275 diligere
2948 4205 3271 4265 insinuabat,
3302 4208 3349 4255 et
3374 4210 3522 4253 veram
3548 4189 3620 4241 fra-

2145 4293 2444 4346 ternitatem
2474 4293 2613 4347 inter
2638 4312 2697 4349 se
2723 4297 2924 4351 habere
2946 4296 3189 4350 docebat.
3217 4287 3503 4358 Quotidiana
3522 4278 3620 4333 enim

2148 4383 2290 4436 illius
2323 4383 2654 4451 prasdicatio,
2688 4386 2832 4440 inter
2863 4395 3058 4440 cetera
3078 4386 3254 4439 divina
3273 4377 3508 4436 mandata,
3543 4370 3620 4421 haec

2144 4480 2278 4533 erat,
2313 4487 2472 4540 quam
2522 4473 2576 4525 in
2631 4474 2754 4541 ejus
2802 4478 3109 4545 exempium
3164 4475 3318 4528 etiam
3363 4467 3463 4529 tibi,
3505 4462 3620 4516 ira!“

2146 4562 2464 4616 charissime
2487 4600 2504 4625 ,
2532 4562 2848 4631 significare
2888 4566 3097 4620 curavi.
3119 4566 3162 4597 ”
3193 4564 3459 4617 Bonorum.
3480 4549 3618 4619 ίηίιυίίν

2144 4663 2361 4720 Opernm
2389 4651 2529 4705 inter
2555 4661 2753 4707 caetera
2788 4657 2999 4710 semina
3028 4672 3092 4710 ac
3116 4655 3318 4725 negotia
3342 4656 3467 4709 sunt,
3505 4653 3620 4712 quan-

2149 4752 2259 4795 tum
2293 4742 2667 4811 unusquisque
2692 4750 2837 4815 sapit
2866 4755 2919 4801 et
2946 4756 3143 4817 potest,
3174 4753 3311 4801 totus
3356 4736 3503 4794 intimi
3539 4743 3620 4783 σοι’·

2151 4834 2256 4896 dis,
2288 4839 2346 4884 ut
2383 4833 2723 4901 praelibatum
2755 4844 2863 4901 est,
2895 4839 3194 4892 visceribus
3240 4835 3392 4889 Deum
3437 4826 3619 4892 diligere,

2148 4933 2200 4980 et
2227 4924 2525 4993 proximum
2551 4926 2702 4979 velut
2727 4928 2971 4997 seipsum
2998 4930 3291 4997 :abnegare
3310 4922 3512 4991 seipsum
3535 4908 3619 4965 sibi,

2148 5024 2205 5069 ut
2232 5015 2413 5069 Jesum
2443 5013 2724 5070 Christum
2751 5017 3041 5072 Dominum
3073 5025 3309 5072 nostrum
3334 5002 3620 5080 sequatur;et

2147 5106 2277 5159 nihil
2303 5103 2421 5173 ejus
2450 5106 2621 5159 amori
2653 5123 2992 5177 prmponere,
3026 5110 3299 5163 veritatem
3336 5100 3477 5157 corde
3495 5102 3536 5148 et
3558 5099 3619 5140 ore

2148 5195 2388 5265 proferre
2422 5194 2637 5260 debere,
2671 5206 2726 5251 et
2758 5207 2926 5253 totam
2956 5216 3105 5271 spem
3146 5198 3252 5253 Deo
3291 5205 3478 5263 semper
3516 5194 3620 5237 00""

590 5362 632 5390 '“
657 5359 783 5442 lsai.
816 5376 932 5442 ut,
1014 5373 1065 5442 et
1092 5381 1204 5434 seq.
1274 5366 1426 5442 "ira
1461 5365 1512 5418 in
1550 5352 1885 5442 Decir..,.p._5,
1912 5380 1961 5419 c.
1986 5365 2109 5442 352.
2134 5366 2351 5442 Anacl._,_
2374 5366 2534 5442 ep._2.
2559 5367 2715 5442 Aie}.
2741 5372 2895 5440 ep.2.
2925 5372 3178 5442 Telesph.
3197 5370 3320 5425 Fab.
3341 5365 3472 5442 Melo.
3488 5356 3619 5442 ξιιξξηε

527 5429 653 5479 Dant
666 5470 700 5485 ..
717 5438 817 5479 etc.

528 5502 718 5568 minam
754 5498 1017 5568 danrnare.
1124 5503 1169 5533 ⁸³
1190 5504 1309 5556 lsai.
1341 5519 1480 5557 ιινι.
1513 5503 1545 5554 5
1572 5498 1625 5552 et
1646 5517 1756 5568 seq.

525 5567 569 5605 υ
599 5582 657 5623 ιι,
680 5584 731 5633 (Ι,
759 5566 813 5625 5,
847 5563 904 5619 Si
933 5579 1099 5620 autem
1130 5571 1287 5625 vobis.

525 5638 739 5703 quidam
781 5636 981 5689 notavit
1025 5638 1087 5691 ad
1115 5654 1261 5695 oram
1286 5642 1338 5694 in
1359 5655 1459 5694 ms.
1497 5637 1725 5692 Justelli.

888 5431 933 5462 ⁸³
959 5431 1077 5486 lsai.
1107 5431 1291 5497 xm",
1325 5437 1392 5488 10
1415 5442 1465 5487 et
1498 5450 1611 5500 seq.
1665 5435 1709 5463 "'
1732 5432 1830 5485 lsai
1884 5448 1956 5490 LI.
1992 5434 2087 5486 Set
2119 5451 2233 5502 seq.

888 5515 1017 5551 mare.
1124 5503 1169 5533 ⁸³
1190 5504 1309 5551 lsai-
1341 5519 1480 5551 uva.
1513 5503 1545 5551 5
1572 5509 1625 5551 et
1646 5517 1756 5551 sea.
1858 5502 1904 5533 ⁸⁸
1928 5500 2047 5551 lsai.
2078 5507 2233 5551 “v.5

1362 5520 1480 5557 .xvr.
1513 5504 1545 5554 5
1572 5509 1625 5552 et
1646 5517 1756 5568 seq.
1858 5504 1904 5533 "
1928 5504 2047 5553 lsai.
2078 5517 2196 5565 va,
2220 5504 2313 5565 Ξῖ),
2344 5504 2435 5558 24.
2511 5511 2557 5542 ⁹⁰
2580 5506 2661 5560 Gr.

1362 5574 1406 5605 ’³
1428 5571 1497 5622 De
1539 5568 1983 5637 paenit.distinct.
2010 5586 2045 5623 ι.
2078 5603 2086 5615 ο
2117 5570 2161 5601 ’δ
2218 5569 2233 5622 l
2263 5570 2416 5627 Joan.
2452 5589 2535 5637 tu,
2576 5576 2661 5628 15.

3033 5425 3218 5495 “risui.
3250 5455 3353 5500 ιω,
3378 5436 3422 5488 1.
3488 5431 3521 5462 ⁸⁷
3540 5425 3594 5476 υο

2511 5511 2557 5542 9°
2580 5506 2743 5577 (ἓξ-οε.
2766 5525 2864 5570 xn,
2889 5503 2983 5562 2'2.
3053 5513 3095 5542 ⁹¹
3114 5512 3233 5564 lsai.
3261 5523 3362 5567 xm,
3402 5503 3458 5577 11
3480 5506 3613 5577 ψυῩῇ

2764 5579 2811 5609 η
2844 5563 2895 5633 ἐς.
2934 5581 2968 5634 t
3025 5563 3155 5651 Reg.
3186 5579 3240 5633 s.
3286 5563 3546 5631 Benedicti.
3579 5563 3619 5610 υι

2306 5436 2499 5509 ⁸⁵Αιβθί.
2533 5454 2623 5509 ιιι2
2652 5439 2723 5491 27
2754 5436 2809 5494 et
2839 5458 2958 5509 seq.
