3838 6364
176 304 258 362 is;
1292 287 1654 347 Etusrom
1695 286 2166 346 necnerauzs.

3267 286 3373 344 482

174 419 372 473 mittere.
392 406 693 465 lnstruehat
722 412 877 461 actus
908 419 1022 461 sum
1045 404 1168 459 vitae
1193 405 1343 458 omni
1364 405 1495 458 hora
1514 412 1700 460 custo-
1726 410 1775 466 Α
1802 419 1915 457 cere
1936 404 2099 457 nolite
2121 402 2163 459 ⁸.
2196 401 2301 474 Ipsi
2330 409 2512 459 autem
2540 401 2804 474 episcopi,
2830 401 2876 458 si
2901 399 3373 471 exorbitaverint’,

172 510 284 569 dire,
304 503 423 559 etin
446 499 587 555 omni
618 499 736 552 lo.o
761 496 928 551 Deum
955 496 1259 567 respicere;
1286 494 1512 549 lirmiter
1528 496 1692 560 scire,

170 595 478 668 cogitationes
508 592 676 647 malas
701 588 853 647 cordi
891 604 993 645 suo
1024 588 1397 651 advenientes,
1450 601 1575 642 mox
1625 588 1695 642 ad

169 687 404 744 Christum
450 681 691 747 allidere,
720 688 773 737 et
821 680 1204 736 sacerdotibus
1248 679 1464 735 Domini
1519 682 1695 735 mani-

170 778 354 833 leslare.
399 772 467 829 Os
504 789 662 829 suum
712 787 743 826 a
786 772 959 826 multo
979 771 1026 803 "
1074 772 1159 827 vel
1212 786 1381 842 pravo
1419 772 1694 843 colloquio

167 868 417 930 custodire,
449 875 499 920 et
529 864 688 918 verba
742 878 901 931 vana,
930 869 1023 916 aut
1054 863 1335 917 mendacia
1367 878 1474 917 non
1508 864 1690 934 loqui;

167 957 268 1028 quia
292 974 343 1010 os
383 954 511 1025 quod
562 955 836 1014 mentitur,
892 954 1085 1007 accidit
1134 954 1369 1007 animam
1389 955 1458 1011 ’⁷.
1516 954 1691 1011 Verba

166 1049 313 1103 divina
339 1047 558 1101 libenter
588 1044 798 1111 audire,
829 1053 885 1101 et
915 1046 1296 1101 sacerdotibus
1319 1047 1437 1101 suis
1461 1047 1694 1103 libenter

165 1140 513 1208 obtemperare,
547 1144 713 1207 atque
741 1138 1057 1193 obedientes
1088 1152 1209 1193 esse
1247 1139 1499 1193 docebat.
1546 1138 1694 1195 Prae-

164 1232 377 1287 dicationi
404 1238 455 1285 et
480 1231 717 1286 orationi
749 1246 813 1285 ac
850 1231 1071 1286 lectioni
1114 1230 1430 1301 frequenter
1478 1232 1694 1287 incum-

162 1324 296 1390 bere,
344 1330 394 1377 et
442 1321 816 1396 eleemosynas
864 1339 1023 1379 veras
1077 1328 1355 1395 perlicere.
1412 1324 1691 1379 Desideria

162 1416 309 1471 carnis
334 1430 434 1470 non
463 1414 747 1485 perlicere,
780 1415 873 1471 sed
905 1416 1182 1486 propriam
1220 1415 1471 1486 frangere
1502 1416 1693 1470 volun-

160 1518 291 1563 tatem
318 1528 330 1563 :
356 1509 478 1563 boni
508 1508 715 1579 aliquid
742 1508 796 1562 in
828 1523 887 1563 se
917 1523 1042 1563 cum
1090 1508 1311 1574 viderit,
1358 1507 1470 1563 Deo
1516 1510 1690 1579 appli-

159 1615 257 1653 care
273 1598 330 1665 ³⁸,
363 1614 465 1653 non
490 1599 597 1654 sibi
626 1607 717 1655 :et
744 1600 947 1654 malum
979 1615 1006 1653 a
1039 1616 1099 1655 se
1131 1599 1334 1655 factum
1366 1609 1683 1672 cognoscat,

155 1700 197 1745 et
235 1691 322 1746 sibi
364 1693 590 1763 imputet
607 1693 673 1747 ”.
730 1691 957 1747 Multum
999 1694 1146 1764 loqui
1200 1710 1309 1749 non
1350 1708 1554 1761 amare,
1591 1695 1685 1750 sed

153 1783 384 1838 custodire
410 1783 549 1837 labia
577 1799 698 1850 sua,
731 1801 801 1839 ne
829 1784 1014 1839 dolum
1074 1793 1169 1839 aut
1199 1785 1403 1839 malum
1452 1786 1687 1857 loquan-

153 1882 240 1928 tur.
272 1872 409 1929 Diem
447 1874 646 1944 judicii
696 1878 909 1941 timere,
958 1877 1263 1949 gehennam
1302 1892 1684 1947 expavescere,

154 1963 283 2018 vitam
320 1974 572 2021 mternam
626 1970 773 2022 omni
828 1968 1273 2039 concupiscentia
1330 1967 1684 2039 desiderare;

151 2070 237 2109 non
266 2055 518 2122 occidere,
568 2075 680 2114 non
728 2059 1050 2124 adulterari,
1088 2077 1195 2115 non
1229 2060 1432 2115 furtum
1482 2062 1682 2127 facere,

149 2162 238 2201 non
275 2162 373 2203 rem
409 2150 647 2220 proximi
691 2155 1106 2223 concupiscere,
1155 2170 1264 2209 non
1300 2154 1494 2208 falsum
1533 2154 1686 2210 testi-

150 2238 344 2293 monium
372 2241 555 2297 dicere
582 2243 671 2308 ¹⁹⁰,
714 2243 812 2299 sed
856 2260 1048 2301 omnes
1093 2246 1344 2301 homines
1391 2245 1683 2312 honorare,

149 2344 312 2402 corpus
344 2335 644 2399 custodire,
687 2350 856 2391 vanas
898 2343 953 2390 et
994 2336 1234 2392 caducas
1278 2353 1385 2392 non
1428 2338 1683 2409 amplecti

148 2420 351 2491 delicias,
375 2426 647 2497 jejunium
677 2434 731 2481 et
758 2427 973 2497 vigilias
1002 2438 1222 2483 sanctas
1245 2444 1448 2496 amare,
1480 2445 1686 2500 paupe-

143 2527 216 2570 res
236 2531 481 2583 recreare,
515 2519 700 2574 nudos
747 2519 969 2586 vestire,
1019 2519 1265 2575 inﬁrmos
1314 2521 1556 2585 visitare,
1607 2521 1686 2576 si-

143 2606 307 2665 tientes
352 2618 540 2681 potare
571 2649 589 2674 ,
648 2618 894 2667 mortuos
946 2612 1180 2681 sepelire
1218 2651 1234 2676 ,
1280 2621 1334 2667 et
1391 2612 1684 2683 diligenter

140 2713 293 2755 eorum
322 2702 612 2774 exsequias
635 2718 913 2775 peragere,
944 2719 1042 2775 pro
1061 2704 1253 2775 eisque
1278 2719 1438 2760 orare
1458 2712 1512 2761 et
1540 2704 1685 2761 elec-

140 2803 357 2862 mosynas
382 2794 558 2863 dare;
603 2795 851 2852 dolentes
900 2797 1198 2861 consolari,
1253 2805 1308 2852 et
1357 2798 1474 2853 suis
1524 2797 1683 2853 bonis

138 2882 365 2953 relovere,
389 2896 442 2943 et
470 2904 501 2943 a
534 2890 701 2944 malis
734 2889 947 2944 actibus
971 2905 1030 2944 se
1062 2888 1301 2944 alienum
1332 2888 1534 2944 facere.
1560 2887 1681 2944 Non

138 2991 235 3034 esse
262 2982 578 3051 superbum,
615 2997 725 3036 non
753 2982 1116 3047 vinolentum,
1148 2996 1250 3036 nec
1279 2982 1509 3036 multum
1552 2981 1684 3035 eda-

1796 494 2015 550 abistis
2039 510 2147 548 non
2180 505 2309 550 sunt
2334 493 2764 565 reprehendendi
2808 492 2894 549 vel
2944 492 3229 563 arguendi,
3277 493 3374 548 sed

1792 587 2205 658 supportandi’,
2241 588 2347 641 nisi
2377 588 2432 641 in
2465 587 2567 642 ﬁde
2591 588 2913 643 erraverint.

1866 678 1948 732 llli
1980 694 2110 749 ergo
2139 694 2305 749 super
2338 678 2474 734 istos
2507 690 2657 745 sunt,
2690 696 2799 733 non
2843 686 3023 733 autem
3070 677 3160 734 isti
3210 692 3377 747 super

1794 767 1953 836 illos;
1996 771 2252 839 quoniam
2286 769 2461 839 major
2492 785 2521 823 a
2553 771 2766 826 minore
2802 786 2904 825 nec
2939 770 3115 839 argui,
3145 785 3245 823 nec
3277 768 3374 837 ju-

1793 859 1965 914 dicari
1992 869 2189 930 potest.
2220 859 2414 916 Nullus
2450 876 2508 917 se
2538 844 2763 917 extollat
2784 877 2911 931 erga
2933 862 3225 916 doctores’
3255 875 3375 915 ma-

1793 954 1994 1023 gistros
2032 969 2182 1018 suos,
2216 953 2343 1023 quia
2370 953 2677 1023 discipulus
2706 970 2871 1024 super
2895 954 3217 1025 magistrum
3248 968 3374 1010 esse

1791 1059 1901 1099 non
1932 1044 2111 1108 debet,
2140 1060 2240 1098 nec
2263 1053 2440 1114 potest
2468 1046 2530 1101 '°.
2566 1047 2604 1078 “
2625 1046 2816 1101 Nullus
2845 1046 2973 1100 velit
2994 1045 3101 1101 dici
3124 1055 3372 1113 sanctus,

1792 1142 2083 1207 antequam
2117 1138 2221 1203 sit;
2272 1138 2365 1191 sed
2400 1138 2554 1207 prius
2595 1138 2689 1203 sit,
2737 1140 2856 1192 ut“
2906 1139 3091 1193 verius
3130 1138 3367 1195 dicatur.

1792 1224 2067 1298 Praecepta
2106 1228 2342 1295 Domini,
2395 1229 2794 1299 doctorumque
2843 1245 2907 1285 ac
2957 1232 3367 1301 magistrorum.

1791 1317 1952 1372 factis
1981 1320 2225 1390 quotidie
2257 1321 2578 1391 adimplere,
2612 1329 2666 1376 et
2697 1322 2752 1375 in
2783 1320 2990 1376 Christi
3018 1323 3239 1376 nomine
3271 1335 3371 1392 pro

1791 1411 2028 1469 inimicis
2054 1428 2211 1467 orare
2239 1422 2473 1483 oportet.
2512 1392 2887 1467 "Obedientia
2918 1414 3061 1467 enim
3106 1422 3159 1467 et
3190 1411 3371 1466 humi-

1792 1504 1943 1559 liatio
1996 1521 2117 1575 qua:
2171 1505 2449 1575 magistris
2502 1505 2721 1574 agitur,
2778 1503 3009 1558 Domino
3053 1504 3365 1559 exhibetur.

1794 1596 1976 1652 Timor
2010 1598 2221 1652 Domini
2263 1597 2542 1652 delectabit
2591 1613 2702 1661 cor,
2747 1605 2797 1650 et
2838 1596 2985 1649 dabit
3032 1597 3272 1650 ltetitiam
3299 1606 3371 1652 -ει

1789 1689 2042 1758 gaudium
2068 1691 2121 1743 in
2144 1689 2519 1761 longitudinem
2544 1689 2771 1744 dierum.
2802 1688 3026 1742 Timenti
3057 1688 3219 1741 Deum
3246 1687 3371 1743 bene

1788 1788 1885 1833 er.t
1918 1782 1971 1833 in
2001 1782 2271 1845 extremis,
2304 1790 2354 1835 et
2383 1783 2438 1835 in
2467 1776 2553 1835 die
2582 1780 2936 1850 defunctionis
2966 1797 3076 1834 sua:
3102 1780 3371 1836 benedice-

1788 1880 1877 1925 tur
1898 1873 1959 1928 ".
2003 1873 2092 1928 Va:
2114 1873 2393 1928 dissolutis
2418 1872 2598 1937 corde,
2625 1875 2715 1944 qui
2746 1890 2849 1927 non
2878 1872 3093 1927 credunt
3133 1871 3264 1937 Deo,
3313 1882 3371 1929 et

1786 1965 2055 2019 resistunt
2088 1965 2364 2020 mandatis
2386 1966 2529 2035 ejus,
2572 1972 2626 2019 et
2656 1965 3035 2020 inobedientes
3062 1979 3126 2019 ac
3174 1974 3371 2019 contu-

1785 2071 1971 2111 maces
2002 2064 2134 2111 sunt
2178 2056 2265 2112 bis
2316 2058 2410 2127 qui
2465 2057 2588 2126 ejus
2632 2058 2902 2126 legatione
2946 2055 3368 2128 iungunturzet

1783 2146 1900 2201 ideo
1931 2166 2034 2203 non
2062 2159 2398 2219 protegentur
2427 2150 2491 2203 ab
2523 2167 2603 2205 eo.
2648 2150 2736 2203 Va:
2768 2149 2849 2203 his
2900 2151 2991 2220 qui
3029 2148 3370 2219 perdiderunt

1784 2241 2176 2306 sustinentium,
2208 2242 2299 2311 qui
2326 2240 2717 2311 dereliquerunt
2744 2243 2855 2294 vias
2892 2252 3087 2305 rectas,
3117 2250 3166 2295 et
3195 2242 3371 2295 diver-

1784 2341 1957 2387 terunt
1987 2335 2040 2387 in
2065 2335 2178 2388 vias
2201 2350 2413 2403 pravas.
2449 2334 2515 2388 Et
2535 2334 2662 2406 quid
2696 2334 2914 2404 facient,
2946 2350 3062 2388 cum
3088 2335 3340 2402 inspicere

1783 2425 1991 2494 cmperit
2020 2425 2274 2480 Dominus
2293 2430 2320 2483 1’
2347 2427 2452 2492 Qui
2482 2430 2664 2481 timent
2695 2426 2978 2480 Dominum
3006 2465 3021 2489 ,
3070 2442 3172 2478 non
3211 2434 3367 2480 erunt

1783 2516 2113 2572 incredibiles
2156 2518 2309 2572 verba
2332 2519 2478 2572 illius
2501 2533 2520 2571 :
2552 2527 2603 2572 et
2631 2517 2723 2588 qui
2765 2516 2989 2587 diligunt
3022 2516 3196 2581 illum,
3241 2534 3369 2570 eon-

1781 2608 2062 2663 servabunt
2087 2611 2223 2663 viam
2259 2610 2425 2665 illius.
2460 2610 2567 2678 Qui
2612 2611 2794 2665 timent
2841 2610 3146 2675 Dominum,
3190 2612 3369 2681 inqui-

1782 2709 1896 2753 rent
1945 2717 2062 2771 quae
2088 2701 2413 2771 beneplacita
2444 2712 2568 2757 sunt
2595 2702 2682 2756 illi
2707 2720 2725 2758 :
2755 2713 2804 2757 et
2830 2704 2917 2773 qui
2957 2703 3183 2774 diligunt
3221 2720 3364 2768 eum,

1782 2792 2117 2861 replebuntur
2142 2793 2251 2865 lege
2285 2796 2469 2864 ipsius.
2500 2795 2605 2862 Qui
2626 2796 2808 2849 timent
2839 2796 3137 2860 Dominum,
3160 2812 3367 2865 prwpao

1781 2884 1973 2939 rabunt
2004 2885 2169 2940 corda
2198 2894 2321 2951 sua,
2349 2896 2398 2940 et
2430 2889 2483 2940 in
2526 2897 2803 2955 conspectu
2850 2888 2997 2941 illius
3047 2888 3363 2957 sanctiﬁca-

1783 2975 1910 3030 bunt
1941 2978 2147 3032 animas
2177 2995 2323 3033 suas.
2357 2979 2462 3046 Qui
2493 2980 2674 3034 timent
2711 2979 3019 3043 Dominum,
3059 2979 3366 3034 custodiunt

138 3084 249 3134 cem,
276 3089 374 3129 non
404 3075 841 3140 somnolentum,
882 3089 992 3129 non
1022 3076 1259 3146 pigrum,
1292 3089 1401 3129 non
1438 3088 1678 3128 murmu-
1711 3088 1755 3146 ο
1789 3068 2046 3123 mandata
2074 3070 2243 3135 illius,
2267 3083 2316 3125 et
2341 3073 2654 3141 patientiam
2681 3071 2940 3125 habebunt
2976 3088 3137 3141 usque
3173 3071 3242 3125 ad
3284 3072 3366 3125 in-

138 3169 356 3227 ratorem,
387 3181 490 3221 nec
520 3166 895 3221 detractorem
922 3185 937 3233 ;
970 3167 1098 3237 quia
1127 3169 1222 3238 qui
1264 3167 1521 3232 detrahit,
1550 3158 1678 3223 non

136 3267 185 3307 se
203 3254 236 3319 ⁸,
262 3257 347 3311 sed
375 3271 428 3313 et
451 3258 661 3314 multos
689 3258 828 3313 alios
858 3257 1079 3313 occidit.
1104 3256 1243 3312 Iram
1262 3273 1369 3313 non
1393 3258 1676 3329 perlicere,

134 3348 521 3405 ncciracundize
554 3359 769 3420 tempus
816 3364 1119 3406 reservare.
1169 3349 1363 3405 Dolum
1412 3352 1469 3405 in
1512 3352 1679 3409 corde

131 3450 220 3490 non
243 3446 438 3505 tenere,
471 3456 581 3496 nec
627 3456 814 3510 pacem
857 3440 1049 3497 falsam
1094 3441 1226 3497 dare
1242 3442 1285 3498 ³.
1336 3440 1677 3499 Charitatem

131 3542 218 3581 non
240 3529 636 3604 derelinquere,
680 3547 780 3587 nec
805 3532 1014 3602 jurare,
1048 3548 1117 3588 ne
1169 3533 1309 3588 forte
1352 3534 1677 3604 perjurium,

132 3622 248 3689 quod
290 3624 464 3679 absit!
500 3626 621 3679 liat.
679 3624 877 3679 Malum
931 3641 1032 3697 pro
1076 3626 1220 3679 malo
1268 3641 1377 3681 non
1426 3626 1677 3691 reddere,

131 3727 211 3766 nec
240 3714 486 3783 injuriam
512 3715 722 3782 facere,
761 3717 856 3773 sed
890 3716 1084 3771 factam
1124 3718 1393 3787 patienter
1423 3718 1673 3774 sullerre.

129 3800 348 3864 Inimicos
378 3809 613 3881 diligere
636 3848 653 3872 ,
687 3810 1073 3865 maledicentes
1103 3825 1164 3865 se
1188 3825 1298 3863 non
1327 3810 1673 3872 maledicere.

129 3897 205 3952 sed
242 3901 409 3972 magis
433 3902 787 3965 benedicere,
819 3911 873 3957 et
906 3903 1341 3973 persecutionem
1375 3918 1474 3973 pro
1513 3901 1678 3971 justi-

128 3990 187 4043 tia
209 3993 491 4049 sustinere.
530 3992 872 4049 Charitatem
897 3995 918 4026 ⁸
947 4009 1155 4058 amare,
1187 4003 1241 4050 et
1290 3996 1499 4049 nullum
1548 3996 1678 4051 odio

126 4079 329 4151 habere;
360 4087 491 4156 quia
520 4086 616 4157 qui
633 4085 747 4140 odit
779 4086 998 4156 fratrem
1027 4103 1181 4141 suum
1218 4086 1483 4140 homicida
1527 4098 1606 4141 est
1629 4088 1672 4144 ’⁵.

124 4170 392 4233 Elationem
426 4178 645 4250 fugere,
678 4180 852 4234 zelum
884 4180 1086 4234 malum
1117 4195 1226 4233 non
1271 4180 1490 4243 habere,
1536 4180 1675 4234 invi-

124 4262 243 4320 diam
268 4285 373 4324 non
401 4286 688 4334 exercere,
722 4286 822 4326 nec
850 4272 1252 4327 contentionem
1297 4287 1502 4325 amare.
1536 4271 1674 4325 Cum

120 4358 541 4419 discordantibus
571 4371 698 4417 ante
729 4364 864 4418 solis
890 4378 1147 4419 occasum
1170 4365 1223 4417 in
1255 4378 1443 4433 pacem
1474 4363 1669 4428 redire,

1780 3163 2094 3233 spectionem
2153 3164 2342 3228 illius,
2397 3164 2625 3239 dicentes
2666 3178 2685 3217 :
2752 3162 2811 3219 Si
2852 3165 3206 3233 paenitentiam
3260 3180 3364 3218 non

1777 3256 2060 3326 egerimus,
2085 3256 2374 3311 incidemus
2411 3257 2465 3309 in
2496 3273 2684 3310 manus
2716 3255 2832 3322 Dei,
2866 3267 2915 3309 et
2947 3274 3048 3310 non
3082 3257 3137 3310 in
3174 3272 3363 3309 manus

1778 3349 2049 3404 hominum
2075 3365 2095 3404 :
2125 3351 2411 3406 secundum
2432 3352 2571 3405 enim
2620 3351 3032 3421 magnitudinem
3079 3350 3249 3413 illius,
3285 3351 3364 3405 sic

1779 3452 1830 3497 et
1862 3446 2227 3499 misericordia
2258 3445 2422 3515 ipsius
2445 3460 2563 3497 cum
2604 3445 2715 3512 ipso
2737 3452 2813 3496 est
2832 3442 2895 3495 ¹⁸.
2938 3441 3114 3495 Venite
3140 3441 3362 3513 (inquit)

1778 3537 1901 3605 filii,
1917 3536 2095 3591 audite
2109 3554 2206 3602 me,
2231 3537 2468 3590 timorem
2491 3535 2704 3590 Domini
2720 3533 2911 3588 docebo
2933 3550 3019 3588 vos
3038 3534 3127 3589 ¹⁸⁶.
3149 3533 3362 3590 Currite

1778 3627 1901 3681 dum
1923 3628 2096 3682 lumen
2109 3631 2226 3683 vita:
2237 3628 2460 3692 habetis,
2480 3645 2542 3681 ne
2566 3627 2788 3682 tenebrae
2803 3629 2987 3681 mortis
3011 3646 3099 3683 vos
3122 3645 3362 3699 compre-

1778 3720 2007 3775 hendant
2029 3722 2092 3777 ¹⁶.
2121 3722 2303 3777 Omnis
2333 3722 2422 3792 qui
2456 3721 2562 3775 vult
2592 3721 2771 3784 vitam,
2796 3730 2845 3773 et
2884 3722 3026 3789 cupit
3050 3720 3221 3773 videre
3244 3720 3359 3775 dies

1778 3813 1963 3878 bonos,
1993 3806 2265 3883 prohibeat
2294 3813 2534 3884 linguam
2555 3830 2709 3867 suam
2740 3829 2773 3866 a
2799 3812 2961 3876 malo,
2993 3821 3044 3867 et
3075 3812 3219 3866 labia
3241 3813 3356 3882 ejus

1779 3909 2147 3977 neloquantur
2172 3905 2377 3960 dolum.
2415 3905 2651 3959 Divertat
2688 3922 2723 3958 a
2750 3905 2913 3969 malo,
2964 3914 3014 3958 et
3054 3905 3223 3973 faciat
3261 3904 3358 3958 bo.

1776 4014 1901 4052 num
1927 4015 1946 4053 :
1973 3999 2202 4068 inquirat
2228 4013 2430 4066 pacem,
2460 4006 2508 4050 et
2530 4006 2870 4066 persequatur
2890 4013 3004 4050 eam
3025 4013 3046 4051 :
3068 3997 3193 4067 quia
3219 3998 3361 4051 oculi

1776 4089 1994 4145 Domini
2024 4106 2180 4159 super
2197 4090 2397 4159 justus,
2426 4098 2476 4143 et
2498 4105 2651 4142 aures
2678 4088 2790 4157 ejus
2834 4088 2902 4142 ad
2947 4104 3121 4156 preces
3150 4105 3352 4144 eorum.

1790 4181 1973 4236 Vultus
2025 4192 2201 4235 autem
2248 4180 2465 4235 Dontini
2524 4197 2680 4250 super
2746 4181 2994 4250 facientes
3046 4181 3191 4234 mala
3224 4219 3241 4245 ,
3298 4189 3357 4234 ut

1772 4273 1968 4342 perdat.
1985 4272 2048 4328 de
2076 4284 2216 4327 terra
2244 4274 2550 4327 memoriam
2569 4289 2747 4326 eorum
2767 4272 2853 4326 “'.
2876 4272 3161 4343 Propterea
3193 4273 3356 4327 nolite

1776 4368 1893 4437 ﬁeri
1916 4368 2051 4420 sicut
2075 4384 2235 4437 equus
2265 4377 2315 4420 et
2360 4367 2556 4429 mulus,
2597 4370 2653 4420 in
2696 4365 2884 4437 quibus
2905 4383 3008 4420 non
3036 4377 3114 4420 est
3150 4365 3355 4420 intelle~

120 4456 163 4501 et
188 4451 245 4507 de
266 4453 360 4509 Dei
395 4455 783 4511 misericordia
814 4471 1094 4526 nunquam
1131 4456 1442 4525 desperare.
1478 4454 1673 4509 Senio-
1706 4446 1749 4500 Ῑ)
1776 4470 1913 4514 ctus.
1942 4458 2045 4514 Sed
2076 4460 2331 4513 ltetamini
2360 4460 2413 4512 in
2444 4458 2691 4523 Domino,
2732 4468 2780 4512 et
2822 4460 3086 4513 exsultate
3116 4459 3275 4528 justi,
3302 4466 3355 4512 et

119 4556 192 4597 res
214 4548 477 4612 venerari,
500 4556 561 4603 et
594 4547 841 4617 juniores
864 4548 1109 4618 diligere.
1140 4545 1462 4618 Episcopos,
1495 4561 1677 4602 sacer-

120 4634 249 4693 dotes
268 4655 425 4705 suos,
460 4655 528 4695 ac
561 4646 788 4695 cunctos
812 4639 1055 4709 reliquos
1085 4638 1341 4695 Ecclesiae
1369 4640 1674 4703 ministros,

120 4736 257 4798 atque
282 4748 502 4788 omnem
528 4732 741 4802 plebem
764 4733 865 4788 sibi
893 4733 1264 4797 commissam,
1295 4734 1461 4788 verbo
1487 4732 1676 4788 divino

118 4828 161 4872 et
184 4824 427 4881 mandato
456 4827 736 4881 instruere
765 4841 827 4881 ac
856 4826 1111 4898 dirigere,
1157 4826 1366 4896 hosque
1393 4840 1586 4881 omnes
1619 4832 1676 4880 et

117 4925 280 4969 eorum
318 4919 616 4988 episcopos
643 4925 759 4972 tota
782 4900 1180 5000 animi:virtute
1205 4918 1431 4988 diligere
1456 4925 1513 4970 ut
1541 4932 1675 4970 ocu-

132 5018 185 5058 os
221 5023 369 5072 suos,
420 5009 558 5079 quia
586 5010 729 5063 oculi
766 5020 894 5064 sunt
922 5010 1158 5065 illorum.
1193 5010 1214 5041 ⁸
1235 5008 1437 5063 Eorum
1471 5023 1675 5078 praece-

116 5096 207 5161 ptis
241 5100 294 5153 in
320 5102 588 5157 omnibus
620 5101 862 5166 obedire,
907 5101 1122 5157 etiamsi
1172 5101 1276 5172 ipsi
1311 5101 1492 5166 aliter,
1522 5099 1670 5170 quod

113 5188 270 5247 absit!
303 5201 493 5264 agant,
536 5209 805 5249 memores
828 5194 1036 5249 scilicet
1056 5194 1202 5249 illius
1223 5192 1492 5247 Dominici
1531 5207 1671 5263 pra:-

117 5284 242 5351 cepti
274 5303 286 5336 :
316 5283 456 5351 Qua:
487 5284 693 5351 dicunt,
718 5286 875 5355 facite
904 5302 925 5339 ί
954 5302 1069 5357 qua:
1095 5296 1271 5340 autem
1318 5284 1540 5355 faciunt,
1583 5283 1672 5353 fa-

176 5480 392 5554 f‘malo.
463 5486 511 5554 ’τ
536 5499 636 5554 cap

112 5549 757 5618 ‘Castitatem,itams.c.
824 5554 892 5608 ‘l
953 5554 1113 5610 Joan.
1161 5557 1359 5618 111,15.

113 5621 207 5676 sub
248 5621 601 5691 Symmacho.
678 5629 700 5656 ⁵
725 5626 990 5692 portandi.

116 5696 172 5764 5:
228 5694 272 5726 ίδ
295 5693 471 5764 Eculi.
507 5708 546 5757 ι,
590 5694 678 5758 12,
708 5696 796 5749 l5.
874 5696 915 5727 ³⁸
956 5696 1124 5750 Eccli.
1156 5711 1218 5759 ιι,
1262 5696 1330 5750 i5
1356 5707 1408 5749 et
1439 5711 1551 5764 seq.

117 5760 202 5819 15.
267 5766 305 5797 ⁸⁷
338 5761 491 5821 Psal.
523 5779 668 5833 uxr,
704 5765 760 5832 9,
799 5766 886 5825 il.
964 5766 1006 5798 ⁸⁸
1037 5765 1169 5823 Luc.
1210 5783 1329 5834 xm,
1372 5767 1442 5823 29

1462 5558 1558 5623 si,

1776 4554 2083 4623 gloriamini
2121 4570 2297 4607 omnes
2320 4552 2449 4605 recti
2486 4552 2643 4606 corde
2668 4550 2732 4605 ".
2774 4551 2915 4617 Quia
2959 4551 3113 4604 multi
3151 4550 3353 4603 venient

1778 4645 1845 4698 ab
1875 4648 2074 4699 oriente
2114 4654 2165 4698 et
2206 4644 2506 4709 occidente,
2540 4643 2770 4699 Domino
2819 4643 3056 4707 dicente,
3096 4650 3151 4696 et
3188 4656 3218 4694 a
3262 4657 3352 4696 se-

1778 4740 2086 4807 ptentrione
2112 4745 2273 4807 atque
2296 4737 2540 4800 meridie,
2562 4746 2613 4791 et
2631 4735 2923 4791 recumbent
2945 4752 3060 4787 rum
3082 4732 3349 4787 Abraham

1778 4837 1828 4881 et
1874 4827 2046 4897 Isaac,
2080 4838 2131 4882 et
2151 4827 2318 4883 Jaeob
2338 4829 2402 4883 ".
2454 4827 2685 4900 Propter
2718 4827 2862 4898 quod
2884 4827 2947 4889 ",
2982 4824 3245 4895 deprecor
3273 4834 3345 4890 te,

1774 4918 1946 4974 frater
1975 4920 2319 4987 charissime,
2347 4928 2407 4973 ut
2449 4918 2647 4974 doceas
2691 4919 2949 4973 attentius
2977 4919 3120 4971 hunc
3151 4919 3350 4988 prsidi-

1775 5012 2007 5067 cationis
2033 5012 2277 5067 ordinem
2325 5020 2380 5067 et
2404 5012 2805 5067 absolutionum
2826 5011 2965 5073 dies,
2989 5018 3050 5065 ut
3072 5011 3348 5065 salventur

1772 5102 1968 5157 animai
2010 5103 2313 5168 hominum,
2361 5118 2481 5175 quae
2525 5103 2740 5157 occulta
2790 5101 2884 5157 Dei
2927 5102 3149 5165 virtute,
3183 5118 3345 5171 quem

1771 5192 2008 5249 debeant
2034 5195 2278 5266 diligere,
2308 5195 2626 5266 priusquam
2665 5195 2983 5257 doceantur,
3016 5201 3344 5262 agnoscunt.

1771 5282 2010 5355 Operum
2041 5301 2173 5342 vero
2202 5288 2342 5341 ratio
2375 5288 2628 5358 potestati
2657 5298 2712 5342 et
2739 5286 2966 5342 arbitrio
2993 5285 3347 5353 uniuscujus-

642 5528 655 5541 .
688 5504 727 5547 ι,
752 5488 838 5558 ll.
872 5554 887 5558 _
912 5484 1320 5558 "_attribuere.i
1356 5486 1401 5518 ”
1429 5488 1666 5555 applicet.
1696 5527 1706 5538 .
1745 5491 1813 5521 ’⁸ο
1833 5488 2056 5546 Dent.v.
2135 5492 2149 5522 ⁸
2176 5486 2213 5542 Γ.
2238 5506 2291 5544 se
2316 5486 2505 5555 solum,
2530 5500 2601 5545 ita
2632 5508 2733 5547 ms.
2752 5490 2893 5547 Just.
2970 5491 3339 5558 'pra'tendere.

1069 5572 1113 5610 ιι.
1161 5571 1242 5618 ιιι,
1276 5558 1359 5611 15.
1462 5558 1558 5623 "2,
1587 5574 1643 5626 q.
1675 5558 1727 5613 7,
1762 5559 2098 5615 Sacerdote..
2168 5624 2171 5625 ν
2250 5563 2270 5590 ⁸
2296 5562 2483 5615 Matth.
2524 5578 2679 5623 χχιιι,
2716 5563 2772 5616 3.
2847 5564 2863 5593 ⁷
2889 5560 3057 5617 Conc.

1069 5625 1099 5702 _’_
1133 5642 1215 5680 ac.
1361 5626 1547 5680 Matth.
1595 5627 1928 5702 x;__l.ttc.t'l.
1989 5632 2104 5687 "c.
2146 5632 2179 5685 4
2239 5630 2371 5702 Reg.
2403 5630 2466 5702 iS.
2511 5630 2803 5687 Benedicti.
2883 5634 2898 5663 ⁸
2948 5648 3070 5702 quo.

1673 5699 1733 5768 [δ’
1754 5697 1898 5751 Psal.
1930 5716 2120 5768 sum,
2152 5702 2241 5759 l2.

1544 5769 1582 5799 ¹⁹
1653 5761 1919 5837 Recognit.
1957 5785 2029 5829 tv.

2250 5563 2270 5590 ‘
2296 5562 2483 5615 Matth.
2524 5578 2679 5623 χχιιι,
2716 5563 2772 5616 3.
2847 5564 2863 5593 ⁷
2889 5560 3057 5617 Conc.
3090 5560 3250 5616 Rom.
3284 5577 3338 5625 v,

2250 5630 2352 5663 Qun
2411 5630 2448 5663 Ε
2511 5630 2779 5663 Ώο.ιμ,1ἶηιέ
2883 5634 2898 5663 ι
2951 5648 3049 5663 nun
3152 5633 3315 5663 tu...“

3214 5645 3338 5699 cap.

2321 5701 2363 5734 “
2388 5701 2664 5768 Joau.xu,
2697 5702 2787 5785 35.
2874 5702 2944 5786 f“
2967 5701 3095 5758 Psal
3141 5714 3336 5767 xum,
