3838 6378
466 247 580 304 485
711 284 718 291 ο
1290 245 1346 303 S.
1380 244 1776 302 CLEMENTIS
1811 244 1827 298 Ι
1867 244 2037 302 ROM.

2145 241 2279 297 mn
2321 239 2549 297 ornus
2585 237 2812 293 DUBIA.
3622 232 3733 313 tsi

468 345 579 434 que
609 360 966 434 permittitur,
999 366 1054 416 et
1085 361 1189 416 hoc
1212 362 1455 431 ipsorum
1486 368 1574 419 est
1621 360 1924 432 proprium.
1951 359 2052 418 De-
2081 369 2126 428 Α
2158 360 2277 416 sine
2311 357 2479 411 dubio
2523 363 2577 410 et
2614 358 2770 411 vacui
2810 356 2878 409 ab
2932 355 3188 427 cperibus
3222 336 3386 409 bonis
3440 370 3737 433 pergemus

464 456 733 513 siderium
778 468 908 509 vero
940 455 1137 509 habere
1166 470 1294 525 erga
1331 454 1608 509 doctorem
1647 454 1916 520 veritatis,
1948 454 2053 509 hoc
2154 450 2222 507 ad
2288 448 2482 515 Deum,
2529 449 2621 503 ubi
2662 448 2933 517 judicium
2978 463 3202 521 operum
3250 456 3562 502 nostrorum
3615 450 3733 505 tiet.

440 507 495 670 ‘a
547 545 711 601 Patre
753 545 961 601 rrelesti
994 544 1255 601 donatum
1283 553 1385 607 est.
1421 544 1525 601 Sed
1556 548 1707 602 salus
1745 547 1801 601 in
1833 562 1899 603 eo
1943 556 2048 612 est,
2152 543 2505 614 Urnaquzeque
2532 543 2729 597 etenim
2760 556 2847 597 res
2869 555 3029 595 suum
3074 550 3287 611 tempus
3336 539 3495 594 habet
3543 546 3597 594 et
3647 541 3741 594 lo-
3760 603 3787 635 ν

465 648 521 670 ιη
556 638 892 670 ι-Λιηιηοηιιηη
941 638 1060 670 nin-
1126 638 1283 670 ηηῖηρ
1322 654 1561 670 σιηυη-ιιηιι
1613 648 1662 670 ιιι
1693 634 2022 670 Ant-hinni...“
2150 652 2273 670 naua“
2321 636 2367 667 ιι
2409 633 2644 670 nmmum
2690 633 2777 670 hin
2821 634 2974 670 Innnc
3036 632 3138 670 Imp
3171 639 3387 670 Iomnnc
3415 640 3526 670 ρει·
3562 632 3739 670 mna-i—
3778 640 3787 651 ‘

439 624 526 757 ξω
556 638 893 695 voluntatem
941 638 1084 709 ejus,
1125 638 1285 709 cujus
1321 654 1563 694 amorem
1612 648 1666 695 et
1692 634 2046 707 desiderium,
2150 652 2296 691 cum.
2321 636 2367 667 "
2409 633 2646 707 Operum
2690 633 2779 690 hic
2821 634 2997 695 locus,
3036 632 3140 686 hoc
3171 639 3387 701 tempus
3415 640 3529 701 est;
3562 632 3739 691 meri-
3765 624 3795 652 ’δ

468 728 580 757 n-..
634 729 898 757 θην-ειη...
950 730 1267 757 ,Μυκηυημ
1314 730 1515 757 r...:.....
1552 732 2045 757 .....t:......._............
2149 735 2329 757 ιιι-η...
2389 728 2647 757 Manut...“
2677 726 2917 757 ι’..ιη-ηηι
2971 723 3431 757 τ’...ιιισιιηιιῖηἱιιη-
3457 740 3557 757 nm.
3584 724 3733 757 ..εει-τ.

440 723 583 825 {Deo
634 729 919 801 largiente,
949 730 1289 802 conceperis,
1311 730 1517 799 facias;
1552 747 1620 786 ne
1636 732 2049 787 dicaturscrmo
2149 735 2354 792 torum,
2389 728 2650 782 sacculum
2677 726 2941 781 futurum.
2971 723 3239 779 Curratur
3262 724 3431 793 igitur
3457 740 3557 794 per
3584 724 3736 780 viam

464 823 587 892 ejus
618 822 684 877 ad
716 838 838 889 nos,
868 837 1031 893 quem
1058 823 1201 878 idem
1225 823 1364 879 dixit
1392 841 1406 878 :
1442 823 1583 891 Quid
1605 835 1779 880 autem
1808 841 1888 879 me
1914 823 2049 879 dici-

469 916 562 982 tis,
590 914 836 980 Domine,
865 914 1108 980 Domine,
1146 925 1195 970 et
1228 933 1331 981 non
1358 916 1538 986 facitis
1571 933 1687 988 qua:
1710 916 1829 971 dico
1848 917 1931 970 “‘3
1952 916 2046 972 Est

463 1022 596 1076 ergo
628 1007 834 1078 proprii
878 1010 1143 1076 muneris,
1205 1016 1264 1064 ut
1318 1010 1698 1081 unusquisque
1740 1011 1831 1074 sit,
1883 1020 2046 1081 prout

464 1098 729 1156 Dominus
770 1108 961 1163 noster
987 1101 1218 1167 dederit,
1244 1101 1520 1172 perfectus
1544 1102 1597 1157 in
1630 1101 1893 1165 Ecclesia,
1919 1103 2045 1156 mit-

462 1200 695 1262 tensque
731 1194 942 1249 semina
970 1192 1180 1261 divina,
1212 1202 1272 1249 ut
1297 1194 1364 1250 de
1395 1196 1575 1259 nobis,
1609 1210 1715 1249 non
1749 1195 2042 1266 praedictus

458 1299 668 1348 sermo,
701 1270 799 1339 sed
831 1285 920 1341 ille
949 1285 1186 1353 dicatur,
1215 1302 1375 1357 quem
1400 1287 1530 1342 alibi
1562 1286 1826 1343 Dominus
1856 1295 2043 1344 noster

460 1374 645 1430 dixit:
699 1375 852 1441 Ideo,
902 1378 1103 1449 inquit,
1147 1380 1317 1433 omnis
1353 1378 1527 1433 scriba
1571 1379 1757 1433 doctus
1789 1380 1844 1433 in
1885 1394 2041 1444 regno

461 1466 735 1534 caelorum,
762 1469 961 1524 similis
984 1479 1063 1526 est
1095 1471 1295 1525 homini
1337 1472 1745 1541 patrifamilias,
1782 1473 1872 1543 qui
1912 1489 2040 1542 pro-

459 1559 563 1631 fert
584 1560 650 1617 de
673 1561 919 1617 thesauro
946 1580 1043 1621 suo
1066 1580 1199 1619 nova
1227 1573 1276 1618 et
1304 1564 1557 1620 vetera".
1596 1562 1790 1619 Nullus
1824 1580 1955 1636 ergo
1970 1567 2038 1632 ",

462 1651 662 1722 inquit,
698 1654 959 1725 impediat
988 1657 1258 1721 ordinem,
1290 1665 1383 1711 aut
1415 1658 1593 1713 locum
1632 1665 1860 1727 occupet
1896 1659 2039 1712 irra-

2146 820 2530 874 mandatorum
2561 819 2679 882 Dei,
2708 829 2761 873 et
2791 832 2821 873 a
2852 819 3134 873 beatorum
3188 826 3582 888 praeceptorum
3624 816 3741 870 Do-

2146 912 2281 966 mini
2333 911 2625 975 institutis,
2664 919 2718 966 et
2749 927 2779 964 a
2819 909 3057 981 Spiritus
3103 909 3275 964 sancti
3318 909 3569 963 doctrina
3619 924 3737 963 non

2146 1002 2456 1059 recedatur.
2486 1003 2829 1074 Quapropter
2855 1001 3212 1073 prmparanda
3244 1010 3372 1056 sunt
3414 1001 3584 1057 corda
3632 1016 3738 1055 no-

2145 1103 2259 1151 stra
2286 1109 2350 1150 ac
2377 1110 2630 1166 corpora,
2675 1104 2878 1152 sancta:
2912 1093 3294 1148 mandatorum
3322 1093 3441 1165 ejus
3472 1108 3739 1148 suorum-

2145 1202 2252 1257 que
2300 1188 2685 1258 episcoporum
2752 1203 2817 1241 ac
2871 1185 3352 1257 pnndicatorum"
3405 1185 3738 1240 obedientize

2144 1279 2481 1345 militatura,
2536 1288 2596 1334 ut
2638 1296 2750 1335 sua:
2796 1280 2983 1349 gratiae
3024 1278 3215 1348 iubeat
3262 1279 3422 1333 nobis
3460 1277 3736 1331 auxilium

2144 1373 2467 1438 ministrari,
2502 1382 2555 1428 et
2584 1373 2855 1444 fugientes
2879 1372 3141 1443 gehennte
3170 1387 3415 1442 ptenam,
3442 1371 3513 1424 ad
3558 1370 3735 1425 vitam

2141 1465 2423 1520 valeamus
2444 1479 2635 1525 omnes
2664 1466 2949 1536 pervenire
2980 1472 3264 1519 aeternam.

2213 1556 2259 1588 "
2285 1556 2408 1611 llaec
2440 1557 2646 1627 itaque,
2679 1556 2848 1613 frater
2881 1556 3210 1611 cbarissime
3254 1555 3481 1620 Jacobe,
3523 1555 3596 1613 ab
3636 1570 3735 1609 ore

2146 1651 2323 1706 sancti
2369 1646 2513 1704 Petri
2554 1649 2799 1717 jubentis
2853 1648 3060 1717 accepi,
3104 1647 3335 1717 tibique,
3374 1656 3432 1701 ut
3473 1647 3733 1719 optabas,

456 1745 817 1812 lionabililer.
836 1750 921 1809 vel
943 1758 1247 1820 temporum
1266 1758 1536 1821 permutet
1557 1751 1846 1817 vices;sed
1867 1719 2429 1821 primoBinsinuare
2479 1742 2686 1807 studui,
2745 1751 2804 1794 ut
2861 1740 3070 1797 servari
3128 1742 3312 1794 omnia
3371 1740 3736 1795 immaculata

458 1853 581 1908 qua!
610 1839 682 1895 sit
706 1838 923 1909 justitia
952 1841 1094 1911 ejus,
1133 1858 1256 1914 qua:
1280 1843 1552 1907 voluntas,
1587 1843 1952 1913 requiramus,
1984 1852 2045 1899 ut

458 1931 623 1987 bonis
652 1932 913 2003 operibus
935 1950 1000 1991 ac
1028 1934 1123 1993 Dei
1154 1936 1330 2007 gratia
1360 1937 1690 2007 repleamur.
1718 1934 1862 1992 Deus
1896 1936 2043 1992 enim

460 2020 549 2077 his
585 2025 679 2096 qui
716 2034 867 2083 recte
906 2030 1151 2086 sentiunt
1219 2038 1273 2086 ct
1320 2030 1463 2093 bona
1503 2038 1673 2100 agunt
1722 2035 2042 2100 pmswesto

456 2117 723 2184 quoniam
753 2118 845 2175 hic
873 2120 1189 2179 manifestat
1218 2122 1482 2192 seipsum.
1514 2121 1650 2176 Nam
1681 2123 1729 2177 si
1760 2121 1885 2194 quis
1914 2124 2043 2183 velit

458 2206 781 2280 (antequam
811 2220 969 2273 actus
1012 2228 1144 2271 suos
1182 2213 1454 2287 emendet)
1500 2213 1568 2269 de
1602 2212 1691 2269 his
1732 2213 2034 2284 requirere,

460 2311 583 2365 qua:
603 2318 713 2357 non
748 2311 927 2373 potest
953 2304 1219 2370 invenire,
1245 2307 1411 2367 stulta
1441 2311 1497 2360 et
1525 2305 1767 2365 inelIicax
1793 2305 1898 2362 erit
1933 2306 2037 2361 bu-

455 2389 702 2461 jusmodi
746 2395 1051 2466 inquisitio.
1094 2394 1331 2467 Tempus
1376 2398 1524 2453 enim
1576 2397 1741 2455 breve
1761 2384 1947 2465 est,et
1978 2399 2035 2455 in

453 2482 666 2553 judicio
689 2485 782 2545 Dei
801 2497 1077 2558 gestorum
1101 2504 1269 2553 causa
1293 2492 1492 2561 agitur,
1513 2506 1624 2547 non
1646 2491 2032 2560 qumstionum.

455 2573 694 2648 ideoque
721 2588 850 2636 ante
877 2580 1061 2637 omnia
1108 2582 1212 2639 hoc
1255 2598 1588 2653 queramus,
1633 2582 1768 2654 quid
1810 2598 1913 2641 nos
1947 2592 2042 2647 aut

458 2669 695 2738 qualiter
715 2686 876 2744 agere
901 2683 1169 2745 oporteat,
1200 2684 1263 2733 ut
1290 2687 1547 2732 aeternam
1579 2676 1746 2731 vitam
1770 2676 2036 2747 consequi

456 2774 790 2821 mereamur.
825 2763 961 2841 Nam
1004 2766 1052 2824 si
1081 2769 1337 2838 exiguum
1368 2768 1474 2829 hoc
1519 2771 1736 2838 tempus
1771 2769 1895 2831 vitae
1941 2783 2039 2839 per

457 2854 654 2917 inanes
680 2872 1015 2929 occupamus
1059 2867 1117 2916 et
1155 2860 1379 2919 inutiles
1428 2860 1787 2931 quastiones,
1839 2861 2035 2923 inanes

2146 1837 2451 1906 prtecipias,
2492 1835 2621 1908 quia
2657 1834 3032 1890 ecclesiastica
3069 1848 3175 1887 non
3204 1843 3418 1905 oportet
3450 1833 3735 1905 negligen—

2142 1933 2245 1993 ter,
2277 1930 2370 1985 sed
2400 1929 2691 1999 diligenter
2717 1929 2922 1998 expleri
2954 1927 3194 1997 negotia.
3249 1926 3373 1981 llzec
3409 1942 3542 1998 ergo
3591 1942 3737 1999 pra:-

2144 2030 2302 2093 ccpta
2350 2037 2513 2079 nemo
2562 2021 2750 2076 credat
2791 2021 2999 2091 absque
3034 2022 3121 2076 sui
3166 2021 3409 2091 periculo
3456 2021 3735 2092 negligere

2144 2114 2230 2171 vel
2263 2114 2637 2176 dissimulare,
2686 2112 2815 2183 quia
2861 2113 2915 2169 in
2950 2112 3163 2183 judicio
3210 2111 3304 2167 Dei
3349 2112 3493 2183 ignis
3536 2113 3730 2172 aeterni

2136 2212 2415 2262 tormenta
2442 2205 2776 2271 sustinebit,
2818 2206 2908 2275 qui
2949 2205 3325 2261 ecclesiastica
3372 2205 3594 2260 decreta
3632 2220 3733 2261 nc-

2141 2298 2389 2369 glexerit.
2422 2297 2524 2367 Qui
2549 2314 2678 2354 vero
2702 2306 2756 2353 te
2773 2298 3028 2362 audierit,
3056 2308 3116 2353 ut
3146 2297 3392 2367 iusserat
3416 2299 3668 2355 minister
3685 2298 3731 2329 “

2141 2390 2349 2457 Christi
2369 2391 2523 2457 Jesu,
2556 2392 2783 2464 gloriam
2808 2391 3058 2461 accipiet.
3090 2390 3193 2457 Qui
3217 2400 3396 2447 autem
3422 2398 3475 2445 te
3495 2408 3604 2447 non
3629 2406 3729 2445 au-

2144 2485 2327 2551 dierit,
2357 2485 2468 2539 imo
2511 2484 2820 2554 loquentem
2872 2481 3158 2540 Dominum
3208 2499 3303 2555 per
3335 2490 3410 2549 te,
3457 2482 3574 2553 ipse
3623 2481 3729 2537 sibi

2138 2578 2544 2635 damnationem
2564 2576 2813 2653 accipiet.
2832 2575 3147 2634 Curandum
3162 2577 3206 2610 ³⁷
3229 2593 3359 2653 ergo
3373 2582 3428 2632 et
3442 2573 3732 2631 attenden-

2135 2673 2274 2735 dum.
2296 2681 2380 2729 est
2408 2670 2567 2726 nobis
2596 2668 2874 2733 omnibus,
2894 2670 3040 2741 quod
3064 2670 3117 2727 in
3135 2677 3457 2742 perpetuum
3484 2668 3728 2739 expedit,

2139 2776 2199 2824 ut
2218 2766 2418 2823 Christi
2448 2762 2800 2837 passionibus
2828 2778 2923 2834 per
2964 2764 3282 2838 patientiam
3305 2764 3729 2839 participemus,

2139 2868 2310 2932 atque
2330 2857 2489 2932 regni
2522 2856 2648 2928 ejus
2690 2870 2999 2911 mereamur
3038 2871 3161 2913 esse
3188 2865 3497 2917 consortes.
3522 2857 3728 2917 Amen.

1631 3156 2217 3255 EPISTOLA
2254 3139 2302 3177 "
2397 3162 2532 3252 Π.

1458 3351 1567 3415 AD
1600 3354 1971 3421 JACOBUM
2017 3357 2408 3421 FRATREM
2448 3360 2770 3426 DOMINI.

1660 3516 1738 3574 De
1763 3519 1992 3577 sacratis
2019 3522 2250 3579 aestibus
2281 3531 2332 3578 et
2367 3523 2527 3581 vasis.
2627 3536 2638 3549 ‘

538 3786 787 3848 Causas
836 3790 882 3823 "
921 3780 1182 3847 Romana:
1233 3787 1492 3847 Ecclesiae
1552 3790 1792 3862 prmi,
1836 3791 2038 3853 Jscoso
2064 3800 2107 3860 c
2137 3792 2269 3851 .lesu
2299 3792 2506 3851 Christi
2558 3793 2605 3851 si
2638 3796 2974 3870 negligenter
3017 3804 3294 3867 erogetur.
3339 3805 3395 3853 et
3433 3796 3729 3866 presbyter

462 3882 968 3954 Hierosolymorum
999 3882 1279 3954 episcopo.

536 3976 582 4011 ³⁸
611 3975 910 4044 Quoniam,
942 3977 1084 4033 sicut
1106 3993 1137 4032 a
1166 3976 1329 4034 beato
1350 3976 1511 4034 Petro
1535 3977 1784 4051 apostolo
1815 3978 2036 4048 accepi-

462 4084 610 4135 mus,
641 4069 887 4125 onmium
919 4069 1294 4139 apostolorum
1324 4069 1506 4135 Patre,
1538 4070 1632 4139 qui
1669 4071 1853 4129 claves
1881 4072 2035 4142 regni

462 4160 709 4216 cmlestis
738 4162 971 4231 accepit,
996 4160 1232 4231 qualiter
1258 4168 1445 4229 tenere
1471 4161 1732 4220 debemus
1757 4162 1824 4219 de
1853 4178 2038 4223 sacra-

462 4252 683 4317 mentis,
714 4268 836 4323 qua:
864 4260 1129 4322 geruntur
1163 4252 1220 4309 in
1261 4255 1492 4319 sanctis.
1525 4264 1577 4310 te
1613 4270 1680 4310 ex
1708 4254 1901 4312 ordine
1935 4271 2039 4317 nos
2083 4323 2087 4328 ,

478 4341 622 4399 tecet
650 4343 947 4401 instruere.
984 4343 1027 4376 “
1049 4342 1249 4402 Tribus
1278 4346 1424 4405 enim
1453 4345 1714 4417 gradibus
1743 4348 2039 4411 commissa

463 4443 597 4492 sunt
659 4443 1005 4492 sacramenta
1051 4435 1363 4497 divinorum
1416 4446 1796 4506 secretorum,
1848 4442 1905 4499 id
1953 4449 2041 4500 est

462 4528 811 4600 presbytero,
838 4527 1079 4583 diacono
1118 4537 1174 4584 et
1197 4530 1447 4589 ministro
1470 4531 1535 4600 ",
1568 4532 1664 4602 qui
1689 4547 1815 4590 cum
1843 4533 2041 4592 timore

460 4626 524 4675 et
567 4609 805 4677 tremoi'e
856 4619 1221 4685 clericorum,
1287 4621 1548 4691 reliquias
1606 4622 2035 4694 fragmentorum

462 4711 717 4783 corporis
758 4711 1031 4769 Dominici
1068 4713 1351 4773 custodire
1383 4715 1619 4780 debent,
1661 4730 1733 4770 ne
1778 4731 1886 4785 qua
1931 4733 2035 4787 pu—

463 4806 623 4863 tredo
679 4807 739 4861 in
779 4807 1026 4865 sacrario
1079 4806 1388 4863 inveniatur
1434 4822 1509 4862 ne
1534 4821 1659 4862 cum
1701 4807 2039 4878 negligenter

462 4898 729 4970 agitur”,
755 4898 993 4969 portioni
1025 4898 1272 4969 corporis
1308 4896 1522 4955 Domini
1560 4898 1744 4970 gravis
1769 4899 2038 4955 inferatur

464 4988 690 5061 injuria.
740 4990 1069 5049 Communio
1113 4992 1261 5047 enim
1302 4990 1551 5063 corporis
1599 4989 1812 5047 Domini
1861 4992 2036 5047 nostri

2147 3887 2362 3941 minora
2391 3901 2502 3943 non
2537 3895 2693 3943 curet
2724 3889 3022 3946 admonere
3058 3887 3265 3965 cilicia,
3296 3886 3448 3958 gravi
3490 3887 3727 3945 anatin-

2144 3986 2291 4033 mate
2320 3978 2365 4011 “
2393 3986 2450 4035 et
2472 3978 2636 4050 digna
2664 3980 3065 4038 bumiliationis
3094 3980 3249 4049 plaga
3281 3977 3528 4034 feriatur.
3559 3977 3729 4035 Certe

2144 4076 2298 4124 tanta
2334 4070 2392 4125 in
2432 4069 2476 4103 ³⁸
2514 4069 2714 4127 altario
2760 4070 3081 4129 holocausta
3127 4070 3458 4133 oderantur,
3511 4078 3729 4140 quanta

2140 4162 2348 4233 populo
2379 4161 2627 4220 sufﬁcere
2666 4161 2920 4221 debeant.
2960 4162 3117 4229 Quod
3158 4164 3204 4218 si
3241 4163 3632 4228 remanserint,
3665 4162 3729 4216 in

2140 4256 2449 4312 crastinum
2480 4255 2526 4287 ³⁸
2552 4270 2660 4310 non
2701 4262 3086 4318 reserventur,
3127 4252 3223 4310 sed
3272 4267 3396 4307 cum
3434 4253 3635 4306 timore
3671 4260 3732 4307 et

2142 4355 2402 4413 tremore,
2452 4348 2777 4404 clericorum
2826 4346 3107 4416 diligentia
3148 4354 3573 4400 consumantur.
3615 4342 3730 4410 Qui

2141 4448 2326 4496 autem
2365 4440 2586 4497 residua
2630 4439 2882 4508 corporis
2929 4437 3168 4501 Domini,
3203 4452 3326 4506 quae
3372 4436 3427 4490 in
3472 4438 3731 4492 sacrario

2140 4531 2329 4589 relicta
2365 4539 2514 4594 sunt,
2540 4532 2582 4563 ⁸⁷
2609 4536 2963 4594 consumunt,
2994 4545 3103 4587 non
3132 4529 3317 4584 statim
3361 4527 3429 4583 ad
3468 4542 3730 4587 commu-

2138 4639 2241 4687 nes
2296 4622 2645 4693 accipiendos
2696 4622 2854 4677 cibos
2906 4620 3273 4686 conveniant;
3326 4634 3397 4673 ne
3438 4618 3483 4659 ³⁸
3520 4625 3728 4689 putent

2136 4726 2346 4773 sancta:
2389 4716 2628 4786 portioni
2666 4714 3012 4773 commisceri
3044 4713 3249 4775 cibum,
3281 4714 3373 4783 qui
3407 4728 3506 4782 per
3546 4727 3729 4781 aqua-

2138 4809 2338 4865 liculos
2388 4808 2652 4881 digestus.
2704 4808 2762 4869 in
2815 4822 3097 4863 secessum
3150 4805 3414 4860 funditur.
3468 4803 3529 4858 Si
3585 4821 3728 4875 ergo

2140 4912 2303 4954 mane
2357 4896 2638 4955 Dominica
2677 4898 2853 4966 portio
2894 4896 3098 4959 editur,
3150 4910 3324 4964 usque
3378 4895 3447 4951 ad
3502 4903 3729 4952 sextam

2136 4989 2389 5061 jejunent
2437 4989 2678 5051 ministri
2722 4990 2818 5060 qui
2864 5003 2986 5044 eam
3029 4992 3520 5057 consumpserunt.
3567 4986 3638 5042 Et
3681 4992 3731 5044 si

420 5173 427 5177 υ
540 5137 589 5169 ’⁸
621 5135 757 5193 Luc.
789 5151 864 5202 vt,
891 5134 984 5191 46.
1096 5135 1144 5170 ⁸⁸
1176 5133 1368 5191 Matth.
1401 5149 1525 5201 xm,
1547 5133 1639 5191 52.
1754 5138 1801 5170 “
1834 5135 2108 5202 Recognit.
2137 5136 2194 5191 2.
2308 5136 2355 5168 "
2380 5132 2578 5199 Clem.,
2618 5148 2705 5202 ep.
2736 5132 2792 5187 5.
2904 5129 2952 5164 ’δ
2975 5128 3128 5200 praef.
3162 5128 3298 5202 Reg.
3341 5115 3401 5185 δ’.
3438 5124 3741 5202 Benedicti

541 5153 588 5169 "
622 5153 757 5193 huc.
789 5153 864 5202 γι,
891 5153 984 5191 40.
1097 5153 1144 5170 ’⁵
1176 5153 1368 5191 mattn.
1401 5153 1525 5201 xm,
1547 5153 1639 5191 az.
1755 5153 1800 5170 "
1834 5153 2108 5241 necoaqmt.
2137 5153 2194 5191 Ζ.
2309 5153 2355 5168 ³·
2380 5153 2578 5199 Clem.,
2618 5153 2705 5202 ep.
2737 5153 2792 5187 ί).
2905 5153 2951 5164 "
2976 5153 3128 5200 print.
3165 5153 3298 5213 “eg.
3343 5153 3401 5185 δ.
3435 5153 3738 5212 Pelle-ulc"

449 5207 497 5239 "
528 5208 728 5271 Clem.,
756 5221 843 5277 ep.
874 5207 931 5261 2.
1042 5206 1090 5238 "
1122 5206 1270 5260 utilis
1302 5205 1429 5277 crit_
1452 5221 1523 5258 nt.
1558 5205 1615 5260 .l.
1657 5205 1720 5262 (ἰ.
1753 5216 1826 5264 et.
1944 5211 1965 5241 ⁸
2014 5206 2376 5277 currendum:
2467 5207 2523 5277 τῇ
2544 5205 2599 5257 In
2637 5205 2869 5277 altero_e
2900 5217 3036 5255 mss.
3073 5212 3326 5277 nostris,_
3356 5215 3453 5277 qui
3501 5210 3639 5277 sunt
3668 5214 3738 5273 es

449 5268 1173 5361 1“‘i‘l.“".3“£“"3n-“‘“‘“5.
1401 5273 1538 5358 ιεφι
1590 5277 1827 5361 eam!!!
1885 5288 2266 5361 ρτσίξεριείταπι
2322 5274 2396 5359 .S-
2454 5274 2770 5361 βιεηιειεείεα
2810 5268 3745 5361 item:__'?i??§9.,_’:?f{9?..["33

448 5339 688 5426 Domini.
751 5346 809 5403 In
866 5339 1040 5426 altero
1083 5362 1097 5402 :
1141 5345 1377 5426 Incipit.
1403 5347 1591 5426 prima.
1762 5339 2334 5426 Clementis'ﬂomani
2396 5347 2466 5426 ad
2518 5344 2777 5425 Iacobum
2829 5339 2905 5426 de
2945 5341 3291 5426 sacramentis
3334 5339 3624 5426 ltleclets‘i'tz.
3656 5339 3739 5426 Ita

448 5415 806 5484 Harduinus,
865 5418 957 5489 qui
1009 5432 1080 5474 ex
1135 5407 1414 5488 praedictis
1473 5415 1759 5474 codicibus
1821 5421 1924 5476 has
1982 5430 2039 5473 γε

448 5487 651 5542 Iacobo
700 5489 1036 5544 charissima.
1145 5488 1192 5519 ⁸⁸
1232 5486 1309 5543 De
1343 5501 1565 5543 consec.
1605 5489 1848 5545 distinct.
1888 5490 1960 5547 2.
2005 5489 2039 5543 Ἰ

2145 5427 2260 5473 utcs
2321 5418 2583 5471 lectiones
2643 5414 3048 5467 animadvertit.
3159 5413 3203 5444 "
3240 5411 3303 5466 C.
3368 5409 3434 5465 ll.
3479 5407 3746 5467 Clemens

2145 5506 2195 5543 us
2236 5487 2505 5547 q'adibus.
2617 5486 2659 5517 ³¹
2704 5483 2901 5539 llumb.
2942 5483 3064 5537 adv.
3106 5479 3373 5543 Nicetam.
3487 5482 3534 5513 ³³
3562 5480 3735 5547 hype-

447 5487 651 5542 Jacobo
700 5487 1036 5544 charissima.
1141 5487 1192 5519 “
1232 5487 1309 5543 De
1343 5501 1565 5543 consec.
1605 5489 1848 5545 distinct.
1888 5490 1960 5553 2,
2005 5489 2039 5543 Ἰ

449 5558 699 5642 άίιιοεοιεοτ
736 5620 752 5642 λ
776 5558 853 5642 ﬁ“
888 5556 1189 5642 Ifuc._cod..
1245 5558 1373 5642 legit
1413 5576 1428 5613 :
1469 5566 1519 5642 et
1549 5560 1622 5642 ‘si
1675 5560 1994 5642 negligenter

2145 5506 2195 5543 us
2235 5487 2505 5559 g'adibus.
2617 5487 2659 5517 ³¹
2704 5487 2901 5539 llumb.
2942 5487 3064 5537 adv.
3106 5487 3373 5543 Nicetam.
3487 5487 3735 5558 ³³119ρο-

2145 5559 2251 5642 udo
2296 5560 2598 5642 portionem
2654 5551 3737 5642 corporis"(maritisantiqttahaddttuet

430 5620 987 5699 'sanguinis)Domini
1027 5627 1102 5682 Ν.
1142 5627 1199 5682 J.
1242 5620 1325 5684 (ἶῖ
1346 5628 1622 5699 presbyter
1655 5620 1866 5684 minoia
1898 5634 2005 5685 non
2042 5620 2217 5693 curat,
2259 5620 2364 5684 etc.
2477 5628 2521 5660 “
2551 5620 2826 5696 percussus
2864 5620 3204 5703 8110⁸11181.
3313 5625 3358 5655 “
3395 5623 3473 5678 De
3501 5634 3734 5697 consec.

447 5699 694 5771 distinct.
718 5702 773 5764 2,
805 5698 996 5756 Tribus
1019 5699 1296 5771 gradibus,
1327 5701 1413 5758 vel
1445 5697 1615 5755 Tanta
1644 5702 1718 5756 in.
1748 5701 1816 5757 Et
1846 5702 1900 5757 in
1930 5700 2138 5757 Decrct.
2171 5701 2280 5756 lvo.
2318 5702 2410 5756 lib.
2445 5715 2483 5754 ι.
2562 5700 2605 5729 ¹¹⁶
2634 5697 2735 5751 Ms.
2778 5694 2842 5750 In
2873 5705 3188 5751 crastinum.
3283 5694 3325 5727 ⁸⁷
3361 5694 3589 5759 llumb.,
3633 5702 3734 5747 ω.

681 5743 694 5755 ι
722 5729 773 5764 6,
810 5729 832 5752 Ι
854 5729 996 5756 "ll"
1019 5729 1296 5770 συαιινιιο,
1332 5729 1413 5758 τοι
1446 5729 1613 5755 auum
1644 5729 1718 5756 ιη.
1748 5729 1816 5757 και
1847 5729 1900 5757 III
1930 5729 2138 5757 υτιιιί.
2172 5729 2280 5756 IVU.
2320 5729 2410 5756 ΙΙυο
2447 5729 2483 5754 Ι.
2634 5729 2735 5751 "De
2778 5729 2842 5750 ιη
2873 5729 3188 5751 vlueunuus.
3361 5729 3589 5759 ιιυιιιυσ,
3633 5729 3734 5747 w-

447 5768 591 5828 loco.
667 5770 711 5804 ”
742 5787 853 5828 nec.
