3838 6362
440 285 548 341 487

1324 284 1382 340 S.
1419 282 1811 339 CLEMENTIS
1846 286 1865 338 ι
1901 283 2067 339 ROM.
2106 282 2312 341 PONT.
2352 281 2578 338 OPERA
2627 286 2855 342 DUBZA.

3592 278 3697 344 ⁷488

436 401 714 473 eligantur
734 398 945 463 clerici,
971 398 1063 468 qui
1095 397 1258 468 digne
1278 399 1488 469 possint
1509 398 1793 456 Dominica
1822 415 2011 456 sacra-
2038 407 2084 461 Α
2110 411 2420 456 convertar.
2452 400 2571 456 Non
2619 404 2846 471 requirit
2889 417 2919 454 a
2971 409 3023 457 te
3072 401 3214 457 Deus
3258 401 3568 471 pecuniam.
3602 406 3699 459 sed

417 502 621 549 .menta
649 500 906 548 tractare.
941 491 1133 547 Melius
1164 499 1247 546 est
1278 491 1424 546 enim
1475 490 1689 546 Domini
1736 490 2010 547 sacerdoti

439 601 645 655 paucos
694 585 896 640 habere
932 585 1233 646 ministros,
1284 583 1377 654 qui
1429 584 1642 654 possint
1680 584 1843 655 digne
1874 601 2011 653 opus

435 677 531 733 Dei
559 692 836 740 exercere,
866 691 1028 745 quam
1057 675 1258 730 multos
1282 674 1525 741 inutiles,
1558 677 1650 746 qui
1678 692 1820 732 onus
1848 692 2011 748 grave

434 769 737 824 ordinatori
767 768 1059 823 adducant.
1095 767 1138 819 A
1167 768 1435 838 principio
1464 769 1709 838 epistolae
1737 784 1913 839 usque
1942 769 2009 824 ad

436 861 583 917 bunc
614 862 814 925 locum,
847 859 914 915 de
942 860 1304 916 sacramentis
1342 861 1585 931 delegavi
1613 862 1751 917 bene
1793 862 2010 916 intuen-

435 953 523 1008 dis
552 953 598 986 "
630 968 645 1005 :
678 952 770 1006 ubi
810 967 919 1006 non
968 951 1205 1006 murium
1237 961 1479 1007 stercora
1521 954 1665 1008 inter
1705 953 2009 1024 fragmenta

434 1041 733 1096 Dominicze
757 1043 1026 1113 portionis
1052 1050 1367 1112 appareant,
1393 1058 1568 1113 neque
1598 1045 1645 1075 ⁷⁸
1668 1044 1881 1114 putrida
1914 1060 2011 1114 per

434 1134 817 1205 negligentiam
848 1143 1168 1190 remaneant
1204 1138 1559 1201 clericorum,
1594 1144 1648 1191 et
1676 1137 2011 1191 convenien-

433 1240 535 1287 tes.
569 1227 662 1298 qui
701 1227 951 1297 accipere
985 1228 1090 1283 sibi
1141 1228 1468 1284 medicinam
1518 1228 1867 1291 desiderant,
1906 1233 2010 1299 pu;

432 1318 578 1373 trida
606 1333 731 1373 cum
762 1319 1017 1385 viderint,
1063 1321 1237 1390 magis
1268 1335 1394 1375 cum
1434 1318 1665 1375 ridiculo
1694 1326 1747 1374 et
1791 1319 2009 1374 fastidio

432 1413 723 1467 videantur
750 1414 1018 1482 accipere,
1052 1419 1107 1467 et
1135 1413 1189 1467 in
1222 1423 1505 1483 peccatum
1540 1412 1712 1482 magis
1754 1412 2009 1467 decidant

434 1520 530 1575 per
582 1505 966 1576 negligentiam
1022 1505 1371 1562 clericorum.
1432 1504 1775 1575 Quapropter
1846 1519 2009 1559 nemo

432 1597 763 1653 clericorum
795 1598 939 1652 ultra
979 1596 1094 1653 base
1121 1598 1465 1661 dissimulet,
1497 1608 1589 1652 aut
1618 1599 1893 1669 negligere
1923 1598 2010 1652 ul-

433 1689 651 1745 latenus
680 1689 896 1755 audeat,
932 1688 1025 1745 sed
1078 1689 1331 1751 libenter,
1367 1702 1488 1757 quae
1534 1688 1687 1757 jussa
1720 1694 1868 1752 sunt,
1910 1705 2008 1744 ex-

435 1780 602 1851 pleat,
637 1788 691 1835 et
718 1786 1062 1836 sacramenta
1085 1780 1267 1834 divina
1302 1794 1648 1850 nequaquam
1676 1781 2011 1851 negligenter

433 1879 759 1928 contrectet.
792 1871 1025 1942 Ideoque
1049 1877 1159 1925 tam
1183 1871 1413 1941 juvenes
1437 1886 1603 1941 quam
1629 1886 1789 1927 senes
1811 1872 1878 1927 de
1901 1871 2010 1939 bis,

434 1972 490 2020 et
515 1963 583 2019 de
627 1963 777 2018 omni
820 1964 1238 2018 conversatione
1275 1977 1411 2026 sua,
1445 1972 1500 2018 et
1547 1963 1927 2027 conversione,
1957 1970 2013 2018 et

435 2054 762 2125 ptenitentia
804 2054 964 2109 valde
1012 2069 1137 2110 esse
1189 2054 1459 2110 sollicitos
1501 2063 1736 2126 Oportet,
1769 2055 2014 2125 satisque

436 2164 619 2221 agere,
649 2158 732 2214 ut,
765 2148 883 2203 haec
912 2146 1181 2219 condigne
1214 2155 1397 2219 agant,
1442 2157 1496 2204 et
1539 2150 1607 2204 de
1658 2148 1874 2219 reliquo
1921 2162 2015 2202 or-

436 2246 567 2293 nent
602 2244 714 2292 tam
749 2237 938 2293 clerici
967 2252 1131 2308 quam
1172 2238 1463 2293 saeculares
1503 2239 1715 2293 animas
1748 2253 1878 2293 suas
1922 2252 2015 2292 or-

437 2330 710 2385 namentis
733 2330 1097 2402 dignissimis,
1123 2328 1470 2400 dogmatibus
1505 2330 1718 2385 scilicet
1745 2331 2010 2395 veritatis,

432 2421 634 2477 decore
656 2421 947 2492 pudicitiae,
987 2421 1275 2491 splendore
1302 2421 1549 2490 justitize,
1575 2423 1814 2477 candore
1841 2423 2014 2493 pieta-

437 2517 529 2581 tis,
559 2516 793 2585 aliisque
821 2514 1096 2578 omnibus,
1129 2513 1331 2584 quibus
1375 2515 1738 2583 compositam
1767 2514 1812 2545 "
1858 2515 2015 2570 decet

436 2620 560 2660 esse
586 2605 969 2659 rationabilem
997 2611 1253 2658 mentem.
1279 2602 1417 2658 Tum
1446 2610 1711 2674 praeterea
1741 2604 2021 2661 declinare

437 2714 471 2753 a
499 2696 798 2751 consortiis
830 2694 1138 2749 inhonestis
1178 2701 1233 2749 et
1262 2693 1594 2760 inﬁdelibus,
1626 2702 1681 2750 et
1721 2698 2014 2753 societates

439 2790 642 2844 habere
674 2787 936 2849 fidelium,
963 2793 1127 2857 atque
1149 2787 1270 2843 illos
1302 2786 1649 2857 frequentare
1684 2798 2012 2854 conventus,

440 2882 497 2937 in
524 2882 726 2953 quibus
761 2880 828 2936 de
870 2880 1157 2952 pudicitia,
1188 2881 1255 2935 de
1298 2880 1534 2950 justitia,
1570 2880 1638 2935 de
1678 2883 1877 2951 pietate
1908 2890 2017 2937 tra-

441 2980 644 3029 ctatur.
689 2970 861 3031 Orare
890 2986 1110 3043 semper
1152 2970 1322 3027 Deum
1362 2986 1429 3027 ex
1474 2980 1592 3026 toto
1638 2973 1824 3038 corde,
1861 2981 1916 3029 et
1947 2976 2016 3030 ab

2112 494 2354 547 animum
2378 494 2784 548 misericordem
2808 502 2860 546 et
2889 495 3029 563 piam
3058 501 3313 548 mentem.
3339 493 3523 565 Neque
3543 495 3701 552 dives

2108 583 2523 638 conversionem
2556 598 2711 637 suam
2742 583 2955 637 differat
2988 598 3085 652 pro
3121 583 3493 639 sollicitudine
3524 600 3700 639 saecu-

2109 676 2232 737 lari,
2264 677 2395 729 dum
2426 678 2627 746 cogitat
2671 674 2947 746 quomodo
2988 675 3265 743 dispenset
3304 675 3700 729 abundantiam

2111 766 2348 838 frugum.
2390 767 2576 839 Neque
2624 767 2769 822 dicat
2814 767 2953 821 intra
3004 768 3399 836 semetipsum:
3441 767 3586 834 Quid
3619 767 3701 821 fa-

2108 861 2291 914 ciam?
2330 861 2422 916 ubi
2465 859 2756 915 recondam
2810 859 3022 915 fructus
3079 860 3267 914 meos?
3309 858 3501 930 Neque
3550 861 3702 915 dicat

2109 953 2304 1007 animae
2332 968 2471 1007 suae:
2498 951 2674 1006 Habes
2696 954 2863 1005 multa
2886 952 3021 1005 bona
3041 952 3273 1019 reposila
3295 954 3352 1006 in
3372 968 3540 1005 annos
3562 953 3703 1006 mul-

2110 1054 2189 1096 tos
2216 1082 2234 1108 ,
2256 1044 2469 1112 epulare
2496 1052 2546 1096 et
2579 1043 2780 1097 la'tare.
2806 1042 2940 1095 Nam
2979 1042 3191 1097 dicetur
3222 1042 3273 1097 ei
3310 1060 3324 1097 :
3365 1041 3561 1106 Stulte,
3602 1043 3702 1096 hac

2108 1145 2258 1189 nocte
2283 1136 2553 1203 auferetur
2581 1135 2674 1189 abs
2712 1143 2760 1188 te
2801 1136 2979 1188 anima
3008 1144 3121 1200 tua,
3152 1144 3203 1189 et
3223 1151 3341 1206 qua:
3373 1135 3582 1203 parasti
3612 1151 3703 1188 eu-

2099 1226 2194 1295 jus
2242 1227 2456 1281 erunt“
2486 1228 2509 1281 Τ
2545 1226 2731 1297 Itaque
2760 1226 2980 1282 festinet
3004 1227 3071 1281 ad
3096 1228 3472 1298 ptenitentiam
3520 1227 3702 1281 omnis

2107 1326 2261 1380 tetas,
2309 1320 2489 1374 onmis
2550 1334 2715 1373 sexus
2763 1320 3051 1389 omnisque
3099 1318 3366 1383 conditio,
3427 1325 3486 1372 ut
3528 1318 3700 1372 vitam

2108 1420 2481 1481 consequatur
2512 1420 2795 1465 aeternam.
2828 1410 3064 1466 Juvenes
3094 1410 3314 1479 quidem
3364 1410 3420 1463 in
3460 1424 3528 1464 eo
3559 1409 3704 1479 grati

2109 1505 2242 1567 sint,
2294 1504 2438 1572 quod
2489 1504 2541 1557 in
2588 1504 2707 1573 ipso
2755 1503 2957 1571 impetu
3005 1503 3424 1566 desideriorum,
3455 1502 3703 1557 cervices

2109 1612 2240 1653 suas
2273 1596 2406 1666 jugo
2437 1595 2738 1665 subjiciunt
2782 1595 3107 1665 disciplinae.
3160 1594 3332 1648 Senes
3357 1600 3412 1647 et
3446 1593 3551 1662 ipsi
3582 1594 3700 1646 lau-

2110 1692 2340 1754 dabiles,
2398 1692 2525 1761 quia
2584 1690 2740 1744 multi
2788 1690 3054 1759 temporis
3105 1686 3595 1749 consuetudinem,
3646 1686 3703 1738 in

2114 1801 2219 1856 qua
2252 1785 2394 1838 male
2414 1783 2669 1854 praeventi
2704 1790 2851 1844 sunt,
2882 1797 2979 1851 pro
3031 1780 3126 1837 Dei
3170 1796 3354 1834 amore
3377 1780 3422 1812 ⁸¹
3454 1794 3705 1833 commu-

2117 1884 2251 1932 tant.
2299 1875 2467 1932 Nemo
2513 1891 2644 1946 ergo
2685 1874 2919 1941 dill‘erat,
2952 1890 3113 1929 nemo
3162 1880 3475 1928 cunctetur.
3509 1869 3706 1936 "Qua

2116 1970 2261 2025 enim
2303 1983 2470 2023 causa
2505 1966 2799 2022 cunctandi
2833 1976 2917 2022 est
2959 1964 3024 2019 ad
3068 1966 3205 2020 bene
3239 1964 3549 2035 agendum?
3571 1963 3704 2015 Ani-

2116 2077 2239 2117 ntus
2270 2060 2373 2116 sibi
2412 2059 2554 2115 male
2608 2059 2888 2123 conscius,
2926 2058 3055 2113 dum
3093 2057 3314 2111 videtur
3341 2056 3447 2111 sibi
3492 2054 3701 2108 nullam

2116 2171 2331 2227 poenam
2366 2154 2500 2225 pati,
2533 2154 2710 2209 credit
2758 2154 2885 2223 quia
2938 2168 3046 2207 non
3102 2152 3313 2222 judiret
3396 2148 3700 2209 Dominus;

2117 2261 2240 2303 cum
2276 2246 2426 2300 abuti
2459 2244 2719 2315 patientia
2755 2242 2871 2306 Dei,
2898 2250 2951 2297 et
2990 2258 3099 2297 non
3134 2242 3439 2311 intelligere
3470 2252 3705 2309 parcen-

2119 2337 2190 2392 tis
2242 2336 2659 2406 benignitatem,
2683 2334 2799 2403 jam
2853 2333 2926 2387 sit
2968 2347 3165 2402 magna
3209 2328 3512 2385 damnatio.
3545 2326 3704 2380 Unde

2117 2430 2383 2500 scriptum
2417 2435 2543 2484 est:
2578 2426 2896 2481 Maledictus
2941 2425 3108 2479 omnis
3164 2424 3253 2494 qui
3308 2439 3438 2493 opus
3482 2418 3706 2475 Domini

2120 2521 2440 2591 negligenter
2471 2522 2580 2590 agit
2602 2519 2668 2573 ⁸⁸.
2728 2519 3076 2589 Quapropter
3135 2515 3432 2586 pastoralis
3485 2511 3706 2566 ordinis

2117 2618 2222 2673 est,
2268 2610 2685 2681 infatigabiliter
2739 2592 3014 2669 revocare,
3070 2605 3339 2677 quidquid
3396 2602 3465 2658 ad
3514 2617 3709 2657 corre-

2118 2703 2354 2757 ctionem
2404 2684 2753 2771 po'pulorum,
2788 2701 2898 2754 imo
2938 2699 3113 2769 magis
3168 2697 3404 2751 ﬁliorum
3440 2695 3711 2765 spiritua-

2120 2793 2254 2848 lium
2322 2800 2590 2863 quautum
2620 2802 2703 2847 est
2731 2790 2815 2845 fas
2851 2790 3176 2860 intelligere,
3226 2786 3551 2858 cognoverit
3581 2800 3711 2855 per-

2116 2886 2314 2952 tinere,
2338 2891 2553 2949 etnon,
2586 2883 2729 2953 quod
2768 2882 2939 2938 absit!
2980 2896 3108 2936 cum
3154 2896 3255 2936 suo
3290 2879 3537 2950 periculo
3566 2877 3711 2932 alie~

2119 2999 2204 3038 na:
2250 2982 2367 3052 spei
2422 2997 2520 3052 per
2550 2980 2722 3036 solam
2768 2972 3155 3048 negligentiam
3187 2975 3364 3031 facere
3399 2973 3713 3029 detrimen-

441 3065 567 3137 ipso
594 3072 779 3137 petere
826 3079 952 3136 qua
991 3065 1183 3129 decet,
1215 3065 1317 3135 ipsi
1350 3065 1557 3135 gratias
1595 3081 1777 3136 agere,
1829 3083 2012 3123 veram
2043 3110 2084 3167 ϐ
2120 3084 2260 3139 tum;
2294 3072 2388 3129 sed
2442 3073 2589 3144 quod
2641 3072 2706 3126 ad
2759 3070 3032 3141 generalis
3080 3067 3274 3124 salutis
3301 3073 3515 3136 spectat
3552 3079 3715 3121 com-

442 3156 842 3229 pmnitudinem
888 3172 1075 3228 gerere
1123 3157 1528 3227 praeteritorum
1572 3167 1882 3226 gestorum,
1916 3159 2017 3213 ali-

440 3250 766 3320 quantulum
808 3250 995 3313 etiam,
1040 3249 1087 3304 si
1117 3249 1377 3320 possibile
1414 3262 1520 3317 est,
1568 3267 1665 3322 per
1704 3251 2019 3306 misericor-

440 3341 565 3396 dias
593 3356 890 3411 pauperum
918 3341 1112 3409 juvare
1139 3343 1547 3411 paenitentiam.
1585 3343 1689 3397 Per
1728 3344 1842 3419 haec
1873 3344 2017 3398 enim

443 3430 657 3486 facilior
681 3432 840 3486 venia
870 3432 1110 3497 dabitur,
1141 3440 1194 3488 et
1224 3434 1523 3506 indulgenti
1568 3437 1732 3492 citius
1777 3436 2022 3507 indulge-

443 3522 611 3578 bitur.
638 3522 794 3589 Quod
844 3523 891 3578 si
941 3525 1300 3593 provectioris
1353 3525 1529 3582 attatis
1580 3526 1651 3582 sit
1705 3528 1784 3591 is,
1817 3529 1910 3596 qui
1950 3529 2017 3582 ad

445 3615 821 3685 paenitentiam
869 3614 1035 3680 venit,
1071 3632 1136 3671 eo
1187 3617 1359 3683 magis
1407 3618 1612 3688 gratias
1653 3633 1812 3689 agere
1844 3618 2018 3673 debet

444 3704 577 3770 Deo,
604 3706 748 3776 quod
777 3714 1067 3777 postquam
1095 3708 1217 3764 linis
1241 3708 1286 3739 ⁷⁸
1317 3716 1400 3763 est
1426 3710 1606 3765 omnis
1630 3710 1867 3780 impetus
1893 3725 2021 3763 con-

444 3797 800 3866 cupiscentia:
853 3799 1129 3862 carnalis,
1191 3799 1420 3853 scientia
1470 3800 1715 3855 veritatis
1769 3810 2014 3869 accepta,

444 3889 595 3943 nulla
624 3889 673 3943 ei
718 3889 965 3943 imminet
1002 3906 1181 3959 pugna
1214 3890 1552 3953 certaminis,
1588 3905 1683 3960 per
1715 3905 1899 3961 quam,
1933 3892 2019 3944 in-

445 3989 733 4050 surgentes
758 3980 1021 4036 adversus
1064 3983 1323 4044 animam,
1357 3982 1617 4051 reprimat
1642 3984 1890 4054 corporis
1919 4000 2017 4039 vo-

445 4072 687 4127 luntates
714 4073 783 4128 7’.
819 4070 1079 4142 Superest
1102 4086 1233 4142 ergo
1260 4073 1309 4127 ei
1341 4073 1397 4127 in
1428 4073 1705 4143 agnitione
1745 4075 2013 4139 veritatis,

443 4170 502 4219 et
534 4164 923 4219 misericordiae
952 4164 1210 4233 operibus
1259 4165 1527 4229 exerceri,
1571 4173 1631 4219 ut
1672 4166 1862 4219 afferat
1903 4166 2019 4220 fru-

444 4264 571 4313 ctus
598 4258 793 4328 dignos
818 4258 1170 4327 poenitentiae.
1196 4256 1305 4314 Nec
1336 4267 1519 4330 putet,
1553 4261 1681 4329 quia
1710 4260 1765 4314 in
1805 4269 2017 4331 tenipo-

442 4350 525 4405 ris
549 4350 889 4421 longitudine
917 4351 1302 4405 documentum
1343 4345 1720 4407 converSionis
1767 4354 2017 4407 ostendi-

2121 3164 2403 3236 pendium,
2435 3163 2644 3221 salubri
2676 3176 2904 3217 necesse
2958 3168 3043 3216 est
3086 3159 3376 3229 providere
3431 3162 3705 3212 tractatu.

2119 3258 2167 3290 ⁸⁸
2187 3255 2405 3312 Homini
2455 3254 2714 3325 religioso
2768 3267 2962 3323 parum
3006 3266 3129 3307 esse
3178 3249 3339 3305 debet
3378 3247 3711 3303 inimicitias

2119 3349 2347 3403 aliorum
2407 3362 2516 3402 non
2567 3360 2849 3409 exercere,
2876 3344 2962 3399 vel
3006 3358 3116 3397 non
3168 3356 3369 3411 augere
3415 3339 3563 3394 male
3623 3339 3712 3392 lo-

2118 3441 2354 3512 quendo,
2386 3439 2495 3495 nisi
2531 3454 2625 3494 eas
2664 3436 2832 3493 etiam
2860 3435 3213 3505 exstinguere
3247 3433 3386 3488 bene
3420 3430 3711 3501 loquendo

2119 3530 2413 3587 studuerit.
2446 3530 2493 3562 “
2511 3528 2652 3583 Ecce
2682 3528 2799 3583 oris
2834 3525 3010 3580 nostri
3037 3524 3273 3579 buccina
3296 3521 3364 3576 ad
3396 3537 3565 3577 aures
3596 3520 3705 3577 bo-

2118 3620 2327 3675 minum
2378 3633 2763 3690 personamus,
2794 3632 2972 3686 neque
3005 3631 3067 3671 se
3096 3614 3360 3683 deinceps
3409 3613 3711 3669 excusabit

2116 3732 2226 3771 non
2259 3714 2551 3778 monitum,
2580 3713 2697 3779 qui,
2732 3711 2876 3781 quod
2921 3710 3076 3780 sequi
3110 3709 3324 3771 debeat,
3355 3718 3469 3762 tam
3514 3710 3709 3767 verbis

2117 3822 2281 3877 quam
2308 3805 2507 3859 litteris
2539 3803 2828 3861 edocetur.
2845 3802 2890 3835 ⁸⁷
2908 3800 3099 3866 Qualis
3134 3806 3315 3854 autem
3344 3799 3699 3853 condemna-

2117 3899 2218 3958 tio.
2250 3904 2304 3953 et
2325 3896 2505 3968 qualis
2545 3895 2798 3950 imminet
2829 3893 3148 3948 maledictio
3176 3892 3262 3946 bis
3296 3891 3390 3960 qui
3420 3892 3478 3944 in
3507 3899 3708 3960 patres

2117 3998 2373 4063 peccant,
2393 3989 2578 4044 divina
2601 4002 2702 4041 nos
2731 3986 2891 4040 docet
2920 3983 3227 4054 Scriptura.
3260 3981 3319 4036 Si
3348 3983 3497 4037 enim
3522 3982 3707 4037 Cbam

2119 4084 2263 4138 ﬁlius
2292 4080 2406 4136 Noe
2424 4080 2493 4145 ⁸⁸,
2526 4094 2650 4134 cum
2693 4079 2925 4134 vidisset
2972 4078 3179 4133 nudum
3230 4092 3392 4131 suum
3456 4083 3708 4145 patrem,

2116 4174 2376 4246 quoniam
2407 4186 2516 4226 non
2546 4172 2829 4241 cooperuit
2856 4170 3032 4239 patris
3069 4168 3372 4238 corporalis
3394 4167 3440 4199 ”
3472 4166 3707 4221 nudita-

2118 4274 2252 4327 tem,
2286 4261 2381 4317 sed
2411 4276 2690 4331 egressus,
2721 4260 3011 4314 nuntiavit
3032 4274 3151 4314 eam
3203 4257 3492 4321 fratribus,
3516 4264 3576 4312 et
3622 4256 3711 4311 illi

2116 4356 2444 4411 vestimento
2482 4368 2608 4407 eum
2658 4359 3094 4422 coaperueruut;
3124 4352 3242 4419 ipse
3268 4349 3491 4420 quidem
3520 4348 3711 4403 (Ibam

444 4448 557 4505 tur,
586 4451 640 4497 et
659 4457 769 4495 non
798 4440 852 4495 in
883 4441 1188 4497 devotionis
1210 4458 1274 4497 ac
1303 4445 1566 4513 propositi
1601 4443 1874 4500 firmitate.
1908 4443 2018 4499 Deo
2050 4451 2096 4508 D
2121 4453 2177 4501 et
2218 4445 2292 4498 illi
2329 4444 2420 4513 qui
2469 4458 2535 4497 ex
2580 4457 2647 4496 eo
2696 4443 2811 4496 nati
2857 4448 3007 4505 sunt,
3058 4442 3163 4496 sub
3211 4440 3508 4495 maledicto
3570 4438 3712 4495 facti

440 4533 589 4588 enim
626 4530 929 4605 manifestae
974 4540 1102 4586 sunt
1131 4540 1360 4596 mentes,
1386 4534 1514 4603 quia
1559 4549 1670 4589 non
1708 4543 2013 4605 temporum

438 4628 705 4685 rationem
730 4626 954 4698 colligit,
987 4626 1081 4682 sed
1111 4629 1438 4685 animorum.
1473 4628 1590 4699 Ipse
1627 4631 1768 4686 enim
1800 4633 2014 4701 probat,

439 4713 487 4769 si
518 4714 661 4785 quis,
692 4715 874 4785 agnita
912 4716 1156 4771 veritatis
1204 4720 1606 4788 praedicatione,
1648 4736 1755 4776 non
1781 4723 2013 4787 distulit,

440 4818 617 4872 neque
648 4810 863 4874 tempus
890 4806 1208 4877 negligenda
1234 4809 1575 4878 consumpsit
1601 4810 1669 4874 ⁸ο,
1701 4812 1795 4865 sed
1833 4812 2016 4867 statim

436 4905 512 4959 et,
541 4895 589 4950 si
631 4895 738 4951 dici
768 4904 967 4966 potest,
1012 4897 1200 4953 eodem
1251 4909 1527 4955 momento
1577 4902 1846 4970 pneterita
1893 4918 2018 4972 per-

439 4985 785 5051 horrescens,
814 4989 1121 5045 futurorum
1152 4990 1481 5045 desiderium
1507 4994 1669 5061 cepit,
1690 5000 1744 5048 ct
1780 4992 1833 5046 in
1865 5008 2017 5047 amo-

439 5092 555 5134 rom
588 5080 740 5150 regni
768 5081 1010 5137 caelestis
1043 5082 1267 5137 exarsit.
1307 5080 1540 5152 Propter
1576 5084 1720 5152 quod
1743 5099 1903 5139 nemo
1929 5101 2022 5139 ve-

439 5176 616 5225 strum
653 5172 797 5225 ultra
824 5172 1150 5237 dissimulet,
1201 5187 1299 5228 nec
1337 5182 1483 5227 retro
1514 5175 1790 5243 respiciat,
1824 5176 1918 5230 sed
1952 5175 2019 5230 ad

440 5256 790 5332 Evangelium
841 5263 993 5334 regni
1043 5262 1136 5318 Dei
1189 5263 1420 5319 libenter
1466 5265 1709 5319 accedat.
1774 5263 1891 5318 Non
1936 5265 2023 5320 di—

2122 4548 2250 4594 sunt
2269 4556 2284 4605 ;
2303 4538 2394 4608 qui
2427 4543 2611 4591 autem
2629 4541 3055 4604 cooperuerunt,
3080 4548 3330 4603 magnam
3355 4531 3715 4587 benedictio-

2124 4647 2249 4687 nem
2293 4636 2649 4692 meruerunt;
2681 4628 2854 4681 multo
2892 4626 3066 4697 magis
3117 4625 3209 4681 isti
3261 4626 3474 4695 majore
3501 4631 3562 4680 et
3584 4639 3713 4678 am-

2122 4723 2296 4793 pliore
2332 4719 2787 4776 condemnatione
2828 4717 2978 4788 digni
3018 4724 3150 4772 sunt
3194 4717 3287 4786 qui
3316 4714 3575 4785 patribus
3603 4715 3703 4771 ob-

2122 4813 2293 4876 viare,
2329 4817 2423 4866 aut
2445 4818 2636 4865 contra
2682 4824 2780 4864 eos
2807 4809 3093 4879 insurgere
3121 4808 3394 4870 nituntur,
3426 4814 3526 4861 aut
3557 4808 3700 4877 inju-

2122 4907 2260 4961 riam
2284 4904 2370 4958 vel
2419 4902 2807 4957 contumeliam
2837 4901 2918 4955 eis
2950 4901 3153 4954 inferre
3186 4899 3531 4967 moliuntur;
3566 4916 3717 4970 quo-

2125 4997 2271 5052 niam
2306 4995 2401 5065 qui
2433 4994 2515 5049 eis
2544 4992 2778 5054 resistit,
2811 4991 2926 5045 Deo
2961 4992 3200 5057 resistit,
3241 4999 3296 5046 et
3320 4992 3413 5061 qui
3448 4992 3534 5047 eis
3560 4991 3707 5059 inju-

2124 5087 2260 5141 riam
2288 5086 2373 5141 vel
2409 5084 2797 5139 contumeliam
2841 5082 2992 5146 facit,
3041 5081 3170 5144 Deo,
3205 5081 3367 5150 cujus
3421 5082 3713 5151 legatione

2124 5178 2448 5248 funguntur.
2484 5175 2616 5229 facit
2644 5194 2657 5228 :
2691 5174 2916 5244 Expavit
2946 5174 3130 5227 crrlum
3157 5189 3310 5240 super
3342 5172 3463 5236 hoc,
3493 5183 3547 5227 et
3579 5174 3713 5227 liora

2123 5267 2231 5319 ruit
2261 5265 2491 5333 amplius
2516 5264 2858 5325 vehementer,
2884 5262 3012 5314 dicit
3051 5262 3308 5314 homines
3330 5261 3399 5316 ”.
3423 5260 3471 5316 0
3500 5262 3715 5316 intole-

441 5363 531 5409 cat
565 5370 811 5424 pauper:
844 5355 1017 5424 Quia,
1066 5372 1191 5412 cum
1238 5356 1390 5414 dives
1439 5357 1616 5413 factus
1663 5357 1839 5421 fuero,
1891 5365 2018 5412 tunc
2123 5358 2350 5412 rabilem
2388 5356 2818 5424 malignitatem!
2855 5370 2887 5408 ο
2934 5355 3175 5424 linguam
3232 5353 3551 5424 loquentem
3612 5354 3718 5408 ini-

510 5512 559 5544 "
593 5511 835 5585 tuendis.
939 5516 984 5547 "
1009 5514 1066 5570 S.
1121 5515 1283 5585 Greg.
1341 5515 1394 5568 in
1436 5513 1696 5585 TSacram.
1746 5512 1997 5585 cap._De
2030 5511 2144 5585 07rd.
2182 5512 2515 5585 subdiaconi.
2621 5511 2673 5585 "'_
2702 5522 2981 5585 comptam,
3012 5514 3084 5568 ita
3120 5526 3226 5585 ius.
3330 5509 3379 5540 ⁷⁸
3463 5507 3722 5576 fractus.

439 5581 488 5654 ἶθ
520 5580 834 5654 uoluptates.
909 5585 954 5616 '°
985 5579 1315 5654 contempsit.
1392 5586 1433 5616 ⁸⁸
1466 5584 1600 5639 Luc.
1628 5599 1726 5645 xu,
1762 5579 1850 5643 19.
1882 5583 2009 5654 2οη
2052 5584 2096 5654 ’ξ’
2153 5585 2379 5654 limam
2417 5583 2462 5613 ⁸³
2488 5583 2627 5654 Aug.
2665 5582 2718 5654 in
2764 5580 2851 5637 Ps.
2888 5599 2964 5654 ιιιἐ
2991 5581 3134 5654 apud
3171 5579 3528 5654 Prosperum,
3555 5591 3721 5654 sent.

441 5651 565 5725 £58.
641 5650 721 5725 ςιγ
747 5652 947 5725 Jerem.
976 5650 1199 5710 stvntf
1240 5657 1284 5687 ⁸⁵
1336 5655 1590 5725 Prosper.
1625 5662 1766 5709 sent.
1800 5654 1946 5725 178.
1981 5652 2181 5725 Calixt.
2242 5652 2420 5725 eiul1
2516 5651 2563 5683 ⁸⁸⁵
2599 5651 2653 5705 2.
2681 5651 2865 5718 Quaest
2936 5652 2987 5710 τι
3020 5650 3357 5716 Sacerdotes,
3392 5661 3444 5706 et
3484 5652 3721 5723 retis-ui.

437 5722 485 5757 "
512 5722 768 5779 Justinia.
817 5723 884 5781 de
928 5724 1265 5798 3capitulis.
1343 5728 1387 5760 ⁸⁸³
1418 5720 1552 5783 Gen.
1609 5740 1687 5781 tx.
1764 5724 1810 5758 ⁸¹
1857 5724 2200 5794 corporalem.
2280 5720 2349 5760 ’⁹⁰
2392 5720 2504 5779 Jer.
2554 5736 2619 5779 ιι.
