3740 6282
45 76 137 117 ...λ

128 283 223 406 ,ὁ

1358 308 1713 373 EPISTOLE
1746 307 2207 369 DECRETALES.

3252 308 3354 363 490

178 414 351 497 “imm
385 421 595 467 εθῐὶῐη
638 414 876 491 Deum,
905 434 969 481 et
1019 439 1257 485 mentem
1300 422 1353 481 in
1383 422 1721 481 altitudinem
1751 424 1796 483 Α
1823 425 1950 494 gite,
1979 431 2032 479 et
2054 422 2331 478 veritatem
2367 418 2532 474 corde
2557 419 2828 493 prolerte,
2861 417 3114 487 quoniam
3153 416 3355 476 multos

154 470 290 586 Ἳοωιι
320 503 719 564 extollentem!
753 511 838 567 Et
854 470 1084 572 ’iterum
1120 539 1133 573 :
1162 517 1389 587 Impune,
1424 519 1594 579 homo,
1620 526 1724 568 tute

198 617 316 678 mgna
360 599 562 654 ostium
612 609 664 655 et
732 620 936 660 seram
956 609 1026 664 ".
1058 610 1280 664 Cessa”
1303 610 1356 663 in
1381 607 1723 662 altitudinem

201 695 412 756 extollens,
443 699 500 748 et
532 694 784 763 loquens
840 698 1116 755 adversus
1161 700 1327 753 Deum
1381 698 1720 766 iniquitatem

207 799 245 844 et
272 787 554 857 proximum
612 794 802 841 tuum.
859 787 1162 858 Quousque
1216 790 1445 844 insultas
1497 785 1721 855 patienti

200 875 362 930 Christo
420 881 478 928 et
537 872 853 929 fratribus?
923 876 1051 931 Haec
1101 892 1201 931 nos
1259 877 1579 931 familiarius
1625 875 1723 929 do‘

195 966 322 1029 cebat,
365 972 421 1018 et
479 964 606 1018 haec
654 964 823 1019 nobis
868 968 1168 1035 publicitus
1185 967 1233 999 ”
1265 965 1555 1035 praedictus
1605 978 1721 1018 ma-

183 1057 308 1125 gister
392 1060 452 1107 et
532 1054 845 1109 instructor
933 1063 1096 1125 atque
1162 1055 1441 1109 ordinator
1512 1061 1718 1115 noster,

179 1146 397 1215 princeps
457 1145 848 1212 apostolorum
905 1141 1133 1205 Petrus,
1184 1146 1236 1198 in
1293 1145 1533 1199 Ecclesia
1586 1159 1721 1212 pras-

169 1237 371 1298 dicabat,
411 1236 745 1303 exemplum
797 1233 959 1295 dans.
985 1239 1043 1288 ut
1075 1239 1128 1287 et
1154 1247 1254 1288 nos
1284 1234 1533 1289 similiter
1558 1233 1722 1286 facia-

166 1339 299 1381 mus:
336 1324 771 1389 Humiliamini,
825 1326 1022 1393 inquit,
1074 1326 1129 1377 in
1172 1333 1446 1390 conspettu
1489 1323 1717 1386 Domini,

158 1426 206 1470 et
234 1413 503 1469 exaltabit
588 1429 684 1467 vos
698 1412 770 1469 ’⁸.
794 1411 977 1465 Nolite
1045 1407 1315 1465 detrahere
1389 1411 1717 1476 nimirum,

154 1507 383 1575 quoniam
426 1504 529 1574 qui
565 1504 804 1557 detrahit
832 1503 1010 1570 fratri,
1048 1511 1140 1555 aut
1171 1504 1259 1571 qui
1279 1501 1483 1570 judicat
1508 1502 1721 1569 fratrem

150 1611 301 1655 suum,
363 1593 623 1647 detrahit
672 1594 793 1661 legi,
828 1601 880 1645 et
918 1592 1128 1660 judisat
1185 1592 1361 1660 legem.
1405 1591 1508 1656 Qui
1550 1602 1720 1644 autem

149 1687 328 1736 iudicat
393 1686 600 1753 legem,
655 1700 759 1736 non
825 1692 905 1736 est
950 1683 1120 1750 factor
1174 1682 1320 1750 legis,
1395 1680 1482 1734 sed
1533 1682 1716 1749 judeat.

147 1774 276 1827 Unus
306 1784 396 1827 est
424 1776 580 1826 enim
613 1774 893 1842 legislator
913 1782 963 1825 et
986 1771 1170 1839 judex,
1200 1772 1288 1839 qui
1315 1779 1483 1838 potest
1509 1770 1722 1836 perdere

140 1876 190 1916 et
219 1864 467 1917 liberare.
525 1862 612 1916 Tu
655 1871 832 1914 autem
876 1863 991 1930 quis
1038 1877 1113 1923 es,
1167 1861 1256 1929 qui
1290 1861 1500 1928 judicas
1545 1862 1723 1928 proxi-

144 1970 275 2006 mum
288 1952 380 2009 ⁸⁸⁸.
407 1952 540 2006 Non
563 1959 809 2021 oportet.
841 1949 959 2003 Non
992 1950 1231 2021 praecipit
1249 1965 1349 2005 nos
1371 1950 1612 2018 judicare
1639 1952 1722 2004 in-

141 2044 330 2105 vicem,
365 2041 470 2096 sed
504 2042 691 2111 magis
724 2041 986 2094 auxilium
1018 2037 1231 2096 ferre."
1264 2038 1352 2093 Vae
1370 2040 1493 2101 erit,
1524 2040 1718 2109 inquit,

146 2134 232 2189 bis
257 2134 348 2200 qui
382 2133 600 2187 fratres
632 2133 925 2194 tribulant,
963 2142 1017 2185 et
1037 2131 1118 2186 eis
1147 2131 1240 2199 qui
1267 2145 1361 2186 eos
1388 2146 1721 2202 persequun-

149 2230 255 2276 tur.
284 2221 400 2277 Yos
432 2230 628 2275 autem
661 2234 871 2290 quanto
907 2221 1151 2289 amplius
1181 2221 1531 2286 tribulamini,
1567 2201 1719 2276 tanto

153 2312 496 2381 purgatiores
541 2321 720 2380 atque
764 2311 1039 2364 beatiores
1081 2309 1427 2373 efficiemini,
1461 2311 1505 2365 si
1538 2320 1715 2364 tamen

155 2402 273 2469 ipsa
309 2402 601 2456 tribulatio
661 2402 935 2471 patienter
987 2400 1146 2455 fuerit
1192 2410 1523 2469 supportata.
1563 2401 1718 2466 Quod

157 2492 317 2544 etiam
344 2493 463 2562 ipse
486 2508 591 2547 nos
630 2491 901 2546 Dominus
932 2491 1153 2544 docuit:
1192 2492 1342 2545 Beati
1367 2492 1456 2561 qui
1481 2506 1718 2559 persecu-

164 2580 350 2633 tionem
375 2583 661 2649 patiuntur
682 2591 897 2649 propter
916 2581 1180 2649 justitiam
1195 2582 1260 2636 “.
1281 2581 1346 2636 Et
1372 2582 1497 2635 item
1521 2597 1535 2631 :
1567 2581 1718 2635 Beati

160 2671 326 2733 eritis,
354 2688 467 2725 cum
500 2689 590 2726 vos
622 2672 835 2725 oderint
860 2672 1112 2734 homines,
1139 2682 1189 2726 et
1214 2672 1464 2741 persecuti
1490 2688 1577 2725 vos
1604 2671 1718 2739 fue-

161 2758 296 2821 rint,
319 2770 365 2813 et
402 2761 647 2821 eiecerint
702 2777 892 2815 nomen
943 2772 1166 2815 vestrum
1206 2770 1454 2831 tanquam
1495 2760 1711 2817 malum.

167 2844 394 2904 Gaudete
420 2854 473 2905 in
496 2853 597 2906 illa
625 2852 715 2906 die
744 2862 793 2905 et
823 2853 1110 2917 exsultate,
1142 2854 1386 2921 quoniam
1423 2863 1613 2906 merces
1638 2867 1717 2907 tte-

166 2948 285 2991 stra
302 2943 461 2995 multa
492 2953 571 2996 est
593 2944 651 2996 in
681 2943 895 2996 caelo”.
928 2941 1078 2996 Unde
1111 2951 1165 2996 et
1207 2943 1322 3012 ipse
1363 2942 1440 2995 ait
1472 2960 1484 2995 :
1517 2941 1713 3011 Diliges

1818 516 1929 583 jam
1958 512 2317 583 supplantavit
2346 510 2636 579 suspicio‘.
2669 509 2997 563 Charitatem
3030 517 3241 577 semper
3268 509 3357 563 die

1822 604 2001 672 ligite.
2032 612 2085 656 et
2112 598 2308 656 fratres
2349 600 2618 663 adiuvate.
2661 598 2832 667 Erunt
2868 599 3011 652 enim
3047 599 3202 668 quasi
3246 615 3355 653 non

1823 702 1928 748 sm’t
1971 704 2025 749 et
2060 688 2311 762 peribunt
2347 692 2449 744 vin
2473 691 2563 759 qui
2593 688 2973 743 c‘ontradirunt
3002 691 3173 744 VODIS.
3207 683 3356 746 Unda

1819 789 1873 838 et
1898 779 2156 837 Dominus
2177 784 2250 836 ait
2280 797 2295 833 :
2329 781 2433 847 Qui
2454 798 2539 834 vos
2579 781 2747 837 audit.
2775 797 2854 832 me
2881 790 3064 840 auatt;
3092 795 3141 833 et
3158 797 3242 849 qui
3268 797 3357 836 vos

1820 875 2032 941 spernit,
2061 886 2141 926 me
2166 874 2357 941 spernit
2373 888 2391 935 ,'
2407 883 2454 925 et
2469 873 2557 941 qui
2586 872 2777 933 spernit
2798 888 2896 935 me,
2919 876 3113 939 spernit
3137 890 3251 926 eum
3267 873 3362 942 qui

1820 980 1900 1017 me
1936 964 2133 1018 misit‘.
2157 962 2223 1015 Et
2252 963 2377 1018 item
2412 982 2425 1016 ἶ
2447 963 2549 1027 Qui
2569 962 2705 1015 enim
2727 978 2828 1014 non
2846 971 2922 1015 est
2953 961 3223 1016 adversum
3243 978 3355 1028 vos,

1816 1064 1909 1122 pro
1936 1053 2074 1106 vobis
2101 1063 2197 1106 est.
2232 1053 2475 1121 Quisquis
2512 1052 2643 1104 enim
2668 1060 2841 1118 potum
2868 1050 3063 1104 dederit
3104 1054 3242 1106 vobis
3267 1070 3359 1107 ca—

1819 1145 1966 1197 licem
1993 1160 2141 1213 aqua:
2168 1144 2220 1196 in
2254 1144 2457 1195 nomine
2498 1158 2630 1205 meo,
2663 1143 2787 1211 quia
2810 1140 3004 1214 Christi
3031 1143 3175 1205 estis,
3207 1160 3355 1197 amen

1818 1235 1932 1288 dico
1949 1234 2109 1295 vobis,
2138 1250 2237 1286 non
2259 1232 2431 1299 perdet
2453 1231 2727 1303 mercedem
2750 1243 2917 1285 suam.
2944 1227 3009 1283 Et
3030 1234 3115 1301 qui
3135 1233 3357 1286 scanda-

1820 1323 2050 1377 lizaverit
2078 1338 2237 1376 unum
2267 1338 2330 1375 ex
2360 1321 2437 1375 his
2456 1322 2661 1388 pusillis
2692 1320 3015 1374 credentibus
3043 1322 3095 1374 in
3137 1338 3233 1387 me,
3267 1322 3357 1374 bo-

1819 1431 1941 1469 num
1986 1422 2061 1468 est
2100 1414 2148 1466 ei
2191 1413 2375 1480 magis,
2420 1414 2467 1465 si
2511 1410 2917 1464 circumdaretur
2954 1411 3091 1463 mola
3121 1413 3356 1465 asinaria

1819 1502 1951 1559 collo
1972 1505 2105 1573 ejus,
2135 1513 2184 1557 et
2208 1506 2260 1556 in
2289 1520 2431 1555 mare
2462 1504 2769 1555 mitteretur.
2796 1499 2863 1553 Et
2894 1503 2941 1555 si
2969 1503 3355 1556 scandalizare-

1820 1598 1886 1648 rit
1912 1605 1959 1647 te
1988 1608 2172 1647 manus
2203 1604 2312 1655 tua,
2346 1593 2587 1645 abscinde
2622 1592 2788 1643 illum.
2811 1590 3011 1643 Bonum
3032 1602 3106 1645 est
3138 1592 3230 1644 tibi
3267 1596 3357 1646 de-

1820 1684 1971 1735 bilem
1990 1685 2205 1737 introire
2224 1685 2280 1736 in
2310 1684 2486 1743 vitam,
2509 1697 2662 1752 quam
2693 1680 2826 1735 duas
2869 1694 3053 1735 manus
3082 1681 3348 1735 habentem

1822 1775 1896 1826 ire
1917 1774 1969 1826 in
1989 1772 2288 1842 gehennam,
2322 1774 2376 1826 in
2403 1774 2570 1840 ignem
2604 1768 3093 1840 inexstinguibilem,
3129 1773 3217 1824 ubi
3247 1789 3357 1825 ver-

1823 1866 1920 1916 mis
1949 1875 2125 1917 eorum
2147 1880 2248 1916 non
2264 1864 2507 1924 moritur,
2533 1872 2580 1915 et
2606 1863 2741 1932 ignis
2771 1878 2871 1915 non
2892 1863 3253 1932 exstinguitur.
3291 1863 3358 1916 Et

1820 1954 1869 2007 si
1892 1968 1978 2022 pes
1999 1962 2116 2006 tuus
2142 1953 2467 2006 scandalizat
2496 1962 2564 2015 te,
2595 1961 2807 2019 amputa
2848 1953 3015 2007 illum.
3056 1954 3253 2006 Bonum
3282 1962 3356 2005 est

1822 2044 1936 2107 tibi,
1961 2044 2202 2097 claudum
2224 2044 2443 2097 introire
2469 2045 2524 2096 in
2553 2045 2708 2096 vitam
2748 2052 3013 2105 (sternam,
3046 2058 3199 2112 quam
3228 2042 3356 2095 duos

1817 2132 1969 2201 pedes
1995 2133 2279 2197 habentem,
2303 2134 2441 2185 mitti
2469 2134 2523 2185 in
2551 2123 2831 2202 gehennam
2859 2134 2992 2202 ignis
3015 2134 3357 2202 incastingni-

1820 2224 1960 2285 bilis,
1985 2223 2072 2276 ubi
2090 2225 2274 2277 vermis
2291 2240 2466 2277 eorum
2491 2240 2593 2276 non
2617 2224 2857 2286 moritur,
2874 2231 2924 2276 et
2951 2224 3086 2291 ignis
3116 2238 3216 2277 non
3246 2239 3360 2277 ers-

1820 2314 2089 2382 tinguitur.
2136 2313 2285 2379 Quod
2305 2314 2352 2366 si
2379 2314 2557 2366 oculus
2586 2320 2703 2367 tuus
2749 2312 3076 2365 scandalizat
3124 2325 3190 2375 te,
3232 2316 3359 2378 ejice

1798 2421 1952 2458 eum.
1994 2404 2193 2457 Bonum
2228 2414 2308 2457 est
2340 2404 2434 2457 tibi
2450 2404 2646 2457 luscum
2678 2405 2894 2456 introire
2920 2402 2972 2455 in
3002 2413 3210 2473 regnum
3234 2402 3353 2468 Dei,

1817 2506 1970 2563 quam
2034 2494 2162 2547 duos
2222 2495 2398 2547 oculos
2466 2493 2732 2547 habentem
2785 2493 2922 2546 mitti
2972 2493 3027 2545 in
3076 2492 3352 2562 gehennam

1817 2586 1971 2655 ignis.
2030 2586 2118 2638 ubi
2167 2586 2350 2639 vermis
2395 2597 2571 2638 eorum
2604 2598 2703 2637 non
2734 2583 2972 2646 moritur,
3024 2593 3074 2634 et
3101 2582 3230 2651 ignis
3254 2598 3355 2635 non

1816 2679 2175 2748 exstinguitur.
2221 2668 2402 2731 Omnis
2460 2677 2596 2729 enim
2640 2676 2787 2728 horno
2833 2674 2947 2743 igne
2998 2672 3234 2736 satietur,
3305 2681 3355 2726 et

1818 2770 1983 2821 omnis
2013 2768 2221 2821 victima
2253 2767 2474 2821 salietur
2486 2765 2528 2820 ⁸.
2562 2765 2764 2819 Bonum
2785 2771 2861 2817 est
2889 2762 2972 2816 sal
2997 2778 3016 2816 :
3033 2762 3169 2825 quod
3202 2763 3248 2815 si
3273 2762 3357 2816 sal

1816 2858 2073 2912 insulsum
2099 2856 2276 2926 fuerit,
2306 2857 2361 2908 in
2399 2870 2498 2925 quo
2558 2856 2690 2908 illud
2718 2855 2913 2907 salielis
2932 2855 2956 2908 ?
2975 2852 3171 2905 Habete
3200 2853 3282 2904 sal
3301 2854 3353 2905 in

1818 2948 1978 3006 vobis.
2008 2957 2056 3001 et
2075 2960 2251 3015 parem
2269 2946 2449 3000 habete
2486 2944 2624 2999 inter
2652 2962 2738 2998 vos
2756 2942 2778 2978 ⁸
2798 2961 2813 3008 ;
2837 2943 2962 3012 quia
2993 2943 3234 3011 quisquis
3265 2956 3345 2993 ve.

168 3026 443 3084 Dominum
473 3033 642 3087 Deum
683 3041 833 3085 tuum
855 3048 919 3085 ex
955 3041 1058 3086 toto
1099 3033 1252 3085 corde
1282 3042 1389 3097 tuo,
1418 3041 1470 3085 et
1505 3047 1569 3085 ea:
1607 3041 1717 3087 tota
1743 3052 1784 3108 ο
1816 3043 1985 3093 strum
2010 3047 2155 3093 recte
2184 3038 2451 3101 docuerit,
2487 3042 2540 3090 et
2569 3035 2715 3103 j’uste
2751 3033 2966 3095 vixerit,
2995 3031 3210 3086 habebit
3241 3032 3357 3100 glo-

172 3120 351 3173 aninta
371 3132 474 3187 tua,
503 3135 552 3177 et
580 3140 645 3177 es:
670 3125 798 3176 totis
827 3122 1021 3176 uiribus
1046 3125 1168 3186 tuis,
1190 3133 1240 3176 et
1258 3126 1551 3191 proximum
1573 3133 1715 3176 tuum

174 3208 313 3259 sicut
346 3214 554 3279 teipsum
568 3214 663 3268 Ψ.
696 3213 820 3266 Non
853 3214 994 3267 enim
1018 3252 1034 3276 ,
1091 3214 1298 3282 inquit.
1355 3222 1499 3269 recte
1545 3215 1717 3285 diligit

176 3291 365 3362 Deum,
389 3303 473 3369 qui
492 3302 717 3356 fratrem
746 3302 1084 3372 insequitur:
1106 3319 1206 3359 nec
1225 3305 1399 3375 diligit
1417 3307 1716 3375 proximum

175 3385 280 3453 qui
302 3389 347 3441 ei
373 3390 633 3454 detrahit,
676 3393 764 3447 vel
794 3394 890 3461 qui
929 3394 1079 3447 illum
1119 3403 1371 3459 accusat;
1408 3398 1533 3464 quia
1576 3398 1717 3465 quod

177 3474 286 3527 sibi
307 3481 419 3547 quis
448 3482 560 3537 ﬁeri
590 3499 704 3537 non
735 3485 874 3543 vult,
908 3484 1010 3539 hoc
1032 3486 1184 3540 alteri
1214 3486 1522 3541 nullatenus
1544 3486 1720 3543 facere

178 3562 354 3622 debet.
388 3570 599 3634 Discite,
633 3573 834 3642 inquit,
865 3573 957 3626 ﬁlii
994 3574 1466 3643 meitsapientiam,
1495 3585 1549 3630 et
1576 3584 1720 3632 tene-

177 3655 447 3713 toteﬁdem
460 3669 688 3724 rectam,
706 3670 761 3716 et
777 3663 1160 3729 amplectimini
1176 3664 1514 3728 cbaritatem,
1532 3675 1588 3720 ut
1612 3682 1718 3722 non

178 3742 452 3804 escidatis.
474 3750 613 3804 Data
636 3760 715 3805 est
740 3752 878 3804 enim
908 3768 941 3803 a
964 3751 1186 3805 Domino
1204 3763 1450 3821 potestas,
1476 3764 1525 3808 et
1556 3757 1718 3811 virtus

179 3828 252 3879 ⁸⁵
284 3833 557 3904 Αιιὶεείηιο,
581 3844 673 3911 qui
699 3842 1042 3910 interrogabit
1061 3857 1217 3910 opera
1244 3854 1432 3908 vestra,
1450 3855 1497 3898 et
1519 3850 1719 3915 rogita-

180 3920 345 3979 “om
372 3934 685 3986 scrutabitur
711 3944 911 3986 vestras
932 3933 997 3987 ’³.
1027 3934 1128 3998 Qui
1157 3943 1333 3989 autem
1370 3938 1720 3993 custodierint

170 4007 434 4075 iustitiam
473 4025 621 4092 juste
657 4024 1052 4092 iudicabuntur
1090 4043 1104 4079 :
1142 4034 1194 4079 et
1235 4026 1325 4094 qui
1359 4026 1718 4081 didicerint”

172 4097 345 4168 ius”.
364 4111 405 4142 ”
427 4112 573 4179 jusle
604 4113 884 4166 invenient
914 4112 1044 4180 quid
1073 4115 1450 4183 respondeant.
1499 4114 1721 4185 Semper

174 4200 437 4254 cavetote.
457 4200 723 4269 Praecepit
747 4202 892 4255 enim
939 4216 1007 4254 ne
1034 4202 1323 4270 aliquando
1346 4213 1564 4273 peccato
1587 4220 1717 4261 con-

174 4286 472 4347 sentiamus
505 4300 559 4347 et
598 4292 1081 4361 prastermittamus
1108 4301 1370 4361 praecepta
1400 4292 1491 4348 Dei
1522 4296 1713 4351 nostri.

178 4366 256 4455 sos
278 4369 544 4435 Ecclesias
574 4397 674 4450 per
699 4394 947 4449 congrua
975 4387 1030 4434 et
1058 4381 1212 4436 utilia
1240 4382 1399 4437 facite
1425 4384 1561 4449 loca,
1599 4401 1719 4455 quae

169 4453 373 4524 diVinis
401 4474 651 4541 precibus
681 4484 905 4525 sacrare
926 4476 1138 4538 oportet
1159 4509 1174 4531 ,
1211 4480 1265 4525 et
1288 4471 1342 4525 in
1366 4473 1593 4543 singulis
1617 4453 1716 4531 sa-

163 4549 450 4634 εει-ἀπίω,
496 4561 701 4614 divinis
749 4558 1096 4612 orationibus
1150 4559 1259 4614 Deo
1313 4562 1537 4628 dicatos,
1568 4567 1715 4634 poni.

161 4627 316 4693 Quos
340 4653 409 4703 ab
426 4651 681 4703 omnibus
701 4650 958 4702 venerari
988 4657 1219 4717 Oportet,
1240 4658 1293 4704 et
1322 4665 1428 4705 non
1450 4627 1717 4724 quoquam

151 4731 398 4819 gravari.
425 4739 659 4808 semper
698 4740 872 4795 vitate
902 4739 1067 4803 mala,
1098 4751 1150 4794 et
1190 4757 1289 4811 pro
1320 4745 1599 4801 animabus
1624 4764 1716 4804 ve-

143 4812 281 4867 ⁸ίτί⁸
316 4842 392 4887 ne
410 4832 831 4888 confundamini
863 4830 1053 4885 dicere
1075 4834 1310 4887 verum'.
1335 4832 1607 4892 Mcndacia
1636 4843 1719 4896 fu-

186 5026 229 5058 υ

103 5093 849 5208 2:3?gj:§ar.;.;";p.4..

103 5164 351 5245 ..ΑΙ-’ές
446 5164 636 5187 .-.νε-η
672 5164 759 5191 νγ.
800 5164 849 5175 -.
1007 5164 1186 5175 mu"...

99 5223 180 5287 αὖ.
216 5249 318 5287 In
353 5200 375 5244 ι
407 5192 807 5287 ιέῗξρι.νο(ἱιέ.18
869 5201 936 5287 ξι
960 5187 1198 5287 £121qu

216 5254 318 5302 ιν
416 5261 639 5315 .Ecch.
701 5275 788 5313 ιιι,
869 5254 1055 5310 ’an.
1115 5272 1173 5318 xy
1205 5258 1290 5312 ίθι

168 5333 179 5345 ·
232 5322 369 5383 νυ.

422 5737 710 5793 Parion.
756 5722 889 5779 Gl.
936 5716 999 5779 1.,
1022 5768 1031 5785 .

1300 5191 1365 5221 ¹⁶⁹
1394 5192 1481 5263 *10
1507 5209 1560 5261 q.
1594 5198 1650 5249 7,
1688 5196 1945 5250 Ecclesias
1970 5210 2060 5263 per

1392 5260 1413 5291 ⁵
1458 5260 1565 5316 sale
1598 5266 1835 5320 satietur.

1816 3127 1970 3182 riam.
2002 3126 2105 3193 Qui
2132 3135 2306 3183 autem
2339 3142 2496 3181 secus
2530 3126 2721 3195 egerit,
2748 3122 3114 3177 indubitanter
3141 3133 3354 3191 pmnam

1818 3220 2122 3273 sustinebit.
2154 3218 2278 3273 Ideo
2300 3218 2440 3271 bona
2473 3206 2630 3285 agere
2655 3220 2752 3269 vus
2781 3226 2993 3283 semper
3027 3218 3261 3283 oportet,
3295 3219 3355 3265 ut

1815 3308 2058 3363 bravium
2096 3317 2311 3363 aeternae
2332 3309 2454 3362 vitae
2480 3306 2813 3378 percipiatis.

1881 3398 1979 3456 His
2006 3416 2134 3470 ergo
2157 3401 2294 3455 bene
2309 3406 2495 3470 parete
2516 3396 2822 3452 seneentils.
2850 3394 2927 3449 Nc
2947 3394 3070 3463 quis
3085 3394 3198 3447 haec
3220 3407 3356 3462 prae-

1816 3497 1968 3559 cepta
1996 3490 2213 3544 minime
2242 3488 2427 3544 credat
2454 3485 2745 3559 implenda,
2774 3492 2832 3538 et
2849 3483 3052 3553 judicio
3077 3482 3166 3539 Dei
3197 3491 3356 3534 aster-

1814 3579 1870 3633 ni
1897 3581 2032 3649 ignis
2057 3585 2321 3632 tormenta
2351 3566 2650 3639 sustineat,
2683 3573 2775 3645 qui
2803 3571 3153 3627 ecclesiastici
3177 3570 3353 3639 operis

1818 3683 1973 3723 sacra
2008 3668 2324 3737 neglexerit.
2354 3665 2479 3721 Haec
2507 3666 2691 3735 igitur,
2720 3662 2885 3717 frater
2914 3662 3133 3727 Jacobe,
3164 3661 3230 3716 de
3258 3676 3353 3715 ore

1817 3760 1989 3815 sancti
2018 3758 2159 3813 Petri
2181 3758 2423 3826 iubentis
2459 3755 2642 3808 audivi
2669 3768 2682 3804 :
2716 3752 2773 3806 Si
2803 3752 2925 3820 quis
2955 3760 3214 3819 praecepta
3239 3751 3352 3804 hnc

1816 3866 1923 3906 non
1956 3850 2162 3919 integra
2190 3846 2526 3908 custodierit,
2542 3846 2622 3899 sit
2649 3843 2928 3897 anathema
2960 3853 3129 3910 usque
3159 3841 3225 3893 ad
3252 3841 3349 3894 ad-

1815 3951 2032 3998 ventum
2070 3940 2279 3994 Domini
2313 3938 2487 3992 nostri
2517 3932 2645 3990 JeSu
2683 3933 2907 3988 Christi.
2936 3931 3058 3986 Haec
3085 3937 3351 4001 praecepta

1816 4048 1849 4089 a
1866 4040 2053 4088 sancto
2064 4030 2221 4086 Petro
2236 4018 2478 4098 apostolo
2495 4026 2676 4095 accepi
2696 4042 2711 4089 ;
2729 4031 2782 4079 et
2802 4023 2923 4087 tibi,
2943 4022 3114 4076 frater
3141 4021 3351 4077 charis-

1817 4124 1970 4189 sime,
2006 4121 2282 4175 insinuare
2306 4117 2514 4179 curavi,
2537 4123 2596 4168 ut
2618 4114 2819 4169 servari
2852 4112 3032 4167 omnia
3072 4111 3351 4181 praecipias

1816 4212 1934 4267 sine
1960 4210 2192 4265 macula.
2225 4207 2281 4261 Si
2305 4208 2426 4276 quis
2450 4220 2576 4260 vero
2597 4204 2828 4258 audierit
2856 4210 2931 4266 te,
2954 4203 3106 4256 utilis
3122 4204 3227 4256 erit
3252 4203 3351 4254 mi-

1819 4304 1986 4357 nister
2010 4300 2133 4355 Iesu
2164 4298 2383 4353 Christi.
2408 4296 2508 4363 Qui
2539 4305 2716 4350 autem
2739 4308 2846 4347 non
2876 4292 3104 4346 audierit
3132 4299 3205 4351 te,
3240 4292 3350 4344 imo

1821 4395 2120 4461 loquentem
2148 4389 2432 4443 Dominum
2461 4402 2555 4456 per
2583 4395 2655 4449 te,
2687 4386 2801 4455 ipse
2827 4384 2930 4438 sibi
2960 4383 3348 4437 damnationem

1820 4483 2065 4550 accipiet.
2089 4481 2110 4512 ⁸
2139 4478 2489 4548 Omnipotens
2508 4476 2669 4536 Deus,
2685 4473 3022 4536 cbarissime,
3042 4486 3137 4525 sua
3156 4477 3205 4522 te
3228 4484 3352 4538 pro~

1816 4572 2050 4627 tectione
2065 4568 2349 4628 custodiat,
2370 4574 2530 4635 atque
2541 4566 2605 4619 ad
2619 4563 2854 4618 cmlestis
2870 4560 3349 4616 remunerationem

1817 4661 2024 4732 patrias,
2053 4658 2331 4728 multiplici
2369 4658 2667 4710 animarum
2697 4653 2874 4707 fructu
2906 4652 3182 4720 perducat.
3206 4647 3349 4703 Deus

1818 4760 1873 4808 te
1890 4754 2081 4807 iterum
2106 4750 2405 4817 iterumque
2428 4746 2751 4802 incolumem
2778 4740 3068 4803 custodiat,
3100 4754 3348 4793 reveren-

1818 4844 2029 4899 tissime
2057 4840 2240 4896 frater.
2264 4842 2456 4893 Amen.

274 5040 463 5110 Eccli.
496 5066 697 5111 XXVIII.
778 5054 827 5084 ⁹²
858 5066 1051 5105 cornu.
1122 5050 1170 5083 ’⁸³
1201 5052 1414 5122 publice.
1487 5058 1532 5087 "‘
1561 5052 1579 5109 1
1610 5059 1753 5115 Petr.
1783 5056 2034 5114 v."‘Jac.
2065 5074 2142 5122 iv,
2169 5055 2233 5108 ad
2265 5070 2419 5125 quem
2452 5043 2624 5105 tamen
2650 5054 2759 5105 inec
2787 5046 2947 5105 scribi
2992 5053 3189 5108 dicitur
3232 5051 3342 5122 epi-

274 5150 291 5166 -
384 5124 636 5187 "Alex.,
671 5138 759 5188 cp.
794 5123 849 5175 1.
933 5120 985 5149 ’⁸
1007 5116 1186 5188 Matth.
1214 5139 1265 5185 v,
1296 5119 1377 5175 10.
1451 5125 1494 5155 ’⁷
1512 5126 1672 5188 Ῑιήἁη
1701 5132 1786 5184 ll.
1855 5126 2121 5180 "‘Matth.
2147 5137 2277 5188 xm,
2310 5121 2394 5176 37.
2468 5118 2513 5152 "
2530 5119 2653 5188 Sap.
2687 5132 2761 5181 Vl,
2789 5119 2852 5188 4A.,
2917 5121 2983 5152 "‘
3013 5126 3336 5188 crediderint.

1174 5163 1186 5175 .
1214 5139 1265 5185 v,
1296 5132 1377 5175 tu.
1451 5132 1672 5190 "Ibid,
1701 5132 1786 5184 ll.
1855 5132 2121 5180 "‘Matth.
2147 5137 2277 5188 xm,
2310 5132 2394 5176 37.
2468 5132 2513 5152 "
2530 5132 2653 5188 sap.
2687 5132 2761 5181 Vl,
2789 5132 2841 5190 ιζ

2917 5121 2983 5152 ’⁸⁸
3013 5121 3336 5174 «ediderint.

2063 5235 2101 5254 .,
2152 5186 2308 5249 etde
2354 5203 2504 5244 asins.
2560 5186 2683 5243 dist.
2734 5186 3095 5243 μεθήκω».
3200 5186 3341 5241 ‘Ec~

1929 5255 2158 5318 “'llarc.
2209 5279 2283 5324 ιι.
2334 5258 2403 5314 39
2440 5270 2490 5313 et
2528 5273 2641 5326 seq.
2702 5322 2703 5325 η
2748 5257 2768 5286 ⁸
2805 5255 2862 5312 8.
2913 5259 3085 5331 Cres.
3120 5274 3205 5329 ep.
3249 5258 3338 5321 97,

3017 5727 3106 5787 η
