3838 6372
419 345 518 404 491
624 416 629 425 1
778 398 781 401 .
1136 402 1139 403 ν
1302 345 1365 419 Si
1397 344 1791 402 CLEMENTIS
1825 346 1844 399 1
1880 345 2059 415 11031.
2086 345 2288 402 ΡΟΝΤ.
2326 343 2556 402 OPERA
2589 344 2821 404 DUBIA.

3572 339 3678 395 ιςιςι

1514 599 2153 694 'EPISTOLA
2200 587 2219 617 ⁷
2318 602 2507 690 ΙΙΙ.

422 749 516 805 AD
550 746 1489 812 EPISCOPOS,PRESBYTEBOS,
1524 748 1887 815 DIACONOS,
1912 749 2091 813 ETC.,
2123 750 2211 805 ET
2257 748 2651 806 UNIVERSOS
2682 750 2996 816 FIDELES,
3017 751 3105 806 DE
3126 750 3211 809 OF
3215 750 3256 806 F
3262 749 3395 808 lClO
3424 748 3684 807 SACER—

1632 842 1837 900 DOTIS
1867 842 1956 898 ET
1988 842 2461 910 CLERICORUM,

1364 982 1551 1054 Ruﬁno
1574 982 1786 1040 Torano
1806 982 2132 1056 Aquileiensi
2160 982 2465 1073 presbytero
2492 985 2791 1057 interprete.

502 1204 756 1261 Ctsuens
786 1204 940 1260 urbis
959 1204 1145 1261 Romae
1183 1207 1476 1279 episcopus
1497 1209 1757 1266 omnibus
1786 1210 2005 1282 coepis-
2032 1214 2081 1272 A
2107 1211 2256 1268 nime
2297 1212 2591 1269 crediderit
2638 1211 2961 1270 doctoribus
2989 1218 3044 1267 et
3078 1209 3355 1281 episcopis
3385 1208 3505 1264 suis
3529 1246 3546 1271 ,
3578 1221 3690 1261 non

423 1298 597 1369 copis,
632 1297 990 1370 presbyteris,
1026 1298 1276 1356 diaconis
1302 1315 1367 1355 ac
1409 1301 1642 1371 reliquis
1675 1302 1920 1369 clericis,
1950 1310 2007 1359 et
2108 1304 2432 1371 benevolus,
2464 1306 2561 1363 sed
2585 1306 2807 1363 rebellis
2830 1314 2997 1376 atque
3037 1303 3360 1361 inohediens
3387 1300 3691 1365 exstiterit.

421 1389 641 1447 cunctis
672 1390 1016 1460 principibus
1046 1391 1353 1461 majoribus
1386 1392 1794 1460 minoribusve,
1826 1397 2007 1450 omni-
2110 1396 2369 1470 fructuny
2384 1414 2496 1456 non
2525 1399 2855 1471 germinabit
2885 1413 2990 1456 nec
3018 1402 3213 1470 pariet,
3249 1396 3351 1457 Sed
3375 1394 3580 1452 similis
3608 1401 3695 1455 cst

423 1480 639 1554 husque
687 1482 1023 1553 generaliter
1051 1482 1073 1515 ⁸
1114 1483 1368 1539 ﬁdelibus
1404 1484 1743 1552 benedictio,
1783 1487 2009 1555 claritas
2110 1492 2292 1553 arbori
2323 1492 2427 1559 illi,
2460 1492 2531 1549 de
2556 1507 2665 1563 qua
2704 1490 2971 1548 Dominus
3010 1492 3127 1545 ait:
3161 1489 3347 1545 Omnis
3393 1485 3558 1541 arbor
3575 1502 3692 1557 qua

422 1583 481 1633 et
539 1575 715 1645 gloria
766 1576 823 1630 in
874 1574 1053 1646 gratia
1106 1574 1244 1644 Dei,
1285 1591 1408 1647 quae
1439 1576 1566 1634 data
1622 1586 1707 1636 est
1735 1580 1899 1636 nobis
1949 1581 2010 1645 in

2111 1600 2215 1639 non
2257 1585 2389 1654 facit
2410 1587 2644 1655 fructum
2665 1585 2881 1649 bonum,
2905 1582 3200 1649 excidetur,
3217 1592 3267 1635 et
3296 1582 3351 1635 in
3370 1581 3543 1651 ignem
3569 1578 3695 1632 mit-

424 1664 650 1725 Christo
683 1666 815 1726 Jesu
844 1667 1081 1725 Domino
1106 1678 1318 1726 nostro.
2110 1685 2252 1732 tatur
2276 1676 2340 1732 ".
2377 1678 2422 1713 ⁸⁸
2454 1676 2675 1735 Primus
2700 1677 2846 1733 enim
2868 1674 3115 1747 pontifex
3142 1673 3351 1737 Aaron,
3389 1671 3697 1728 chrismate

2108 1768 2531 1838 compositionis
2569 1776 2869 1839 perunctus
2893 1806 2909 1832 ,
2958 1768 3217 1838 princeps
3245 1766 3433 1837 populi
3464 1764 3570 1820 fuit
3596 1782 3611 1832 ;
3644 1772 3698 1820 et

2110 1868 2372 1931 tanquam
2395 1876 2512 1927 rex,
2543 1862 2819 1933 primitias
2836 1868 2892 1917 et
2916 1862 3181 1917 tributum
3211 1875 3309 1930 per
3329 1858 3513 1929 capita
3544 1872 3697 1913 acce-

2116 1955 2197 2026 pit
2219 1970 2248 2008 a
2271 1955 2510 2025 populo:
2537 1960 2595 2010 et
2608 1954 2895 2022 judicandi
2925 1953 3183 2023 populum
3220 1957 3370 2007 sorte
3408 1956 3693 2019 suscepta,

2113 2047 2183 2111 de
2211 2047 2431 2104 mundis
2454 2046 2857 2118 immundisque
2893 2044 3199 2116 judicabat.
3242 2041 3347 2099 Sed
3372 2049 3426 2099 et
3460 2041 3512 2097 si
3555 2041 3698 2098 alius

2112 2155 2183 2198 ex
2210 2140 2333 2211 ipso
2374 2148 2654 2210 unguento
2692 2147 2990 2209 perunctus
3019 2143 3125 2201 est,
3155 2134 3357 2191 virtute
3401 2132 3533 2187 inde
3564 2146 3701 2186 conc

2117 2224 2300 2304 cepta,
2324 2232 2489 2289 etiam
2517 2233 2635 2302 ipse
2654 2245 2753 2287 rex
2777 2241 2870 2285 aut
2901 2228 3165 2300 propheta
3204 2233 3299 2280 aut
3324 2222 3570 2296 pontifex
3600 2221 3701 2277 lie-

2116 2325 2231 2383 hat.
2264 2323 2497 2391 Quodsi
2526 2322 2844 2392 temporalis
2881 2321 3056 2392 gratia
3087 2319 3157 2374 ab
3195 2316 3515 2373 hominibus
3544 2329 3703 2369 com-

2116 2418 2560 2488 posita,tantum
2593 2416 2814 2487 potuit,
2844 2412 3133 2484 intelligite
3168 2410 3284 2482 jam
3328 2418 3598 2480 quantum
3627 2406 3705 2461 sit

2048 2558 2091 2615 Β
2117 2508 2254 2568 illud
2286 2515 2649 2579 unguentum,
2672 2507 2818 2578 quod
2847 2521 2880 2561 a
2922 2504 3035 2561 Deo
3057 2504 3128 2559 de
3157 2502 3397 2574 virgulto
3423 2500 3549 2555 vita:
3566 2513 3695 2570 pro.

2117 2602 2285 2667 latum
2315 2610 2424 2665 est,
2456 2616 2580 2659 cum
2604 2600 2710 2655 hoc
2735 2599 2882 2670 quod
2903 2597 2975 2652 ab
3011 2594 3327 2651 hominibus
3352 2593 3559 2647 factum
3590 2598 3707 2653 est,

2102 2699 2229 2749 tam
2246 2694 2479 2750 eximias
2501 2693 2648 2749 inter
2662 2693 2916 2749 homines
2942 2688 3192 2745 conferat
3215 2686 3534 2758 dignitates.
3556 2682 3709 2751 Quid

2117 2785 2265 2853 enim
2294 2786 2351 2841 in
2385 2784 2643 2857 praesenti
2671 2783 2874 2840 saeculo
2904 2781 3171 2854 propheta
3204 2777 3531 2850 gloriosius,
3570 2789 3711 2846 pon-

2117 2878 2266 2935 tifice
2294 2878 2520 2943 clarius,
2556 2893 2684 2949 rege
2703 2875 3037 2934 sublimius?
3066 2872 3262 2930 Omnis
3279 2872 3426 2926 enim
3454 2867 3711 2939 pontifex

2119 2986 2281 3029 sacro
2303 2970 2602 3027 chrismate
2630 2977 2934 3039 perunctus
2953 3006 2969 3032 ,
2999 2974 3056 3022 et
3092 2966 3149 3021 in
3182 2963 3406 3019 civitate
3433 2960 3713 3016 constitu-

2120 3071 2233 3131 tus,
2263 3063 2563 3135 Scripturis
2591 3062 2766 3118 sacris
2797 3058 3055 3116 conditus
3074 3057 3140 3123 ³⁸,
3177 3056 3382 3112 charus
3407 3060 3462 3109 et
3495 3051 3710 3122 pretio.

2121 3174 2219 3216 sus
2259 3157 2575 3213 hominibus
2608 3154 2806 3227 oppido
2843 3168 2969 3209 esse
3008 3146 3238 3209 debet.“
3305 3147 3505 3219 Quem,
3547 3143 3713 3215 quasi

2121 3250 2326 3308 Christi
2354 3252 2535 3307 locum
2561 3256 2856 3311 tenentem,
2880 3246 3155 3301 honorare
3172 3256 3364 3297 omnes
3386 3238 3612 3300 debent,
3630 3237 3717 3290 ei-

2122 3360 2230 3416 que
2257 3347 2485 3409 servire,
2510 3350 2566 3399 et
2595 3341 2914 3400 obedientes
2938 3339 3008 3394 ad
3038 3339 3271 3393 salutem
3294 3349 3451 3390 suam
3474 3331 3718 3386 ﬁdeliter

2123 3440 2379 3503 existere,
2398 3436 2638 3493 scientes
2657 3433 2805 3505 quod
2825 3432 2941 3488 sive
2967 3430 3165 3493 honor,
3188 3429 3315 3484 sive.
3335 3423 3570 3495 injuria,
3590 3436 3718 3492 qua

2122 3532 2178 3595 ei
2198 3528 2464 3597 defertur,
2494 3528 2551 3583 in
2590 3527 2872 3584 Christum
2903 3521 3217 3586 redundat,
3247 3527 3303 3576 et
3332 3533 3364 3573 a
3395 3517 3624 3572 Christo
3655 3514 3720 3569 in

443 3613 608 3669 alieni
636 3626 818 3673 erunt.
852 3617 999 3676 Nam
1014 3628 1259 3691 vestrum
1314 3630 1399 3679 est
1447 3638 1545 3680 eos
1588 3624 1895 3686 instruere;
1929 3640 2023 3681 eo.
2126 3626 2320 3681 Deum.
2351 3622 2395 3653 ¹⁸
2423 3621 2631 3677 Audire
2662 3634 2796 3690 ergo
2827 3631 2955 3677 eum
2997 3615 3263 3670 ειιθηιίυδ
3289 3618 3536 3683 οΡοτιθιν
3566 3617 3623 3664 θί
3645 3609 3719 3662 ab

444 3722 571 3763 rum
594 3715 681 3765 est
723 3712 879 3769 vobis
915 3713 1135 3771 obedire
1164 3725 1224 3771 ut
1247 3716 1379 3784 Deo,
1411 3717 1571 3786 cujus
1596 3717 1869 3788 legatione
1895 3717 2024 3773 fune
2127 3717 2248 3789 ipso
2272 3714 2556 3785 suscipere
2600 3711 2913 3768 doctrinam
2950 3707 3097 3772 fidei,
3130 3704 3339 3761 monita
3371 3709 3559 3758 autem
3589 3700 3725 3754 vitae

443 3801 661 3873 gintini,
686 3802 903 3862 dicente
929 3806 1164 3869 Domino
1190 3824 1205 3861 :
1240 3808 1348 3877 Qui
1376 3827 1464 3866 vos
1494 3811 1647 3865 audit
1669 3849 1685 3876 ,
1726 3827 1809 3865 me
1848 3811 2021 3879 audit,
2127 3825 2163 3864 a
2193 3806 2529 3880 presbyteris
2544 3805 2845 3877 inquirere,
2868 3817 2900 3857 a
2924 3799 3175 3858 diaconis
3197 3812 3330 3855 vero
3354 3796 3611 3852 ordinem
3628 3793 3723 3847 dio

445 3904 496 3948 et
520 3894 610 3965 qui
639 3911 726 3949 vos
760 3900 982 3966 spernit,
1011 3917 1093 3956 me
1118 3903 1316 3969 spernit
1335 3903 1408 3969 “;
1435 3910 1490 3958 et
1516 3921 1531 3959 :
1558 3902 1664 3971 Qui
1694 3921 1780 3959 uos
1820 3906 2024 3975 recipit,
2054 3904 2095 3962 C
2130 3902 2399 3973 sciplinte.
2443 3898 2674 3970 Propter
2710 3895 2860 3968 quod
2907 3894 3173 3964 deprecor
3208 3905 3310 3947 vos
3330 3900 3628 3945 conservos
3661 3892 3725 3939 et

449 4004 532 4043 me
561 3990 766 4059 recipit,
794 4001 845 4046 et
882 3995 970 4063 qui
993 4012 1074 4050 me
1107 3996 1313 4065 recipit,
1345 3997 1529 4066 recipit
1550 4013 1671 4051 eum
1700 3999 1791 4069 qui
1820 4015 1900 4054 me
1930 3998 2030 4053 mir
2132 3996 2415 4066 adjutores
2443 4007 2617 4059 meos,
2640 3999 2700 4047 ut
2724 3987 2955 4046 discatis
2984 3984 3249 4042 attentius
3282 3982 3596 4037 animarum
3624 3992 3727 4032 cu—

500 1759 668 1832 Urget
697 1776 821 1826 nos,
870 1761 1097 1827 fratres,
1130 1764 1341 1821 multus
1371 1780 1529 1821 amor
1568 1774 1773 1832 vester,
1799 1774 1855 1823 et
1881 1767 2011 1825 reli-

426 1851 581 1923 giosa
611 1851 805 1908 invitat
820 1853 1062 1919 devotio,
1088 1856 1218 1925 quia
1236 1855 1515 1915 debitores
1536 1874 1751 1923 sumus.
1770 1869 1831 1915 ut
1855 1876 2009 1931 quaa-

427 1944 553 2001 dam
583 1944 742 2002 vobis
769 1946 1096 2005 scribamus.
1135 1948 1246 2004 Vos
1264 1965 1421 2021 ergo,
1444 1951 1538 2021 qui
1562 1954 1876 2009 sacerdotio
1897 1953 2009 2010 Do-

430 2036 565 2093 mini
594 2036 863 2104 fruimini,
903 2047 958 2096 et
984 2039 1041 2095 in
1069 2042 1293 2113 specula
1321 2044 1455 2099 estis
1489 2045 1673 2114 positi,
1713 2046 1838 2117 plus
1868 2048 2013 2109 scire

431 2136 669 2199 oportet,
705 2139 764 2186 ut
804 2131 1055 2189 subditos
1084 2134 1244 2190 vobis
1287 2137 1519 2206 populos
1548 2138 1785 2209 pleniter
1813 2139 2014 2205 docere

432 2221 682 2291 possitis,
706 2223 899 2294 eisque
918 2226 990 2281 ad
1018 2243 1186 2298 regna
1216 2232 1483 2287 cmlorum
1508 2231 1774 2291 ducatum
1802 2236 2014 2305 praebe.

431 2327 512 2378 re,
532 2312 644 2369 Deo
671 2326 971 2384 annuente,
995 2319 1247 2376 valeatis.
1280 2318 1432 2378 Unde
1457 2331 1513 2380 et
1536 2324 1657 2395 ipsa
1695 2341 1790 2395 per
1823 2342 1884 2383 se
1908 2326 2015 2383 Ve.

429 2406 567 2463 ritas
597 2407 714 2462 ait:
762 2408 924 2466 Vobis
956 2410 1143 2466 datum
1182 2422 1261 2469 est
1320 2430 1473 2470 nosse
1509 2420 1821 2487 mysterium
1869 2422 2016 2490 regni

431 2495 551 2566 Dei,
582 2503 786 2558 ueteris
813 2513 991 2558 autem
1029 2506 1085 2559 in
1108 2507 1378 2571 parabolis
1397 2508 1439 2576 ’,
1471 2510 1836 2582 etc..Propter
1865 2513 2015 2585 quod

432 2592 725 2648 consilium
753 2593 823 2649 do
856 2597 1155 2669 unicuique
1181 2608 1443 2663 vestrum,
1471 2611 1793 2660 constanter
1814 2604 2017 2669 docere

431 2683 600 2739 verba
623 2684 810 2744 divina
837 2705 854 2755 ;
895 2698 951 2744 et
979 2690 1347 2759 discentibus,
1376 2694 1609 2752 libenter
1638 2698 2016 2763 accommoda

432 2789 493 2831 re
523 2792 715 2834 aurem
747 2782 915 2838 verbo
943 2781 1060 2840 Dei.
1094 2782 1354 2840 Vestrum
1384 2786 1556 2853 enim,
1581 2790 1709 2859 quia
1745 2789 2017 2862 legatione

434 2865 652 2925 Domini
684 2871 1000 2943 fungimini,
1029 2884 1116 2933 est
1137 2876 1337 2933 docere
1360 2879 1627 2948 populos;
1656 2894 1846 2936 eorum
1885 2896 2018 2951 vero

436 2970 521 3015 est
549 2962 706 3019 vobis
735 2964 963 3022 obedire
996 2976 1056 3023 ut
1092 2968 1204 3025 Deo
1224 2970 1290 3027 ¹⁰.
1318 2969 1377 3024 Si
1402 2982 1584 3028 autem
1619 2973 1774 3029 vobis
1801 2975 2019 3044 episco-

437 3054 524 3125 pis
542 3071 650 3112 non
667 3058 975 3115 obedierint
995 3075 1185 3118 omnes
1203 3064 1527 3137 presbyteri,
1541 3066 1759 3121 diaconi
1792 3080 1858 3120 ac
1886 3066 2020 3122 sub-

437 3148 678 3217 diaconi,
708 3160 764 3207 et
788 3153 985 3224 reliqui
1014 3155 1225 3221 clerici,
1257 3173 1558 3229 omnesque
1577 3160 1876 3230 principes,
1907 3168 2018 3219 tam

439 3242 670 3313 majoris
706 3246 919 3303 ordinis
955 3263 1121 3318 quam
1163 3247 1463 3315 inferioris,
1496 3258 1663 3321 atque
1690 3251 1885 3322 reliqui
1922 3267 2017 3322 po-

440 3334 554 3402 puli
587 3336 767 3392 tribus
801 3345 857 3394 et
886 3339 1086 3411 linguai
1108 3357 1219 3396 non
1253 3342 1773 3414 obtemperaverint,
1796 3360 1909 3400 non
1929 3359 2021 3400 soo

444 3424 557 3482 lum
590 3428 845 3497 infames,
899 3433 995 3487 sed
1040 3442 1096 3489 et
1123 3442 1379 3492 extorres
1425 3451 1455 3490 a
1486 3452 1659 3509 regno
1686 3437 1781 3493 Dei
1810 3446 1864 3493 et
1888 3452 2022 3493 con-

444 3521 615 3576 SOI'liO
640 3522 904 3588 ﬁdelium,
938 3540 1003 3582 ac
1022 3542 1055 3581 a
1089 3528 1371 3586 liminibus
1402 3539 1608 3587 sanctae
1643 3529 1736 3587 Dei
1766 3530 2025 3597 Ecclesia

450 4082 520 4135 sit
539 4080 756 4137 ".Nihil
784 4085 931 4140 enim
966 4086 1231 4157 injustius
1250 4089 1334 4145 vel
1359 4090 1706 4147 inhonestius
1725 4098 1832 4156 est,
1863 4106 2029 4161 quam

454 4171 597 4227 ﬁlios
628 4176 879 4244 patribus
911 4178 1179 4247 rebelles,
1214 4187 1308 4236 aut
1338 4181 1575 4237 clericos
1605 4183 1691 4238 vel
1728 4183 1902 4257 laicus
1930 4183 2032 4240 (ἰοπ-

455 4266 734 4333 ctorihus,
772 4283 869 4324 seu
900 4269 1203 4343 discipulos
1228 4274 1510 4345 magistris
1538 4274 1916 4335 inohedientes
1947 4278 2031 4332 vel

455 4365 743 4427 protervos
775 4362 1031 4422 existere.
1060 4363 1322 4422 Novimus
1367 4367 1517 4421 enim
1563 4367 1802 4438 primum
1855 4368 2036 4424 homi-

456 4463 582 4504 nem
628 4467 728 4522 per
768 4453 1195 4513 inobedientiam
1226 4459 1497 4517 cecidisse
1541 4479 1556 4516 :
1607 4461 1816 4517 idcirco
1842 4476 2035 4517 omnes

456 4542 564 4597 hoc
595 4544 791 4601 vitium
829 4564 1179 4621 summopere
1219 4567 1414 4609 cavere
1451 4568 1758 4611 monemus.
1794 4553 1862 4608 Et
1905 4554 2036 4625 quia

458 4634 720 4692 Dominus
744 4642 983 4709 superbis
1012 4644 1245 4710 resistit,
1270 4645 1555 4701 humilibus
1596 4656 1771 4703 autem
1800 4647 1893 4702 dat
1912 4663 2038 4717 gra-

458 4729 593 4784 tiam
610 4730 674 4795 ⁸³,
691 4729 957 4791 Dominus
977 4744 1165 4792 noster
1197 4735 1421 4795 mittens
1444 4754 1543 4795 vos
1559 4739 1679 4796 vice
1707 4755 1806 4796 sua
1829 4739 1886 4794 in
1915 4739 2037 4795 loco

462 4826 836 4895 apostolorum
858 4827 927 4887 ad
955 4828 1381 4898 praedicandum,
1412 4832 1670 4901 pra-cepit
1690 4834 1847 4891 vobis
1874 4833 2041 4897 doce-

461 4932 524 4973 re
554 4934 767 4983 omnes,
812 4936 1115 4991 omnesque
1153 4922 1309 4977 vobis
1340 4922 1572 4979 ﬁdeliter
1604 4926 1943 4993 obedientes,
1978 4935 2039 4980 ut

461 5008 590 5083 ipsi,
622 5013 891 5080 existere;
923 5015 1184 5086 quoniam
1219 5030 1321 5069 nec
1351 5016 1512 5070 aliter
1540 5024 1685 5070 terra
1710 5018 1885 5086 pariet
1918 5018 2037 5072 fru-

463 5111 587 5187 ctus
616 5120 782 5172 suos,
834 5105 941 5161 nisi
987 5108 1136 5161 culta
1169 5110 1438 5178 receperit
1486 5124 1693 5171 semen,
1730 5115 1785 5163 et
1816 5109 2040 5181 irrigata

464 5192 875 5271 germinaverit,
929 5209 984 5256 et
1031 5202 1208 5271 pariat
1243 5218 1363 5273 qua:
1403 5210 1487 5257 est
1531 5202 1798 5273 paritura.
1850 5199 1944 5257 Sic
1987 5212 2040 5257 et

465 5295 648 5349 omnis
677 5296 862 5361 homo,
885 5297 979 5368 qui
998 5297 1232 5353 libenter
1245 5312 1356 5351 non
1379 5297 1645 5366 receperit
1665 5299 1889 5353 verbum
1922 5296 2036 5361 Dei,

467 5386 714 5459 illudque
735 5391 791 5445 in
820 5392 986 5448 corde
1014 5407 1116 5448 suo
1137 5392 1444 5463 germinare
1464 5406 1574 5446 non
1599 5391 1807 5457 siverit,
1843 5407 1907 5446 ac
1940 5392 2041 5445 mi-

2130 4104 2250 4145 ram
2288 4101 2496 4159 gerere,
2527 4093 2585 4141 et
2623 4098 2724 4154 pro
2750 4080 3008 4149 omnibus
3035 4088 3209 4143 stare,
3253 4075 3495 4131 maxime
3533 4082 3727 4127 tamen

2132 4196 2235 4252 pro
2265 4179 2353 4237 his
2380 4179 2475 4250 qui
2504 4178 2562 4232 in
2601 4175 2755 4231 cultu
2798 4173 2986 4229 divino
3030 4171 3305 4226 laborant.
3341 4165 3730 4221 Ecclesiarum

2134 4274 2382 4330 omnium
2410 4283 2602 4326 curam
2633 4268 2912 4332 habetote,
2943 4263 3231 4332 servisque
3268 4273 3461 4321 earum
3500 4257 3735 4325 adjuto-

2136 4366 2280 4421 rium
2312 4363 2582 4435 praebete,
2618 4358 2909 4416 viduarum
2944 4355 3261 4426 religiosam
3300 4366 3496 4409 curam
3525 4348 3732 4421 gerite,

2135 4458 2372 4530 pupillos
2409 4455 2629 4512 enixius
2654 4450 2976 4517 liberate",
3023 4448 3357 4521 pauperibus
3402 4443 3739 4499 miscricor-

2137 4552 2283 4609 diam
2308 4550 2493 4614 facite,
2519 4550 2752 4618 juvenes
2781 4544 3106 4629 pudicitiam
3136 4540 3352 4596 docete.
3382 4538 3474 4606 Et,
3512 4545 3571 4592 ut
3597 4537 3741 4591 bre—

2139 4645 2281 4703 viter
2304 4649 2479 4699 totum
2523 4642 2727 4705 dicam,
2760 4639 3089 4695 alterutrum
3126 4648 3249 4701 vos,
3288 4633 3346 4687 in
3379 4631 3586 4702 quibus
3635 4644 3739 4684 res

2132 4735 2471 4809 poposcerit,
2501 4740 2825 4793 austeritate.
2843 4730 3012 4787 Deum
3047 4728 3232 4792 colite,
3262 4725 3359 4797 qui
3378 4723 3590 4779 creavit
3611 4735 3743 4776 etn-

2141 4830 2255 4884 lum
2277 4841 2330 4884 et
2355 4839 2581 4891 terram,
2618 4834 2673 4883 et
2701 4824 2925 4885 Christo
2946 4823 3173 4886 credite,
3201 4821 3439 4876 invicem
3464 4836 3565 4876 vos
3594 4819 3735 4874 dili-

2136 4924 2272 4995 gite,
2315 4929 2370 4976 et
2409 4920 2796 4978 misericordes
2836 4925 3016 4972 estote
3064 4915 3119 4971 in
3151 4930 3368 4980 omnes,
3414 4930 3529 4969 non
3558 4912 3747 4967 verbo

2143 5016 2283 5078 solo,
2308 5015 2400 5069 sed
2425 5030 2589 5085 opere
2606 5021 2659 5067 et
2675 5014 2841 5069 rebus
2863 5012 3082 5082 implete
3097 5010 3421 5064 charitatem
3441 5008 3510 5062 ’°.
3530 5008 3572 5037 "
3598 5006 3747 5075 Agi-

2141 5118 2194 5166 te
2222 5125 2320 5181 pro
2341 5110 2569 5174 viribus,
2599 5107 2846 5164 conservi
2863 5103 3227 5171 dilectissimi,
3254 5103 3382 5173 quia
3412 5100 3623 5165 bonum
3646 5106 3754 5151 est.

2144 5215 2203 5257 ut
2233 5202 2610 5274 unusquisque
2644 5211 2887 5256 vestrum
2910 5240 2927 5265 ,
2972 5196 3271 5256 secundum
3323 5194 3469 5266 quod
3524 5203 3743 5264 potest,

2144 5297 2320 5366 prosit
2361 5294 2750 5351 accedentibus
2776 5291 2845 5349 ad
2883 5290 3041 5347 (idem
3074 5289 3356 5360 religionis
3391 5296 3623 5343 nostrae.
3667 5286 3748 5339 Et

2142 5391 2265 5446 ideo
2291 5404 2363 5443 no
2420 5398 2519 5443 vos
2550 5386 3079 5458 pigeat,secundum-
3099 5382 3446 5453 sapientiam,
3477 5395 3607 5452 qua:
3633 5395 3758 5433 vo—

542 5526 564 5557 τ
612 5525 669 5580 In
732 5540 835 5581 ms.
877 5534 1070 5581 nostro
1096 5528 1289 5582 titulus
1324 5533 1408 5581 est
1443 5540 1458 5577 :
1524 5522 1661 5578 Item
1691 5525 1872 5593 incipit
1905 5523 2149 5592 Epistola
2172 5523 2431 5593 generalis
2468 5520 2752 5593 Clementis
2788 5535 2963 5593 papte,
2996 5516 3235 5593 omnibus
3267 5526 3375 5593 tum
3401 5518 3746 5593 majoribus.

473 5614 631 5671 quam
680 5596 950 5671 inferioris
1005 5599 1205 5651 ordinis
1257 5597 1511 5671 ciericis,_
1542 5613 1606 5671 _tt_c
1663 5588 2427 5671 cuntitismﬁdelibus'scripta.
2470 5588 2803 5671 ῌΑιωυιιξιιξ.
2876 5591 3045 5644 l'Inc.
3067 5588 3465 5671 gust._dicitur
3501 5592 3755 5671 epistpfa

1474 5667 1577 5697 ιοιν

1099 5685 1213 5733 vnt,
1274 5669 1362 5722 10.
1474 5667 1621 5720 ιοΗ.
1671 5682 1730 5734 q.
1780 5667 1913 5728 5,81'
1964 5683 2019 5717 at

1059 5738 1307 5802 “Jacoh,
1341 5755 1414 5801 tv,
1447 5737 1500 5797 6,
1534 5745 1587 5790 et
1638 5735 1652 5788 1
1686 5737 1825 5789 Ρρῑιοη
1882 5752 1931 5793 v.
1965 5736 2019 5789 5.

476 5667 756 5741 generalis.
863 5667 1037 5741 ἥβης.
1086 5685 1213 5741 vni,
1255 5669 1362 5741 fit).

479 5738 527 5772 δ’
552 5739 741 5792 Matth.
779 5757 832 5805 x,
864 5738 954 5792 40.

1671 5682 1730 5734 q.
1780 5660 1923 5728 3,82"
1964 5674 2137 5719 autem
2195 5660 2360 5719 vobis.
2386 5660 2936 5734 —Conc.‘Trihn[..
2975 5677 3025 5715 c.
3065 5662 3118 5715 8.

2130 5734 2172 5766 “
2224 5734 2413 5789 Matth.
2461 5751 2571 5791 vn.
2619 5731 2704 5786 i9.
2784 5733 2828 5762 "
2866 5732 3135 5798 Recognit.
3174 5731 3240 5798 j.

3237 5660 3279 5690 “
3324 5658 3462 5715 Luc.
3515 5674 3572 5721 x,
3638 5661 3747 5716 16.

3350 5730 3396 5760 ⁸⁸
3462 5729 3749 5785 eruditus.

486 5811 527 5846 ιτ
553 5790 832 5878 Decoquit:
856 5790 909 5877 3,
937 5790 988 5864 c.
1016 5810 1104 5865 66.
1122 5790 1133 5792 ἡ
1154 5790 1382 5864 Ηίίὺἷειξ
1402 5790 1466 5875 ’5,
1488 5790 1685 5862 Audire
1707 5790 2023 5875 episcopum.
2096 5806 2137 5837 ¹⁹
2174 5803 2376 5873 juuate.
2452 5806 2497 5837 ²⁰
2535 5803 2716 5873 repleti
2747 5790 3027 5867 charttate'l
3072 5880 3073 5885 γ
3102 5800 3146 5833 ¹¹
3166 5792 3444 5864 Recognit.
3462 5801 3522 5872 3,
3549 5816 3603 5857 c.
3630 5800 3744 5858 37.
