3838 6396
180 399 265 460 493

1321 367 1679 435 ΕΡΙΞΤΟΗΕ
1720 365 2173 430 DECRETALES

3268 372 3376 430 494

179 516 348 583 hisper
370 506 456 564 Dei
480 504 873 576 providentiam
896 500 1092 555 collata
1113 504 1220 561 est,
1246 495 1521 551 instruere
1544 493 1697 562 igna-
1730 502 1771 557 Α
1802 490 1873 544 tis
1903 488 2178 543 daemones
2208 498 2331 539 cum
2360 483 2717 553 passionibus
2737 526 2751 550 ,
2782 498 2921 554 quas
2949 484 3261 542 hominibus
3299 490 3380 543 in-

179 622 253 663 ros
276 612 322 659 et
353 602 555 657 docere.
590 596 923 653 Desiderium
954 607 1085 663 ergo
1107 590 1307 645 habere
1341 601 1532 642 omnes
1568 596 1696 653 erga

177 701 415 757 doctorem
456 693 723 755 veritatis,
770 701 1004 759 eumque
1033 693 1092 741 ut
1120 684 1312 741 oculos
1347 695 1477 738 suos
1511 690 1698 732 amare

179 798 387 864 oportet;
414 790 535 860 quia
565 796 621 842 et
649 787 829 858 ipsum
872 782 1131 854 populum
1175 778 1281 834 sibi
1317 774 1695 864 commissum,

176 862 253 941 ceu
277 885 504 955 proprios
536 880 697 946 ﬁlios,
726 892 911 933 amare
941 887 995 931 et
1022 874 1223 928 docere
1262 868 1561 930 condecet;
1595 862 1698 921 hoc

175 981 290 1036 enim
307 978 351 1032 ei
378 992 404 1031 a
435 975 597 1029 Patre
626 974 836 1029 cmlesti
859 970 1117 1025 donatum
1139 973 1223 1021 est
1238 961 1303 1020 ".
1340 959 1446 1015 Sed
1465 965 1520 1013 et
1548 955 1699 1011 salus

174 1074 216 1131 in
234 1089 288 1129 eo
314 1079 408 1137 est,
445 1078 502 1125 ut
529 1070 863 1124 voluntatem
890 1064 1010 1133 ejus
1039 1058 1197 1130 cujus
1243 1066 1485 1112 amorem
1514 1057 1570 1107 et
1603 1049 1700 1105 de-

174 1168 415 1231 siderium,
448 1165 559 1220 Deo
589 1158 878 1233 largiente,
906 1153 1288 1225 conceperint,
1317 1141 1700 1216 faciant.",Si

173 1264 272 1334 quis
293 1278 407 1332 ergo
443 1259 620 1314 fidelis
648 1255 885 1312 voluerit
913 1252 1171 1315 existere,
1208 1255 1263 1303 et
1292 1243 1566 1301 desiderat
1603 1239 1701 1295 bao

172 1356 349 1428 ptizari,
377 1361 572 1409 exutus
595 1350 871 1422 prioribus
895 1347 1074 1412 malis,
1099 1344 1166 1400 de
1193 1342 1406 1411 reliquo
1426 1352 1527 1410 pro
1541 1334 1701 1391 bonis

174 1449 348 1503 actibus
376 1448 543 1502 haeres
563 1448 830 1501 bonorum
856 1440 1159 1497 etelestium
1183 1451 1250 1494 ex
1268 1436 1435 1507 gestis
1462 1429 1701 1502 propriis

173 1544 256 1599 lict.
286 1542 505 1597 Accedat
547 1546 728 1594 autem
758 1536 851 1608 qui
882 1533 998 1588 vult
1049 1530 1117 1585 ad
1153 1528 1493 1585 sacerdotem
1518 1534 1699 1586 suam,

175 1644 217 1691 et
234 1636 319 1706 ipsi
340 1635 422 1690 det
448 1648 653 1688 nomen
684 1646 868 1692 suum,
895 1635 1059 1697 atque
1080 1624 1150 1678 ab
1190 1636 1256 1678 eo
1282 1619 1473 1674 audiat
1498 1623 1703 1688 myste-

172 1730 233 1784 ria
254 1730 384 1802 regni
403 1730 694 1796 ctelorum,
711 1726 936 1798 jejuniis
964 1719 1338 1792 frequentibus
1360 1724 1583 1786 operam
1609 1711 1704 1765 im-

170 1826 353 1897 pendat,
376 1841 435 1881 ac
455 1826 813 1896 semetipsum
836 1823 893 1878 in
917 1820 1172 1876 omnibus
1192 1815 1406 1887 probet,
1439 1822 1495 1866 ut
1522 1810 1702 1864 tribus
1733 1846 1775 1900 Β

170 1923 408 1979 mensibus
434 1923 550 1994 jam
584 1918 1000 1985 consummatis,
1030 1917 1087 1972 in
1116 1915 1204 1970 die
1231 1912 1372 1969 festo
1397 1908 1573 1981 possit
1602 1904 1703 1960 ba-

173 2019 349 2089 ptizari.
390 2018 708 2090 Baptizetur
738 2022 918 2071 autem
948 2009 1328 2081 unusquisque
1349 2006 1404 2059 in
1425 2001 1583 2074 aquis
1614 2014 1705 2070 pe-

170 2115 409 2181 rennibus,
440 2112 667 2168 nomine
695 2110 853 2164 trinae
883 2102 1237 2162 beatitudinis
1264 2100 1518 2155 invocato
1538 2108 1705 2165 super

169 2225 232 2278 se,
264 2215 542 2281 perunctus
563 2207 744 2278 primo
759 2206 882 2261 oleo
900 2217 997 2275 per
1018 2200 1320 2256 orationem
1339 2190 1700 2257 sanctificata,

169 2311 215 2357 ut
237 2303 299 2358 ita
326 2302 533 2358 demum
564 2343 582 2369 ,
612 2315 709 2373 per
739 2300 855 2356 haec
896 2303 1257 2354 consecratus
1275 2333 1291 2359 ,
1323 2293 1499 2366 possit
1524 2290 1703 2361 perci-

166 2409 267 2466 pere
292 2395 457 2450 locum
488 2412 620 2453 cum
661 2395 942 2451 sanctis.”
962 2393 1157 2450 Nullus
1182 2394 1327 2449 enim
1360 2400 1580 2463 propter
1605 2406 1703 2460 op-

166 2491 404 2560 probrium
434 2492 743 2549 senectutis
770 2501 862 2547 aut
884 2490 1212 2561 juventutis,
1247 2489 1331 2544 vel
1359 2488 1699 2543 nobilitatem

165 2587 360 2653 generis,
401 2602 431 2642 a
460 2587 712 2659 parvulis
741 2593 795 2643 et
828 2587 1009 2642 minus
1029 2583 1260 2640 eruditis
1280 2626 1293 2649 ,
1326 2584 1372 2639 si
1401 2582 1531 2654 quid
1564 2581 1703 2636 forte

163 2687 227 2732 est
255 2678 490 2736 utilitatis
508 2688 608 2735 aut
624 2679 838 2747 salutis,
856 2678 1129 2750 inquirere
1152 2676 1413 2748 negligat.
1435 2674 1539 2742 Qui
1558 2675 1703 2729 enim

163 2770 402 2828 rebelliter
424 2774 583 2842 vivit,
611 2783 667 2830 et
691 2775 899 2829 discere
923 2784 1083 2842 atque
1107 2786 1268 2842 agere
1293 2771 1436 2826 bona
1462 2775 1701 2835 recusat,

160 2866 306 2938 magis
326 2866 526 2924 diaboli
557 2883 724 2939 quam
747 2866 954 2923 Christi
984 2866 1290 2922 membrum
1319 2879 1441 2920 esse
1470 2862 1707 2919 ostendi-

164 2964 253 3024 tur,
287 2971 336 3015 et
378 2962 565 3031 potius
619 2960 853 3016 inﬁdelis
897 2973 1060 3029 quam
1119 2957 1295 3012 ﬁdelis
1343 2964 1701 3011 monstratur.

160 3047 409 3116 Quomodo
428 3067 567 3124 ergo
598 3068 706 3108 non
737 3050 993 3106 omnibus
1036 3048 1143 3106 hoc
1171 3048 1405 3103 amabile
1433 3055 1539 3113 est,
1569 3063 1707 3103 cnn-

1800 588 2080 645 vexerant,
2107 577 2446 632 transierunt
2467 584 2521 632 et
2540 576 2710 648 fugati
2739 587 2887 633 sunt.
2914 578 2959 610 ³⁸
2976 577 3114 644 Quia
3134 594 3263 649 ergo
3285 582 3375 638 alii

1799 672 2017 741 quidem
2045 668 2298 725 homines
2338 672 2663 740 patiuntur,
2710 670 2803 723 alii
2845 670 3114 739 patientes
3160 680 3378 739 sanant,

1800 777 1969 817 causa
1999 761 2118 816 sine
2144 760 2313 816 dubio
2338 762 2423 817 vel
2450 761 2692 833 patiendi
2730 762 2814 816 vel
2841 761 3073 816 curandi
3104 763 3383 818 noscenda

1799 864 1924 923 est;
1960 870 2082 925 qua:
2112 870 2222 909 non
2249 856 2357 909 alia
2390 870 2537 919 esse,
2572 870 2737 925 quam
2769 854 3107 924 patientibus
3137 856 3381 925 quidem,

1802 947 2161 1015 infidelitatis,
2206 948 2530 1003 curantibus
2574 962 2741 1011 vero,
2773 946 2918 1009 fidei,
2952 946 3379 1002 demonstratur.

1800 1039 2097 1096 lnﬁdelitas
2126 1040 2275 1096 enim
2316 1040 2447 1095 dum
2492 1054 2603 1094 non
2634 1041 2810 1095 credit
2842 1039 3087 1095 futurum
3118 1039 3213 1095 Dei
3242 1040 3387 1111 judi-

1800 1132 1982 1199 cium,
2014 1133 2278 1203 peccandi
2319 1131 2596 1187 licentiam
2637 1132 2875 1202 prasbet;
2921 1138 3204 1200 peccatum
3232 1147 3383 1197 vero,

1802 1223 2078 1279 hominem
2105 1223 2456 1295 passionibus
2484 1223 2782 1278 obnoxium
2815 1222 2964 1278 facit.
2990 1221 3152 1280 Fides
3182 1231 3384 1291 autem,

1805 1314 2055 1371 futurum
2090 1316 2185 1372 Dei
2208 1316 2476 1387 judicium
2516 1331 2640 1372 esse
2666 1316 2919 1383 credens,
2946 1317 3191 1372 continet
3214 1317 3390 1371 homi-

1804 1424 1903 1464 nes
1932 1424 1963 1462 a
1995 1417 2244 1480 peccato.
2271 1408 2389 1463 Non
2430 1416 2725 1479 peccantes
2754 1423 2922 1474 vero,
2955 1424 3065 1464 non
3109 1409 3287 1465 solum
3321 1408 3389 1463 li-

1802 1500 1921 1557 beri
1941 1508 2071 1558 sunt
2092 1518 2122 1556 a
2141 1500 2484 1557 daemonibus
2504 1507 2559 1555 et
2576 1499 2949 1571 passionibus,
2973 1516 3161 1555 verum
3177 1508 3232 1556 et
3251 1500 3384 1555 alio-

1804 1609 1923 1649 rum
1953 1594 2226 1651 daemones
2248 1599 2303 1650 et
2334 1594 2622 1663 passiones
2646 1592 2835 1664 fugare
2861 1602 3113 1663 possunt.
3145 1592 3279 1648 “Ex
3300 1594 3388 1651 his

1802 1698 1934 1759 ergo
1965 1688 2222 1743 omnibus
2248 1687 2542 1756 colligitur,
2582 1686 2732 1757 quod
2763 1688 2919 1756 origo
2952 1687 3119 1742 totius
3161 1686 3289 1741 mali
3317 1687 3387 1745 ab

1808 1777 2117 1848 ignorantia
2157 1778 2479 1843 descendat,
2513 1787 2567 1834 et
2596 1778 2713 1848 ipsa
2743 1778 2815 1834 sit
2851 1779 3092 1833 omnium
3122 1781 3388 1834 malorum

1806 1879 2001 1935 mater,
2019 1886 2141 1943 qua:
2153 1872 2365 1927 incuria
2382 1878 2436 1925 et
2452 1870 2668 1942 ignavia
2683 1871 3283 1943 gignitur,negligentia
3296 1891 3382 1927 ves

1803 1977 1865 2018 ro
1883 1962 2050 2018 alitur
2064 1968 2379 2035 etaugetur,
2404 1962 2641 2035 atquein
2663 1963 2916 2019 sensibus
2938 1962 3221 2017 hominum
3243 1964 3391 2018 radi.

1803 2061 1980 2120 catur,
1998 2054 2130 2111 dum
2160 2062 2398 2131 amatur;
2435 2070 2601 2126 quam
2628 2055 2673 2111 si
2706 2055 2832 2127 quis
2868 2054 3011 2111 forte
3031 2054 3224 2110 doceat
3248 2055 3389 2111 etfu-

1802 2149 2037 2221 gandam
2069 2148 2218 2205 velut
2247 2148 2489 2218 antiquis
2519 2154 2573 2203 et
2601 2146 2968 2202 haereditariis
2999 2132 3249 2211 sedibus,
3280 2160 3393 2201 mo-

1803 2239 1942 2296 leste
1968 2248 2024 2296 et
2058 2240 2412 2311 indignanter
2440 2237 2716 2294 avellitur.
2754 2238 2819 2292 Et
2841 2238 2963 2294 ideo
2993 2239 3276 2308 paululum
3310 2238 3392 2293 la-

1803 2332 2110 2388 borandum
2161 2331 2322 2389 nobis
2373 2338 2480 2396 est,
2516 2337 2576 2386 ut
2636 2330 3010 2402 indignantes,
3074 2331 3393 2402 ignorantiae

1805 2422 2284 2495 praesumptionem
2316 2423 2563 2479 scientiae
2592 2423 2805 2477 ratione
2838 2437 3191 2490 resecemus;
3224 2422 3278 2476 in
3308 2422 3393 2479 his

1806 2515 2100 2586 praecipue,
2126 2515 2220 2585 qui
2256 2515 2312 2569 in
2333 2514 2612 2585 aliquibus
2638 2514 2823 2568 minus
2845 2514 3009 2570 rectis
3039 2513 3393 2584 opinionibus

1805 2606 2067 2677 praeventi
2107 2612 2256 2669 sunt,
2292 2620 2389 2676 per
2434 2619 2595 2675 quas,
2627 2604 2786 2676 quasi
2813 2604 2919 2660 sub
2947 2604 3129 2674 specie
3155 2604 3393 2674 alicujus

1806 2698 2074 2761 scientiae,
2110 2698 2423 2768 ignorantia
2479 2697 2536 2751 in
2568 2697 2657 2752 his
2714 2696 3094 2753 vehementius
3144 2695 3393 2751 radicata

1806 2798 1909 2847 est.
1930 2790 2082 2869 _Nihil
2112 2790 2261 2846 enim
2286 2798 2370 2847 est
2402 2789 2646 2861 gravius,
2675 2805 2840 2861 quam
2858 2789 2907 2845 si
2938 2788 2991 2843 id
3009 2788 3154 2860 quod
3179 2788 3394 2860 ignorat

1806 2885 1955 2954 quis,
1986 2885 2128 2942 scire
2156 2899 2217 2939 se
2245 2882 2453 2949 credat,
2482 2889 2537 2938 ct
2566 2882 2825 2938 defendat
2854 2898 3041 2938 verum
3071 2898 3215 2947 esse,
3243 2880 3394 2953 quod

1809 2975 2010 3032 falsum
2034 2982 2150 3033 est:
2179 2974 2329 3046 quod
2355 2975 2465 3029 tale
2491 2982 2597 3039 est,
2628 2974 2790 3045 quale
2822 2974 2868 3029 si
2902 2975 3029 3045 quis
3057 2974 3243 3031 ebrius
3295 2990 3391 3031 so-

1808 3068 1989 3123 brium
2041 3082 2102 3125 se
2147 3075 2324 3139 putet,
2354 3075 2409 3123 et
2438 3075 2564 3137 agat
2594 3067 2817 3136 quidem
2844 3074 3044 3121 cuncta
3086 3074 3146 3120 ut
3174 3066 3390 3132 ebrius,

160 3143 722 3238 ctisqueemptatum,
757 3153 815 3238 ut
841 3159 974 3238 quis
991 3143 1203 3214 ignorat
1224 3183 1240 3209 ,
1265 3142 1463 3208 discat,
1504 3148 1557 3196 εἰ
1586 3155 1706 3238 (illa?
1733 3180 1775 3238 ρ
1812 3161 2056 3216 sobrimn
2089 3175 2149 3216 se
2174 3167 2357 3215 tamen
2387 3166 2441 3214 et
2491 3160 2610 3230 ipse
2635 3166 2811 3229 putet,
2846 3168 2902 3214 et
2924 3158 3035 3214 diei
3088 3172 3120 3213 a
3174 3158 3393 3213 caeteris

159 3234 398 3303 didicerit,
426 3238 661 3294 doceat?
690 3237 734 3270 “
751 3236 1131 3292 Certissimum
1160 3250 1394 3306 namque
1420 3240 1525 3301 est,
1556 3234 1700 3304 quod

157 3342 306 3399 neque
333 3332 602 3398 amicitia,
642 3346 818 3401 neque
845 3329 1229 3400 propinquitas
1257 3327 1495 3400 generis,
1526 3342 1704 3395 neque

156 3424 283 3493 regni
312 3424 648 3489 sublimitas,
680 3424 889 3479 homini
920 3424 1079 3479 debet
1098 3436 1222 3479 esse
1244 3421 1533 3491 pretiosior
1558 3421 1704 3476 veri~

155 3523 261 3583 tate,
287 3521 408 3588 quia
434 3519 579 3574 nihil
608 3528 692 3575 est
717 3519 1011 3589 pretiosius
1028 3518 1231 3571 anima.
1257 3515 1584 3571 “Dominus
1606 3530 1703 3569 auo

155 3615 242 3662 tem
270 3621 479 3666 creator
503 3612 752 3666 omnium
776 3651 791 3676 ,
838 3626 905 3665 ex
937 3610 1096 3664 initio
1119 3610 1187 3663 ad
1218 3609 1511 3680 imaginem
1547 3623 1703 3663 suam

152 3698 395 3758 hominem
446 3703 607 3770 fecit,
664 3703 825 3773 eique
871 3702 1305 3757 dominationem
1350 3711 1533 3768 terrae,
1582 3716 1702 3754 ma-

153 3794 310 3865 risque
356 3804 411 3852 et
463 3797 616 3852 aeris
675 3797 849 3867 ipsius
912 3795 1101 3863 dedit,
1156 3797 1548 3864 veritatemque
1619 3795 1703 3848 in-

151 3888 341 3955 quirere
389 3889 682 3960 prrecepit,
731 3891 877 3945 sicut
925 3894 981 3943 et
1032 3903 1193 3944 verus
1239 3888 1399 3942 nobis
1438 3887 1702 3959 propheta

151 3981 416 4046 enarravit,
450 3989 509 4037 et
558 3981 675 4052 ipsa
721 3995 902 4037 rerum
940 3979 1082 4035 ratio
1125 3979 1305 4035 docet.
1363 3976 1525 4033 Solus
1557 3979 1703 4033 enim

150 4067 289 4127 homo
317 4073 617 4129 rationalis
650 4081 734 4130 est
757 4112 772 4140 ,
806 4080 859 4129 et
886 4088 1233 4143 consequens
1263 4080 1367 4140 est,
1394 4082 1453 4128 ut
1480 4076 1621 4130 ratio
1647 4076 1703 4130 in

150 4162 482 4223 rationalibus
512 4168 561 4199 "
606 4168 940 4223 dominetur.
965 4166 1068 4222 Hic
1094 4168 1240 4223 enim
1275 4168 1344 4223 ab
1373 4169 1553 4236 initio,
1578 4186 1701 4225 cum

149 4255 508 4327 adhucjustus
537 4268 708 4325 esset,
740 4261 956 4316 cunctis
978 4262 1125 4317 vitiis
1147 4270 1202 4318 et
1225 4263 1375 4317 omni
1410 4262 1701 4334 fragilitate

148 4352 369 4420 superior
422 4362 585 4419 erat;
636 4354 728 4407 ubi
776 4361 959 4408 autem
1006 4355 1273 4423 peccavit,
1312 4365 1366 4410 et
1394 4354 1573 4411 factus
1619 4364 1702 4410 est

148 4457 314 4502 servus
340 4446 585 4516 peccati,
616 4447 777 4502 simul
801 4455 855 4501 ct
902 4445 1183 4518 fragilitati
1222 4447 1461 4504 efﬁcitur
1486 4450 1701 4506 debitor

1758 3268 1763 3273 ‘
1809 3256 1956 3309 velit.
1986 3252 2065 3307 lta
2099 3262 2375 3323 suntergo
2404 3259 2457 3307 et
2476 3252 2556 3316 hi,
2580 3252 2675 3324 qui
2689 3251 3012 3325 ignorantes
3026 3250 3171 3322 quod
3202 3266 3392 3305 verum

1805 3356 1913 3410 est.
1963 3347 2203 3419 speciem
2255 3354 2438 3401 tamen
2491 3346 2729 3416 alicujus
2789 3343 3035 3402 scientia:
3095 3350 3299 3408 tenent,
3336 3351 3393 3399 et

1807 3442 1949 3495 mala
1989 3440 2147 3511 quasi
2178 3440 2323 3494 bona
2356 3445 2576 3509 gerunt,
2608 3445 2773 3509 atque
2801 3436 2870 3491 ad
2901 3436 3198 3508 perniciem
3231 3436 3390 3506 quasi

1803 3533 1872 3588 ad
1899 3534 2134 3589 salutem
2164 3530 2452 3587 festinant.
2486 3531 2530 3561 ⁸³
2558 3528 2791 3600 Propter
2843 3528 2991 3600 quod
3051 3534 3177 3581 ante
3205 3527 3391 3582 omnia

1804 3623 2212 3695 properandum
2244 3630 2329 3678 est
2360 3622 2429 3676 ad
2458 3621 2793 3691 agnitionem
2821 3619 3093 3685 veritatis,
3124 3628 3183 3672 ut
3211 3617 3393 3689 possi-

1804 3732 1950 3781 mus,
1986 3716 2144 3787 quasi
2177 3714 2386 3772 lumine
2415 3712 2576 3769 nobis
2608 3711 2736 3768 inde
2767 3726 3002 3767 accenso
3032 3710 3100 3775 ³³,
3135 3724 3389 3765 errorum

1803 3810 2059 3865 tenebras
2086 3808 2377 3878 depellere.
2420 3805 2639 3862 Grande
2667 3805 2812 3861 enim
2840 3804 3044 3858 malum
3080 3812 3188 3870 est,
3219 3810 3281 3856 ut
3307 3803 3392 3857 di-

1801 3903 2005 3966 ximus,
2035 3900 2380 3971 ignorantia;
2405 3898 2501 3955 sed
2516 3898 2644 3967 quia
2671 3895 3040 3952 substantiam
3061 3909 3172 3948 non
3203 3894 3388 3958 habet,

1803 3992 1962 4047 facile
1997 3993 2068 4047 ab
2102 3991 2212 4055 his,
2263 3991 2358 4061 qui
2416 3989 2660 4045 studiosi
2717 3995 2868 4051 sunt,
2914 3986 3212 4057 eﬁugatur.
3271 3984 3391 4040 Non

1798 4086 1949 4141 enim
1981 4084 2130 4139 aliud
2147 4091 2233 4139 est
2259 4082 2593 4155 ignorantia,
2619 4081 2727 4136 nisi
2758 4096 2869 4135 non
2892 4080 3217 4151 cognovisse
3244 4080 3390 4150 quod

1801 4177 2040 4250 expedit.
2092 4176 2196 4233 Ubi
2252 4184 2431 4231 autem
2458 4174 2984 4246 cognoveris,perit
3033 4172 3379 4243 ignorantia.

1800 4272 1981 4339 Quaeri
2011 4287 2141 4343 ergo
2160 4284 2491 4341 magnopere
2509 4269 2668 4324 debet
2688 4269 2938 4324 veritatis
2966 4267 3194 4336 agnitio,
3228 4280 3389 4336 quam

1803 4380 1963 4422 nemo
1990 4365 2134 4421 alius
2165 4365 2449 4433 assignare
2482 4370 2685 4432 potest,
2720 4361 2827 4416 nisi
2880 4376 3043 4414 verus
3102 4360 3368 4429 pr0plieta

1809 4458 1935 4512 llaec
1961 4456 2108 4512 enim
2136 4456 2182 4489 ”
2208 4456 2295 4510 via
2327 4456 2370 4486 ³⁸
2404 4464 2520 4518 est,
2559 4456 2728 4508 vitam
2781 4454 3093 4509 volentibus
3152 4453 3365 4523 ingredi

144 4544 190 4589 et
214 4536 497 4595 obnoxius.
549 4538 706 4605 Quod
739 4538 945 4594 idcirco
975 4540 1239 4611 scriptum
1270 4548 1377 4605 est,
1426 4550 1485 4597 ut
1526 4544 1705 4599 sciant
1738 4523 1778 4576 D
1808 4558 1862 4605 et
1890 4562 2165 4605 summum
2194 4547 2239 4579 ³⁸
2267 4547 2369 4602 iter
2398 4547 2667 4601 bonorum
2693 4561 2917 4617 operum
2943 4548 3298 4617 pergentibus
3323 4547 3389 4600 ad

147 4625 405 4698 homines,
453 4633 591 4703 quia
630 4632 774 4687 sicut
813 4647 881 4685 ex
918 4631 1197 4701 impietate
1242 4634 1532 4703 passibiles
1573 4635 1702 4690 facti

147 4732 276 4791 sunt,
311 4725 385 4780 ita
415 4742 518 4796 per
544 4726 802 4795 pietatem
827 4734 1056 4794 possunt
1075 4741 1199 4781 esse
1225 4726 1659 4797 impassibiles“
1685 4747 1700 4784 :

146 4821 191 4866 et
213 4830 314 4870 non
336 4819 521 4873 solum
547 4817 936 4888 impassibiles,
962 4834 1148 4872 verum
1170 4828 1225 4873 et
1254 4834 1419 4888 parva
1449 4820 1503 4874 in
1533 4820 1702 4876 Deum

143 4906 231 4962 fide
249 4910 481 4965 aliorum
508 4910 796 4981 passiones
817 4920 1097 4968 curantes.
1134 4910 1211 4965 lta
1229 4912 1374 4968 enim
1404 4928 1569 4969 verus
1591 4915 1705 4983 ipse

142 5003 381 5073 propheta
412 5004 693 5076 promisit,
724 5004 916 5062 dicens
942 5022 955 5060 :
990 5005 1154 5060 Amen
1184 5006 1300 5060 dico
1330 5006 1495 5070 vobis,
1534 5009 1582 5061 si
1606 5007 1705 5061 lia-

143 5091 339 5151 bseritis
377 5097 547 5167 ﬁdem
588 5099 722 5152 sicut
764 5114 988 5168 granum
1033 5100 1277 5170 sinapis,
1307 5100 1492 5154 dicetis
1537 5103 1705 5156 monti

140 5185 245 5241 huic
267 5204 287 5243 :
319 5186 520 5244 Transi
558 5189 699 5256 hinc,
720 5201 769 5246 et
801 5193 1047 5246 transibit
1065 5194 1130 5248 ".
1161 5192 1336 5263 Hujus
1359 5194 1509 5250 vocis
1536 5195 1701 5250 etiam

139 5294 225 5334 \‘os
250 5281 349 5352 ipsi
386 5283 724 5339 documenta
766 5286 1009 5355 cepistis,
1048 5293 1103 5341 et
1134 5287 1247 5357 jam
1277 5286 1422 5342 facta
1453 5287 1702 5357 quaedam

140 5386 224 5440 per
264 5376 568 5445 magistros
602 5385 840 5445 nostros,
882 5379 1032 5449 ipsos
1081 5380 1338 5437 videlicet
1385 5382 1697 5452 apostolos,

139 5478 239 5518 non
259 5467 570 5537 ignoratis;
602 5471 753 5540 quia,
778 5474 1088 5530 astantibus
1115 5474 1294 5542 nobis,
1324 5491 1514 5531 eorum
1546 5478 1705 5532 meri—

184 5609 223 5681 ’ξ
252 5608 531 5681 Recognit.
586 5626 656 5677 tv,
700 5611 849 5681 c.75.
960 5612 1309 5681 "Recognit.
1358 5625 1445 5674 tn,
1490 5625 1540 5666 ε.
1595 5610 1683 5665 67.

122 5676 160 5705 "
189 5680 313 5734 Ans.
368 5676 510 5736 Luc.
563 5676 649 5736 lib.
695 5697 712 5737 t
760 5680 823 5736 In
876 5676 1195 5738 Wibertum:

186 5749 366 5825 statui.
403 5767 546 5825 ξνιι,
574 5753 656 5825 i9.
763 5752 807 5785 '°
838 5754 1108 5825 Recognit.
1152 5768 1203 5817 v,
1240 5768 1290 5808 c.
1318 5753 1370 5825 ὅ.

1310 5682 1353 5713 ’⁵
1397 5681 1664 5751 Recogm’t.
1711 5698 1771 5746 v,
1820 5698 1869 5738 c.
1896 5684 1953 5740 2.

1484 5752 1526 5784 ⁸¹
1561 5751 1828 5823 Recognit.
1871 5770 1922 5820 ν,
1952 5770 2003 5809 c.
2050 5753 2103 5809 4.

1807 4641 2085 4695 civitatem
2115 4638 2331 4694 salutis.
2351 4639 2393 4670 ³⁷
2428 4637 2485 4692 Si
2512 4638 2637 4710 quis
2667 4653 2801 4694 sane
2831 4638 3062 4693 audiens
3081 4652 3387 4693 sermonem

1809 4736 1924 4791 veri
1973 4733 2253 4806 propheta:
2294 4732 2546 4787 velitaut
2576 4731 2714 4785 nolit
2747 4730 2991 4800 recipere
3024 4736 3077 4784 et
3134 4728 3391 4799 amplecti

1810 4844 1952 4886 onus
1980 4828 2125 4897 ejus,
2157 4826 2212 4881 id
2241 4833 2328 4881 est
2353 4825 2611 4880 mandata
2641 4824 2785 4889 vita},
2824 4823 2989 4876 habet
3012 4838 3066 4875 tn
3095 4836 3193 4877 sua
3236 4828 3389 4890 pote-

1813 4930 1983 4989 state;
2025 4921 2186 4976 liberi
2214 4919 2359 4975 enim
2380 4934 2572 4974 sumus
2591 4916 2827 4985 arbitrii.
2851 4914 2986 4969 Nam
3013 4914 3058 4969 si
3090 4915 3194 4969 hoc
3217 4920 3385 4978 esset,

1809 5023 1867 5068 ut
1896 5013 2144 5069 videntes
2168 5027 2255 5075 ea,
2283 5011 2398 5081 jam
2424 5026 2533 5065 non
2563 5009 2829 5063 haberent
2856 5008 2911 5061 in
2939 5014 3211 5076 potestate
3237 5006 3386 5061 aliud

1806 5107 2004 5171 facere,
2038 5121 2203 5176 quam
2233 5104 2522 5159 audierant
2548 5120 2563 5168 ς
2592 5101 2676 5156 vis
2705 5108 2824 5155 erat
2852 5100 3102 5170 quaedam
3150 5108 3382 5166 naturae,

1806 5214 1902 5269 per
1936 5213 2099 5269 quam
2130 5198 2363 5253 liberum
2384 5212 2492 5250 non
2519 5203 2665 5254 esset
2693 5192 2761 5246 ad
2796 5193 2960 5247 aliam
2989 5193 3229 5263 migrare
3257 5209 3384 5248 sen-

1804 5293 2054 5348 tentiam.
2085 5290 2194 5344 Aut
2223 5290 2271 5346 si
2299 5304 2495 5344 rursus
2533 5304 2601 5341 ex
2646 5286 3001 5341 audientibus
3042 5287 3227 5341 nullus
3268 5302 3379 5340 om-

1806 5385 1939 5440 nino
1968 5384 2255 5454 reciperet,
2292 5392 2345 5438 et
2389 5382 2493 5435 hoc
2526 5388 2736 5434 naturae
2765 5379 2848 5435 vis
2878 5385 3017 5443 erat,
3055 5395 3176 5449 quae
3214 5396 3381 5433 unum

1809 5478 2017 5550 aliquid
2045 5476 2159 5535 ﬁeri
2186 5482 2428 5547 cogeret,
2445 5482 2499 5529 et
2517 5472 2677 5527 alteri
2696 5472 2841 5543 parti
2859 5486 2971 5528 non
2995 5472 3148 5528 daret
3179 5472 3378 5528 locum.

1799 5610 1846 5643 "
1877 5611 2013 5691 Djst.
2169 5610 2225 5665 Ν
2229 5612 2375 5691 ullus
2388 5611 2697 5691 cpiscopus.
2731 5610 3103 5691 τ-τβεεοῃηὶβ
3137 5628 3173 5691 1.,
3208 5616 3388 5691 c._6].

2066 5684 2109 5715 ³⁷
2142 5682 2424 5737 rationalis
2460 5684 2942 5736 irrationabilibus.
3054 5686 3098 5715 "’
3135 5685 3387 5749 ἀπαθεῖς.

2066 5753 2151 5824 ιη,
2218 5754 2261 5783 ³²
2292 5754 2564 5824 Recognit.
2610 5752 2767 5816 ibid.,
2792 5769 2842 5809 c.
2878 5754 2930 5809 5.
3041 5753 3088 5786 ⁸³
3121 5772 3387 5811 succcuso.

124 5817 162 5845 "
192 5818 285 5895 Ms.
308 5832 363 5875 et
391 5820 690 5895 _Reco_gnit.
734 5835 889 5895 porta
938 5817 1014 5881 es't
1061 5825 1204 5890 sine,
1252 5823 1543 5880 volentibus
1584 5817 1810 5894 ingr'edi,
1852 5817 1918 5879 εί
1946 5827 2064 5880 iter.
2112 5817 2452 5883 Hsnouts'us:
2523 5825 2569 5856 ⁸⁵
2608 5838 2784 5893 parm.
2862 5826 2909 5856 “
2938 5827 3144 5881 semita.
3222 5827 3262 5857 ³⁷
3290 5827 3391 5881 Re-

122 5893 325 5958 cogm't.,
357 5908 409 5959 v,
442 5907 496 5949 c.
532 5892 583 5945 6.
