  <div class='ocr_page' id='page_1' title='image "/cluster/home/n/w/nwhite01/storage/ocr_20150623/1 (St. Clemens; pt. 1)/nyp.33433019854052/257.png"; bbox 0 0 3838 6398; ppageno 0'>
   <div class='ocr_carea' id='block_1_1' title="bbox 463 375 567 432">
    <p class='ocr_par' dir='ltr' id='par_1_1' title="bbox 463 375 567 432">
     <span class='ocr_line' id='line_1_1' title="bbox 463 375 567 432; baseline 0 -1"><span class='ocrx_word' id='word_1_1' title='bbox 463 375 567 432; x_wconf 68' lang='grc'><strong>493</strong></span> 
     </span>
    </p>
   </div>
   <div class='ocr_carea' id='block_1_2' title="bbox 1350 363 2857 430">
    <p class='ocr_par' dir='ltr' id='par_1_2' title="bbox 1350 363 2857 430">
     <span class='ocr_line' id='line_1_2' title="bbox 1350 363 2857 430; baseline 0.001 -2"><span class='ocrx_word' id='word_1_2' title='bbox 1350 373 1409 428; x_wconf 87' lang='lat' dir='ltr'><strong>S.</strong></span> <span class='ocrx_word' id='word_1_3' title='bbox 1445 370 1843 428; x_wconf 82' lang='lat' dir='ltr'><strong>CLEMENTIS</strong></span> <span class='ocrx_word' id='word_1_4' title='bbox 1876 374 1893 427; x_wconf 87' lang='grc'><strong>1</strong></span> <span class='ocrx_word' id='word_1_5' title='bbox 1932 372 2096 428; x_wconf 70' lang='grc' dir='ltr'><strong>ΒΟΜ.</strong></span> <span class='ocrx_word' id='word_1_6' title='bbox 2132 368 2334 428; x_wconf 76' lang='grc' dir='ltr'><strong>ΡΟΝΤ.</strong></span> <span class='ocrx_word' id='word_1_7' title='bbox 2371 367 2597 428; x_wconf 66' lang='grc' dir='ltr'><strong>ΟΡΕΒᾹ</strong></span> <span class='ocrx_word' id='word_1_8' title='bbox 2632 363 2857 430; x_wconf 71' lang='lat' dir='ltr'><strong>DUBIA.</strong></span> 
     </span>
    </p>
   </div>
   <div class='ocr_carea' id='block_1_3' title="bbox 3611 375 3712 431">
    <p class='ocr_par' dir='ltr' id='par_1_3' title="bbox 3611 375 3712 431">
     <span class='ocr_line' id='line_1_3' title="bbox 3611 375 3712 431; baseline 0.02 -2"><span class='ocrx_word' id='word_1_9' title='bbox 3611 375 3712 431; x_wconf 63' lang='lat'><strong>£06</strong></span> 
     </span>
    </p>
   </div>
   <div class='ocr_carea' id='block_1_4' title="bbox 462 488 3710 566">
    <p class='ocr_par' dir='ltr' id='par_1_4' title="bbox 462 488 3710 566">
     <span class='ocr_line' id='line_1_4' title="bbox 462 488 3710 566; baseline -0.001 -17"><span class='ocrx_word' id='word_1_10' title='bbox 462 493 615 550; x_wconf 79' lang='lat' dir='ltr'><strong>Nunc</strong></span> <span class='ocrx_word' id='word_1_11' title='bbox 645 501 847 559; x_wconf 86' lang='lat' dir='ltr'><strong>autem,</strong></span> <span class='ocrx_word' id='word_1_12' title='bbox 881 494 1009 566; x_wconf 89' lang='lat' dir='ltr'><strong>quia</strong></span> <span class='ocrx_word' id='word_1_13' title='bbox 1034 492 1265 547; x_wconf 90' lang='lat' dir='ltr'><strong>liberum</strong></span> <span class='ocrx_word' id='word_1_14' title='bbox 1294 498 1377 545; x_wconf 89' lang='lat' dir='ltr'><strong>est</strong></span> <span class='ocrx_word' id='word_1_15' title='bbox 1396 491 1602 555; x_wconf 88' lang='lat' dir='ltr'><strong>animo,</strong></span> <span class='ocrx_word' id='word_1_16' title='bbox 1634 490 1691 545; x_wconf 91' lang='lat' dir='ltr'><strong>in</strong></span> <span class='ocrx_word' id='word_1_17' title='bbox 1712 506 1876 561; x_wconf 89' lang='lat' dir='ltr'><strong>quam</strong></span> <span class='ocrx_word' id='word_1_18' title='bbox 1903 492 2033 546; x_wconf 99' lang='lat' dir='ltr'><strong>velit</strong></span> <span class='ocrx_word' id='word_1_19' title='bbox 2062 500 2107 555; x_wconf 76' lang='grc' dir='ltr'>Α</span> <span class='ocrx_word' id='word_1_20' title='bbox 2139 508 2490 549; x_wconf 83' lang='lat' dir='ltr'><strong>concurrere.</strong></span> <span class='ocrx_word' id='word_1_21' title='bbox 2520 492 2751 564; x_wconf 88' lang='lat' dir='ltr'><strong>Propter</strong></span> <span class='ocrx_word' id='word_1_22' title='bbox 2781 495 2887 548; x_wconf 91' lang='lat' dir='ltr'><strong>hoc</strong></span> <span class='ocrx_word' id='word_1_23' title='bbox 2931 490 3165 562; x_wconf 89' lang='lat' dir='ltr'><strong>denique</strong></span> <span class='ocrx_word' id='word_1_24' title='bbox 3218 503 3381 545; x_wconf 86' lang='lat' dir='ltr'><strong>verus</strong></span> <span class='ocrx_word' id='word_1_25' title='bbox 3420 488 3710 559; x_wconf 69' lang='lat' dir='ltr'><strong>propheta,</strong></span> 
     </span>
    </p>
   </div>
   <div class='ocr_carea' id='block_1_5' title="bbox 430 584 2038 656">
    <p class='ocr_par' dir='ltr' id='par_1_5' title="bbox 430 584 2038 656">
     <span class='ocr_line' id='line_1_5' title="bbox 430 584 2038 656; baseline -0.001 -17"><span class='ocrx_word' id='word_1_26' title='bbox 430 606 433 619; x_wconf 85' lang='lat'><strong><em>-</em></strong></span> <span class='ocrx_word' id='word_1_27' title='bbox 462 596 669 656; x_wconf 77' lang='lat' dir='ltr'><strong>partem</strong></span> <span class='ocrx_word' id='word_1_28' title='bbox 701 586 980 640; x_wconf 82' lang='lat' dir='ltr'><strong>declinare</strong></span> <span class='ocrx_word' id='word_1_29' title='bbox 1021 584 1293 654; x_wconf 80' lang='lat' dir='ltr'><strong>judicium</strong></span> <span class='ocrx_word' id='word_1_30' title='bbox 1330 599 1514 647; x_wconf 92' lang='lat' dir='ltr'><strong>suum,</strong></span> <span class='ocrx_word' id='word_1_31' title='bbox 1544 591 1598 637; x_wconf 90' lang='lat' dir='ltr'><strong>et</strong></span> <span class='ocrx_word' id='word_1_32' title='bbox 1628 599 1793 654; x_wconf 90' lang='lat' dir='ltr'><strong>quam</strong></span> <span class='ocrx_word' id='word_1_33' title='bbox 1838 586 2038 655; x_wconf 82' lang='lat' dir='ltr'><strong>proba—</strong></span> 
     </span>
    </p>
   </div>
   <div class='ocr_carea' id='block_1_6' title="bbox 462 674 2038 747">
    <p class='ocr_par' dir='ltr' id='par_1_6' title="bbox 462 674 2038 747">
     <span class='ocr_line' id='line_1_6' title="bbox 462 674 2038 747; baseline -0.003 -14"><span class='ocrx_word' id='word_1_34' title='bbox 462 680 615 743; x_wconf 84' lang='lat' dir='ltr'><strong>verit,</strong></span> <span class='ocrx_word' id='word_1_35' title='bbox 649 679 851 747; x_wconf 81' lang='lat' dir='ltr'><strong>eligere</strong></span> <span class='ocrx_word' id='word_1_36' title='bbox 883 678 1058 742; x_wconf 86' lang='lat' dir='ltr'><strong>viam;</strong></span> <span class='ocrx_word' id='word_1_37' title='bbox 1087 682 1303 730; x_wconf 88' lang='lat' dir='ltr'><strong>constat</strong></span> <span class='ocrx_word' id='word_1_38' title='bbox 1321 674 1622 740; x_wconf 75' lang='lat' dir='ltr'><strong>evidenter,</strong></span> <span class='ocrx_word' id='word_1_39' title='bbox 1646 677 1829 731; x_wconf 89' lang='lat' dir='ltr'><strong>inesse</strong></span> <span class='ocrx_word' id='word_1_40' title='bbox 1864 676 2038 731; x_wconf 86' lang='lat' dir='ltr'><strong>homi-</strong></span> 
     </span>
    </p>
   </div>
   <div class='ocr_carea' id='block_1_7' title="bbox 458 762 2034 837">
    <p class='ocr_par' dir='ltr' id='par_1_7' title="bbox 458 762 2034 837">
     <span class='ocr_line' id='line_1_7' title="bbox 458 762 2034 837; baseline -0.003 -14"><span class='ocrx_word' id='word_1_41' title='bbox 458 771 627 825; x_wconf 87' lang='lat' dir='ltr'><strong>nibus-</strong></span> <span class='ocrx_word' id='word_1_42' title='bbox 670 762 880 823; x_wconf 84' lang='lat' dir='ltr'><strong>arbitrii</strong></span> <span class='ocrx_word' id='word_1_43' title='bbox 921 768 1247 821; x_wconf 88' lang='lat' dir='ltr'><strong>libertatem.</strong></span> <span class='ocrx_word' id='word_1_44' title='bbox 1282 766 1327 798; x_wconf 80' lang='grc'><strong>³⁸</strong></span> <span class='ocrx_word' id='word_1_45' title='bbox 1355 765 1524 837; x_wconf 85' lang='lat' dir='ltr'><strong>Igitur</strong></span> <span class='ocrx_word' id='word_1_46' title='bbox 1576 767 1901 837; x_wconf 86' lang='lat' dir='ltr'><strong>priusquam</strong></span> <span class='ocrx_word' id='word_1_47' title='bbox 1932 782 2034 820; x_wconf 92' lang='lat' dir='ltr'><strong>au-</strong></span> 
     </span>
    </p>
   </div>
   <div class='ocr_carea' id='block_1_8' title="bbox 456 859 2027 933">
    <p class='ocr_par' dir='ltr' id='par_1_8' title="bbox 456 859 2027 933">
     <span class='ocr_line' id='line_1_8' title="bbox 456 859 2027 933; baseline -0.002 -17"><span class='ocrx_word' id='word_1_48' title='bbox 456 863 571 916; x_wconf 85' lang='lat' dir='ltr'><strong>diat</strong></span> <span class='ocrx_word' id='word_1_49' title='bbox 596 863 740 933; x_wconf 87' lang='lat' dir='ltr'><strong>quis,</strong></span> <span class='ocrx_word' id='word_1_50' title='bbox 773 860 917 931; x_wconf 91' lang='lat' dir='ltr'><strong>quod</strong></span> <span class='ocrx_word' id='word_1_51' title='bbox 946 861 994 915; x_wconf 92' lang='lat' dir='ltr'><strong>ei</strong></span> <span class='ocrx_word' id='word_1_52' title='bbox 1023 859 1260 929; x_wconf 76' lang='lat' dir='ltr'><strong>expedit,</strong></span> <span class='ocrx_word' id='word_1_53' title='bbox 1294 869 1504 914; x_wconf 91' lang='lat' dir='ltr'><strong>certum</strong></span> <span class='ocrx_word' id='word_1_54' title='bbox 1521 868 1605 915; x_wconf 87' lang='lat' dir='ltr'><strong>est</strong></span> <span class='ocrx_word' id='word_1_55' title='bbox 1630 861 1759 929; x_wconf 89' lang='lat' dir='ltr'><strong>quia</strong></span> <span class='ocrx_word' id='word_1_56' title='bbox 1790 861 2027 930; x_wconf 79' lang='lat' dir='ltr'><strong>ignoret:</strong></span> 
     </span>
    </p>
   </div>
   <div class='ocr_carea' id='block_1_9' title="bbox 456 949 2035 1025">
    <p class='ocr_par' dir='ltr' id='par_1_9' title="bbox 456 949 2035 1025">
     <span class='ocr_line' id='line_1_9' title="bbox 456 949 2035 1025; baseline -0.003 -16"><span class='ocrx_word' id='word_1_57' title='bbox 456 963 509 1009; x_wconf 90' lang='lat' dir='ltr'><strong>et</strong></span> <span class='ocrx_word' id='word_1_58' title='bbox 540 955 796 1025; x_wconf 75' lang='lat' dir='ltr'><strong>ignorans</strong></span> <span class='ocrx_word' id='word_1_59' title='bbox 823 952 940 1005; x_wconf 85' lang='lat' dir='ltr'><strong>vult</strong></span> <span class='ocrx_word' id='word_1_60' title='bbox 982 958 1035 1006; x_wconf 93' lang='lat' dir='ltr'><strong>et</strong></span> <span class='ocrx_word' id='word_1_61' title='bbox 1088 950 1391 1015; x_wconf 86' lang='lat' dir='ltr'><strong>desiderat,</strong></span> <span class='ocrx_word' id='word_1_62' title='bbox 1447 949 1594 1020; x_wconf 84' lang='lat' dir='ltr'><strong>quod</strong></span> <span class='ocrx_word' id='word_1_63' title='bbox 1649 965 1757 1004; x_wconf 92' lang='lat' dir='ltr'><strong>non</strong></span> <span class='ocrx_word' id='word_1_64' title='bbox 1812 950 2035 1021; x_wconf 80' lang='lat' dir='ltr'><strong>expedit</strong></span> 
     </span>
    </p>
   </div>
   <div class='ocr_carea' id='block_1_10' title="bbox 456 1040 2031 1116">
    <p class='ocr_par' dir='ltr' id='par_1_10' title="bbox 456 1040 2031 1116">
     <span class='ocr_line' id='line_1_10' title="bbox 456 1040 2031 1116; baseline -0.004 -15"><span class='ocrx_word' id='word_1_65' title='bbox 456 1062 636 1116; x_wconf 86' lang='lat' dir='ltr'><strong>agere,</strong></span> <span class='ocrx_word' id='word_1_66' title='bbox 667 1051 894 1115; x_wconf 85' lang='lat' dir='ltr'><strong>propter</strong></span> <span class='ocrx_word' id='word_1_67' title='bbox 948 1041 1094 1112; x_wconf 91' lang='lat' dir='ltr'><strong>quod</strong></span> <span class='ocrx_word' id='word_1_68' title='bbox 1140 1057 1239 1111; x_wconf 92' lang='lat' dir='ltr'><strong>pro</strong></span> <span class='ocrx_word' id='word_1_69' title='bbox 1266 1042 1369 1096; x_wconf 92' lang='lat' dir='ltr'><strong>hoc</strong></span> <span class='ocrx_word' id='word_1_70' title='bbox 1400 1057 1506 1095; x_wconf 91' lang='lat' dir='ltr'><strong>non</strong></span> <span class='ocrx_word' id='word_1_71' title='bbox 1538 1040 1840 1110; x_wconf 89' lang='lat' dir='ltr'><strong>judicatur.</strong></span> <span class='ocrx_word' id='word_1_72' title='bbox 1891 1043 2031 1096; x_wconf 73' lang='lat' dir='ltr'><strong>Cum</strong></span> 
     </span>
    </p>
   </div>
   <div class='ocr_carea' id='block_1_11' title="bbox 453 1133 2033 1203">
    <p class='ocr_par' dir='ltr' id='par_1_11' title="bbox 453 1133 2033 1203">
     <span class='ocr_line' id='line_1_11' title="bbox 453 1133 2033 1203; baseline -0.003 -11"><span class='ocrx_word' id='word_1_73' title='bbox 453 1153 583 1192; x_wconf 92' lang='lat' dir='ltr'><strong>vero</strong></span> <span class='ocrx_word' id='word_1_74' title='bbox 609 1137 843 1192; x_wconf 88' lang='lat' dir='ltr'><strong>audierit</strong></span> <span class='ocrx_word' id='word_1_75' title='bbox 874 1150 1071 1203; x_wconf 82' lang='lat' dir='ltr'><strong>causas</strong></span> <span class='ocrx_word' id='word_1_76' title='bbox 1106 1133 1311 1189; x_wconf 88' lang='lat' dir='ltr'><strong>erroris</strong></span> <span class='ocrx_word' id='word_1_77' title='bbox 1341 1134 1459 1198; x_wconf 89' lang='lat' dir='ltr'><strong>sui,</strong></span> <span class='ocrx_word' id='word_1_78' title='bbox 1489 1142 1544 1189; x_wconf 89' lang='lat' dir='ltr'><strong>et</strong></span> <span class='ocrx_word' id='word_1_79' title='bbox 1586 1134 1857 1189; x_wconf 89' lang='lat' dir='ltr'><strong>rationem</strong></span> <span class='ocrx_word' id='word_1_80' title='bbox 1890 1135 2033 1189; x_wconf 90' lang='lat' dir='ltr'><strong>veri-</strong></span> 
     </span>
    </p>
   </div>
   <div class='ocr_carea' id='block_1_12' title="bbox 452 1227 2031 1297">
    <p class='ocr_par' dir='ltr' id='par_1_12' title="bbox 452 1227 2031 1297">
     <span class='ocr_line' id='line_1_12' title="bbox 452 1227 2031 1297; baseline -0.002 -15"><span class='ocrx_word' id='word_1_81' title='bbox 452 1228 579 1285; x_wconf 90' lang='lat' dir='ltr'><strong>tatis</strong></span> <span class='ocrx_word' id='word_1_82' title='bbox 622 1228 915 1297; x_wconf 90' lang='lat' dir='ltr'><strong>acceperit,</strong></span> <span class='ocrx_word' id='word_1_83' title='bbox 972 1236 1103 1280; x_wconf 92' lang='lat' dir='ltr'><strong>tunc</strong></span> <span class='ocrx_word' id='word_1_84' title='bbox 1135 1227 1181 1279; x_wconf 85' lang='lat' dir='ltr'><strong>si</strong></span> <span class='ocrx_word' id='word_1_85' title='bbox 1235 1228 1598 1296; x_wconf 86' lang='lat' dir='ltr'><strong>permanserit</strong></span> <span class='ocrx_word' id='word_1_86' title='bbox 1631 1228 1684 1281; x_wconf 94' lang='lat' dir='ltr'><strong>in</strong></span> <span class='ocrx_word' id='word_1_87' title='bbox 1714 1228 1798 1283; x_wconf 91' lang='lat' dir='ltr'><strong>his</strong></span> <span class='ocrx_word' id='word_1_88' title='bbox 1829 1228 2031 1281; x_wconf 91' lang='lat' dir='ltr'><strong>errori-</strong></span> 
     </span>
    </p>
   </div>
   <div class='ocr_carea' id='block_1_13' title="bbox 449 1318 2026 1392">
    <p class='ocr_par' dir='ltr' id='par_1_13' title="bbox 449 1318 2026 1392">
     <span class='ocr_line' id='line_1_13' title="bbox 449 1318 2026 1392; baseline -0.003 -16"><span class='ocrx_word' id='word_1_89' title='bbox 449 1321 555 1377; x_wconf 85' lang='lat' dir='ltr'><strong>bus</strong></span> <span class='ocrx_word' id='word_1_90' title='bbox 577 1360 592 1385; x_wconf 93' lang='lat'><strong>,</strong></span> <span class='ocrx_word' id='word_1_91' title='bbox 642 1321 847 1392; x_wconf 82' lang='lat' dir='ltr'><strong>quibus</strong></span> <span class='ocrx_word' id='word_1_92' title='bbox 878 1321 1080 1374; x_wconf 92' lang='lat' dir='ltr'><strong>dudum</strong></span> <span class='ocrx_word' id='word_1_93' title='bbox 1110 1318 1288 1373; x_wconf 80' lang='lat' dir='ltr'><strong>fuerat</strong></span> <span class='ocrx_word' id='word_1_94' title='bbox 1322 1328 1649 1389; x_wconf 64' lang='lat' dir='ltr'><strong>praeventus,</strong></span> <span class='ocrx_word' id='word_1_95' title='bbox 1714 1327 1864 1374; x_wconf 87' lang='lat' dir='ltr'><strong>recte</strong></span> <span class='ocrx_word' id='word_1_96' title='bbox 1915 1320 2026 1388; x_wconf 89' lang='lat' dir='ltr'><strong>jam</strong></span> 
     </span>
    </p>
   </div>
   <div class='ocr_carea' id='block_1_14' title="bbox 448 1411 2028 1482">
    <p class='ocr_par' dir='ltr' id='par_1_14' title="bbox 448 1411 2028 1482">
     <span class='ocr_line' id='line_1_14' title="bbox 448 1411 2028 1482; baseline -0.003 -15"><span class='ocrx_word' id='word_1_97' title='bbox 448 1413 733 1467; x_wconf 88' lang='lat' dir='ltr'><strong>vocabitur</strong></span> <span class='ocrx_word' id='word_1_98' title='bbox 784 1411 850 1465; x_wconf 90' lang='lat' dir='ltr'><strong>ad</strong></span> <span class='ocrx_word' id='word_1_99' title='bbox 877 1411 1167 1481; x_wconf 86' lang='lat' dir='ltr'><strong>judicium,</strong></span> <span class='ocrx_word' id='word_1_100' title='bbox 1199 1411 1429 1467; x_wconf 87' lang='lat' dir='ltr'><strong>daturus</strong></span> <span class='ocrx_word' id='word_1_101' title='bbox 1458 1426 1650 1482; x_wconf 64' lang='lat' dir='ltr'><strong>paruas</strong></span> <span class='ocrx_word' id='word_1_102' title='bbox 1672 1451 1686 1475; x_wconf 94' lang='lat'><strong>,</strong></span> <span class='ocrx_word' id='word_1_103' title='bbox 1736 1412 1863 1481; x_wconf 87' lang='lat' dir='ltr'><strong>quia</strong></span> <span class='ocrx_word' id='word_1_104' title='bbox 1901 1411 2028 1465; x_wconf 67' lang='lat' dir='ltr'><strong>vitm</strong></span> 
     </span>
    </p>
   </div>
   <div class='ocr_carea' id='block_1_15' title="bbox 449 1500 2024 1575">
    <p class='ocr_par' dir='ltr' id='par_1_15' title="bbox 449 1500 2024 1575">
     <span class='ocr_line' id='line_1_15' title="bbox 449 1500 2024 1575; baseline -0.001 -16"><span class='ocrx_word' id='word_1_105' title='bbox 449 1504 615 1575; x_wconf 87' lang='lat' dir='ltr'><strong>hujus</strong></span> <span class='ocrx_word' id='word_1_106' title='bbox 646 1504 908 1575; x_wconf 88' lang='lat' dir='ltr'><strong>spatium,</strong></span> <span class='ocrx_word' id='word_1_107' title='bbox 938 1503 1081 1574; x_wconf 90' lang='lat' dir='ltr'><strong>quod</strong></span> <span class='ocrx_word' id='word_1_108' title='bbox 1115 1502 1182 1555; x_wconf 91' lang='lat' dir='ltr'><strong>ad</strong></span> <span class='ocrx_word' id='word_1_109' title='bbox 1203 1503 1343 1558; x_wconf 86' lang='lat' dir='ltr'><strong>bene</strong></span> <span class='ocrx_word' id='word_1_110' title='bbox 1362 1504 1653 1558; x_wconf 89' lang='lat' dir='ltr'><strong>vivendum</strong></span> <span class='ocrx_word' id='word_1_111' title='bbox 1691 1500 1936 1573; x_wconf 87' lang='lat' dir='ltr'><strong>accepit,</strong></span> <span class='ocrx_word' id='word_1_112' title='bbox 1969 1504 2024 1557; x_wconf 92' lang='lat' dir='ltr'><strong>in</strong></span> 
     </span>
    </p>
   </div>
   <div class='ocr_carea' id='block_1_16' title="bbox 446 1595 2025 1666">
    <p class='ocr_par' dir='ltr' id='par_1_16' title="bbox 446 1595 2025 1666">
     <span class='ocr_line' id='line_1_16' title="bbox 446 1595 2025 1666; baseline 0 -16"><span class='ocrx_word' id='word_1_113' title='bbox 446 1595 704 1653; x_wconf 87' lang='lat' dir='ltr'><strong>ludibriis</strong></span> <span class='ocrx_word' id='word_1_114' title='bbox 732 1598 1137 1666; x_wconf 89' lang='lat' dir='ltr'><strong>consumpserit</strong></span> <span class='ocrx_word' id='word_1_115' title='bbox 1164 1610 1436 1650; x_wconf 91' lang='lat' dir='ltr'><strong>errorum.</strong></span> <span class='ocrx_word' id='word_1_116' title='bbox 1495 1595 1596 1661; x_wconf 84' lang='lat' dir='ltr'><strong>Qui</strong></span> <span class='ocrx_word' id='word_1_117' title='bbox 1632 1611 1759 1650; x_wconf 89' lang='lat' dir='ltr'><strong>vero</strong></span> <span class='ocrx_word' id='word_1_118' title='bbox 1796 1596 2025 1650; x_wconf 91' lang='lat' dir='ltr'><strong>audiens</strong></span> 
     </span>
    </p>
   </div>
   <div class='ocr_carea' id='block_1_17' title="bbox 448 1688 2023 1760">
    <p class='ocr_par' dir='ltr' id='par_1_17' title="bbox 448 1688 2023 1760">
     <span class='ocr_line' id='line_1_17' title="bbox 448 1688 2023 1760; baseline -0.002 -16"><span class='ocrx_word' id='word_1_119' title='bbox 448 1689 587 1755; x_wconf 74' lang='lat' dir='ltr'><strong>bmc,</strong></span> <span class='ocrx_word' id='word_1_120' title='bbox 618 1689 848 1745; x_wconf 82' lang='lat' dir='ltr'><strong>libenter</strong></span> <span class='ocrx_word' id='word_1_121' title='bbox 891 1688 1111 1760; x_wconf 92' lang='lat' dir='ltr'><strong>accipit,</strong></span> <span class='ocrx_word' id='word_1_122' title='bbox 1143 1694 1197 1743; x_wconf 90' lang='lat' dir='ltr'><strong>et</strong></span> <span class='ocrx_word' id='word_1_123' title='bbox 1249 1688 1560 1757; x_wconf 76' lang='lat' dir='ltr'><strong>gratulatur</strong></span> <span class='ocrx_word' id='word_1_124' title='bbox 1606 1689 1872 1742; x_wconf 92' lang='lat' dir='ltr'><strong>bonorum</strong></span> <span class='ocrx_word' id='word_1_125' title='bbox 1918 1688 2023 1743; x_wconf 88' lang='lat' dir='ltr'><strong>sibi</strong></span> 
     </span>
    </p>
   </div>
   <div class='ocr_carea' id='block_1_18' title="bbox 447 1780 2024 1851">
    <p class='ocr_par' dir='ltr' id='par_1_18' title="bbox 447 1780 2024 1851">
     <span class='ocr_line' id='line_1_18' title="bbox 447 1780 2024 1851; baseline -0.002 -13"><span class='ocrx_word' id='word_1_126' title='bbox 447 1782 754 1838; x_wconf 87' lang='lat' dir='ltr'><strong>doctrinam</strong></span> <span class='ocrx_word' id='word_1_127' title='bbox 812 1780 987 1836; x_wconf 81' lang='lat' dir='ltr'><strong>fuisse</strong></span> <span class='ocrx_word' id='word_1_128' title='bbox 1043 1781 1307 1847; x_wconf 88' lang='lat' dir='ltr'><strong>delatam;</strong></span> <span class='ocrx_word' id='word_1_129' title='bbox 1352 1782 1598 1851; x_wconf 86' lang='lat' dir='ltr'><strong>requirat</strong></span> <span class='ocrx_word' id='word_1_130' title='bbox 1652 1780 1938 1844; x_wconf 89' lang='lat' dir='ltr'><strong>intentius,</strong></span> <span class='ocrx_word' id='word_1_131' title='bbox 1969 1788 2024 1835; x_wconf 91' lang='lat' dir='ltr'><strong>et</strong></span> 
     </span>
    </p>
   </div>
   <div class='ocr_carea' id='block_1_19' title="bbox 2141 583 3716 659">
    <p class='ocr_par' dir='ltr' id='par_1_19' title="bbox 2141 583 3716 659">
     <span class='ocr_line' id='line_1_19' title="bbox 2141 583 3716 659; baseline 0 -21"><span class='ocrx_word' id='word_1_132' title='bbox 2141 600 2267 639; x_wconf 89' lang='lat' dir='ltr'><strong>cum</strong></span> <span class='ocrx_word' id='word_1_133' title='bbox 2305 595 2449 641; x_wconf 80' lang='lat' dir='ltr'><strong>esset</strong></span> <span class='ocrx_word' id='word_1_134' title='bbox 2479 602 2721 657; x_wconf 73' lang='lat' dir='ltr'><strong>praesens</strong></span> <span class='ocrx_word' id='word_1_135' title='bbox 2761 586 3066 659; x_wconf 73' lang='lat' dir='ltr'><strong>nobiseum,</strong></span> <span class='ocrx_word' id='word_1_136' title='bbox 3094 592 3148 639; x_wconf 90' lang='lat' dir='ltr'><strong>et</strong></span> <span class='ocrx_word' id='word_1_137' title='bbox 3178 583 3441 653; x_wconf 88' lang='lat' dir='ltr'><strong>quosdam</strong></span> <span class='ocrx_word' id='word_1_138' title='bbox 3471 598 3540 637; x_wconf 84' lang='lat' dir='ltr'><strong>ex</strong></span> <span class='ocrx_word' id='word_1_139' title='bbox 3571 583 3716 638; x_wconf 78' lang='lat' dir='ltr'><strong>divi-</strong></span> 
     </span>
    </p>
   </div>
   <div class='ocr_carea' id='block_1_20' title="bbox 2141 676 3713 750">
    <p class='ocr_par' dir='ltr' id='par_1_20' title="bbox 2141 676 3713 750">
     <span class='ocr_line' id='line_1_20' title="bbox 2141 676 3713 750; baseline 0.002 -21"><span class='ocrx_word' id='word_1_140' title='bbox 2141 678 2291 732; x_wconf 89' lang='lat' dir='ltr'><strong>tibus</strong></span> <span class='ocrx_word' id='word_1_141' title='bbox 2322 680 2659 748; x_wconf 81' lang='lat' dir='ltr'><strong>negligentes</strong></span> <span class='ocrx_word' id='word_1_142' title='bbox 2681 695 2811 750; x_wconf 89' lang='lat' dir='ltr'><strong>erga</strong></span> <span class='ocrx_word' id='word_1_143' title='bbox 2838 679 2937 733; x_wconf 89' lang='lat' dir='ltr'><strong>Dei</strong></span> <span class='ocrx_word' id='word_1_144' title='bbox 2966 679 3173 732; x_wconf 89' lang='lat' dir='ltr'><strong>cultum</strong></span> <span class='ocrx_word' id='word_1_145' title='bbox 3192 677 3420 741; x_wconf 87' lang='lat' dir='ltr'><strong>videret,</strong></span> <span class='ocrx_word' id='word_1_146' title='bbox 3446 676 3615 746; x_wconf 85' lang='lat' dir='ltr'><strong>hujus</strong></span> <span class='ocrx_word' id='word_1_147' title='bbox 3635 678 3713 733; x_wconf 87' lang='lat' dir='ltr'><strong>rei</strong></span> 
     </span>
    </p>
   </div>
   <div class='ocr_carea' id='block_1_21' title="bbox 2140 766 3713 838">
    <p class='ocr_par' dir='ltr' id='par_1_21' title="bbox 2140 766 3713 838">
     <span class='ocr_line' id='line_1_21' title="bbox 2140 766 3713 838; baseline 0.004 -19"><span class='ocrx_word' id='word_1_148' title='bbox 2140 766 2213 819; x_wconf 86' lang='lat' dir='ltr'><strong>ita</strong></span> <span class='ocrx_word' id='word_1_149' title='bbox 2246 769 2465 836; x_wconf 88' lang='lat' dir='ltr'><strong>aperuit</strong></span> <span class='ocrx_word' id='word_1_150' title='bbox 2498 770 2820 825; x_wconf 85' lang='lat' dir='ltr'><strong>veritatem:</strong></span> <span class='ocrx_word' id='word_1_151' title='bbox 2858 769 3026 823; x_wconf 82' lang='lat' dir='ltr'><strong>Nemo</strong></span> <span class='ocrx_word' id='word_1_152' title='bbox 3059 778 3247 837; x_wconf 79' lang='lat' dir='ltr'><strong>potest,</strong></span> <span class='ocrx_word' id='word_1_153' title='bbox 3270 768 3474 838; x_wconf 88' lang='lat' dir='ltr'><strong>inquit,</strong></span> <span class='ocrx_word' id='word_1_154' title='bbox 3506 769 3713 825; x_wconf 72' lang='lat' dir='ltr'><strong>duobus</strong></span> 
     </span>
    </p>
   </div>
   <div class='ocr_carea' id='block_1_22' title="bbox 2140 857 3714 930">
    <p class='ocr_par' dir='ltr' id='par_1_22' title="bbox 2140 857 3714 930">
     <span class='ocr_line' id='line_1_22' title="bbox 2140 857 3714 930; baseline 0.004 -21"><span class='ocrx_word' id='word_1_155' title='bbox 2140 857 2368 913; x_wconf 80' lang='lat' dir='ltr'><strong>dominis</strong></span> <span class='ocrx_word' id='word_1_156' title='bbox 2400 862 2631 925; x_wconf 79' lang='lat' dir='ltr'><strong>servire;</strong></span> <span class='ocrx_word' id='word_1_157' title='bbox 2688 870 2775 915; x_wconf 88' lang='lat' dir='ltr'><strong>et:</strong></span> <span class='ocrx_word' id='word_1_158' title='bbox 2810 860 2935 915; x_wconf 87' lang='lat' dir='ltr'><strong>Non</strong></span> <span class='ocrx_word' id='word_1_159' title='bbox 2967 862 3197 930; x_wconf 74' lang='lat' dir='ltr'><strong>potestis</strong></span> <span class='ocrx_word' id='word_1_160' title='bbox 3248 860 3358 915; x_wconf 87' lang='lat' dir='ltr'><strong>Deo</strong></span> <span class='ocrx_word' id='word_1_161' title='bbox 3414 864 3611 915; x_wconf 73' lang='lat' dir='ltr'><strong>servire</strong></span> <span class='ocrx_word' id='word_1_162' title='bbox 3663 871 3714 918; x_wconf 78' lang='lat' dir='ltr'><strong>et</strong></span> 
     </span>
    </p>
   </div>
   <div class='ocr_carea' id='block_1_23' title="bbox 2136 952 3713 1024">
    <p class='ocr_par' dir='ltr' id='par_1_23' title="bbox 2136 952 3713 1024">
     <span class='ocr_line' id='line_1_23' title="bbox 2136 952 3713 1024; baseline 0.004 -22"><span class='ocrx_word' id='word_1_163' title='bbox 2136 966 2451 1005; x_wconf 80' lang='lat' dir='ltr'><strong>mammonte</strong></span> <span class='ocrx_word' id='word_1_164' title='bbox 2471 952 2549 1019; x_wconf 73' lang='lat'><strong>“;</strong></span> <span class='ocrx_word' id='word_1_165' title='bbox 2577 969 2909 1018; x_wconf 87' lang='lat' dir='ltr'><strong>mammona,</strong></span> <span class='ocrx_word' id='word_1_166' title='bbox 2946 954 3121 1024; x_wconf 91' lang='lat' dir='ltr'><strong>patria</strong></span> <span class='ocrx_word' id='word_1_167' title='bbox 3144 968 3334 1008; x_wconf 91' lang='lat' dir='ltr'><strong>eorum</strong></span> <span class='ocrx_word' id='word_1_168' title='bbox 3364 968 3520 1021; x_wconf 86' lang='lat' dir='ltr'><strong>voce,</strong></span> <span class='ocrx_word' id='word_1_169' title='bbox 3570 954 3713 1009; x_wconf 88' lang='lat' dir='ltr'><strong>divi-</strong></span> 
     </span>
    </p>
   </div>
   <div class='ocr_carea' id='block_1_24' title="bbox 2133 1043 3711 1116">
    <p class='ocr_par' dir='ltr' id='par_1_24' title="bbox 2133 1043 3711 1116">
     <span class='ocr_line' id='line_1_24' title="bbox 2133 1043 3711 1116; baseline 0.002 -19"><span class='ocrx_word' id='word_1_170' title='bbox 2133 1044 2237 1099; x_wconf 90' lang='lat' dir='ltr'><strong>tias</strong></span> <span class='ocrx_word' id='word_1_171' title='bbox 2270 1060 2493 1100; x_wconf 86' lang='lat' dir='ltr'><strong>vocans.</strong></span> <span class='ocrx_word' id='word_1_172' title='bbox 2523 1044 2569 1076; x_wconf 75' lang='lat'><strong>“</strong></span> <span class='ocrx_word' id='word_1_173' title='bbox 2588 1044 2688 1099; x_wconf 76' lang='lat' dir='ltr'><strong>llic</strong></span> <span class='ocrx_word' id='word_1_174' title='bbox 2736 1060 2866 1116; x_wconf 91' lang='lat' dir='ltr'><strong>ergo</strong></span> <span class='ocrx_word' id='word_1_175' title='bbox 2894 1062 3055 1101; x_wconf 88' lang='lat' dir='ltr'><strong>verus</strong></span> <span class='ocrx_word' id='word_1_176' title='bbox 3088 1044 3373 1115; x_wconf 81' lang='lat' dir='ltr'><strong>propheta,</strong></span> <span class='ocrx_word' id='word_1_177' title='bbox 3397 1044 3493 1115; x_wconf 89' lang='lat' dir='ltr'><strong>qui</strong></span> <span class='ocrx_word' id='word_1_178' title='bbox 3527 1045 3584 1100; x_wconf 86' lang='lat' dir='ltr'><strong>in</strong></span> <span class='ocrx_word' id='word_1_179' title='bbox 3610 1043 3711 1100; x_wconf 75' lang='lat' dir='ltr'><strong>Ju-</strong></span> 
     </span>
    </p>
   </div>
   <div class='ocr_carea' id='block_1_25' title="bbox 2132 1134 3707 1209">
    <p class='ocr_par' dir='ltr' id='par_1_25' title="bbox 2132 1134 3707 1209">
     <span class='ocr_line' id='line_1_25' title="bbox 2132 1134 3707 1209; baseline 0.004 -21"><span class='ocrx_word' id='word_1_180' title='bbox 2132 1134 2247 1189; x_wconf 74' lang='lat' dir='ltr'><strong>data</strong></span> <span class='ocrx_word' id='word_1_181' title='bbox 2275 1136 2434 1191; x_wconf 91' lang='lat' dir='ltr'><strong>nobis</strong></span> <span class='ocrx_word' id='word_1_182' title='bbox 2470 1138 2745 1207; x_wconf 84' lang='lat' dir='ltr'><strong>apparuit,</strong></span> <span class='ocrx_word' id='word_1_183' title='bbox 2786 1148 2845 1193; x_wconf 90' lang='lat' dir='ltr'><strong>ut</strong></span> <span class='ocrx_word' id='word_1_184' title='bbox 2868 1138 3130 1205; x_wconf 89' lang='lat' dir='ltr'><strong>audistis;</strong></span> <span class='ocrx_word' id='word_1_185' title='bbox 3154 1139 3271 1208; x_wconf 84' lang='lat' dir='ltr'><strong>qui,</strong></span> <span class='ocrx_word' id='word_1_186' title='bbox 3291 1146 3445 1194; x_wconf 89' lang='lat' dir='ltr'><strong>stans</strong></span> <span class='ocrx_word' id='word_1_187' title='bbox 3470 1141 3707 1209; x_wconf 86' lang='lat' dir='ltr'><strong>publice,</strong></span> 
     </span>
    </p>
   </div>
   <div class='ocr_carea' id='block_1_26' title="bbox 2132 1228 3705 1297">
    <p class='ocr_par' dir='ltr' id='par_1_26' title="bbox 2132 1228 3705 1297">
     <span class='ocr_line' id='line_1_26' title="bbox 2132 1228 3705 1297; baseline 0.001 -14"><span class='ocrx_word' id='word_1_188' title='bbox 2132 1228 2247 1283; x_wconf 92' lang='lat' dir='ltr'><strong>sola</strong></span> <span class='ocrx_word' id='word_1_189' title='bbox 2273 1228 2525 1297; x_wconf 90' lang='lat' dir='ltr'><strong>jussione</strong></span> <span class='ocrx_word' id='word_1_190' title='bbox 2552 1228 2792 1283; x_wconf 84' lang='lat' dir='ltr'><strong>faciebat</strong></span> <span class='ocrx_word' id='word_1_191' title='bbox 2820 1246 2995 1285; x_wconf 63' lang='lat' dir='ltr'><strong>caecos</strong></span> <span class='ocrx_word' id='word_1_192' title='bbox 3025 1231 3234 1294; x_wconf 90' lang='lat' dir='ltr'><strong>videre,</strong></span> <span class='ocrx_word' id='word_1_193' title='bbox 3268 1230 3466 1286; x_wconf 88' lang='lat' dir='ltr'><strong>surdos</strong></span> <span class='ocrx_word' id='word_1_194' title='bbox 3494 1231 3705 1296; x_wconf 80' lang='lat' dir='ltr'><strong>audire,</strong></span> 
     </span>
    </p>
   </div>
   <div class='ocr_carea' id='block_1_27' title="bbox 2131 1317 3712 1392">
    <p class='ocr_par' dir='ltr' id='par_1_27' title="bbox 2131 1317 3712 1392">
     <span class='ocr_line' id='line_1_27' title="bbox 2131 1317 3712 1392; baseline 0.004 -22"><span class='ocrx_word' id='word_1_195' title='bbox 2131 1317 2353 1388; x_wconf 81' lang='lat' dir='ltr'><strong>fugabat</strong></span> <span class='ocrx_word' id='word_1_196' title='bbox 2387 1322 2681 1384; x_wconf 67' lang='lat' dir='ltr'><strong>daemones,</strong></span> <span class='ocrx_word' id='word_1_197' title='bbox 2705 1322 2864 1392; x_wconf 69' lang='lat' dir='ltr'><strong>aegris</strong></span> <span class='ocrx_word' id='word_1_198' title='bbox 2891 1324 3177 1377; x_wconf 87' lang='lat' dir='ltr'><strong>sanitatem</strong></span> <span class='ocrx_word' id='word_1_199' title='bbox 3204 1323 3464 1377; x_wconf 86' lang='lat' dir='ltr'><strong>reddebat</strong></span> <span class='ocrx_word' id='word_1_200' title='bbox 3492 1333 3547 1376; x_wconf 91' lang='lat' dir='ltr'><strong>et</strong></span> <span class='ocrx_word' id='word_1_201' title='bbox 3572 1339 3712 1376; x_wconf 88' lang='lat' dir='ltr'><strong>mor-</strong></span> 
     </span>
    </p>
   </div>
   <div class='ocr_carea' id='block_1_28' title="bbox 2130 1410 3708 1484">
    <p class='ocr_par' dir='ltr' id='par_1_28' title="bbox 2130 1410 3708 1484">
     <span class='ocr_line' id='line_1_28' title="bbox 2130 1410 3708 1484; baseline 0.003 -21"><span class='ocrx_word' id='word_1_202' title='bbox 2130 1410 2239 1464; x_wconf 86' lang='lat' dir='ltr'><strong>tuis</strong></span> <span class='ocrx_word' id='word_1_203' title='bbox 2262 1411 2426 1465; x_wconf 89' lang='lat' dir='ltr'><strong>vitam</strong></span> <span class='ocrx_word' id='word_1_204' title='bbox 2442 1432 2462 1468; x_wconf 82' lang='lat'><strong><em>:</em></strong></span> <span class='ocrx_word' id='word_1_205' title='bbox 2505 1428 2740 1483; x_wconf 90' lang='lat' dir='ltr'><strong>cumque</strong></span> <span class='ocrx_word' id='word_1_206' title='bbox 2761 1414 2896 1468; x_wconf 88' lang='lat' dir='ltr'><strong>nihil</strong></span> <span class='ocrx_word' id='word_1_207' title='bbox 2918 1424 3065 1483; x_wconf 85' lang='lat' dir='ltr'><strong>esset</strong></span> <span class='ocrx_word' id='word_1_208' title='bbox 3080 1415 3128 1469; x_wconf 91' lang='lat' dir='ltr'><strong>ei</strong></span> <span class='ocrx_word' id='word_1_209' title='bbox 3149 1415 3513 1484; x_wconf 89' lang='lat' dir='ltr'><strong>impossibile,</strong></span> <span class='ocrx_word' id='word_1_210' title='bbox 3543 1417 3708 1469; x_wconf 89' lang='lat' dir='ltr'><strong>etiam</strong></span> 
     </span>
    </p>
   </div>
   <div class='ocr_carea' id='block_1_29' title="bbox 2128 1505 3710 1577">
    <p class='ocr_par' dir='ltr' id='par_1_29' title="bbox 2128 1505 3710 1577">
     <span class='ocr_line' id='line_1_29' title="bbox 2128 1505 3710 1577; baseline 0.002 -18"><span class='ocrx_word' id='word_1_211' title='bbox 2128 1506 2488 1575; x_wconf 88' lang='lat' dir='ltr'><strong>cogitationes</strong></span> <span class='ocrx_word' id='word_1_212' title='bbox 2518 1505 2800 1559; x_wconf 89' lang='lat' dir='ltr'><strong>hominum</strong></span> <span class='ocrx_word' id='word_1_213' title='bbox 2852 1505 3192 1576; x_wconf 86' lang='lat' dir='ltr'><strong>pervidebat,</strong></span> <span class='ocrx_word' id='word_1_214' title='bbox 3240 1506 3384 1577; x_wconf 91' lang='lat' dir='ltr'><strong>quod</strong></span> <span class='ocrx_word' id='word_1_215' title='bbox 3438 1508 3575 1561; x_wconf 91' lang='lat' dir='ltr'><strong>nulli</strong></span> <span class='ocrx_word' id='word_1_216' title='bbox 3626 1517 3710 1563; x_wconf 90' lang='lat' dir='ltr'><strong>est</strong></span> 
     </span>
    </p>
   </div>
   <div class='ocr_carea' id='block_1_30' title="bbox 2128 1596 3709 1670">
    <p class='ocr_par' dir='ltr' id='par_1_30' title="bbox 2128 1596 3709 1670">
     <span class='ocr_line' id='line_1_30' title="bbox 2128 1596 3709 1670; baseline 0.002 -20"><span class='ocrx_word' id='word_1_217' title='bbox 2128 1597 2416 1667; x_wconf 86' lang='lat' dir='ltr'><strong>possibile,</strong></span> <span class='ocrx_word' id='word_1_218' title='bbox 2448 1596 2556 1651; x_wconf 90' lang='lat' dir='ltr'><strong>nisi</strong></span> <span class='ocrx_word' id='word_1_219' title='bbox 2589 1596 2693 1654; x_wconf 92' lang='lat' dir='ltr'><strong>soli</strong></span> <span class='ocrx_word' id='word_1_220' title='bbox 2724 1596 2857 1652; x_wconf 90' lang='lat' dir='ltr'><strong>Deo.</strong></span> <span class='ocrx_word' id='word_1_221' title='bbox 2918 1597 3019 1651; x_wconf 78' lang='lat' dir='ltr'><strong>Hic</strong></span> <span class='ocrx_word' id='word_1_222' title='bbox 3066 1598 3432 1653; x_wconf 87' lang='lat' dir='ltr'><strong>annuntiabat</strong></span> <span class='ocrx_word' id='word_1_223' title='bbox 3479 1614 3709 1670; x_wconf 84' lang='lat' dir='ltr'><strong>regnum</strong></span> 
     </span>
    </p>
   </div>
   <div class='ocr_carea' id='block_1_31' title="bbox 2127 1688 3710 1762">
    <p class='ocr_par' dir='ltr' id='par_1_31' title="bbox 2127 1688 3710 1762">
     <span class='ocr_line' id='line_1_31' title="bbox 2127 1688 3710 1762; baseline 0.002 -20"><span class='ocrx_word' id='word_1_224' title='bbox 2127 1688 2257 1755; x_wconf 89' lang='lat' dir='ltr'><strong>Dei;</strong></span> <span class='ocrx_word' id='word_1_225' title='bbox 2295 1688 2385 1743; x_wconf 91' lang='lat' dir='ltr'><strong>cui</strong></span> <span class='ocrx_word' id='word_1_226' title='bbox 2416 1704 2520 1744; x_wconf 92' lang='lat' dir='ltr'><strong>nos</strong></span> <span class='ocrx_word' id='word_1_227' title='bbox 2571 1688 2638 1745; x_wconf 91' lang='lat' dir='ltr'><strong>de</strong></span> <span class='ocrx_word' id='word_1_228' title='bbox 2665 1690 2925 1745; x_wconf 90' lang='lat' dir='ltr'><strong>omnibus</strong></span> <span class='ocrx_word' id='word_1_229' title='bbox 2977 1706 3099 1761; x_wconf 63' lang='lat' dir='ltr'><strong>quae</strong></span> <span class='ocrx_word' id='word_1_230' title='bbox 3143 1690 3393 1758; x_wconf 87' lang='lat' dir='ltr'><strong>dicebat,</strong></span> <span class='ocrx_word' id='word_1_231' title='bbox 3448 1699 3710 1762; x_wconf 87' lang='lat' dir='ltr'><strong>tanquam</strong></span> 
     </span>
    </p>
   </div>
   <div class='ocr_carea' id='block_1_32' title="bbox 2124 1780 3711 1850">
    <p class='ocr_par' dir='ltr' id='par_1_32' title="bbox 2124 1780 3711 1850">
     <span class='ocr_line' id='line_1_32' title="bbox 2124 1780 3711 1850; baseline 0.004 -17"><span class='ocrx_word' id='word_1_232' title='bbox 2124 1795 2253 1836; x_wconf 89' lang='lat' dir='ltr'><strong>vero</strong></span> <span class='ocrx_word' id='word_1_233' title='bbox 2285 1780 2585 1850; x_wconf 84' lang='lat' dir='ltr'><strong>prophetae,</strong></span> <span class='ocrx_word' id='word_1_234' title='bbox 2612 1781 2891 1837; x_wconf 88' lang='lat' dir='ltr'><strong>credimus</strong></span> <span class='ocrx_word' id='word_1_235' title='bbox 2917 1801 2931 1850; x_wconf 91' lang='lat'><strong>;</strong></span> <span class='ocrx_word' id='word_1_236' title='bbox 2981 1781 3294 1838; x_wconf 90' lang='lat' dir='ltr'><strong>ﬁrmitatem</strong></span> <span class='ocrx_word' id='word_1_237' title='bbox 3345 1782 3473 1838; x_wconf 89' lang='lat' dir='ltr'><strong>ﬁdei</strong></span> <span class='ocrx_word' id='word_1_238' title='bbox 3505 1792 3711 1839; x_wconf 64' lang='lat' dir='ltr'><strong>nostris</strong></span> 
     </span>
    </p>
   </div>
   <div class='ocr_carea' id='block_1_33' title="bbox 446 1866 3712 1946">
    <p class='ocr_par' dir='ltr' id='par_1_33' title="bbox 446 1866 3712 1946">
     <span class='ocr_line' id='line_1_33' title="bbox 446 1866 3712 1946; baseline -0 -17"><span class='ocrx_word' id='word_1_239' title='bbox 446 1876 657 1931; x_wconf 89' lang='lat' dir='ltr'><strong>discere</strong></span> <span class='ocrx_word' id='word_1_240' title='bbox 694 1890 805 1928; x_wconf 92' lang='lat' dir='ltr'><strong>non</strong></span> <span class='ocrx_word' id='word_1_241' title='bbox 855 1873 1093 1941; x_wconf 90' lang='lat' dir='ltr'><strong>desinat,</strong></span> <span class='ocrx_word' id='word_1_242' title='bbox 1136 1888 1427 1943; x_wconf 89' lang='lat' dir='ltr'><strong>usquequo</strong></span> <span class='ocrx_word' id='word_1_243' title='bbox 1475 1882 1792 1944; x_wconf 84' lang='lat' dir='ltr'><strong>cognoscat,</strong></span> <span class='ocrx_word' id='word_1_244' title='bbox 1842 1872 1888 1928; x_wconf 91' lang='lat' dir='ltr'><strong>si</strong></span> <span class='ocrx_word' id='word_1_245' title='bbox 1936 1881 2020 1928; x_wconf 90' lang='lat' dir='ltr'><strong>est</strong></span> <span class='ocrx_word' id='word_1_246' title='bbox 2052 1866 2092 1920; x_wconf 88' lang='grc' dir='ltr'><strong>Β</strong></span> <span class='ocrx_word' id='word_1_247' title='bbox 2123 1886 2232 1926; x_wconf 93' lang='lat' dir='ltr'><strong>non</strong></span> <span class='ocrx_word' id='word_1_248' title='bbox 2265 1872 2443 1926; x_wconf 90' lang='lat' dir='ltr'><strong>solum</strong></span> <span class='ocrx_word' id='word_1_249' title='bbox 2466 1886 2534 1926; x_wconf 79' lang='lat' dir='ltr'><strong>ex</strong></span> <span class='ocrx_word' id='word_1_250' title='bbox 2562 1872 2750 1928; x_wconf 86' lang='lat' dir='ltr'><strong>verbis</strong></span> <span class='ocrx_word' id='word_1_251' title='bbox 2770 1873 2913 1943; x_wconf 90' lang='lat' dir='ltr'><strong>ejus,</strong></span> <span class='ocrx_word' id='word_1_252' title='bbox 2931 1875 3026 1929; x_wconf 92' lang='lat' dir='ltr'><strong>sed</strong></span> <span class='ocrx_word' id='word_1_253' title='bbox 3044 1882 3098 1930; x_wconf 91' lang='lat' dir='ltr'><strong>et</strong></span> <span class='ocrx_word' id='word_1_254' title='bbox 3127 1875 3387 1946; x_wconf 82' lang='lat' dir='ltr'><strong>Operibus</strong></span> <span class='ocrx_word' id='word_1_255' title='bbox 3417 1890 3712 1930; x_wconf 83' lang='lat' dir='ltr'><strong>assumen—</strong></span> 
     </span>
    </p>
   </div>
   <div class='ocr_carea' id='block_1_34' title="bbox 444 1964 2021 2035">
    <p class='ocr_par' dir='ltr' id='par_1_34' title="bbox 444 1964 2021 2035">
     <span class='ocr_line' id='line_1_34' title="bbox 444 1964 2021 2035; baseline 0.001 -17"><span class='ocrx_word' id='word_1_256' title='bbox 444 1982 570 2021; x_wconf 92' lang='lat' dir='ltr'><strong>vere</strong></span> <span class='ocrx_word' id='word_1_257' title='bbox 599 1966 746 2020; x_wconf 91' lang='lat' dir='ltr'><strong>aliud</strong></span> <span class='ocrx_word' id='word_1_258' title='bbox 777 1966 1059 2031; x_wconf 61' lang='lat' dir='ltr'><strong>saeculum,</strong></span> <span class='ocrx_word' id='word_1_259' title='bbox 1111 1968 1168 2019; x_wconf 88' lang='lat' dir='ltr'><strong>in</strong></span> <span class='ocrx_word' id='word_1_260' title='bbox 1197 1980 1306 2035; x_wconf 92' lang='lat' dir='ltr'><strong>quo</strong></span> <span class='ocrx_word' id='word_1_261' title='bbox 1333 1964 1496 2021; x_wconf 89' lang='lat' dir='ltr'><strong>bonis</strong></span> <span class='ocrx_word' id='word_1_262' title='bbox 1546 1965 1766 2035; x_wconf 60' lang='lat' dir='ltr'><strong>praemia</strong></span> <span class='ocrx_word' id='word_1_263' title='bbox 1808 1979 2021 2034; x_wconf 75' lang='lat' dir='ltr'><strong>prazpa-</strong></span> 
     </span>
    </p>
   </div>
   <div class='ocr_carea' id='block_1_35' title="bbox 444 2055 2022 2127">
    <p class='ocr_par' dir='ltr' id='par_1_35' title="bbox 444 2055 2022 2127">
     <span class='ocr_line' id='line_1_35' title="bbox 444 2055 2022 2127; baseline -0.003 -15"><span class='ocrx_word' id='word_1_264' title='bbox 444 2066 563 2112; x_wconf 88' lang='lat' dir='ltr'><strong>rata</strong></span> <span class='ocrx_word' id='word_1_265' title='bbox 590 2058 718 2113; x_wconf 93' lang='lat' dir='ltr'><strong>sint.</strong></span> <span class='ocrx_word' id='word_1_266' title='bbox 748 2058 813 2111; x_wconf 91' lang='lat' dir='ltr'><strong>Et</strong></span> <span class='ocrx_word' id='word_1_267' title='bbox 842 2073 967 2113; x_wconf 91' lang='lat' dir='ltr'><strong>cum</strong></span> <span class='ocrx_word' id='word_1_268' title='bbox 994 2065 1179 2112; x_wconf 89' lang='lat' dir='ltr'><strong>certus</strong></span> <span class='ocrx_word' id='word_1_269' title='bbox 1211 2058 1278 2111; x_wconf 91' lang='lat' dir='ltr'><strong>de</strong></span> <span class='ocrx_word' id='word_1_270' title='bbox 1308 2056 1415 2111; x_wconf 90' lang='lat' dir='ltr'><strong>hoc</strong></span> <span class='ocrx_word' id='word_1_271' title='bbox 1445 2055 1632 2120; x_wconf 91' lang='lat' dir='ltr'><strong>fuerit,</strong></span> <span class='ocrx_word' id='word_1_272' title='bbox 1665 2056 1872 2127; x_wconf 86' lang='lat' dir='ltr'><strong>gratias</strong></span> <span class='ocrx_word' id='word_1_273' title='bbox 1897 2063 2022 2126; x_wconf 85' lang='lat' dir='ltr'><strong>agat</strong></span> 
     </span>
    </p>
   </div>
   <div class='ocr_carea' id='block_1_36' title="bbox 436 2138 2022 2221">
    <p class='ocr_par' dir='ltr' id='par_1_36' title="bbox 436 2138 2022 2221">
     <span class='ocr_line' id='line_1_36' title="bbox 436 2138 2022 2221; baseline 0 -18"><span class='ocrx_word' id='word_1_274' title='bbox 436 2138 580 2215; x_wconf 87' lang='lat' dir='ltr'><strong>Deo,</strong></span> <span class='ocrx_word' id='word_1_275' title='bbox 637 2150 784 2221; x_wconf 88' lang='lat' dir='ltr'><strong>quod</strong></span> <span class='ocrx_word' id='word_1_276' title='bbox 814 2150 919 2207; x_wconf 90' lang='lat' dir='ltr'><strong>sibi</strong></span> <span class='ocrx_word' id='word_1_277' title='bbox 950 2150 1200 2205; x_wconf 82' lang='lat' dir='ltr'><strong>veritatis</strong></span> <span class='ocrx_word' id='word_1_278' title='bbox 1244 2150 1427 2204; x_wconf 92' lang='lat' dir='ltr'><strong>lumen</strong></span> <span class='ocrx_word' id='word_1_279' title='bbox 1460 2150 1802 2211; x_wconf 88' lang='lat' dir='ltr'><strong>ostenderit,</strong></span> <span class='ocrx_word' id='word_1_280' title='bbox 1842 2163 1906 2203; x_wconf 86' lang='lat' dir='ltr'><strong>ac</strong></span> <span class='ocrx_word' id='word_1_281' title='bbox 1955 2147 2022 2203; x_wconf 89' lang='lat' dir='ltr'><strong>de</strong></span> 
     </span>
    </p>
   </div>
   <div class='ocr_carea' id='block_1_37' title="bbox 444 2241 2021 2313">
    <p class='ocr_par' dir='ltr' id='par_1_37' title="bbox 444 2241 2021 2313">
     <span class='ocr_line' id='line_1_37' title="bbox 444 2241 2021 2313; baseline 0.002 -19"><span class='ocrx_word' id='word_1_282' title='bbox 444 2250 648 2297; x_wconf 72' lang='lat' dir='ltr'><strong>caetero</strong></span> <span class='ocrx_word' id='word_1_283' title='bbox 678 2243 878 2313; x_wconf 83' lang='lat' dir='ltr'><strong>dirigat</strong></span> <span class='ocrx_word' id='word_1_284' title='bbox 909 2250 1067 2297; x_wconf 91' lang='lat' dir='ltr'><strong>actus</strong></span> <span class='ocrx_word' id='word_1_285' title='bbox 1098 2258 1229 2297; x_wconf 90' lang='lat' dir='ltr'><strong>suos</strong></span> <span class='ocrx_word' id='word_1_286' title='bbox 1256 2242 1312 2295; x_wconf 92' lang='lat' dir='ltr'><strong>in</strong></span> <span class='ocrx_word' id='word_1_287' title='bbox 1342 2241 1603 2297; x_wconf 88' lang='lat' dir='ltr'><strong>omnibus</strong></span> <span class='ocrx_word' id='word_1_288' title='bbox 1630 2242 1891 2312; x_wconf 88' lang='lat' dir='ltr'><strong>operibus</strong></span> <span class='ocrx_word' id='word_1_289' title='bbox 1923 2242 2021 2297; x_wconf 89' lang='lat' dir='ltr'><strong>bo-</strong></span> 
     </span>
    </p>
   </div>
   <div class='ocr_carea' id='block_1_38' title="bbox 442 2332 2022 2405">
    <p class='ocr_par' dir='ltr' id='par_1_38' title="bbox 442 2332 2022 2405">
     <span class='ocr_line' id='line_1_38' title="bbox 442 2332 2022 2405; baseline 0.002 -18"><span class='ocrx_word' id='word_1_290' title='bbox 442 2334 552 2398; x_wconf 91' lang='lat' dir='ltr'><strong>nis,</strong></span> <span class='ocrx_word' id='word_1_291' title='bbox 584 2349 818 2405; x_wconf 90' lang='lat' dir='ltr'><strong>quorum</strong></span> <span class='ocrx_word' id='word_1_292' title='bbox 861 2334 965 2389; x_wconf 89' lang='lat' dir='ltr'><strong>sibi</strong></span> <span class='ocrx_word' id='word_1_293' title='bbox 995 2335 1051 2388; x_wconf 92' lang='lat' dir='ltr'><strong>in</strong></span> <span class='ocrx_word' id='word_1_294' title='bbox 1107 2332 1295 2389; x_wconf 92' lang='lat' dir='ltr'><strong>futuro</strong></span> <span class='ocrx_word' id='word_1_295' title='bbox 1350 2333 1659 2389; x_wconf 88' lang='lat' dir='ltr'><strong>mercedem</strong></span> <span class='ocrx_word' id='word_1_296' title='bbox 1715 2343 1899 2390; x_wconf 91' lang='lat' dir='ltr'><strong>certus</strong></span> <span class='ocrx_word' id='word_1_297' title='bbox 1938 2344 2022 2391; x_wconf 91' lang='lat' dir='ltr'><strong>est</strong></span> 
     </span>
    </p>
   </div>
   <div class='ocr_carea' id='block_1_39' title="bbox 440 2426 2015 2497">
    <p class='ocr_par' dir='ltr' id='par_1_39' title="bbox 440 2426 2015 2497">
     <span class='ocr_line' id='line_1_39' title="bbox 440 2426 2015 2497; baseline 0.003 -18"><span class='ocrx_word' id='word_1_298' title='bbox 440 2438 825 2497; x_wconf 77' lang='lat' dir='ltr'><strong>praeparatam,</strong></span> <span class='ocrx_word' id='word_1_299' title='bbox 858 2426 1137 2481; x_wconf 89' lang='lat' dir='ltr'><strong>demirans</strong></span> <span class='ocrx_word' id='word_1_300' title='bbox 1169 2441 1267 2496; x_wconf 91' lang='lat' dir='ltr'><strong>per</strong></span> <span class='ocrx_word' id='word_1_301' title='bbox 1298 2426 1485 2482; x_wconf 91' lang='lat' dir='ltr'><strong>omnia</strong></span> <span class='ocrx_word' id='word_1_302' title='bbox 1513 2433 1568 2481; x_wconf 91' lang='lat' dir='ltr'><strong>et</strong></span> <span class='ocrx_word' id='word_1_303' title='bbox 1595 2434 1824 2497; x_wconf 91' lang='lat' dir='ltr'><strong>stupens</strong></span> <span class='ocrx_word' id='word_1_304' title='bbox 1855 2437 2015 2483; x_wconf 78' lang='lat' dir='ltr'><strong>caete-</strong></span> 
     </span>
    </p>
   </div>
   <div class='ocr_carea' id='block_1_40' title="bbox 440 2518 2021 2589">
    <p class='ocr_par' dir='ltr' id='par_1_40' title="bbox 440 2518 2021 2589">
     <span class='ocr_line' id='line_1_40' title="bbox 440 2518 2021 2589; baseline 0.001 -18"><span class='ocrx_word' id='word_1_305' title='bbox 440 2532 628 2572; x_wconf 89' lang='lat' dir='ltr'><strong>rorum</strong></span> <span class='ocrx_word' id='word_1_306' title='bbox 651 2518 936 2573; x_wconf 92' lang='lat' dir='ltr'><strong>hominum</strong></span> <span class='ocrx_word' id='word_1_307' title='bbox 959 2534 1196 2583; x_wconf 90' lang='lat' dir='ltr'><strong>errores,</strong></span> <span class='ocrx_word' id='word_1_308' title='bbox 1226 2527 1278 2574; x_wconf 92' lang='lat' dir='ltr'><strong>et</strong></span> <span class='ocrx_word' id='word_1_309' title='bbox 1309 2520 1456 2589; x_wconf 91' lang='lat' dir='ltr'><strong>quod</strong></span> <span class='ocrx_word' id='word_1_310' title='bbox 1488 2526 1615 2573; x_wconf 91' lang='lat' dir='ltr'><strong>ante</strong></span> <span class='ocrx_word' id='word_1_311' title='bbox 1650 2518 1841 2574; x_wconf 77' lang='lat' dir='ltr'><strong>oculos</strong></span> <span class='ocrx_word' id='word_1_312' title='bbox 1872 2520 2021 2589; x_wconf 86' lang='lat' dir='ltr'><strong>posi-</strong></span> 
     </span>
    </p>
   </div>
   <div class='ocr_carea' id='block_1_41' title="bbox 440 2609 2020 2681">
    <p class='ocr_par' dir='ltr' id='par_1_41' title="bbox 440 2609 2020 2681">
     <span class='ocr_line' id='line_1_41' title="bbox 440 2609 2020 2681; baseline 0.004 -19"><span class='ocrx_word' id='word_1_313' title='bbox 440 2615 551 2663; x_wconf 88' lang='lat' dir='ltr'><strong>tam</strong></span> <span class='ocrx_word' id='word_1_314' title='bbox 571 2610 855 2664; x_wconf 89' lang='lat' dir='ltr'><strong>veritatem</strong></span> <span class='ocrx_word' id='word_1_315' title='bbox 894 2624 1055 2665; x_wconf 89' lang='lat' dir='ltr'><strong>nemo</strong></span> <span class='ocrx_word' id='word_1_316' title='bbox 1112 2612 1315 2666; x_wconf 90' lang='lat' dir='ltr'><strong>videat.</strong></span> <span class='ocrx_word' id='word_1_317' title='bbox 1364 2609 1487 2681; x_wconf 84' lang='lat' dir='ltr'><strong>Ipse</strong></span> <span class='ocrx_word' id='word_1_318' title='bbox 1541 2621 1723 2667; x_wconf 91' lang='lat' dir='ltr'><strong>tamen</strong></span> <span class='ocrx_word' id='word_1_319' title='bbox 1775 2613 2020 2681; x_wconf 87' lang='lat' dir='ltr'><strong>gaudens</strong></span> 
     </span>
    </p>
   </div>
   <div class='ocr_carea' id='block_1_42' title="bbox 441 2700 2020 2774">
    <p class='ocr_par' dir='ltr' id='par_1_42' title="bbox 441 2700 2020 2774">
     <span class='ocr_line' id='line_1_42' title="bbox 441 2700 2020 2774; baseline 0.001 -17"><span class='ocrx_word' id='word_1_320' title='bbox 441 2718 607 2772; x_wconf 80' lang='lat' dir='ltr'><strong>super</strong></span> <span class='ocrx_word' id='word_1_321' title='bbox 627 2700 849 2758; x_wconf 86' lang='lat' dir='ltr'><strong>divitias</strong></span> <span class='ocrx_word' id='word_1_322' title='bbox 881 2703 1185 2773; x_wconf 65' lang='lat' dir='ltr'><strong>sapientiai,</strong></span> <span class='ocrx_word' id='word_1_323' title='bbox 1213 2718 1352 2774; x_wconf 88' lang='lat' dir='ltr'><strong>quas</strong></span> <span class='ocrx_word' id='word_1_324' title='bbox 1371 2704 1615 2768; x_wconf 60' lang='lat' dir='ltr'><strong>invenit,</strong></span> <span class='ocrx_word' id='word_1_325' title='bbox 1636 2704 2020 2759; x_wconf 83' lang='lat' dir='ltr'><strong>satiabiliter”</strong></span> 
     </span>
    </p>
   </div>
   <div class='ocr_carea' id='block_1_43' title="bbox 438 2792 2013 2867">
    <p class='ocr_par' dir='ltr' id='par_1_43' title="bbox 438 2792 2013 2867">
     <span class='ocr_line' id='line_1_43' title="bbox 438 2792 2013 2867; baseline 0.002 -19"><span class='ocrx_word' id='word_1_326' title='bbox 438 2792 528 2849; x_wconf 91' lang='lat' dir='ltr'><strong>his</strong></span> <span class='ocrx_word' id='word_1_327' title='bbox 563 2793 899 2864; x_wconf 89' lang='lat' dir='ltr'><strong>perfruatur,</strong></span> <span class='ocrx_word' id='word_1_328' title='bbox 929 2804 982 2850; x_wconf 89' lang='lat' dir='ltr'><strong>et</strong></span> <span class='ocrx_word' id='word_1_329' title='bbox 1008 2796 1273 2851; x_wconf 87' lang='lat' dir='ltr'><strong>exercitio</strong></span> <span class='ocrx_word' id='word_1_330' title='bbox 1302 2796 1569 2851; x_wconf 91' lang='lat' dir='ltr'><strong>bonorum</strong></span> <span class='ocrx_word' id='word_1_331' title='bbox 1603 2812 1830 2867; x_wconf 89' lang='lat' dir='ltr'><strong>operum</strong></span> <span class='ocrx_word' id='word_1_332' title='bbox 1873 2796 2013 2851; x_wconf 86' lang='lat' dir='ltr'><strong>dele-</strong></span> 
     </span>
    </p>
   </div>
   <div class='ocr_carea' id='block_1_44' title="bbox 441 2885 2021 2949">
    <p class='ocr_par' dir='ltr' id='par_1_44' title="bbox 441 2885 2021 2949">
     <span class='ocr_line' id='line_1_44' title="bbox 441 2885 2021 2949; baseline 0.003 -9"><span class='ocrx_word' id='word_1_333' title='bbox 441 2893 621 2941; x_wconf 91' lang='lat' dir='ltr'><strong>ctetur</strong></span> <span class='ocrx_word' id='word_1_334' title='bbox 642 2927 658 2949; x_wconf 92' lang='lat'><strong>,</strong></span> <span class='ocrx_word' id='word_1_335' title='bbox 683 2885 953 2943; x_wconf 86' lang='lat' dir='ltr'><strong>festinans</strong></span> <span class='ocrx_word' id='word_1_336' title='bbox 978 2890 1045 2942; x_wconf 92' lang='lat' dir='ltr'><strong>ad</strong></span> <span class='ocrx_word' id='word_1_337' title='bbox 1075 2889 1334 2943; x_wconf 63' lang='lat' dir='ltr'><strong>steculum</strong></span> <span class='ocrx_word' id='word_1_338' title='bbox 1367 2888 1613 2944; x_wconf 82' lang='lat' dir='ltr'><strong>futurum</strong></span> <span class='ocrx_word' id='word_1_339' title='bbox 1631 2888 1836 2945; x_wconf 91' lang='lat' dir='ltr'><strong>mundo</strong></span> <span class='ocrx_word' id='word_1_340' title='bbox 1856 2890 2021 2944; x_wconf 85' lang='lat' dir='ltr'><strong>corde</strong></span> 
     </span>
    </p>
   </div>
   <div class='ocr_carea' id='block_1_45' title="bbox 444 2978 2021 3049">
    <p class='ocr_par' dir='ltr' id='par_1_45' title="bbox 444 2978 2021 3049">
     <span class='ocr_line' id='line_1_45' title="bbox 444 2978 2021 3049; baseline 0.003 -18"><span class='ocrx_word' id='word_1_341' title='bbox 444 2987 500 3031; x_wconf 89' lang='lat' dir='ltr'><strong>et</strong></span> <span class='ocrx_word' id='word_1_342' title='bbox 533 2992 669 3047; x_wconf 75' lang='lat' dir='ltr'><strong>pura</strong></span> <span class='ocrx_word' id='word_1_343' title='bbox 731 2978 1073 3034; x_wconf 89' lang='lat' dir='ltr'><strong>conscientia</strong></span> <span class='ocrx_word' id='word_1_344' title='bbox 1102 2981 1391 3049; x_wconf 87' lang='lat' dir='ltr'><strong>pervenire</strong></span> <span class='ocrx_word' id='word_1_345' title='bbox 1416 3020 1432 3044; x_wconf 91' lang='lat'><strong>,</strong></span> <span class='ocrx_word' id='word_1_346' title='bbox 1482 2981 1578 3035; x_wconf 88' lang='lat' dir='ltr'><strong>ubi</strong></span> <span class='ocrx_word' id='word_1_347' title='bbox 1634 2982 1798 3035; x_wconf 90' lang='lat' dir='ltr'><strong>etiam</strong></span> <span class='ocrx_word' id='word_1_348' title='bbox 1836 2980 2021 3036; x_wconf 86' lang='lat' dir='ltr'><strong>videre</strong></span> 
     </span>
    </p>
   </div>
   <div class='ocr_carea' id='block_1_46' title="bbox 443 3065 2019 3140">
    <p class='ocr_par' dir='ltr' id='par_1_46' title="bbox 443 3065 2019 3140">
     <span class='ocr_line' id='line_1_46' title="bbox 443 3065 2019 3140; baseline 0.004 -20"><span class='ocrx_word' id='word_1_349' title='bbox 443 3065 613 3122; x_wconf 89' lang='lat' dir='ltr'><strong>Deum</strong></span> <span class='ocrx_word' id='word_1_350' title='bbox 647 3082 829 3137; x_wconf 89' lang='lat' dir='ltr'><strong>regem</strong></span> <span class='ocrx_word' id='word_1_351' title='bbox 856 3071 1100 3124; x_wconf 91' lang='lat' dir='ltr'><strong>omnium</strong></span> <span class='ocrx_word' id='word_1_352' title='bbox 1134 3072 1330 3140; x_wconf 91' lang='lat' dir='ltr'><strong>possit.</strong></span> <span class='ocrx_word' id='word_1_353' title='bbox 1365 3071 1409 3103; x_wconf 75' lang='grc' dir='ltr'><strong>⁸ο</strong></span> <span class='ocrx_word' id='word_1_354' title='bbox 1433 3070 1530 3127; x_wconf 83' lang='lat' dir='ltr'><strong>His</strong></span> <span class='ocrx_word' id='word_1_355' title='bbox 1561 3079 1741 3128; x_wconf 88' lang='lat' dir='ltr'><strong>autem</strong></span> <span class='ocrx_word' id='word_1_356' title='bbox 1763 3072 2019 3127; x_wconf 89' lang='lat' dir='ltr'><strong>omnibus</strong></span> 
     </span>
    </p>
   </div>
   <div class='ocr_carea' id='block_1_47' title="bbox 442 3162 2088 3255">
    <p class='ocr_par' dir='ltr' id='par_1_47' title="bbox 442 3162 2088 3255">
     <span class='ocr_line' id='line_1_47' title="bbox 442 3162 2088 3255; baseline 0 -38"><span class='ocrx_word' id='word_1_357' title='bbox 442 3178 633 3218; x_wconf 88' lang='lat' dir='ltr'><strong>carere</strong></span> <span class='ocrx_word' id='word_1_358' title='bbox 668 3178 770 3217; x_wconf 92' lang='lat' dir='ltr'><strong>nos</strong></span> <span class='ocrx_word' id='word_1_359' title='bbox 796 3170 851 3219; x_wconf 88' lang='lat' dir='ltr'><strong>et</strong></span> <span class='ocrx_word' id='word_1_360' title='bbox 877 3163 1143 3227; x_wconf 87' lang='lat' dir='ltr'><strong>fraudari,</strong></span> <span class='ocrx_word' id='word_1_361' title='bbox 1195 3164 1311 3219; x_wconf 87' lang='lat' dir='ltr'><strong>sola</strong></span> <span class='ocrx_word' id='word_1_362' title='bbox 1344 3162 1474 3218; x_wconf 89' lang='lat' dir='ltr'><strong>facit</strong></span> <span class='ocrx_word' id='word_1_363' title='bbox 1505 3164 1837 3235; x_wconf 88' lang='lat' dir='ltr'><strong>ignorantia.</strong></span> <span class='ocrx_word' id='word_1_364' title='bbox 1879 3163 2015 3218; x_wconf 88' lang='lat' dir='ltr'><strong>Dum</strong></span> <span class='ocrx_word' id='word_1_365' title='bbox 2048 3199 2088 3255; x_wconf 62' lang='grc' dir='ltr'>Ο</span> 
     </span>
    </p>
   </div>
   <div class='ocr_carea' id='block_1_48' title="bbox 441 3254 2020 3325">
    <p class='ocr_par' dir='ltr' id='par_1_48' title="bbox 441 3254 2020 3325">
     <span class='ocr_line' id='line_1_48' title="bbox 441 3254 2020 3325; baseline 0 -16"><span class='ocrx_word' id='word_1_366' title='bbox 441 3254 584 3309; x_wconf 91' lang='lat' dir='ltr'><strong>enim</strong></span> <span class='ocrx_word' id='word_1_367' title='bbox 644 3254 897 3325; x_wconf 88' lang='lat' dir='ltr'><strong>ignorant</strong></span> <span class='ocrx_word' id='word_1_368' title='bbox 960 3256 1251 3319; x_wconf 86' lang='lat' dir='ltr'><strong>homines,</strong></span> <span class='ocrx_word' id='word_1_369' title='bbox 1309 3263 1575 3325; x_wconf 85' lang='lat' dir='ltr'><strong>quantum</strong></span> <span class='ocrx_word' id='word_1_370' title='bbox 1623 3256 1754 3311; x_wconf 90' lang='lat' dir='ltr'><strong>boni</strong></span> <span class='ocrx_word' id='word_1_371' title='bbox 1820 3256 2020 3311; x_wconf 89' lang='lat' dir='ltr'><strong>habeat</strong></span> 
     </span>
    </p>
   </div>
   <div class='ocr_carea' id='block_1_49' title="bbox 442 3345 2021 3417">
    <p class='ocr_par' dir='ltr' id='par_1_49' title="bbox 442 3345 2021 3417">
     <span class='ocr_line' id='line_1_49' title="bbox 442 3345 2021 3417; baseline 0.002 -18"><span class='ocrx_word' id='word_1_372' title='bbox 442 3345 696 3409; x_wconf 87' lang='lat' dir='ltr'><strong>scientia,</strong></span> <span class='ocrx_word' id='word_1_373' title='bbox 744 3346 1070 3417; x_wconf 71' lang='lat' dir='ltr'><strong>ignorantia:</strong></span> <span class='ocrx_word' id='word_1_374' title='bbox 1119 3347 1323 3401; x_wconf 92' lang='lat' dir='ltr'><strong>malum</strong></span> <span class='ocrx_word' id='word_1_375' title='bbox 1360 3347 1428 3402; x_wconf 91' lang='lat' dir='ltr'><strong>de</strong></span> <span class='ocrx_word' id='word_1_376' title='bbox 1470 3363 1531 3403; x_wconf 92' lang='lat' dir='ltr'><strong>se</strong></span> <span class='ocrx_word' id='word_1_377' title='bbox 1576 3362 1685 3402; x_wconf 93' lang='lat' dir='ltr'><strong>non</strong></span> <span class='ocrx_word' id='word_1_378' title='bbox 1740 3347 2021 3417; x_wconf 89' lang='lat' dir='ltr'><strong>patiuntur</strong></span> 
     </span>
    </p>
   </div>
   <div class='ocr_carea' id='block_1_50' title="bbox 440 3436 2016 3511">
    <p class='ocr_par' dir='ltr' id='par_1_50' title="bbox 440 3436 2016 3511">
     <span class='ocr_line' id='line_1_50' title="bbox 440 3436 2016 3511; baseline 0.003 -21"><span class='ocrx_word' id='word_1_379' title='bbox 440 3436 697 3503; x_wconf 82' lang='lat' dir='ltr'><strong>excludi;</strong></span> <span class='ocrx_word' id='word_1_380' title='bbox 734 3438 991 3493; x_wconf 87' lang='lat' dir='ltr'><strong>nesciunt</strong></span> <span class='ocrx_word' id='word_1_381' title='bbox 1047 3440 1193 3494; x_wconf 91' lang='lat' dir='ltr'><strong>enim</strong></span> <span class='ocrx_word' id='word_1_382' title='bbox 1241 3447 1447 3509; x_wconf 88' lang='lat' dir='ltr'><strong>quanta</strong></span> <span class='ocrx_word' id='word_1_383' title='bbox 1478 3440 1549 3495; x_wconf 92' lang='lat' dir='ltr'><strong>sit</strong></span> <span class='ocrx_word' id='word_1_384' title='bbox 1575 3440 1631 3495; x_wconf 93' lang='lat' dir='ltr'><strong>in</strong></span> <span class='ocrx_word' id='word_1_385' title='bbox 1658 3441 1852 3495; x_wconf 89' lang='lat' dir='ltr'><strong>horum</strong></span> <span class='ocrx_word' id='word_1_386' title='bbox 1890 3456 2016 3511; x_wconf 85' lang='lat' dir='ltr'><strong>per-</strong></span> 
     </span>
    </p>
   </div>
   <div class='ocr_carea' id='block_1_51' title="bbox 440 3528 2020 3603">
    <p class='ocr_par' dir='ltr' id='par_1_51' title="bbox 440 3528 2020 3603">
     <span class='ocr_line' id='line_1_51' title="bbox 440 3528 2020 3603; baseline 0.005 -21"><span class='ocrx_word' id='word_1_387' title='bbox 440 3528 744 3583; x_wconf 85' lang='lat' dir='ltr'><strong>mutatione</strong></span> <span class='ocrx_word' id='word_1_388' title='bbox 802 3529 1113 3585; x_wconf 89' lang='lat' dir='ltr'><strong>diversitas.</strong></span> <span class='ocrx_word' id='word_1_389' title='bbox 1148 3529 1378 3600; x_wconf 89' lang='lat' dir='ltr'><strong>Propter</strong></span> <span class='ocrx_word' id='word_1_390' title='bbox 1412 3532 1558 3603; x_wconf 89' lang='lat' dir='ltr'><strong>quod</strong></span> <span class='ocrx_word' id='word_1_391' title='bbox 1604 3534 1897 3589; x_wconf 90' lang='lat' dir='ltr'><strong>consilium</strong></span> <span class='ocrx_word' id='word_1_392' title='bbox 1950 3536 2020 3590; x_wconf 93' lang='lat' dir='ltr'><strong>do</strong></span> 
     </span>
    </p>
   </div>
   <div class='ocr_carea' id='block_1_52' title="bbox 441 3620 2020 3694">
    <p class='ocr_par' dir='ltr' id='par_1_52' title="bbox 441 3620 2020 3694">
     <span class='ocr_line' id='line_1_52' title="bbox 441 3620 2020 3694; baseline 0.006 -21"><span class='ocrx_word' id='word_1_393' title='bbox 441 3620 742 3690; x_wconf 86' lang='lat' dir='ltr'><strong>unicuique</strong></span> <span class='ocrx_word' id='word_1_394' title='bbox 775 3622 1032 3688; x_wconf 89' lang='lat' dir='ltr'><strong>discenti,</strong></span> <span class='ocrx_word' id='word_1_395' title='bbox 1069 3623 1301 3678; x_wconf 89' lang='lat' dir='ltr'><strong>libenter</strong></span> <span class='ocrx_word' id='word_1_396' title='bbox 1350 3624 1593 3694; x_wconf 83' lang='lat' dir='ltr'><strong>praebere</strong></span> <span class='ocrx_word' id='word_1_397' title='bbox 1622 3633 1803 3681; x_wconf 89' lang='lat' dir='ltr'><strong>autem</strong></span> <span class='ocrx_word' id='word_1_398' title='bbox 1852 3627 2020 3682; x_wconf 81' lang='lat' dir='ltr'><strong>verbo</strong></span> 
     </span>
    </p>
   </div>
   <div class='ocr_carea' id='block_1_53' title="bbox 443 3709 2020 3788">
    <p class='ocr_par' dir='ltr' id='par_1_53' title="bbox 443 3709 2020 3788">
     <span class='ocr_line' id='line_1_53' title="bbox 443 3709 2020 3788; baseline 0.006 -23"><span class='ocrx_word' id='word_1_399' title='bbox 443 3709 558 3778; x_wconf 91' lang='lat' dir='ltr'><strong>Dei,</strong></span> <span class='ocrx_word' id='word_1_400' title='bbox 585 3721 784 3769; x_wconf 91' lang='lat' dir='ltr'><strong>etcum</strong></span> <span class='ocrx_word' id='word_1_401' title='bbox 811 3730 999 3771; x_wconf 89' lang='lat' dir='ltr'><strong>amore</strong></span> <span class='ocrx_word' id='word_1_402' title='bbox 1026 3717 1274 3772; x_wconf 88' lang='lat' dir='ltr'><strong>veritatis</strong></span> <span class='ocrx_word' id='word_1_403' title='bbox 1297 3718 1491 3773; x_wconf 89' lang='lat' dir='ltr'><strong>audire</strong></span> <span class='ocrx_word' id='word_1_404' title='bbox 1519 3734 1639 3788; x_wconf 67' lang='lat' dir='ltr'><strong>quae</strong></span> <span class='ocrx_word' id='word_1_405' title='bbox 1666 3719 1926 3784; x_wconf 91' lang='lat' dir='ltr'><strong>dicimus,</strong></span> <span class='ocrx_word' id='word_1_406' title='bbox 1960 3728 2020 3775; x_wconf 91' lang='lat' dir='ltr'><strong>ut</strong></span> 
     </span>
    </p>
   </div>
   <div class='ocr_carea' id='block_1_54' title="bbox 442 3808 2018 3881">
    <p class='ocr_par' dir='ltr' id='par_1_54' title="bbox 442 3808 2018 3881">
     <span class='ocr_line' id='line_1_54' title="bbox 442 3808 2018 3881; baseline 0.006 -21"><span class='ocrx_word' id='word_1_407' title='bbox 442 3822 598 3863; x_wconf 90' lang='lat' dir='ltr'><strong>mens</strong></span> <span class='ocrx_word' id='word_1_408' title='bbox 645 3808 854 3878; x_wconf 89' lang='lat' dir='ltr'><strong>optimo</strong></span> <span class='ocrx_word' id='word_1_409' title='bbox 898 3808 1108 3865; x_wconf 89' lang='lat' dir='ltr'><strong>semine</strong></span> <span class='ocrx_word' id='word_1_410' title='bbox 1164 3819 1445 3880; x_wconf 90' lang='lat' dir='ltr'><strong>suscepto,</strong></span> <span class='ocrx_word' id='word_1_411' title='bbox 1505 3826 1603 3881; x_wconf 90' lang='lat' dir='ltr'><strong>per</strong></span> <span class='ocrx_word' id='word_1_412' title='bbox 1656 3811 1831 3867; x_wconf 90' lang='lat' dir='ltr'><strong>bonos</strong></span> <span class='ocrx_word' id='word_1_413' title='bbox 1862 3821 2018 3869; x_wconf 88' lang='lat' dir='ltr'><strong>actus</strong></span> 
     </span>
    </p>
   </div>
   <div class='ocr_carea' id='block_1_55' title="bbox 442 3900 2018 3973">
    <p class='ocr_par' dir='ltr' id='par_1_55' title="bbox 442 3900 2018 3973">
     <span class='ocr_line' id='line_1_55' title="bbox 442 3900 2018 3973; baseline 0.003 -20"><span class='ocrx_word' id='word_1_414' title='bbox 442 3900 593 3955; x_wconf 71' lang='lat' dir='ltr'><strong>la-tos</strong></span> <span class='ocrx_word' id='word_1_415' title='bbox 616 3900 803 3956; x_wconf 76' lang='lat' dir='ltr'><strong>aﬁ‘erat</strong></span> <span class='ocrx_word' id='word_1_416' title='bbox 828 3900 1059 3957; x_wconf 89' lang='lat' dir='ltr'><strong>fructus.</strong></span> <span class='ocrx_word' id='word_1_417' title='bbox 1084 3900 1221 3955; x_wconf 88' lang='lat' dir='ltr'><strong>Nam</strong></span> <span class='ocrx_word' id='word_1_418' title='bbox 1255 3901 1323 3966; x_wconf 91' lang='lat' dir='ltr'><strong>si,</strong></span> <span class='ocrx_word' id='word_1_419' title='bbox 1352 3917 1437 3957; x_wconf 90' lang='lat' dir='ltr'><strong>me</strong></span> <span class='ocrx_word' id='word_1_420' title='bbox 1460 3901 1691 3957; x_wconf 90' lang='lat' dir='ltr'><strong>docente</strong></span> <span class='ocrx_word' id='word_1_421' title='bbox 1718 3916 1783 3957; x_wconf 90' lang='lat' dir='ltr'><strong>ea</strong></span> <span class='ocrx_word' id='word_1_422' title='bbox 1804 3918 1925 3973; x_wconf 67' lang='lat' dir='ltr'><strong>quae</strong></span> <span class='ocrx_word' id='word_1_423' title='bbox 1950 3904 2018 3957; x_wconf 91' lang='lat' dir='ltr'><strong>ad</strong></span> 
     </span>
    </p>
   </div>
   <div class='ocr_carea' id='block_1_56' title="bbox 439 3994 2016 4065">
    <p class='ocr_par' dir='ltr' id='par_1_56' title="bbox 439 3994 2016 4065">
     <span class='ocr_line' id='line_1_56' title="bbox 439 3994 2016 4065; baseline 0.002 -16"><span class='ocrx_word' id='word_1_424' title='bbox 439 3994 672 4050; x_wconf 82' lang='lat' dir='ltr'><strong>salutem</strong></span> <span class='ocrx_word' id='word_1_425' title='bbox 700 3994 999 4064; x_wconf 88' lang='lat' dir='ltr'><strong>pertinent,</strong></span> <span class='ocrx_word' id='word_1_426' title='bbox 1025 3994 1269 4065; x_wconf 90' lang='lat' dir='ltr'><strong>recipere</strong></span> <span class='ocrx_word' id='word_1_427' title='bbox 1292 3994 1418 4064; x_wconf 89' lang='lat' dir='ltr'><strong>quis</strong></span> <span class='ocrx_word' id='word_1_428' title='bbox 1446 3995 1637 4049; x_wconf 89' lang='lat' dir='ltr'><strong>abnuit</strong></span> <span class='ocrx_word' id='word_1_429' title='bbox 1661 4034 1677 4060; x_wconf 95' lang='lat'><strong>,</strong></span> <span class='ocrx_word' id='word_1_430' title='bbox 1725 4005 1779 4052; x_wconf 90' lang='lat' dir='ltr'><strong>et</strong></span> <span class='ocrx_word' id='word_1_431' title='bbox 1833 3997 2016 4052; x_wconf 90' lang='lat' dir='ltr'><strong>animo</strong></span> 
     </span>
    </p>
   </div>
   <div class='ocr_carea' id='block_1_57' title="bbox 444 4086 2017 4155">
    <p class='ocr_par' dir='ltr' id='par_1_57' title="bbox 444 4086 2017 4155">
     <span class='ocr_line' id='line_1_57' title="bbox 444 4086 2017 4155; baseline 0.004 -19"><span class='ocrx_word' id='word_1_432' title='bbox 444 4086 630 4153; x_wconf 88' lang='lat' dir='ltr'><strong>pravis</strong></span> <span class='ocrx_word' id='word_1_433' title='bbox 660 4086 1013 4155; x_wconf 85' lang='lat' dir='ltr'><strong>opinionibus</strong></span> <span class='ocrx_word' id='word_1_434' title='bbox 1038 4094 1306 4155; x_wconf 85' lang='lat' dir='ltr'><strong>occupato</strong></span> <span class='ocrx_word' id='word_1_435' title='bbox 1331 4086 1601 4141; x_wconf 87' lang='lat' dir='ltr'><strong>obsistere</strong></span> <span class='ocrx_word' id='word_1_436' title='bbox 1628 4086 1859 4155; x_wconf 90' lang='lat' dir='ltr'><strong>nititur;</strong></span> <span class='ocrx_word' id='word_1_437' title='bbox 1905 4103 2017 4143; x_wconf 88' lang='lat' dir='ltr'><strong>non</strong></span> 
     </span>
    </p>
   </div>
   <div class='ocr_carea' id='block_1_58' title="bbox 442 4178 2020 4250">
    <p class='ocr_par' dir='ltr' id='par_1_58' title="bbox 442 4178 2020 4250">
     <span class='ocr_line' id='line_1_58' title="bbox 442 4178 2020 4250; baseline 0.003 -20"><span class='ocrx_word' id='word_1_438' title='bbox 442 4192 507 4230; x_wconf 81' lang='lat' dir='ltr'><strong>ex</strong></span> <span class='ocrx_word' id='word_1_439' title='bbox 539 4178 719 4241; x_wconf 92' lang='lat' dir='ltr'><strong>nobis,</strong></span> <span class='ocrx_word' id='word_1_440' title='bbox 755 4179 849 4233; x_wconf 91' lang='lat' dir='ltr'><strong>sed</strong></span> <span class='ocrx_word' id='word_1_441' title='bbox 879 4193 947 4233; x_wconf 80' lang='lat' dir='ltr'><strong>ex</strong></span> <span class='ocrx_word' id='word_1_442' title='bbox 970 4179 1270 4249; x_wconf 90' lang='lat' dir='ltr'><strong>semetipso</strong></span> <span class='ocrx_word' id='word_1_443' title='bbox 1300 4179 1523 4234; x_wconf 90' lang='lat' dir='ltr'><strong>habebit</strong></span> <span class='ocrx_word' id='word_1_444' title='bbox 1569 4179 1835 4250; x_wconf 88' lang='lat' dir='ltr'><strong>pereundi</strong></span> <span class='ocrx_word' id='word_1_445' title='bbox 1888 4196 2020 4235; x_wconf 86' lang='lat' dir='ltr'><strong>cau-</strong></span> 
     </span>
    </p>
   </div>
   <div class='ocr_carea' id='block_1_59' title="bbox 443 4270 2021 4344">
    <p class='ocr_par' dir='ltr' id='par_1_59' title="bbox 443 4270 2021 4344">
     <span class='ocr_line' id='line_1_59' title="bbox 443 4270 2021 4344; baseline 0.003 -19"><span class='ocrx_word' id='word_1_446' title='bbox 443 4284 581 4325; x_wconf 85' lang='lat' dir='ltr'><strong>sam.</strong></span> <span class='ocrx_word' id='word_1_447' title='bbox 632 4270 802 4326; x_wconf 91' lang='lat' dir='ltr'><strong>Debet</strong></span> <span class='ocrx_word' id='word_1_448' title='bbox 823 4271 969 4327; x_wconf 91' lang='lat' dir='ltr'><strong>enim</strong></span> <span class='ocrx_word' id='word_1_449' title='bbox 996 4272 1149 4340; x_wconf 91' lang='lat' dir='ltr'><strong>justo</strong></span> <span class='ocrx_word' id='word_1_450' title='bbox 1172 4272 1380 4342; x_wconf 91' lang='lat' dir='ltr'><strong>judicio</strong></span> <span class='ocrx_word' id='word_1_451' title='bbox 1402 4273 1718 4327; x_wconf 82' lang='lat' dir='ltr'><strong>examinare</strong></span> <span class='ocrx_word' id='word_1_452' title='bbox 1742 4288 1862 4344; x_wconf 67' lang='lat' dir='ltr'><strong>quae</strong></span> <span class='ocrx_word' id='word_1_453' title='bbox 1889 4274 2021 4329; x_wconf 89' lang='lat' dir='ltr'><strong>dici-</strong></span> 
     </span>
    </p>
   </div>
   <div class='ocr_carea' id='block_1_60' title="bbox 445 4364 2016 4436">
    <p class='ocr_par' dir='ltr' id='par_1_60' title="bbox 445 4364 2016 4436">
     <span class='ocr_line' id='line_1_60' title="bbox 445 4364 2016 4436; baseline 0.003 -20"><span class='ocrx_word' id='word_1_454' title='bbox 445 4378 587 4429; x_wconf 92' lang='lat' dir='ltr'><strong>mus,</strong></span> <span class='ocrx_word' id='word_1_455' title='bbox 619 4372 672 4419; x_wconf 88' lang='lat' dir='ltr'><strong>et</strong></span> <span class='ocrx_word' id='word_1_456' title='bbox 712 4364 1039 4435; x_wconf 90' lang='lat' dir='ltr'><strong>intelligere,</strong></span> <span class='ocrx_word' id='word_1_457' title='bbox 1079 4364 1209 4435; x_wconf 90' lang='lat' dir='ltr'><strong>quia</strong></span> <span class='ocrx_word' id='word_1_458' title='bbox 1242 4364 1409 4419; x_wconf 91' lang='lat' dir='ltr'><strong>verba</strong></span> <span class='ocrx_word' id='word_1_459' title='bbox 1439 4364 1718 4436; x_wconf 90' lang='lat' dir='ltr'><strong>loquimur</strong></span> <span class='ocrx_word' id='word_1_460' title='bbox 1744 4366 2016 4431; x_wconf 90' lang='lat' dir='ltr'><strong>veritatis,</strong></span> 
     </span>
    </p>
   </div>
   <div class='ocr_carea' id='block_1_61' title="bbox 444 4455 2017 4528">
    <p class='ocr_par' dir='ltr' id='par_1_61' title="bbox 444 4455 2017 4528">
     <span class='ocr_line' id='line_1_61' title="bbox 444 4455 2017 4528; baseline 0.004 -20"><span class='ocrx_word' id='word_1_461' title='bbox 444 4466 504 4509; x_wconf 92' lang='lat' dir='ltr'><strong>ut</strong></span> <span class='ocrx_word' id='word_1_462' title='bbox 533 4455 769 4528; x_wconf 89' lang='lat' dir='ltr'><strong>cognitis</strong></span> <span class='ocrx_word' id='word_1_463' title='bbox 798 4458 886 4513; x_wconf 90' lang='lat' dir='ltr'><strong>his</strong></span> <span class='ocrx_word' id='word_1_464' title='bbox 915 4472 1036 4528; x_wconf 75' lang='lat' dir='ltr'><strong>quae</strong></span> <span class='ocrx_word' id='word_1_465' title='bbox 1056 4465 1207 4521; x_wconf 90' lang='lat' dir='ltr'><strong>sunt,</strong></span> <span class='ocrx_word' id='word_1_466' title='bbox 1240 4466 1300 4512; x_wconf 93' lang='lat' dir='ltr'><strong>ut</strong></span> <span class='ocrx_word' id='word_1_467' title='bbox 1329 4465 1479 4522; x_wconf 92' lang='lat' dir='ltr'><strong>sunt,</strong></span> <span class='ocrx_word' id='word_1_468' title='bbox 1527 4458 1581 4513; x_wconf 92' lang='lat' dir='ltr'><strong>in</strong></span> <span class='ocrx_word' id='word_1_469' title='bbox 1608 4458 1769 4515; x_wconf 88' lang='lat' dir='ltr'><strong>bonis</strong></span> <span class='ocrx_word' id='word_1_470' title='bbox 1803 4460 2017 4515; x_wconf 88' lang='lat' dir='ltr'><strong>actibus</strong></span> 
     </span>
    </p>
   </div>
   <div class='ocr_carea' id='block_1_62' title="bbox 2126 1963 3711 2038">
    <p class='ocr_par' dir='ltr' id='par_1_62' title="bbox 2126 1963 3711 2038">
     <span class='ocr_line' id='line_1_62' title="bbox 2126 1963 3711 2038; baseline 0.004 -21"><span class='ocrx_word' id='word_1_471' title='bbox 2126 1970 2243 2029; x_wconf 87' lang='lat' dir='ltr'><strong>tes;</strong></span> <span class='ocrx_word' id='word_1_472' title='bbox 2278 1964 2406 2033; x_wconf 90' lang='lat' dir='ltr'><strong>quia</strong></span> <span class='ocrx_word' id='word_1_473' title='bbox 2441 1963 2586 2018; x_wconf 92' lang='lat' dir='ltr'><strong>dicta</strong></span> <span class='ocrx_word' id='word_1_474' title='bbox 2612 1965 2770 2034; x_wconf 89' lang='lat' dir='ltr'><strong>legis,</strong></span> <span class='ocrx_word' id='word_1_475' title='bbox 2790 1982 2912 2035; x_wconf 74' lang='lat' dir='ltr'><strong>quae</strong></span> <span class='ocrx_word' id='word_1_476' title='bbox 2932 1974 3058 2022; x_wconf 88' lang='lat' dir='ltr'><strong>ante</strong></span> <span class='ocrx_word' id='word_1_477' title='bbox 3088 1968 3292 2021; x_wconf 89' lang='lat' dir='ltr'><strong>multas</strong></span> <span class='ocrx_word' id='word_1_478' title='bbox 3322 1966 3711 2038; x_wconf 89' lang='lat' dir='ltr'><strong>generationes</strong></span> 
     </span>
    </p>
   </div>
   <div class='ocr_carea' id='block_1_63' title="bbox 2122 2055 3709 2128">
    <p class='ocr_par' dir='ltr' id='par_1_63' title="bbox 2122 2055 3709 2128">
     <span class='ocr_line' id='line_1_63' title="bbox 2122 2055 3709 2128; baseline 0 -17"><span class='ocrx_word' id='word_1_479' title='bbox 2122 2057 2190 2112; x_wconf 90' lang='lat' dir='ltr'><strong>de</strong></span> <span class='ocrx_word' id='word_1_480' title='bbox 2214 2057 2507 2128; x_wconf 63' lang='lat' dir='ltr'><strong>praesentia</strong></span> <span class='ocrx_word' id='word_1_481' title='bbox 2523 2055 2645 2124; x_wconf 91' lang='lat' dir='ltr'><strong>ejus</strong></span> <span class='ocrx_word' id='word_1_482' title='bbox 2669 2070 3062 2126; x_wconf 76' lang='lat' dir='ltr'><strong>exposuerunt,</strong></span> <span class='ocrx_word' id='word_1_483' title='bbox 3100 2058 3154 2111; x_wconf 91' lang='lat' dir='ltr'><strong>in</strong></span> <span class='ocrx_word' id='word_1_484' title='bbox 3182 2058 3302 2127; x_wconf 88' lang='lat' dir='ltr'><strong>ipso</strong></span> <span class='ocrx_word' id='word_1_485' title='bbox 3319 2056 3709 2128; x_wconf 87' lang='lat' dir='ltr'><strong>designantur,</strong></span> 
     </span>
    </p>
   </div>
   <div class='ocr_carea' id='block_1_64' title="bbox 2122 2147 3710 2220">
    <p class='ocr_par' dir='ltr' id='par_1_64' title="bbox 2122 2147 3710 2220">
     <span class='ocr_line' id='line_1_64' title="bbox 2122 2147 3710 2220; baseline 0.002 -20"><span class='ocrx_word' id='word_1_486' title='bbox 2122 2153 2177 2200; x_wconf 92' lang='lat' dir='ltr'><strong>et</strong></span> <span class='ocrx_word' id='word_1_487' title='bbox 2214 2147 2477 2217; x_wconf 90' lang='lat' dir='ltr'><strong>imagines</strong></span> <span class='ocrx_word' id='word_1_488' title='bbox 2509 2156 2789 2218; x_wconf 88' lang='lat' dir='ltr'><strong>gestorum</strong></span> <span class='ocrx_word' id='word_1_489' title='bbox 2823 2147 3012 2211; x_wconf 83' lang='lat' dir='ltr'><strong>Mosis,</strong></span> <span class='ocrx_word' id='word_1_490' title='bbox 3034 2154 3089 2203; x_wconf 91' lang='lat' dir='ltr'><strong>et</strong></span> <span class='ocrx_word' id='word_1_491' title='bbox 3118 2159 3242 2204; x_wconf 91' lang='lat' dir='ltr'><strong>ante</strong></span> <span class='ocrx_word' id='word_1_492' title='bbox 3271 2151 3449 2220; x_wconf 89' lang='lat' dir='ltr'><strong>ipsum</strong></span> <span class='ocrx_word' id='word_1_493' title='bbox 3470 2152 3710 2220; x_wconf 87' lang='lat' dir='ltr'><strong>patriar-</strong></span> 
     </span>
    </p>
   </div>
   <div class='ocr_carea' id='block_1_65' title="bbox 2122 2237 3713 2311">
    <p class='ocr_par' dir='ltr' id='par_1_65' title="bbox 2122 2237 3713 2311">
     <span class='ocr_line' id='line_1_65' title="bbox 2122 2237 3713 2311; baseline 0.003 -20"><span class='ocrx_word' id='word_1_494' title='bbox 2122 2238 2238 2292; x_wconf 57' lang='lat' dir='ltr'><strong>chae</strong></span> <span class='ocrx_word' id='word_1_495' title='bbox 2268 2237 2459 2304; x_wconf 86' lang='lat' dir='ltr'><strong>Jacob,</strong></span> <span class='ocrx_word' id='word_1_496' title='bbox 2486 2240 2663 2310; x_wconf 90' lang='lat' dir='ltr'><strong>ipsius</strong></span> <span class='ocrx_word' id='word_1_497' title='bbox 2696 2255 2793 2310; x_wconf 92' lang='lat' dir='ltr'><strong>per</strong></span> <span class='ocrx_word' id='word_1_498' title='bbox 2822 2242 3005 2295; x_wconf 90' lang='lat' dir='ltr'><strong>omnia</strong></span> <span class='ocrx_word' id='word_1_499' title='bbox 3026 2248 3215 2311; x_wconf 79' lang='lat' dir='ltr'><strong>typum</strong></span> <span class='ocrx_word' id='word_1_500' title='bbox 3246 2240 3517 2296; x_wconf 86' lang='lat' dir='ltr'><strong>ferebant.</strong></span> <span class='ocrx_word' id='word_1_501' title='bbox 3553 2238 3713 2296; x_wconf 87' lang='lat' dir='ltr'><strong>Tem-</strong></span> 
     </span>
    </p>
   </div>
   <div class='ocr_carea' id='block_1_66' title="bbox 2123 2332 3712 2403">
    <p class='ocr_par' dir='ltr' id='par_1_66' title="bbox 2123 2332 3712 2403">
     <span class='ocr_line' id='line_1_66' title="bbox 2123 2332 3712 2403; baseline 0.003 -19"><span class='ocrx_word' id='word_1_502' title='bbox 2123 2345 2228 2400; x_wconf 91' lang='lat' dir='ltr'><strong>pus</strong></span> <span class='ocrx_word' id='word_1_503' title='bbox 2266 2347 2485 2403; x_wconf 90' lang='lat' dir='ltr'><strong>quoque</strong></span> <span class='ocrx_word' id='word_1_504' title='bbox 2530 2333 2798 2388; x_wconf 91' lang='lat' dir='ltr'><strong>adventus</strong></span> <span class='ocrx_word' id='word_1_505' title='bbox 2829 2332 2973 2401; x_wconf 91' lang='lat' dir='ltr'><strong>ejus,</strong></span> <span class='ocrx_word' id='word_1_506' title='bbox 3006 2332 3112 2386; x_wconf 91' lang='lat' dir='ltr'><strong>hoc</strong></span> <span class='ocrx_word' id='word_1_507' title='bbox 3162 2342 3247 2387; x_wconf 92' lang='lat' dir='ltr'><strong>est</strong></span> <span class='ocrx_word' id='word_1_508' title='bbox 3279 2333 3458 2403; x_wconf 91' lang='lat' dir='ltr'><strong>ipsum</strong></span> <span class='ocrx_word' id='word_1_509' title='bbox 3489 2333 3545 2387; x_wconf 90' lang='lat' dir='ltr'><strong>in</strong></span> <span class='ocrx_word' id='word_1_510' title='bbox 3599 2347 3712 2402; x_wconf 88' lang='lat' dir='ltr'><strong>quo</strong></span> 
     </span>
    </p>
   </div>
   <div class='ocr_carea' id='block_1_67' title="bbox 2122 2424 3709 2494">
    <p class='ocr_par' dir='ltr' id='par_1_67' title="bbox 2122 2424 3709 2494">
     <span class='ocr_line' id='line_1_67' title="bbox 2122 2424 3709 2494; baseline 0.002 -19"><span class='ocrx_word' id='word_1_511' title='bbox 2122 2428 2366 2486; x_wconf 87' lang='lat' dir='ltr'><strong>venerat,</strong></span> <span class='ocrx_word' id='word_1_512' title='bbox 2400 2424 2722 2492; x_wconf 67' lang='lat' dir='ltr'><strong>praedictum</strong></span> <span class='ocrx_word' id='word_1_513' title='bbox 2750 2424 2816 2477; x_wconf 86' lang='lat' dir='ltr'><strong>ab</strong></span> <span class='ocrx_word' id='word_1_514' title='bbox 2838 2424 2923 2477; x_wconf 92' lang='lat' dir='ltr'><strong>his</strong></span> <span class='ocrx_word' id='word_1_515' title='bbox 2951 2431 3167 2477; x_wconf 89' lang='lat' dir='ltr'><strong>constat</strong></span> <span class='ocrx_word' id='word_1_516' title='bbox 3188 2442 3203 2491; x_wconf 89' lang='lat'><strong>;</strong></span> <span class='ocrx_word' id='word_1_517' title='bbox 3226 2433 3279 2479; x_wconf 92' lang='lat' dir='ltr'><strong>et</strong></span> <span class='ocrx_word' id='word_1_518' title='bbox 3300 2440 3468 2494; x_wconf 90' lang='lat' dir='ltr'><strong>super</strong></span> <span class='ocrx_word' id='word_1_519' title='bbox 3496 2425 3709 2490; x_wconf 86' lang='lat' dir='ltr'><strong>omnia,</strong></span> 
     </span>
    </p>
   </div>
   <div class='ocr_carea' id='block_1_68' title="bbox 2123 2514 3711 2586">
    <p class='ocr_par' dir='ltr' id='par_1_68' title="bbox 2123 2514 3711 2586">
     <span class='ocr_line' id='line_1_68' title="bbox 2123 2514 3711 2586; baseline 0.004 -20"><span class='ocrx_word' id='word_1_520' title='bbox 2123 2514 2270 2583; x_wconf 91' lang='lat' dir='ltr'><strong>quod</strong></span> <span class='ocrx_word' id='word_1_521' title='bbox 2300 2522 2449 2568; x_wconf 88' lang='lat' dir='ltr'><strong>esset</strong></span> <span class='ocrx_word' id='word_1_522' title='bbox 2483 2530 2511 2568; x_wconf 93' lang='lat' dir='ltr'><strong>a</strong></span> <span class='ocrx_word' id='word_1_523' title='bbox 2535 2516 2790 2585; x_wconf 90' lang='lat' dir='ltr'><strong>gentibus</strong></span> <span class='ocrx_word' id='word_1_524' title='bbox 2822 2515 3248 2586; x_wconf 82' lang='lat' dir='ltr'><strong>exspectandus,</strong></span> <span class='ocrx_word' id='word_1_525' title='bbox 3279 2518 3457 2572; x_wconf 91' lang='lat' dir='ltr'><strong>sacris</strong></span> <span class='ocrx_word' id='word_1_526' title='bbox 3509 2516 3711 2573; x_wconf 81' lang='lat' dir='ltr'><strong>litteris</strong></span> 
     </span>
    </p>
   </div>
   <div class='ocr_carea' id='block_1_69' title="bbox 2122 2605 3713 2677">
    <p class='ocr_par' dir='ltr' id='par_1_69' title="bbox 2122 2605 3713 2677">
     <span class='ocr_line' id='line_1_69' title="bbox 2122 2605 3713 2677; baseline 0.002 -18"><span class='ocrx_word' id='word_1_527' title='bbox 2122 2605 2575 2674; x_wconf 91' lang='lat' dir='ltr'><strong>comprehensum</strong></span> <span class='ocrx_word' id='word_1_528' title='bbox 2600 2616 2704 2669; x_wconf 91' lang='lat' dir='ltr'><strong>est,</strong></span> <span class='ocrx_word' id='word_1_529' title='bbox 2731 2622 2851 2677; x_wconf 75' lang='lat' dir='ltr'><strong>quae</strong></span> <span class='ocrx_word' id='word_1_530' title='bbox 2881 2610 2933 2661; x_wconf 89' lang='lat' dir='ltr'><strong>in</strong></span> <span class='ocrx_word' id='word_1_531' title='bbox 2956 2623 3021 2662; x_wconf 92' lang='lat' dir='ltr'><strong>eo</strong></span> <span class='ocrx_word' id='word_1_532' title='bbox 3046 2608 3252 2677; x_wconf 89' lang='lat' dir='ltr'><strong>pariter</strong></span> <span class='ocrx_word' id='word_1_533' title='bbox 3277 2608 3536 2662; x_wconf 85' lang='lat' dir='ltr'><strong>universa</strong></span> <span class='ocrx_word' id='word_1_534' title='bbox 3556 2623 3713 2663; x_wconf 85' lang='lat' dir='ltr'><strong>com-</strong></span> 
     </span>
    </p>
   </div>
   <div class='ocr_carea' id='block_1_70' title="bbox 2121 2695 3714 2770">
    <p class='ocr_par' dir='ltr' id='par_1_70' title="bbox 2121 2695 3714 2770">
     <span class='ocr_line' id='line_1_70' title="bbox 2121 2695 3714 2770; baseline 0.003 -21"><span class='ocrx_word' id='word_1_535' title='bbox 2121 2696 2266 2767; x_wconf 88' lang='lat' dir='ltr'><strong>pleta</strong></span> <span class='ocrx_word' id='word_1_536' title='bbox 2290 2704 2439 2751; x_wconf 90' lang='lat' dir='ltr'><strong>sunt.</strong></span> <span class='ocrx_word' id='word_1_537' title='bbox 2459 2695 2505 2728; x_wconf 77' lang='grc'><strong>⁸⁸</strong></span> <span class='ocrx_word' id='word_1_538' title='bbox 2520 2696 2673 2762; x_wconf 86' lang='lat' dir='ltr'><strong>Quod</strong></span> <span class='ocrx_word' id='word_1_539' title='bbox 2687 2697 3187 2753; x_wconf 71' lang='lat' dir='ltr'><strong>autemJudazorum</strong></span> <span class='ocrx_word' id='word_1_540' title='bbox 3204 2700 3467 2770; x_wconf 89' lang='lat' dir='ltr'><strong>propheta</strong></span> <span class='ocrx_word' id='word_1_541' title='bbox 3499 2700 3548 2730; x_wconf 75' lang='lat'><strong>“</strong></span> <span class='ocrx_word' id='word_1_542' title='bbox 3572 2714 3714 2770; x_wconf 75' lang='lat' dir='ltr'><strong>pne-</strong></span> 
     </span>
    </p>
   </div>
   <div class='ocr_carea' id='block_1_71' title="bbox 2121 2788 3711 2862">
    <p class='ocr_par' dir='ltr' id='par_1_71' title="bbox 2121 2788 3711 2862">
     <span class='ocr_line' id='line_1_71' title="bbox 2121 2788 3711 2862; baseline 0.002 -19"><span class='ocrx_word' id='word_1_543' title='bbox 2121 2788 2407 2844; x_wconf 81' lang='lat' dir='ltr'><strong>dixitcum</strong></span> <span class='ocrx_word' id='word_1_544' title='bbox 2439 2805 2468 2843; x_wconf 87' lang='lat' dir='ltr'><strong>a</strong></span> <span class='ocrx_word' id='word_1_545' title='bbox 2502 2792 2755 2860; x_wconf 84' lang='lat' dir='ltr'><strong>gentibus</strong></span> <span class='ocrx_word' id='word_1_546' title='bbox 2783 2792 3235 2861; x_wconf 76' lang='lat' dir='ltr'><strong>exspectandum,</strong></span> <span class='ocrx_word' id='word_1_547' title='bbox 3281 2808 3447 2862; x_wconf 88' lang='lat' dir='ltr'><strong>supra</strong></span> <span class='ocrx_word' id='word_1_548' title='bbox 3480 2793 3711 2846; x_wconf 86' lang='lat' dir='ltr'><strong>modum</strong></span> 
     </span>
    </p>
   </div>
   <div class='ocr_carea' id='block_1_72' title="bbox 2123 2879 3721 2940">
    <p class='ocr_par' dir='ltr' id='par_1_72' title="bbox 2123 2879 3721 2940">
     <span class='ocr_line' id='line_1_72' title="bbox 2123 2879 3721 2940; baseline 0.004 -6"><span class='ocrx_word' id='word_1_549' title='bbox 2123 2879 2179 2934; x_wconf 90' lang='lat' dir='ltr'><strong>in</strong></span> <span class='ocrx_word' id='word_1_550' title='bbox 2201 2896 2267 2936; x_wconf 91' lang='lat' dir='ltr'><strong>eo</strong></span> <span class='ocrx_word' id='word_1_551' title='bbox 2299 2880 2459 2936; x_wconf 89' lang='lat' dir='ltr'><strong>ﬁdem</strong></span> <span class='ocrx_word' id='word_1_552' title='bbox 2489 2897 2675 2937; x_wconf 90' lang='lat' dir='ltr'><strong>veram</strong></span> <span class='ocrx_word' id='word_1_553' title='bbox 2708 2883 3151 2939; x_wconf 89' lang='lat' dir='ltr'><strong>ﬁrmat.Sienim</strong></span> <span class='ocrx_word' id='word_1_554' title='bbox 3184 2884 3415 2939; x_wconf 76' lang='lat' dir='ltr'><strong>dixisset</strong></span> <span class='ocrx_word' id='word_1_555' title='bbox 3437 2899 3467 2937; x_wconf 90' lang='lat' dir='ltr'><strong>a</strong></span> <span class='ocrx_word' id='word_1_556' title='bbox 3500 2883 3721 2940; x_wconf 59' lang='lat' dir='ltr'><strong>Judatis</strong></span> 
     </span>
    </p>
   </div>
   <div class='ocr_carea' id='block_1_73' title="bbox 2121 2975 3711 3045">
    <p class='ocr_par' dir='ltr' id='par_1_73' title="bbox 2121 2975 3711 3045">
     <span class='ocr_line' id='line_1_73' title="bbox 2121 2975 3711 3045; baseline 0.003 -18"><span class='ocrx_word' id='word_1_557' title='bbox 2121 2975 2570 3042; x_wconf 78' lang='lat' dir='ltr'><strong>exspectandum,</strong></span> <span class='ocrx_word' id='word_1_558' title='bbox 2600 2990 2711 3030; x_wconf 91' lang='lat' dir='ltr'><strong>non</strong></span> <span class='ocrx_word' id='word_1_559' title='bbox 2737 2975 2942 3045; x_wconf 87' lang='lat' dir='ltr'><strong>aliquid</strong></span> <span class='ocrx_word' id='word_1_560' title='bbox 2974 2975 3232 3030; x_wconf 77' lang='lat' dir='ltr'><strong>eximium</strong></span> <span class='ocrx_word' id='word_1_561' title='bbox 3266 2976 3632 3045; x_wconf 86' lang='lat' dir='ltr'><strong>prophetasse</strong></span> <span class='ocrx_word' id='word_1_562' title='bbox 3662 2978 3711 3009; x_wconf 76' lang='lat'><strong>&quot;</strong></span> 
     </span>
    </p>
   </div>
   <div class='ocr_carea' id='block_1_74' title="bbox 2123 3065 3709 3140">
    <p class='ocr_par' dir='ltr' id='par_1_74' title="bbox 2123 3065 3709 3140">
     <span class='ocr_line' id='line_1_74' title="bbox 2123 3065 3709 3140; baseline 0.004 -22"><span class='ocrx_word' id='word_1_563' title='bbox 2123 3065 2421 3131; x_wconf 88' lang='lat' dir='ltr'><strong>videretur,</strong></span> <span class='ocrx_word' id='word_1_564' title='bbox 2468 3066 2616 3137; x_wconf 93' lang='lat' dir='ltr'><strong>quod</strong></span> <span class='ocrx_word' id='word_1_565' title='bbox 2659 3082 2689 3121; x_wconf 90' lang='lat' dir='ltr'><strong>a</strong></span> <span class='ocrx_word' id='word_1_566' title='bbox 2735 3069 3031 3123; x_wconf 90' lang='lat' dir='ltr'><strong>contribuli</strong></span> <span class='ocrx_word' id='word_1_567' title='bbox 3076 3071 3299 3140; x_wconf 91' lang='lat' dir='ltr'><strong>populo,</strong></span> <span class='ocrx_word' id='word_1_568' title='bbox 3326 3078 3380 3125; x_wconf 92' lang='lat' dir='ltr'><strong>et</strong></span> <span class='ocrx_word' id='word_1_569' title='bbox 3417 3086 3446 3124; x_wconf 92' lang='lat' dir='ltr'><strong>a</strong></span> <span class='ocrx_word' id='word_1_570' title='bbox 3482 3072 3709 3140; x_wconf 87' lang='lat' dir='ltr'><strong>propria</strong></span> 
     </span>
    </p>
   </div>
   <div class='ocr_carea' id='block_1_75' title="bbox 2123 3160 3709 3229">
    <p class='ocr_par' dir='ltr' id='par_1_75' title="bbox 2123 3160 3709 3229">
     <span class='ocr_line' id='line_1_75' title="bbox 2123 3160 3709 3229; baseline 0.004 -19"><span class='ocrx_word' id='word_1_571' title='bbox 2123 3166 2282 3226; x_wconf 87' lang='lat' dir='ltr'><strong>gente</strong></span> <span class='ocrx_word' id='word_1_572' title='bbox 2332 3167 2648 3227; x_wconf 89' lang='lat' dir='ltr'><strong>speraretur</strong></span> <span class='ocrx_word' id='word_1_573' title='bbox 2698 3160 2774 3223; x_wconf 91' lang='lat' dir='ltr'><strong>is,</strong></span> <span class='ocrx_word' id='word_1_574' title='bbox 2828 3160 2986 3229; x_wconf 82' lang='lat' dir='ltr'><strong>cuius</strong></span> <span class='ocrx_word' id='word_1_575' title='bbox 3014 3161 3283 3217; x_wconf 90' lang='lat' dir='ltr'><strong>adventus</strong></span> <span class='ocrx_word' id='word_1_576' title='bbox 3340 3162 3410 3216; x_wconf 89' lang='lat' dir='ltr'><strong>ad</strong></span> <span class='ocrx_word' id='word_1_577' title='bbox 3467 3166 3709 3217; x_wconf 85' lang='lat' dir='ltr'><strong>salutem</strong></span> 
     </span>
    </p>
   </div>
   <div class='ocr_carea' id='block_1_76' title="bbox 2125 3250 3711 3326">
    <p class='ocr_par' dir='ltr' id='par_1_76' title="bbox 2125 3250 3711 3326">
     <span class='ocr_line' id='line_1_76' title="bbox 2125 3250 3711 3326; baseline 0.004 -23"><span class='ocrx_word' id='word_1_578' title='bbox 2125 3250 2314 3305; x_wconf 91' lang='lat' dir='ltr'><strong>mundi</strong></span> <span class='ocrx_word' id='word_1_579' title='bbox 2346 3250 2523 3306; x_wconf 83' lang='lat' dir='ltr'><strong>fuerat</strong></span> <span class='ocrx_word' id='word_1_580' title='bbox 2548 3252 2939 3322; x_wconf 87' lang='lat' dir='ltr'><strong>repromissus.</strong></span> <span class='ocrx_word' id='word_1_581' title='bbox 2963 3252 3189 3307; x_wconf 82' lang='lat' dir='ltr'><strong>Videtur</strong></span> <span class='ocrx_word' id='word_1_582' title='bbox 3207 3256 3353 3309; x_wconf 91' lang='lat' dir='ltr'><strong>enim</strong></span> <span class='ocrx_word' id='word_1_583' title='bbox 3378 3255 3557 3326; x_wconf 89' lang='lat' dir='ltr'><strong>magis</strong></span> <span class='ocrx_word' id='word_1_584' title='bbox 3572 3271 3711 3309; x_wconf 82' lang='lat' dir='ltr'><strong>con-</strong></span> 
     </span>
    </p>
   </div>
   <div class='ocr_carea' id='block_1_77' title="bbox 2123 3344 3709 3418">
    <p class='ocr_par' dir='ltr' id='par_1_77' title="bbox 2123 3344 3709 3418">
     <span class='ocr_line' id='line_1_77' title="bbox 2123 3344 3709 3418; baseline 0.004 -22"><span class='ocrx_word' id='word_1_585' title='bbox 2123 3357 2360 3412; x_wconf 84' lang='lat' dir='ltr'><strong>sequens</strong></span> <span class='ocrx_word' id='word_1_586' title='bbox 2384 3344 2525 3398; x_wconf 90' lang='lat' dir='ltr'><strong>ratio</strong></span> <span class='ocrx_word' id='word_1_587' title='bbox 2548 3360 2692 3409; x_wconf 89' lang='lat' dir='ltr'><strong>esse,</strong></span> <span class='ocrx_word' id='word_1_588' title='bbox 2717 3353 2776 3399; x_wconf 90' lang='lat' dir='ltr'><strong>ut</strong></span> <span class='ocrx_word' id='word_1_589' title='bbox 2816 3345 2921 3399; x_wconf 93' lang='lat' dir='ltr'><strong>hoc</strong></span> <span class='ocrx_word' id='word_1_590' title='bbox 2966 3346 3139 3411; x_wconf 88' lang='lat' dir='ltr'><strong>ﬁeret,</strong></span> <span class='ocrx_word' id='word_1_591' title='bbox 3174 3362 3337 3417; x_wconf 90' lang='lat' dir='ltr'><strong>quam</strong></span> <span class='ocrx_word' id='word_1_592' title='bbox 3375 3347 3526 3418; x_wconf 90' lang='lat' dir='ltr'><strong>quod</strong></span> <span class='ocrx_word' id='word_1_593' title='bbox 3564 3363 3709 3418; x_wconf 73' lang='lat' dir='ltr'><strong>prte-</strong></span> 
     </span>
    </p>
   </div>
   <div class='ocr_carea' id='block_1_78' title="bbox 2122 3434 3707 3509">
    <p class='ocr_par' dir='ltr' id='par_1_78' title="bbox 2122 3434 3707 3509">
     <span class='ocr_line' id='line_1_78' title="bbox 2122 3434 3707 3509; baseline 0.003 -21"><span class='ocrx_word' id='word_1_594' title='bbox 2122 3434 2338 3489; x_wconf 88' lang='lat' dir='ltr'><strong>dicebat</strong></span> <span class='ocrx_word' id='word_1_595' title='bbox 2362 3436 2763 3506; x_wconf 88' lang='lat' dir='ltr'><strong>magniﬁcentia</strong></span> <span class='ocrx_word' id='word_1_596' title='bbox 2793 3438 3326 3509; x_wconf 85' lang='lat' dir='ltr'><strong>prophetalis.Nunc</strong></span> <span class='ocrx_word' id='word_1_597' title='bbox 3358 3447 3546 3495; x_wconf 90' lang='lat' dir='ltr'><strong>autem</strong></span> <span class='ocrx_word' id='word_1_598' title='bbox 3579 3455 3707 3495; x_wconf 91' lang='lat' dir='ltr'><strong>cum</strong></span> 
     </span>
    </p>
   </div>
   <div class='ocr_carea' id='block_1_79' title="bbox 2123 3527 3709 3601">
    <p class='ocr_par' dir='ltr' id='par_1_79' title="bbox 2123 3527 3709 3601">
     <span class='ocr_line' id='line_1_79' title="bbox 2123 3527 3709 3601; baseline 0.005 -23"><span class='ocrx_word' id='word_1_599' title='bbox 2123 3527 2401 3594; x_wconf 60' lang='lat' dir='ltr'><strong>propheta</strong></span> <span class='ocrx_word' id='word_1_600' title='bbox 2430 3528 2637 3593; x_wconf 89' lang='lat' dir='ltr'><strong>dicant,</strong></span> <span class='ocrx_word' id='word_1_601' title='bbox 2663 3544 2881 3584; x_wconf 91' lang='lat' dir='ltr'><strong>omnem</strong></span> <span class='ocrx_word' id='word_1_602' title='bbox 2903 3531 3049 3584; x_wconf 91' lang='lat' dir='ltr'><strong>illam</strong></span> <span class='ocrx_word' id='word_1_603' title='bbox 3083 3546 3258 3600; x_wconf 87' lang='lat' dir='ltr'><strong>spem,</strong></span> <span class='ocrx_word' id='word_1_604' title='bbox 3282 3546 3405 3601; x_wconf 63' lang='lat' dir='ltr'><strong>qua:</strong></span> <span class='ocrx_word' id='word_1_605' title='bbox 3433 3532 3505 3586; x_wconf 92' lang='lat' dir='ltr'><strong>de</strong></span> <span class='ocrx_word' id='word_1_606' title='bbox 3528 3531 3709 3586; x_wconf 88' lang='lat' dir='ltr'><strong>salute</strong></span> 
     </span>
    </p>
   </div>
   <div class='ocr_carea' id='block_1_80' title="bbox 2122 3618 3710 3694">
    <p class='ocr_par' dir='ltr' id='par_1_80' title="bbox 2122 3618 3710 3694">
     <span class='ocr_line' id='line_1_80' title="bbox 2122 3618 3710 3694; baseline 0.004 -25"><span class='ocrx_word' id='word_1_607' title='bbox 2122 3618 2309 3672; x_wconf 89' lang='lat' dir='ltr'><strong>mundi</strong></span> <span class='ocrx_word' id='word_1_608' title='bbox 2332 3621 2751 3689; x_wconf 90' lang='lat' dir='ltr'><strong>repromittitur,</strong></span> <span class='ocrx_word' id='word_1_609' title='bbox 2784 3628 2837 3676; x_wconf 89' lang='lat' dir='ltr'><strong>et</strong></span> <span class='ocrx_word' id='word_1_610' title='bbox 2872 3622 3170 3677; x_wconf 91' lang='lat' dir='ltr'><strong>novitatem</strong></span> <span class='ocrx_word' id='word_1_611' title='bbox 3208 3624 3400 3694; x_wconf 86' lang='lat' dir='ltr'><strong>regni,</strong></span> <span class='ocrx_word' id='word_1_612' title='bbox 3434 3638 3561 3692; x_wconf 74' lang='lat' dir='ltr'><strong>qua:</strong></span> <span class='ocrx_word' id='word_1_613' title='bbox 3613 3623 3710 3676; x_wconf 85' lang='lat' dir='ltr'><strong>in-</strong></span> 
     </span>
    </p>
   </div>
   <div class='ocr_carea' id='block_1_81' title="bbox 2122 3706 3709 3787">
    <p class='ocr_par' dir='ltr' id='par_1_81' title="bbox 2122 3706 3709 3787">
     <span class='ocr_line' id='line_1_81' title="bbox 2122 3706 3709 3787; baseline 0.004 -24"><span class='ocrx_word' id='word_1_614' title='bbox 2122 3711 2382 3765; x_wconf 89' lang='lat' dir='ltr'><strong>struenda</strong></span> <span class='ocrx_word' id='word_1_615' title='bbox 2416 3706 2823 3782; x_wconf 86' lang='lat' dir='ltr'><strong>peerristum</strong></span> <span class='ocrx_word' id='word_1_616' title='bbox 2856 3724 2961 3782; x_wconf 88' lang='lat' dir='ltr'><strong>est,</strong></span> <span class='ocrx_word' id='word_1_617' title='bbox 2986 3724 3147 3786; x_wconf 90' lang='lat' dir='ltr'><strong>atque</strong></span> <span class='ocrx_word' id='word_1_618' title='bbox 3177 3716 3361 3771; x_wconf 88' lang='lat' dir='ltr'><strong>omnia</strong></span> <span class='ocrx_word' id='word_1_619' title='bbox 3392 3732 3517 3787; x_wconf 70' lang='lat' dir='ltr'><strong>qua:</strong></span> <span class='ocrx_word' id='word_1_620' title='bbox 3547 3716 3614 3769; x_wconf 90' lang='lat' dir='ltr'><strong>de</strong></span> <span class='ocrx_word' id='word_1_621' title='bbox 3636 3731 3709 3769; x_wconf 86' lang='lat' dir='ltr'><strong>eo</strong></span> 
     </span>
    </p>
   </div>
   <div class='ocr_carea' id='block_1_82' title="bbox 2122 3799 3706 3877">
    <p class='ocr_par' dir='ltr' id='par_1_82' title="bbox 2122 3799 3706 3877">
     <span class='ocr_line' id='line_1_82' title="bbox 2122 3799 3706 3877; baseline 0.005 -25"><span class='ocrx_word' id='word_1_622' title='bbox 2122 3799 2436 3857; x_wconf 90' lang='lat' dir='ltr'><strong>indicantur</strong></span> <span class='ocrx_word' id='word_1_623' title='bbox 2490 3804 2556 3858; x_wconf 90' lang='lat' dir='ltr'><strong>ad</strong></span> <span class='ocrx_word' id='word_1_624' title='bbox 2604 3813 2794 3875; x_wconf 91' lang='lat' dir='ltr'><strong>gentes</strong></span> <span class='ocrx_word' id='word_1_625' title='bbox 2821 3822 2946 3862; x_wconf 90' lang='lat' dir='ltr'><strong>esse</strong></span> <span class='ocrx_word' id='word_1_626' title='bbox 2984 3807 3397 3872; x_wconf 83' lang='lat' dir='ltr'><strong>transferenda,</strong></span> <span class='ocrx_word' id='word_1_627' title='bbox 3426 3808 3543 3877; x_wconf 90' lang='lat' dir='ltr'><strong>jam</strong></span> <span class='ocrx_word' id='word_1_628' title='bbox 3589 3823 3706 3860; x_wconf 88' lang='lat' dir='ltr'><strong>non</strong></span> 
     </span>
    </p>
   </div>
   <div class='ocr_carea' id='block_1_83' title="bbox 2122 3896 3711 3970">
    <p class='ocr_par' dir='ltr' id='par_1_83' title="bbox 2122 3896 3711 3970">
     <span class='ocr_line' id='line_1_83' title="bbox 2122 3896 3711 3970; baseline 0.004 -22"><span class='ocrx_word' id='word_1_629' title='bbox 2122 3896 2424 3950; x_wconf 91' lang='lat' dir='ltr'><strong>secundum</strong></span> <span class='ocrx_word' id='word_1_630' title='bbox 2476 3900 2923 3970; x_wconf 87' lang='lat' dir='ltr'><strong>consequentiam</strong></span> <span class='ocrx_word' id='word_1_631' title='bbox 2975 3915 3195 3963; x_wconf 92' lang='lat' dir='ltr'><strong>rerum,</strong></span> <span class='ocrx_word' id='word_1_632' title='bbox 3246 3900 3342 3955; x_wconf 91' lang='lat' dir='ltr'><strong>sed</strong></span> <span class='ocrx_word' id='word_1_633' title='bbox 3389 3899 3711 3954; x_wconf 88' lang='lat' dir='ltr'><strong>incredibili</strong></span> 
     </span>
    </p>
   </div>
   <div class='ocr_carea' id='block_1_84' title="bbox 2120 3987 3713 4063">
    <p class='ocr_par' dir='ltr' id='par_1_84' title="bbox 2120 3987 3713 4063">
     <span class='ocr_line' id='line_1_84' title="bbox 2120 3987 3713 4063; baseline 0.003 -23"><span class='ocrx_word' id='word_1_634' title='bbox 2120 3987 2357 4057; x_wconf 91' lang='lat' dir='ltr'><strong>quodam</strong></span> <span class='ocrx_word' id='word_1_635' title='bbox 2387 3990 2798 4047; x_wconf 87' lang='lat' dir='ltr'><strong>vaticinationis</strong></span> <span class='ocrx_word' id='word_1_636' title='bbox 2838 4000 3073 4057; x_wconf 85' lang='lat' dir='ltr'><strong>eventu,</strong></span> <span class='ocrx_word' id='word_1_637' title='bbox 3124 3992 3533 4063; x_wconf 88' lang='lat' dir='ltr'><strong>magniﬁcentia</strong></span> <span class='ocrx_word' id='word_1_638' title='bbox 3572 4007 3713 4063; x_wconf 72' lang='lat' dir='ltr'><strong>pro-</strong></span> 
     </span>
    </p>
   </div>
   <div class='ocr_carea' id='block_1_85' title="bbox 2121 4079 3709 4154">
    <p class='ocr_par' dir='ltr' id='par_1_85' title="bbox 2121 4079 3709 4154">
     <span class='ocr_line' id='line_1_85' title="bbox 2121 4079 3709 4154; baseline 0.002 -22"><span class='ocrx_word' id='word_1_639' title='bbox 2121 4079 2335 4149; x_wconf 89' lang='lat' dir='ltr'><strong>phetica</strong></span> <span class='ocrx_word' id='word_1_640' title='bbox 2373 4082 2745 4138; x_wconf 89' lang='lat' dir='ltr'><strong>conﬁrmatur.</strong></span> <span class='ocrx_word' id='word_1_641' title='bbox 2777 4082 2950 4139; x_wconf 76' lang='lat' dir='ltr'><strong>Judaei</strong></span> <span class='ocrx_word' id='word_1_642' title='bbox 3000 4100 3238 4154; x_wconf 86' lang='lat' dir='ltr'><strong>namque</strong></span> <span class='ocrx_word' id='word_1_643' title='bbox 3268 4100 3337 4139; x_wconf 76' lang='lat' dir='ltr'><strong>ex</strong></span> <span class='ocrx_word' id='word_1_644' title='bbox 3382 4084 3567 4146; x_wconf 92' lang='lat' dir='ltr'><strong>initio,</strong></span> <span class='ocrx_word' id='word_1_645' title='bbox 3598 4081 3709 4136; x_wconf 79' lang='lat' dir='ltr'><strong>ad-</strong></span> 
     </span>
    </p>
   </div>
   <div class='ocr_carea' id='block_1_86' title="bbox 2120 4170 3713 4247">
    <p class='ocr_par' dir='ltr' id='par_1_86' title="bbox 2120 4170 3713 4247">
     <span class='ocr_line' id='line_1_86' title="bbox 2120 4170 3713 4247; baseline 0.004 -23"><span class='ocrx_word' id='word_1_646' title='bbox 2120 4170 2237 4226; x_wconf 87' lang='lat' dir='ltr'><strong>fore</strong></span> <span class='ocrx_word' id='word_1_647' title='bbox 2265 4172 2556 4243; x_wconf 91' lang='lat' dir='ltr'><strong>aliquando</strong></span> <span class='ocrx_word' id='word_1_648' title='bbox 2584 4174 2730 4229; x_wconf 91' lang='lat' dir='ltr'><strong>hunc</strong></span> <span class='ocrx_word' id='word_1_649' title='bbox 2758 4176 2958 4238; x_wconf 90' lang='lat' dir='ltr'><strong>virum,</strong></span> <span class='ocrx_word' id='word_1_650' title='bbox 2994 4193 3091 4247; x_wconf 89' lang='lat' dir='ltr'><strong>per</strong></span> <span class='ocrx_word' id='word_1_651' title='bbox 3116 4193 3279 4247; x_wconf 88' lang='lat' dir='ltr'><strong>quem</strong></span> <span class='ocrx_word' id='word_1_652' title='bbox 3308 4185 3511 4232; x_wconf 76' lang='lat' dir='ltr'><strong>cuncta</strong></span> <span class='ocrx_word' id='word_1_653' title='bbox 3538 4192 3713 4247; x_wconf 83' lang='lat' dir='ltr'><strong>repa-</strong></span> 
     </span>
    </p>
   </div>
   <div class='ocr_carea' id='block_1_87' title="bbox 2121 4268 3715 4340">
    <p class='ocr_par' dir='ltr' id='par_1_87' title="bbox 2121 4268 3715 4340">
     <span class='ocr_line' id='line_1_87' title="bbox 2121 4268 3715 4340; baseline 0.005 -24"><span class='ocrx_word' id='word_1_654' title='bbox 2121 4272 2336 4329; x_wconf 86' lang='lat' dir='ltr'><strong>rentur,</strong></span> <span class='ocrx_word' id='word_1_655' title='bbox 2368 4268 2654 4322; x_wconf 90' lang='lat' dir='ltr'><strong>verissima</strong></span> <span class='ocrx_word' id='word_1_656' title='bbox 2688 4268 2986 4324; x_wconf 88' lang='lat' dir='ltr'><strong>traditione</strong></span> <span class='ocrx_word' id='word_1_657' title='bbox 3041 4278 3436 4340; x_wconf 87' lang='lat' dir='ltr'><strong>susceperunt;</strong></span> <span class='ocrx_word' id='word_1_658' title='bbox 3476 4278 3531 4326; x_wconf 91' lang='lat' dir='ltr'><strong>et</strong></span> <span class='ocrx_word' id='word_1_659' title='bbox 3561 4285 3715 4338; x_wconf 88' lang='lat' dir='ltr'><strong>quo-</strong></span> 
     </span>
    </p>
   </div>
   <div class='ocr_carea' id='block_1_88' title="bbox 2121 4358 3713 4433">
    <p class='ocr_par' dir='ltr' id='par_1_88' title="bbox 2121 4358 3713 4433">
     <span class='ocr_line' id='line_1_88' title="bbox 2121 4358 3713 4433; baseline 0.002 -22"><span class='ocrx_word' id='word_1_660' title='bbox 2121 4358 2252 4413; x_wconf 87' lang='lat' dir='ltr'><strong>tidie</strong></span> <span class='ocrx_word' id='word_1_661' title='bbox 2271 4360 2597 4417; x_wconf 91' lang='lat' dir='ltr'><strong>meditantes</strong></span> <span class='ocrx_word' id='word_1_662' title='bbox 2629 4376 2693 4415; x_wconf 91' lang='lat' dir='ltr'><strong>ac</strong></span> <span class='ocrx_word' id='word_1_663' title='bbox 2714 4363 3133 4433; x_wconf 89' lang='lat' dir='ltr'><strong>prospicientes,</strong></span> <span class='ocrx_word' id='word_1_664' title='bbox 3151 4363 3373 4433; x_wconf 91' lang='lat' dir='ltr'><strong>quando</strong></span> <span class='ocrx_word' id='word_1_665' title='bbox 3388 4361 3511 4431; x_wconf 90' lang='lat' dir='ltr'><strong>ejus</strong></span> <span class='ocrx_word' id='word_1_666' title='bbox 3547 4362 3713 4416; x_wconf 87' lang='lat' dir='ltr'><strong>ﬁeret</strong></span> 
     </span>
    </p>
   </div>
   <div class='ocr_carea' id='block_1_89' title="bbox 2121 4448 3714 4524">
    <p class='ocr_par' dir='ltr' id='par_1_89' title="bbox 2121 4448 3714 4524">
     <span class='ocr_line' id='line_1_89' title="bbox 2121 4448 3714 4524; baseline 0.003 -22"><span class='ocrx_word' id='word_1_667' title='bbox 2121 4448 2426 4518; x_wconf 81' lang='lat' dir='ltr'><strong>adventus;</strong></span> <span class='ocrx_word' id='word_1_668' title='bbox 2460 4453 2552 4506; x_wconf 90' lang='lat' dir='ltr'><strong>ubi</strong></span> <span class='ocrx_word' id='word_1_669' title='bbox 2598 4453 2793 4509; x_wconf 90' lang='lat' dir='ltr'><strong>adesse</strong></span> <span class='ocrx_word' id='word_1_670' title='bbox 2839 4470 2963 4509; x_wconf 89' lang='lat' dir='ltr'><strong>eum</strong></span> <span class='ocrx_word' id='word_1_671' title='bbox 3022 4455 3297 4519; x_wconf 90' lang='lat' dir='ltr'><strong>viderunt,</strong></span> <span class='ocrx_word' id='word_1_672' title='bbox 3331 4462 3385 4509; x_wconf 90' lang='lat' dir='ltr'><strong>et</strong></span> <span class='ocrx_word' id='word_1_673' title='bbox 3428 4455 3584 4524; x_wconf 86' lang='lat' dir='ltr'><strong>signa</strong></span> <span class='ocrx_word' id='word_1_674' title='bbox 3637 4469 3714 4507; x_wconf 86' lang='lat' dir='ltr'><strong>ac</strong></span> 
     </span>
    </p>
   </div>
   <div class='ocr_carea' id='block_1_90' title="bbox 443 4544 3709 4623">
    <p class='ocr_par' dir='ltr' id='par_1_90' title="bbox 443 4544 3709 4623">
     <span class='ocr_line' id='line_1_90' title="bbox 443 4544 3709 4623; baseline -0.002 -19"><span class='ocrx_word' id='word_1_675' title='bbox 443 4544 686 4618; x_wconf 85' lang='lat' dir='ltr'><strong>dirigens</strong></span> <span class='ocrx_word' id='word_1_676' title='bbox 710 4548 852 4602; x_wconf 90' lang='lat' dir='ltr'><strong>viam</strong></span> <span class='ocrx_word' id='word_1_677' title='bbox 878 4565 1055 4614; x_wconf 90' lang='lat' dir='ltr'><strong>suam,</strong></span> <span class='ocrx_word' id='word_1_678' title='bbox 1082 4551 1235 4621; x_wconf 89' lang='lat' dir='ltr'><strong>regni</strong></span> <span class='ocrx_word' id='word_1_679' title='bbox 1260 4551 1526 4605; x_wconf 74' lang='lat' dir='ltr'><strong>caelorum</strong></span> <span class='ocrx_word' id='word_1_680' title='bbox 1550 4554 1724 4621; x_wconf 88' lang='lat' dir='ltr'><strong>possit</strong></span> <span class='ocrx_word' id='word_1_681' title='bbox 1744 4554 2017 4623; x_wconf 82' lang='lat' dir='ltr'><strong>particeps</strong></span> <span class='ocrx_word' id='word_1_682' title='bbox 2050 4546 2093 4601; x_wconf 93' lang='lat' dir='ltr'><strong>D</strong></span> <span class='ocrx_word' id='word_1_683' title='bbox 2122 4547 2389 4615; x_wconf 86' lang='lat' dir='ltr'><strong>prodigia,</strong></span> <span class='ocrx_word' id='word_1_684' title='bbox 2418 4548 2560 4601; x_wconf 89' lang='lat' dir='ltr'><strong>sicut</strong></span> <span class='ocrx_word' id='word_1_685' title='bbox 2588 4549 2655 4603; x_wconf 87' lang='lat' dir='ltr'><strong>de</strong></span> <span class='ocrx_word' id='word_1_686' title='bbox 2681 4562 2748 4603; x_wconf 91' lang='lat' dir='ltr'><strong>eo</strong></span> <span class='ocrx_word' id='word_1_687' title='bbox 2774 4548 3037 4617; x_wconf 90' lang='lat' dir='ltr'><strong>scriptum</strong></span> <span class='ocrx_word' id='word_1_688' title='bbox 3064 4547 3263 4612; x_wconf 88' lang='lat' dir='ltr'><strong>fuerat,</strong></span> <span class='ocrx_word' id='word_1_689' title='bbox 3284 4547 3709 4616; x_wconf 87' lang='lat' dir='ltr'><strong>adimplentem;</strong></span> 
     </span>
    </p>
   </div>
   <div class='ocr_carea' id='block_1_91' title="bbox 443 4637 2016 4709">
    <p class='ocr_par' dir='ltr' id='par_1_91' title="bbox 443 4637 2016 4709">
     <span class='ocr_line' id='line_1_91' title="bbox 443 4637 2016 4709; baseline 0.004 -19"><span class='ocrx_word' id='word_1_690' title='bbox 443 4637 699 4705; x_wconf 90' lang='lat' dir='ltr'><strong>inveniri,</strong></span> <span class='ocrx_word' id='word_1_691' title='bbox 734 4641 1034 4709; x_wconf 90' lang='lat' dir='ltr'><strong>subjiciens</strong></span> <span class='ocrx_word' id='word_1_692' title='bbox 1068 4642 1171 4697; x_wconf 92' lang='lat' dir='ltr'><strong>sibi</strong></span> <span class='ocrx_word' id='word_1_693' title='bbox 1194 4644 1377 4698; x_wconf 90' lang='lat' dir='ltr'><strong>carnis</strong></span> <span class='ocrx_word' id='word_1_694' title='bbox 1406 4643 1698 4709; x_wconf 89' lang='lat' dir='ltr'><strong>desideria,</strong></span> <span class='ocrx_word' id='word_1_695' title='bbox 1732 4652 1786 4699; x_wconf 90' lang='lat' dir='ltr'><strong>et</strong></span> <span class='ocrx_word' id='word_1_696' title='bbox 1822 4642 2016 4699; x_wconf 86' lang='lat' dir='ltr'><strong>&#39;domi-</strong></span> 
     </span>
    </p>
   </div>
   <div class='ocr_carea' id='block_1_92' title="bbox 445 4732 2015 4804">
    <p class='ocr_par' dir='ltr' id='par_1_92' title="bbox 445 4732 2015 4804">
     <span class='ocr_line' id='line_1_92' title="bbox 445 4732 2015 4804; baseline 0.003 -21"><span class='ocrx_word' id='word_1_697' title='bbox 445 4745 550 4785; x_wconf 91' lang='lat' dir='ltr'><strong>nus</strong></span> <span class='ocrx_word' id='word_1_698' title='bbox 582 4745 772 4785; x_wconf 90' lang='lat' dir='ltr'><strong>eorum</strong></span> <span class='ocrx_word' id='word_1_699' title='bbox 803 4732 1004 4794; x_wconf 84' lang='lat' dir='ltr'><strong>factus,</strong></span> <span class='ocrx_word' id='word_1_700' title='bbox 1063 4741 1123 4788; x_wconf 93' lang='lat' dir='ltr'><strong>ut</strong></span> <span class='ocrx_word' id='word_1_701' title='bbox 1174 4734 1249 4789; x_wconf 87' lang='lat' dir='ltr'><strong>ita</strong></span> <span class='ocrx_word' id='word_1_702' title='bbox 1295 4734 1513 4789; x_wconf 91' lang='lat' dir='ltr'><strong>demum</strong></span> <span class='ocrx_word' id='word_1_703' title='bbox 1546 4735 1711 4790; x_wconf 91' lang='lat' dir='ltr'><strong>etiam</strong></span> <span class='ocrx_word' id='word_1_704' title='bbox 1756 4736 1873 4804; x_wconf 90' lang='lat' dir='ltr'><strong>ipse</strong></span> <span class='ocrx_word' id='word_1_705' title='bbox 1922 4735 2015 4789; x_wconf 88' lang='lat' dir='ltr'><strong>ﬁat</strong></span> 
     </span>
    </p>
   </div>
   <div class='ocr_carea' id='block_1_93' title="bbox 444 4820 2015 4897">
    <p class='ocr_par' dir='ltr' id='par_1_93' title="bbox 444 4820 2015 4897">
     <span class='ocr_line' id='line_1_93' title="bbox 444 4820 2015 4897; baseline 0.004 -23"><span class='ocrx_word' id='word_1_706' title='bbox 444 4820 807 4880; x_wconf 91' lang='lat' dir='ltr'><strong>dominatoris</strong></span> <span class='ocrx_word' id='word_1_707' title='bbox 830 4826 1075 4880; x_wconf 90' lang='lat' dir='ltr'><strong>omnium</strong></span> <span class='ocrx_word' id='word_1_708' title='bbox 1100 4826 1343 4895; x_wconf 88' lang='lat' dir='ltr'><strong>jucunda</strong></span> <span class='ocrx_word' id='word_1_709' title='bbox 1366 4828 1665 4897; x_wconf 89' lang='lat' dir='ltr'><strong>possessio.</strong></span> <span class='ocrx_word' id='word_1_710' title='bbox 1694 4826 1738 4858; x_wconf 76' lang='lat'>“</span> <span class='ocrx_word' id='word_1_711' title='bbox 1761 4826 1898 4881; x_wconf 86' lang='lat' dir='ltr'><strong>Nam</strong></span> <span class='ocrx_word' id='word_1_712' title='bbox 1922 4830 2015 4896; x_wconf 88' lang='lat' dir='ltr'><strong>qui</strong></span> 
     </span>
    </p>
   </div>
   <div class='ocr_carea' id='block_1_94' title="bbox 444 4915 2016 4988">
    <p class='ocr_par' dir='ltr' id='par_1_94' title="bbox 444 4915 2016 4988">
     <span class='ocr_line' id='line_1_94' title="bbox 444 4915 2016 4988; baseline 0.003 -20"><span class='ocrx_word' id='word_1_713' title='bbox 444 4923 725 4981; x_wconf 88' lang='lat' dir='ltr'><strong>permanet</strong></span> <span class='ocrx_word' id='word_1_714' title='bbox 754 4915 811 4969; x_wconf 91' lang='lat' dir='ltr'><strong>in</strong></span> <span class='ocrx_word' id='word_1_715' title='bbox 840 4918 1003 4979; x_wconf 84' lang='lat' dir='ltr'><strong>malo,</strong></span> <span class='ocrx_word' id='word_1_716' title='bbox 1035 4926 1089 4972; x_wconf 91' lang='lat' dir='ltr'><strong>et</strong></span> <span class='ocrx_word' id='word_1_717' title='bbox 1128 4933 1323 4973; x_wconf 87' lang='lat' dir='ltr'><strong>servus</strong></span> <span class='ocrx_word' id='word_1_718' title='bbox 1363 4926 1446 4974; x_wconf 89' lang='lat' dir='ltr'><strong>est</strong></span> <span class='ocrx_word' id='word_1_719' title='bbox 1479 4918 1630 4981; x_wconf 90' lang='lat' dir='ltr'><strong>mali,</strong></span> <span class='ocrx_word' id='word_1_720' title='bbox 1688 4934 1797 4974; x_wconf 88' lang='lat' dir='ltr'><strong>non</strong></span> <span class='ocrx_word' id='word_1_721' title='bbox 1836 4928 2016 4988; x_wconf 87' lang='lat' dir='ltr'><strong>potest</strong></span> 
     </span>
    </p>
   </div>
   <div class='ocr_carea' id='block_1_95' title="bbox 444 5003 2016 5080">
    <p class='ocr_par' dir='ltr' id='par_1_95' title="bbox 444 5003 2016 5080">
     <span class='ocr_line' id='line_1_95' title="bbox 444 5003 2016 5080; baseline 0.004 -23"><span class='ocrx_word' id='word_1_722' title='bbox 444 5003 581 5060; x_wconf 79' lang='lat' dir='ltr'><strong>eﬂici</strong></span> <span class='ocrx_word' id='word_1_723' title='bbox 613 5008 794 5077; x_wconf 90' lang='lat' dir='ltr'><strong>portio</strong></span> <span class='ocrx_word' id='word_1_724' title='bbox 812 5007 965 5072; x_wconf 92' lang='lat' dir='ltr'><strong>boni,</strong></span> <span class='ocrx_word' id='word_1_725' title='bbox 991 5009 1163 5064; x_wconf 91' lang='lat' dir='ltr'><strong>donec</strong></span> <span class='ocrx_word' id='word_1_726' title='bbox 1190 5017 1471 5079; x_wconf 86' lang='lat' dir='ltr'><strong>permanet</strong></span> <span class='ocrx_word' id='word_1_727' title='bbox 1500 5011 1556 5064; x_wconf 90' lang='lat' dir='ltr'><strong>in</strong></span> <span class='ocrx_word' id='word_1_728' title='bbox 1578 5010 1757 5077; x_wconf 85' lang='lat' dir='ltr'><strong>malo;</strong></span> <span class='ocrx_word' id='word_1_729' title='bbox 1790 5011 1918 5080; x_wconf 91' lang='lat' dir='ltr'><strong>quia</strong></span> <span class='ocrx_word' id='word_1_730' title='bbox 1948 5012 2016 5065; x_wconf 93' lang='lat' dir='ltr'><strong>ab</strong></span> 
     </span>
    </p>
   </div>
   <div class='ocr_carea' id='block_1_96' title="bbox 446 5098 2019 5171">
    <p class='ocr_par' dir='ltr' id='par_1_96' title="bbox 446 5098 2019 5171">
     <span class='ocr_line' id='line_1_96' title="bbox 446 5098 2019 5171; baseline 0.004 -21"><span class='ocrx_word' id='word_1_731' title='bbox 446 5098 625 5163; x_wconf 88' lang='lat' dir='ltr'><strong>initio,</strong></span> <span class='ocrx_word' id='word_1_732' title='bbox 659 5108 718 5154; x_wconf 92' lang='lat' dir='ltr'><strong>ut</strong></span> <span class='ocrx_word' id='word_1_733' title='bbox 745 5109 869 5155; x_wconf 88' lang='lat' dir='ltr'><strong>ante</strong></span> <span class='ocrx_word' id='word_1_734' title='bbox 887 5101 1001 5171; x_wconf 88' lang='lat' dir='ltr'><strong>jam</strong></span> <span class='ocrx_word' id='word_1_735' title='bbox 1031 5102 1296 5167; x_wconf 76' lang='lat' dir='ltr'><strong>diximus,</strong></span> <span class='ocrx_word' id='word_1_736' title='bbox 1317 5102 1426 5157; x_wconf 91' lang='lat' dir='ltr'><strong>duo</strong></span> <span class='ocrx_word' id='word_1_737' title='bbox 1453 5118 1619 5170; x_wconf 85' lang='lat' dir='ltr'><strong>regna</strong></span> <span class='ocrx_word' id='word_1_738' title='bbox 1640 5104 1831 5157; x_wconf 91' lang='lat' dir='ltr'><strong>statuit</strong></span> <span class='ocrx_word' id='word_1_739' title='bbox 1853 5102 2019 5169; x_wconf 90' lang='lat' dir='ltr'><strong>Deus;</strong></span> 
     </span>
    </p>
   </div>
   <div class='ocr_carea' id='block_1_97' title="bbox 446 5194 2021 5264">
    <p class='ocr_par' dir='ltr' id='par_1_97' title="bbox 446 5194 2021 5264">
     <span class='ocr_line' id='line_1_97' title="bbox 446 5194 2021 5264; baseline 0.006 -23"><span class='ocrx_word' id='word_1_740' title='bbox 446 5198 499 5242; x_wconf 91' lang='lat' dir='ltr'><strong>et</strong></span> <span class='ocrx_word' id='word_1_741' title='bbox 534 5199 862 5259; x_wconf 90' lang='lat' dir='ltr'><strong>potestatem</strong></span> <span class='ocrx_word' id='word_1_742' title='bbox 888 5194 1036 5247; x_wconf 90' lang='lat' dir='ltr'><strong>dedit</strong></span> <span class='ocrx_word' id='word_1_743' title='bbox 1081 5194 1373 5264; x_wconf 90' lang='lat' dir='ltr'><strong>unicuique</strong></span> <span class='ocrx_word' id='word_1_744' title='bbox 1418 5194 1703 5249; x_wconf 91' lang='lat' dir='ltr'><strong>hominum</strong></span> <span class='ocrx_word' id='word_1_745' title='bbox 1726 5234 1741 5257; x_wconf 93' lang='lat'><strong>,</strong></span> <span class='ocrx_word' id='word_1_746' title='bbox 1778 5202 1837 5248; x_wconf 92' lang='lat' dir='ltr'><strong>ut</strong></span> <span class='ocrx_word' id='word_1_747' title='bbox 1872 5194 2021 5250; x_wconf 88' lang='lat' dir='ltr'><strong>illius</strong></span> 
     </span>
    </p>
   </div>
   <div class='ocr_carea' id='block_1_98' title="bbox 447 5282 2019 5355">
    <p class='ocr_par' dir='ltr' id='par_1_98' title="bbox 447 5282 2019 5355">
     <span class='ocr_line' id='line_1_98' title="bbox 447 5282 2019 5355; baseline 0.005 -23"><span class='ocrx_word' id='word_1_748' title='bbox 447 5282 601 5351; x_wconf 85' lang='lat' dir='ltr'><strong>regni</strong></span> <span class='ocrx_word' id='word_1_749' title='bbox 624 5282 717 5341; x_wconf 90' lang='lat' dir='ltr'><strong>ﬁat</strong></span> <span class='ocrx_word' id='word_1_750' title='bbox 748 5286 948 5354; x_wconf 92' lang='lat' dir='ltr'><strong>portio,</strong></span> <span class='ocrx_word' id='word_1_751' title='bbox 977 5287 1066 5340; x_wconf 91' lang='lat' dir='ltr'><strong>cui</strong></span> <span class='ocrx_word' id='word_1_752' title='bbox 1096 5302 1155 5342; x_wconf 91' lang='lat' dir='ltr'><strong>se</strong></span> <span class='ocrx_word' id='word_1_753' title='bbox 1177 5286 1244 5341; x_wconf 90' lang='lat' dir='ltr'><strong>ad</strong></span> <span class='ocrx_word' id='word_1_754' title='bbox 1268 5285 1633 5341; x_wconf 90' lang='lat' dir='ltr'><strong>obediendum</strong></span> <span class='ocrx_word' id='word_1_755' title='bbox 1674 5286 1791 5355; x_wconf 89' lang='lat' dir='ltr'><strong>ipse</strong></span> <span class='ocrx_word' id='word_1_756' title='bbox 1836 5286 2019 5355; x_wconf 85' lang='lat' dir='ltr'><strong>subje-</strong></span> 
     </span>
    </p>
   </div>
   <div class='ocr_carea' id='block_1_99' title="bbox 372 5373 2020 5449">
    <p class='ocr_par' dir='ltr' id='par_1_99' title="bbox 372 5373 2020 5449">
     <span class='ocr_line' id='line_1_99' title="bbox 372 5373 2020 5449; baseline 0.005 -25"><span class='ocrx_word' id='word_1_757' title='bbox 372 5416 379 5423; x_wconf 92' lang='lat'><strong>.</strong></span> <span class='ocrx_word' id='word_1_758' title='bbox 448 5373 607 5428; x_wconf 84' lang='lat' dir='ltr'><strong>cerit.</strong></span> <span class='ocrx_word' id='word_1_759' title='bbox 641 5375 707 5429; x_wconf 89' lang='lat' dir='ltr'><strong>Et</strong></span> <span class='ocrx_word' id='word_1_760' title='bbox 734 5379 858 5448; x_wconf 91' lang='lat' dir='ltr'><strong>quia</strong></span> <span class='ocrx_word' id='word_1_761' title='bbox 890 5378 1171 5433; x_wconf 89' lang='lat' dir='ltr'><strong>deﬁnitum</strong></span> <span class='ocrx_word' id='word_1_762' title='bbox 1193 5390 1274 5435; x_wconf 91' lang='lat' dir='ltr'><strong>est</strong></span> <span class='ocrx_word' id='word_1_763' title='bbox 1300 5379 1442 5449; x_wconf 89' lang='lat' dir='ltr'><strong>apud</strong></span> <span class='ocrx_word' id='word_1_764' title='bbox 1468 5378 1660 5442; x_wconf 91' lang='lat' dir='ltr'><strong>Deum,</strong></span> <span class='ocrx_word' id='word_1_765' title='bbox 1705 5395 1814 5432; x_wconf 90' lang='lat' dir='ltr'><strong>non</strong></span> <span class='ocrx_word' id='word_1_766' title='bbox 1858 5392 2020 5447; x_wconf 89' lang='lat' dir='ltr'><strong>posse</strong></span> 
     </span>
    </p>
   </div>
   <div class='ocr_carea' id='block_1_100' title="bbox 450 5469 2019 5542">
    <p class='ocr_par' dir='ltr' id='par_1_100' title="bbox 450 5469 2019 5542">
     <span class='ocr_line' id='line_1_100' title="bbox 450 5469 2019 5542; baseline 0.003 -22"><span class='ocrx_word' id='word_1_767' title='bbox 450 5482 618 5521; x_wconf 87' lang='lat' dir='ltr'><strong>unum</strong></span> <span class='ocrx_word' id='word_1_768' title='bbox 663 5469 939 5527; x_wconf 90' lang='lat' dir='ltr'><strong>hominem</strong></span> <span class='ocrx_word' id='word_1_769' title='bbox 959 5474 1245 5542; x_wconf 91' lang='lat' dir='ltr'><strong>utriusque</strong></span> <span class='ocrx_word' id='word_1_770' title='bbox 1262 5473 1413 5542; x_wconf 87' lang='lat' dir='ltr'><strong>regni</strong></span> <span class='ocrx_word' id='word_1_771' title='bbox 1438 5487 1561 5527; x_wconf 89' lang='lat' dir='ltr'><strong>esse</strong></span> <span class='ocrx_word' id='word_1_772' title='bbox 1583 5486 1803 5526; x_wconf 89' lang='lat' dir='ltr'><strong>servum</strong></span> <span class='ocrx_word' id='word_1_773' title='bbox 1825 5488 1839 5537; x_wconf 92' lang='lat'><strong>;</strong></span> <span class='ocrx_word' id='word_1_774' title='bbox 1869 5471 2019 5525; x_wconf 91' lang='lat' dir='ltr'><strong>omni</strong></span> 
     </span>
    </p>
   </div>
   <div class='ocr_carea' id='block_1_101' title="bbox 449 5560 2017 5637">
    <p class='ocr_par' dir='ltr' id='par_1_101' title="bbox 449 5560 2017 5637">
     <span class='ocr_line' id='line_1_101' title="bbox 449 5560 2017 5637; baseline 0.001 -22"><span class='ocrx_word' id='word_1_775' title='bbox 449 5560 634 5616; x_wconf 90' lang='lat' dir='ltr'><strong>studio</strong></span> <span class='ocrx_word' id='word_1_776' title='bbox 664 5562 790 5619; x_wconf 92' lang='lat' dir='ltr'><strong>date</strong></span> <span class='ocrx_word' id='word_1_777' title='bbox 820 5581 1064 5636; x_wconf 89' lang='lat' dir='ltr'><strong>operam,</strong></span> <span class='ocrx_word' id='word_1_778' title='bbox 1096 5566 1152 5620; x_wconf 94' lang='lat' dir='ltr'><strong>in</strong></span> <span class='ocrx_word' id='word_1_779' title='bbox 1184 5565 1313 5621; x_wconf 92' lang='lat' dir='ltr'><strong>boni</strong></span> <span class='ocrx_word' id='word_1_780' title='bbox 1333 5565 1478 5637; x_wconf 89' lang='lat' dir='ltr'><strong>regis</strong></span> <span class='ocrx_word' id='word_1_781' title='bbox 1507 5564 1687 5618; x_wconf 93' lang='lat' dir='ltr'><strong>aulam</strong></span> <span class='ocrx_word' id='word_1_782' title='bbox 1724 5563 1768 5595; x_wconf 68' lang='grc' dir='ltr'><strong>δ’</strong></span> <span class='ocrx_word' id='word_1_783' title='bbox 1800 5578 1865 5618; x_wconf 90' lang='lat' dir='ltr'><strong>ac</strong></span> <span class='ocrx_word' id='word_1_784' title='bbox 1892 5565 2017 5633; x_wconf 88' lang='lat' dir='ltr'><strong>jura</strong></span> 
     </span>
    </p>
   </div>
   <div class='ocr_carea' id='block_1_102' title="bbox 505 5681 1711 5754">
    <p class='ocr_par' dir='ltr' id='par_1_102' title="bbox 505 5681 1711 5754">
     <span class='ocr_line' id='line_1_102' title="bbox 505 5681 1711 5754; baseline 0.009 -20"><span class='ocrx_word' id='word_1_785' title='bbox 505 5682 553 5754; x_wconf 52' lang='grc' dir='ltr'><strong>ξ’</strong></span> <span class='ocrx_word' id='word_1_786' title='bbox 587 5681 854 5751; x_wconf 82' lang='lat' dir='ltr'><strong>Recognit.</strong></span> <span class='ocrx_word' id='word_1_787' title='bbox 917 5700 967 5737; x_wconf 91' lang='lat' dir='ltr'><strong>v.</strong></span> <span class='ocrx_word' id='word_1_788' title='bbox 1037 5701 1086 5740; x_wconf 91' lang='lat' dir='ltr'><strong>c.</strong></span> <span class='ocrx_word' id='word_1_789' title='bbox 1139 5686 1190 5754; x_wconf 89' lang='lat'><strong>7,</strong></span> <span class='ocrx_word' id='word_1_790' title='bbox 1236 5690 1456 5743; x_wconf 86' lang='lat' dir='ltr'><strong>totidem</strong></span> <span class='ocrx_word' id='word_1_791' title='bbox 1508 5690 1711 5745; x_wconf 83' lang='lat' dir='ltr'><strong>verbis.</strong></span> 
     </span>
    </p>
   </div>
   <div class='ocr_carea' id='block_1_103' title="bbox 424 5752 1711 5827">
    <p class='ocr_par' dir='ltr' id='par_1_103' title="bbox 424 5752 1711 5827">
     <span class='ocr_line' id='line_1_103' title="bbox 424 5752 1711 5827; baseline 0.009 -22"><span class='ocrx_word' id='word_1_792' title='bbox 424 5752 579 5827; x_wconf 71' lang='lat' dir='ltr'><strong>ibid.,</strong></span> <span class='ocrx_word' id='word_1_793' title='bbox 606 5769 655 5809; x_wconf 90' lang='lat' dir='ltr'><strong>c.</strong></span> <span class='ocrx_word' id='word_1_794' title='bbox 682 5756 733 5807; x_wconf 82' lang='lat'><strong>9.</strong></span> <span class='ocrx_word' id='word_1_795' title='bbox 835 5756 879 5827; x_wconf 59' lang='grc' dir='ltr'><strong>δξ</strong></span> <span class='ocrx_word' id='word_1_796' title='bbox 906 5756 1133 5827; x_wconf 69' lang='lat' dir='ltr'><strong>fmdum.</strong></span> <span class='ocrx_word' id='word_1_797' title='bbox 1178 5752 1185 5754; x_wconf 44' lang='grc'><strong><em>⁷</em></strong></span> <span class='ocrx_word' id='word_1_798' title='bbox 1223 5760 1268 5791; x_wconf 71' lang='grc'><strong>⁴³</strong></span> <span class='ocrx_word' id='word_1_799' title='bbox 1294 5759 1482 5816; x_wconf 81' lang='lat' dir='ltr'><strong>Matth.</strong></span> <span class='ocrx_word' id='word_1_800' title='bbox 1515 5777 1590 5827; x_wconf 77' lang='lat' dir='ltr'><strong>vr,</strong></span> <span class='ocrx_word' id='word_1_801' title='bbox 1620 5764 1711 5817; x_wconf 70' lang='grc'><strong>24.</strong></span> 
     </span>
    </p>
   </div>
   <div class='ocr_carea' id='block_1_104' title="bbox 418 5823 1689 5899">
    <p class='ocr_par' dir='ltr' id='par_1_104' title="bbox 418 5823 1689 5899">
     <span class='ocr_line' id='line_1_104' title="bbox 418 5823 1689 5899; baseline 0.006 -20"><span class='ocrx_word' id='word_1_802' title='bbox 418 5823 469 5854; x_wconf 70' lang='grc'>⁴⁷</span> <span class='ocrx_word' id='word_1_803' title='bbox 496 5824 632 5880; x_wconf 85' lang='lat' dir='ltr'><strong>Gen.</strong></span> <span class='ocrx_word' id='word_1_804' title='bbox 675 5838 823 5890; x_wconf 79' lang='lat' dir='ltr'><strong>xux,</strong></span> <span class='ocrx_word' id='word_1_805' title='bbox 862 5825 949 5879; x_wconf 74' lang='lat'><strong>10.</strong></span> <span class='ocrx_word' id='word_1_806' title='bbox 1026 5828 1069 5859; x_wconf 74' lang='lat'>“</span> <span class='ocrx_word' id='word_1_807' title='bbox 1099 5826 1369 5899; x_wconf 80' lang='lat' dir='ltr'><strong>Recoguit.</strong></span> <span class='ocrx_word' id='word_1_808' title='bbox 1429 5848 1483 5895; x_wconf 90' lang='lat' dir='ltr'><strong>v,</strong></span> <span class='ocrx_word' id='word_1_809' title='bbox 1517 5823 1689 5887; x_wconf 55' lang='grc' dir='ltr'><strong>σξη.</strong></span> 
     </span>
    </p>
   </div>
   <div class='ocr_carea' id='block_1_105' title="bbox 1818 5690 2290 5746">
    <p class='ocr_par' dir='ltr' id='par_1_105' title="bbox 1818 5690 2290 5746">
     <span class='ocr_line' id='line_1_105' title="bbox 1818 5690 2290 5746; baseline 0.006 -4"><span class='ocrx_word' id='word_1_810' title='bbox 1818 5690 1863 5723; x_wconf 85' lang='grc'><strong>³⁹</strong></span> <span class='ocrx_word' id='word_1_811' title='bbox 1895 5690 2290 5746; x_wconf 77' lang='lat' dir='ltr'><strong>insatiabiliter.</strong></span> 
     </span>
    </p>
   </div>
   <div class='ocr_carea' id='block_1_106' title="bbox 1811 5759 3306 5833">
    <p class='ocr_par' dir='ltr' id='par_1_106' title="bbox 1811 5759 3306 5833">
     <span class='ocr_line' id='line_1_106' title="bbox 1811 5759 3306 5833; baseline -0.001 -19"><span class='ocrx_word' id='word_1_812' title='bbox 1811 5761 1858 5793; x_wconf 70' lang='grc'><strong>’⁸⁸</strong></span> <span class='ocrx_word' id='word_1_813' title='bbox 1889 5761 2159 5832; x_wconf 74' lang='lat' dir='ltr'><strong>liecoguit.</strong></span> <span class='ocrx_word' id='word_1_814' title='bbox 2193 5780 2243 5828; x_wconf 84' lang='grc' dir='ltr'><strong>ν,</strong></span> <span class='ocrx_word' id='word_1_815' title='bbox 2270 5779 2321 5819; x_wconf 90' lang='lat' dir='ltr'><strong>c.</strong></span> <span class='ocrx_word' id='word_1_816' title='bbox 2356 5763 2443 5819; x_wconf 79' lang='grc'><strong>10.</strong></span> <span class='ocrx_word' id='word_1_817' title='bbox 2519 5761 2584 5833; x_wconf 65' lang='grc' dir='ltr'><strong>ι”δ</strong></span> <span class='ocrx_word' id='word_1_818' title='bbox 2619 5762 2914 5830; x_wconf 69' lang='grc' dir='ltr'><strong>Ιίεσορηὶε.,</strong></span> <span class='ocrx_word' id='word_1_819' title='bbox 2949 5760 3105 5824; x_wconf 87' lang='lat' dir='ltr'><strong>ibid.,</strong></span> <span class='ocrx_word' id='word_1_820' title='bbox 3139 5775 3191 5817; x_wconf 90' lang='lat' dir='ltr'><strong>c.</strong></span> <span class='ocrx_word' id='word_1_821' title='bbox 3220 5759 3306 5814; x_wconf 81' lang='grc' dir='ltr'><strong>Η.</strong></span> 
     </span>
    </p>
   </div>
   <div class='ocr_carea' id='block_1_107' title="bbox 2123 4638 3709 4711">
    <p class='ocr_par' dir='ltr' id='par_1_107' title="bbox 2123 4638 3709 4711">
     <span class='ocr_line' id='line_1_107' title="bbox 2123 4638 3709 4711; baseline -0.001 -22"><span class='ocrx_word' id='word_1_822' title='bbox 2123 4638 2327 4692; x_wconf 87' lang='lat' dir='ltr'><strong>invidia</strong></span> <span class='ocrx_word' id='word_1_823' title='bbox 2344 4640 2621 4707; x_wconf 74' lang='lat' dir='ltr'><strong>exczecati,</strong></span> <span class='ocrx_word' id='word_1_824' title='bbox 2642 4656 2937 4711; x_wconf 89' lang='lat' dir='ltr'><strong>agnoscere</strong></span> <span class='ocrx_word' id='word_1_825' title='bbox 2962 4642 3328 4709; x_wconf 90' lang='lat' dir='ltr'><strong>nequiverunt</strong></span> <span class='ocrx_word' id='word_1_826' title='bbox 3345 4648 3709 4710; x_wconf 50' lang='lat' dir='ltr'><strong>praesentem,</strong></span> 
     </span>
    </p>
   </div>
   <div class='ocr_carea' id='block_1_108' title="bbox 2122 4731 3713 4802">
    <p class='ocr_par' dir='ltr' id='par_1_108' title="bbox 2122 4731 3713 4802">
     <span class='ocr_line' id='line_1_108' title="bbox 2122 4731 3713 4802; baseline -0.001 -19"><span class='ocrx_word' id='word_1_827' title='bbox 2122 4731 2177 4784; x_wconf 90' lang='lat' dir='ltr'><strong>in</strong></span> <span class='ocrx_word' id='word_1_828' title='bbox 2204 4731 2364 4800; x_wconf 87' lang='lat' dir='ltr'><strong>cujus</strong></span> <span class='ocrx_word' id='word_1_829' title='bbox 2394 4746 2491 4802; x_wconf 81' lang='lat' dir='ltr'><strong>Spe</strong></span> <span class='ocrx_word' id='word_1_830' title='bbox 2519 4734 2843 4787; x_wconf 58' lang='lat' dir='ltr'><strong>laetabantur</strong></span> <span class='ocrx_word' id='word_1_831' title='bbox 2874 4734 3139 4788; x_wconf 85' lang='lat' dir='ltr'><strong>absentis.</strong></span> <span class='ocrx_word' id='word_1_832' title='bbox 3161 4732 3549 4787; x_wconf 80' lang='lat' dir='ltr'><strong>lntellexeruut</strong></span> <span class='ocrx_word' id='word_1_833' title='bbox 3576 4740 3713 4782; x_wconf 79' lang='lat' dir='ltr'><strong>tan-</strong></span> 
     </span>
    </p>
   </div>
   <div class='ocr_carea' id='block_1_109' title="bbox 2122 4825 3710 4898">
    <p class='ocr_par' dir='ltr' id='par_1_109' title="bbox 2122 4825 3710 4898">
     <span class='ocr_line' id='line_1_109' title="bbox 2122 4825 3710 4898; baseline -0.001 -22"><span class='ocrx_word' id='word_1_834' title='bbox 2122 4834 2236 4877; x_wconf 88' lang='lat' dir='ltr'><strong>tum</strong></span> <span class='ocrx_word' id='word_1_835' title='bbox 2268 4825 2445 4879; x_wconf 90' lang='lat' dir='ltr'><strong>sancti</strong></span> <span class='ocrx_word' id='word_1_836' title='bbox 2474 4827 2739 4898; x_wconf 74' lang='lat' dir='ltr'><strong>apostoli,</strong></span> <span class='ocrx_word' id='word_1_837' title='bbox 2772 4828 2866 4895; x_wconf 86' lang='lat' dir='ltr'><strong>qui</strong></span> <span class='ocrx_word' id='word_1_838' title='bbox 2895 4841 2925 4878; x_wconf 88' lang='lat' dir='ltr'><strong>a</strong></span> <span class='ocrx_word' id='word_1_839' title='bbox 2952 4826 3061 4881; x_wconf 92' lang='lat' dir='ltr'><strong>Deo</strong></span> <span class='ocrx_word' id='word_1_840' title='bbox 3088 4825 3249 4880; x_wconf 90' lang='lat' dir='ltr'><strong>electi</strong></span> <span class='ocrx_word' id='word_1_841' title='bbox 3298 4831 3450 4884; x_wconf 91' lang='lat' dir='ltr'><strong>sunt,</strong></span> <span class='ocrx_word' id='word_1_842' title='bbox 3485 4833 3539 4877; x_wconf 88' lang='lat' dir='ltr'><strong>et</strong></span> <span class='ocrx_word' id='word_1_843' title='bbox 3574 4837 3710 4883; x_wconf 81' lang='lat' dir='ltr'><strong>nos,</strong></span> 
     </span>
    </p>
   </div>
   <div class='ocr_carea' id='block_1_110' title="bbox 2122 4914 3701 4991">
    <p class='ocr_par' dir='ltr' id='par_1_110' title="bbox 2122 4914 3701 4991">
     <span class='ocr_line' id='line_1_110' title="bbox 2122 4914 3701 4991; baseline -0.006 -16"><span class='ocrx_word' id='word_1_844' title='bbox 2122 4923 2215 4990; x_wconf 90' lang='lat' dir='ltr'><strong>qui</strong></span> <span class='ocrx_word' id='word_1_845' title='bbox 2246 4929 2370 4991; x_wconf 86' lang='lat' dir='ltr'><strong>post</strong></span> <span class='ocrx_word' id='word_1_846' title='bbox 2407 4922 2475 4975; x_wconf 92' lang='lat' dir='ltr'><strong>ab</strong></span> <span class='ocrx_word' id='word_1_847' title='bbox 2499 4922 2581 4976; x_wconf 90' lang='lat' dir='ltr'><strong>eis</strong></span> <span class='ocrx_word' id='word_1_848' title='bbox 2631 4921 2787 4976; x_wconf 91' lang='lat' dir='ltr'><strong>electi</strong></span> <span class='ocrx_word' id='word_1_849' title='bbox 2822 4935 3033 4975; x_wconf 91' lang='lat' dir='ltr'><strong>sumus.</strong></span> <span class='ocrx_word' id='word_1_850' title='bbox 3070 4919 3115 4951; x_wconf 66' lang='grc'>⁸⁸</span> <span class='ocrx_word' id='word_1_851' title='bbox 3138 4918 3252 4972; x_wconf 82' lang='lat' dir='ltr'><strong>Hoc</strong></span> <span class='ocrx_word' id='word_1_852' title='bbox 3285 4928 3469 4971; x_wconf 91' lang='lat' dir='ltr'><strong>autem</strong></span> <span class='ocrx_word' id='word_1_853' title='bbox 3514 4914 3701 4984; x_wconf 74' lang='lat' dir='ltr'><strong>provi-</strong></span> 
     </span>
    </p>
   </div>
   <div class='ocr_carea' id='block_1_111' title="bbox 2120 5009 3717 5082">
    <p class='ocr_par' dir='ltr' id='par_1_111' title="bbox 2120 5009 3717 5082">
     <span class='ocr_line' id='line_1_111' title="bbox 2120 5009 3717 5082; baseline -0.007 -13"><span class='ocrx_word' id='word_1_854' title='bbox 2120 5014 2305 5069; x_wconf 91' lang='lat' dir='ltr'><strong>dentia</strong></span> <span class='ocrx_word' id='word_1_855' title='bbox 2338 5014 2431 5068; x_wconf 91' lang='lat' dir='ltr'><strong>Dei</strong></span> <span class='ocrx_word' id='word_1_856' title='bbox 2465 5013 2668 5067; x_wconf 90' lang='lat' dir='ltr'><strong>factum</strong></span> <span class='ocrx_word' id='word_1_857' title='bbox 2692 5022 2798 5075; x_wconf 90' lang='lat' dir='ltr'><strong>est,</strong></span> <span class='ocrx_word' id='word_1_858' title='bbox 2827 5022 2886 5067; x_wconf 88' lang='lat' dir='ltr'><strong>ut</strong></span> <span class='ocrx_word' id='word_1_859' title='bbox 2919 5012 3126 5082; x_wconf 87' lang='lat' dir='ltr'><strong>agnitio</strong></span> <span class='ocrx_word' id='word_1_860' title='bbox 3165 5011 3297 5066; x_wconf 89' lang='lat' dir='ltr'><strong>boni</strong></span> <span class='ocrx_word' id='word_1_861' title='bbox 3337 5010 3504 5079; x_wconf 85' lang='lat' dir='ltr'><strong>hujus</strong></span> <span class='ocrx_word' id='word_1_862' title='bbox 3530 5009 3717 5061; x_wconf 83' lang='lat' dir='ltr'><strong>etiam</strong></span> 
     </span>
    </p>
   </div>
   <div class='ocr_carea' id='block_1_112' title="bbox 2121 5102 3709 5177">
    <p class='ocr_par' dir='ltr' id='par_1_112' title="bbox 2121 5102 3709 5177">
     <span class='ocr_line' id='line_1_112' title="bbox 2121 5102 3709 5177; baseline -0.005 -17"><span class='ocrx_word' id='word_1_863' title='bbox 2121 5108 2375 5177; x_wconf 89' lang='lat' dir='ltr'><strong>gentibus</strong></span> <span class='ocrx_word' id='word_1_864' title='bbox 2406 5105 2749 5171; x_wconf 89' lang='lat' dir='ltr'><strong>traderetur;</strong></span> <span class='ocrx_word' id='word_1_865' title='bbox 2792 5113 2846 5160; x_wconf 88' lang='lat' dir='ltr'><strong>et</strong></span> <span class='ocrx_word' id='word_1_866' title='bbox 2873 5106 2927 5159; x_wconf 91' lang='lat' dir='ltr'><strong>hi</strong></span> <span class='ocrx_word' id='word_1_867' title='bbox 2954 5105 3045 5174; x_wconf 90' lang='lat' dir='ltr'><strong>qui</strong></span> <span class='ocrx_word' id='word_1_868' title='bbox 3080 5117 3363 5173; x_wconf 89' lang='lat' dir='ltr'><strong>nunquam</strong></span> <span class='ocrx_word' id='word_1_869' title='bbox 3396 5102 3465 5155; x_wconf 91' lang='lat' dir='ltr'><strong>de</strong></span> <span class='ocrx_word' id='word_1_870' title='bbox 3506 5114 3574 5155; x_wconf 90' lang='lat' dir='ltr'><strong>eo</strong></span> <span class='ocrx_word' id='word_1_871' title='bbox 3598 5114 3709 5151; x_wconf 83' lang='lat' dir='ltr'><strong>au-</strong></span> 
     </span>
    </p>
   </div>
   <div class='ocr_carea' id='block_1_113' title="bbox 2120 5196 3715 5267">
    <p class='ocr_par' dir='ltr' id='par_1_113' title="bbox 2120 5196 3715 5267">
     <span class='ocr_line' id='line_1_113' title="bbox 2120 5196 3715 5267; baseline -0.005 -16"><span class='ocrx_word' id='word_1_872' title='bbox 2120 5198 2354 5257; x_wconf 91' lang='lat' dir='ltr'><strong>dierant.</strong></span> <span class='ocrx_word' id='word_1_873' title='bbox 2387 5214 2490 5253; x_wconf 87' lang='lat' dir='ltr'><strong>nec</strong></span> <span class='ocrx_word' id='word_1_874' title='bbox 2520 5214 2549 5250; x_wconf 91' lang='lat' dir='ltr'><strong>a</strong></span> <span class='ocrx_word' id='word_1_875' title='bbox 2604 5198 2880 5267; x_wconf 89' lang='lat' dir='ltr'><strong>prophetis</strong></span> <span class='ocrx_word' id='word_1_876' title='bbox 2936 5196 3280 5257; x_wconf 87' lang='lat' dir='ltr'><strong>didicerant,</strong></span> <span class='ocrx_word' id='word_1_877' title='bbox 3334 5200 3715 5261; x_wconf 69' lang='lat' dir='ltr'><strong>agnoscerent</strong></span> 
     </span>
    </p>
   </div>
   <div class='ocr_carea' id='block_1_114' title="bbox 2119 5285 3714 5360">
    <p class='ocr_par' dir='ltr' id='par_1_114' title="bbox 2119 5285 3714 5360">
     <span class='ocr_line' id='line_1_114' title="bbox 2119 5285 3714 5360; baseline -0.008 -15"><span class='ocrx_word' id='word_1_878' title='bbox 2119 5306 2276 5355; x_wconf 89' lang='lat' dir='ltr'><strong>eum;</strong></span> <span class='ocrx_word' id='word_1_879' title='bbox 2311 5291 2385 5344; x_wconf 92' lang='lat' dir='ltr'><strong>illi</strong></span> <span class='ocrx_word' id='word_1_880' title='bbox 2420 5304 2571 5348; x_wconf 81' lang='lat' dir='ltr'><strong>vero.</strong></span> <span class='ocrx_word' id='word_1_881' title='bbox 2604 5292 2699 5359; x_wconf 82' lang='lat' dir='ltr'><strong>qui</strong></span> <span class='ocrx_word' id='word_1_882' title='bbox 2722 5290 3059 5360; x_wconf 88' lang='lat' dir='ltr'><strong>quotidianis</strong></span> <span class='ocrx_word' id='word_1_883' title='bbox 3090 5285 3541 5341; x_wconf 88' lang='lat' dir='ltr'><strong>meditationibus</strong></span> <span class='ocrx_word' id='word_1_884' title='bbox 3567 5299 3714 5336; x_wconf 62' lang='lat' dir='ltr'><strong>evao</strong></span> 
     </span>
    </p>
   </div>
   <div class='ocr_carea' id='block_1_115' title="bbox 2121 5376 3717 5453">
    <p class='ocr_par' dir='ltr' id='par_1_115' title="bbox 2121 5376 3717 5453">
     <span class='ocr_line' id='line_1_115' title="bbox 2121 5376 3717 5453; baseline -0.006 -17"><span class='ocrx_word' id='word_1_885' title='bbox 2121 5390 2373 5445; x_wconf 87' lang='lat' dir='ltr'><strong>nuerant,</strong></span> <span class='ocrx_word' id='word_1_886' title='bbox 2408 5383 2741 5453; x_wconf 88' lang='lat' dir='ltr'><strong>ignorarent.</strong></span> <span class='ocrx_word' id='word_1_887' title='bbox 2776 5381 2917 5436; x_wconf 81' lang='lat' dir='ltr'><strong>Ecce</strong></span> <span class='ocrx_word' id='word_1_888' title='bbox 2942 5380 3088 5434; x_wconf 90' lang='lat' dir='ltr'><strong>enim</strong></span> <span class='ocrx_word' id='word_1_889' title='bbox 3117 5394 3265 5433; x_wconf 87' lang='lat' dir='ltr'><strong>nunc</strong></span> <span class='ocrx_word' id='word_1_890' title='bbox 3316 5392 3414 5446; x_wconf 90' lang='lat' dir='ltr'><strong>per</strong></span> <span class='ocrx_word' id='word_1_891' title='bbox 3449 5390 3567 5434; x_wconf 87' lang='lat' dir='ltr'><strong>vos.</strong></span> <span class='ocrx_word' id='word_1_892' title='bbox 3601 5376 3717 5443; x_wconf 88' lang='lat' dir='ltr'><strong>qui</strong></span> 
     </span>
    </p>
   </div>
   <div class='ocr_carea' id='block_1_116' title="bbox 2120 5468 3717 5544">
    <p class='ocr_par' dir='ltr' id='par_1_116' title="bbox 2120 5468 3717 5544">
     <span class='ocr_line' id='line_1_116' title="bbox 2120 5468 3717 5544; baseline -0.003 -16"><span class='ocrx_word' id='word_1_893' title='bbox 2120 5483 2415 5544; x_wconf 68' lang='lat' dir='ltr'><strong>praesentes</strong></span> <span class='ocrx_word' id='word_1_894' title='bbox 2460 5476 2616 5537; x_wconf 92' lang='lat' dir='ltr'><strong>estis,</strong></span> <span class='ocrx_word' id='word_1_895' title='bbox 2673 5483 2727 5529; x_wconf 91' lang='lat' dir='ltr'><strong>et</strong></span> <span class='ocrx_word' id='word_1_896' title='bbox 2757 5474 3085 5529; x_wconf 88' lang='lat' dir='ltr'><strong>desideratis</strong></span> <span class='ocrx_word' id='word_1_897' title='bbox 3138 5472 3328 5525; x_wconf 89' lang='lat' dir='ltr'><strong>audire</strong></span> <span class='ocrx_word' id='word_1_898' title='bbox 3380 5468 3717 5523; x_wconf 79' lang='lat' dir='ltr'><strong>doctrinam</strong></span> 
     </span>
    </p>
   </div>
   <div class='ocr_carea' id='block_1_117' title="bbox 2120 5562 3719 5636">
    <p class='ocr_par' dir='ltr' id='par_1_117' title="bbox 2120 5562 3719 5636">
     <span class='ocr_line' id='line_1_117' title="bbox 2120 5562 3719 5636; baseline -0.003 -17"><span class='ocrx_word' id='word_1_899' title='bbox 2120 5565 2241 5621; x_wconf 91' lang='lat' dir='ltr'><strong>ﬁdei</strong></span> <span class='ocrx_word' id='word_1_900' title='bbox 2265 5566 2406 5636; x_wconf 90' lang='lat' dir='ltr'><strong>ejus,</strong></span> <span class='ocrx_word' id='word_1_901' title='bbox 2435 5574 2490 5621; x_wconf 90' lang='lat' dir='ltr'><strong>et</strong></span> <span class='ocrx_word' id='word_1_902' title='bbox 2518 5580 2814 5636; x_wconf 80' lang='lat' dir='ltr'><strong>agnoscere</strong></span> <span class='ocrx_word' id='word_1_903' title='bbox 2857 5565 2979 5634; x_wconf 91' lang='lat' dir='ltr'><strong>quis</strong></span> <span class='ocrx_word' id='word_1_904' title='bbox 3009 5572 3062 5619; x_wconf 89' lang='lat' dir='ltr'><strong>et</strong></span> <span class='ocrx_word' id='word_1_905' title='bbox 3101 5562 3380 5633; x_wconf 91' lang='lat' dir='ltr'><strong>quomodo</strong></span> <span class='ocrx_word' id='word_1_906' title='bbox 3408 5569 3461 5615; x_wconf 86' lang='lat' dir='ltr'><strong>et</strong></span> <span class='ocrx_word' id='word_1_907' title='bbox 3511 5563 3719 5630; x_wconf 80' lang='lat' dir='ltr'><strong>qualis</strong></span> 
     </span>
    </p>
   </div>
   <div class='ocr_carea' id='block_1_118' title="bbox 2837 5687 3735 5757">
    <p class='ocr_par' dir='ltr' id='par_1_118' title="bbox 2837 5687 3735 5757">
     <span class='ocr_line' id='line_1_118' title="bbox 2837 5687 3735 5757; baseline 0.001 -17"><span class='ocrx_word' id='word_1_908' title='bbox 2837 5689 2990 5755; x_wconf 88' lang='lat' dir='ltr'><strong>ibid.,</strong></span> <span class='ocrx_word' id='word_1_909' title='bbox 3056 5702 3107 5743; x_wconf 90' lang='lat' dir='ltr'><strong>e.</strong></span> <span class='ocrx_word' id='word_1_910' title='bbox 3154 5687 3188 5742; x_wconf 87' lang='lat'><strong>8</strong></span> <span class='ocrx_word' id='word_1_911' title='bbox 3322 5689 3367 5719; x_wconf 78' lang='lat'>“</span> <span class='ocrx_word' id='word_1_912' title='bbox 3390 5687 3735 5757; x_wconf 74' lang='lat' dir='ltr'><strong>-Recognit..</strong></span> 
     </span>
    </p>
   </div>
   <div class='ocr_carea' id='block_1_119' title="bbox 3402 5761 3735 5829">
    <p class='ocr_par' dir='ltr' id='par_1_119' title="bbox 3402 5761 3735 5829">
     <span class='ocr_line' id='line_1_119' title="bbox 3402 5761 3735 5829; baseline 0.003 -18"><span class='ocrx_word' id='word_1_913' title='bbox 3402 5761 3449 5790; x_wconf 76' lang='lat'><strong>“</strong></span> <span class='ocrx_word' id='word_1_914' title='bbox 3470 5761 3615 5829; x_wconf 77' lang='lat' dir='ltr'><strong>Agg.</strong></span> <span class='ocrx_word' id='word_1_915' title='bbox 3664 5776 3735 5813; x_wconf 84' lang='grc' dir='ltr'><strong>ιι.</strong></span> 
     </span>
    </p>
   </div>
   <div class='ocr_carea' id='block_1_120' title="bbox 2401 5690 2767 5759">
    <p class='ocr_par' dir='ltr' id='par_1_120' title="bbox 2401 5690 2767 5759">
     <span class='ocr_line' id='line_1_120' title="bbox 2401 5690 2767 5759; baseline -0.011 -14"><span class='ocrx_word' id='word_1_916' title='bbox 2401 5693 2447 5724; x_wconf 71' lang='lat'>“</span> <span class='ocrx_word' id='word_1_917' title='bbox 2476 5690 2742 5759; x_wconf 80' lang='lat' dir='ltr'><strong>Recogm&#39;l.</strong></span> <span class='ocrx_word' id='word_1_918' title='bbox 2754 5729 2767 5751; x_wconf 94' lang='lat'><strong>,</strong></span> 
     </span>
    </p>
   </div>
  </div>
