3740 6262
197 270 309 355 ,9?
1440 302 1786 358 rptsrom:

210 392 415 487 liareius
456 391 731 461 adventus.
787 408 1170 476 prophetica
1217 417 1411 472 veritas
1454 419 1793 487 adimpletur.

199 507 248 547 ιν
270 484 374 546 Hoc
392 487 528 539 enim
560 489 857 558 prophetae
889 497 950 530 ⁸ο
986 507 1382 571 praedixerant,
1413 509 1535 575 quia
1584 484 1616 559 a
1644 509 1793 561 vobis

185 578 509 676 “mercurius
536 590 711 676 esset,
742 585 850 653 Qui
884 590 965 645 de
1006 610 1079 648 eo
1116 613 1390 666 nunquam
1418 597 1640 651 audistis
1662 637 1675 651 .
1731 597 1796 650 Et

204 670 317 752 ide“
334 670 582 725 “demes
610 672 674 727 in
705 676 879 733 vobis
930 681 1080 751 ipsis
1125 687 1432 754 prophetica
1477 686 1619 739 dicta
1648 701 1794 739 com-

233 766 367 849 ‘ueri,
389 764 519 818 huic
542 763 642 817 uni
668 773 833 822 recte
864 774 1130 835 creditis,
1162 776 1304 829 hunc
1341 783 1485 830 recte
1516 786 1793 844 exspecta-

251 868 322 923 tis.
348 859 412 913 de
442 858 545 911 hoc
572 865 727 913 recte
758 859 1085 930 inquiritis,
1117 873 1174 918 ut
1196 881 1302 919 non
1325 866 1494 919 solum
1515 874 1792 934 exspecte-

260 957 316 1008 tis
336 967 474 1016 eum,
507 950 604 1006 sed
633 956 689 1004 et
722 950 1115 1008 hcereditatem
1159 955 1308 1024 regni
1357 956 1474 1024 ejus
1515 956 1791 1009 credentes

265 1043 664 1113 consequamiui,
731 1045 1046 1098 secundum
1097 1046 1237 1115 quod
1290 1048 1403 1115 ipse
1455 1048 1610 1109 dixit,
1667 1049 1791 1115 quia

263 1135 611 1202 unusquisque
641 1133 795 1187 illius
848 1134 908 1187 ﬁt
936 1150 1151 1199 servus,
1192 1138 1277 1190 cui
1308 1153 1365 1191 se
1405 1137 1517 1205 ipse
1549 1136 1792 1204 subjece-

260 1229 325 1281 rit.
350 1228 392 1259 ⁸¹
428 1226 735 1295 PrOpterea
767 1240 899 1295 ergo
929 1226 1169 1295 vigilate,
1197 1235 1249 1280 et
1279 1226 1556 1279 Dominum
1595 1226 1791 1279 Deum-

254 1333 333 1386 que
360 1323 616 1370 nostrum
679 1315 840 1369 vobis
871 1317 1201 1370 conscribite
1241 1316 1542 1379 Dominum.
1595 1320 1687 1386 qui
1739 1325 1793 1372 et

251 1407 350 1461 coeli
383 1423 445 1461 ac
478 1413 649 1460 terra:
686 1404 955 1460 Dominus
985 1412 1089 1460 est.
1119 1405 1183 1459 Et
1210 1408 1273 1461 ad
1307 1408 1473 1476 ipsius
1517 1423 1613 1462 vos
1659 1409 1792 1461 ima-

246 1500 401 1568 ginem
425 1512 491 1549 ac
523 1496 951 1550 similitudinem
980 1496 1286 1562 reformate,
1319 1499 1456 1552 sicut
1500 1499 1614 1566 ipse
1635 1514 1791 1553 verus

249 1587 487 1656 propheta
512 1585 707 1647 docet,
739 1585 958 1639 dicens:
986 1586 1165 1639 Estote
1193 1586 1331 1649 boni,
1363 1596 1409 1640 et
1439 1587 1790 1641 misericordes

243 1678 357 1731 sicut
393 1686 442 1729 et
468 1675 648 1728 Pater
670 1684 841 1728 vester
857 1676 1077 1729 calcatis
1107 1676 1399 1729 misericors
1426 1686 1523 1739 est,
1554 1678 1641 1745 qui
1665 1679 1793 1730 oriri

240 1766 350 1833 facit
373 1766 546 1819 solem
576 1780 744 1818 suum
780 1781 935 1833 super
966 1765 1123 1818 bonos
1145 1775 1193 1819 et
1216 1767 1398 1825 malos.
1421 1775 1470 1819 ct
1490 1767 1620 1833 pluit
1641 1784 1792 1836 super

231 1858 387 1925 justas
419 1867 469 1910 et
504 1856 749 1925 injustas
777 1857 846 1910 ".
879 1855 1032 1909 Hunc
1059 1872 1187 1925 ergo
1216 1858 1490 1910 imitamini
1510 1897 1523 1918 ,
1564 1864 1618 1911 et
1652 1858 1793 1913 hunc

242 1952 441 2015 timete;
479 1957 539 2002 et
566 1950 724 2003 sicut
749 1948 1062 2001 mandatum
1109 1947 1267 2000 datur
1317 1946 1644 2010 hominibus,
1684 1946 1791 2001 Do-

238 2041 419 2093 minum
474 2039 655 2091 Deum
688 2048 841 2089 tuum
882 2036 1106 2099 timebis,
1157 2046 1205 2090 et
1246 2036 1326 2089 illi
1356 2036 1455 2090 soli
1508 2039 1691 2090 servies
1721 2038 1786 2092 ⁵³.

236 2127 277 2160 ³³
303 2127 630 2182 [inﬁdelibus
674 2127 898 2196 quidem
926 2125 1126 2180 dormit
1152 2125 1407 2181 Dominus
1432 2164 1446 2189 ,
1497 2133 1550 2179 et
1596 2127 1789 2181 absens

234 2221 454 2274 habetur
483 2220 577 2273 his
613 2233 647 2270 a
676 2217 882 2286 quibus
911 2230 1031 2269 esse
1059 2230 1167 2268 non
1196 2214 1452 2277 creditur,
1486 2222 1540 2269 et
1568 2216 1787 2268 manda-

233 2311 295 2369 tis
334 2311 455 2378 ejus
487 2324 607 2362 non
656 2306 957 2371 obediunt;
994 2312 1154 2373 atque
1202 2305 1270 2357 ob
1313 2303 1363 2356 id
1418 2304 1526 2358 illis
1578 2303 1788 2358 videtur

231 2400 372 2466 quasi
402 2399 658 2453 dormire
673 2396 965 2457 Dominus,
997 2394 1122 2462 quia
1150 2408 1244 2461 pro
1268 2393 1498 2460 peccatis
1531 2393 1643 2447 suis
1679 2409 1787 2448 non

230 2489 622 2541 exaudiuntur.
681 2487 732 2518 "
763 2486 1105 2555 Quapropter
1149 2484 1357 2538 cunctis
1408 2484 1682 2549 ﬁdelibus,
1735 2492 1788 2539 et

230 2593 573 2649 summopere
603 2577 870 2631 omnibus
900 2576 1227 2644 presbyteris
1261 2584 1313 2631 et
1344 2574 1586 2628 diaconis
1625 2582 1677 2628 et
1705 2590 1787 2629 re-

231 2668 383 2737 liquis
435 2670 667 2724 clericis
730 2665 1119 2720 attendendum
1152 2673 1233 2719 est
1296 2672 1354 2717 ut
1401 2665 1534 2717 nihil
1586 2665 1787 2732 absque

228 2760 454 2829 episcopi
487 2758 705 2829 proprii
742 2756 960 2810 licentia
987 2762 1165 2824 agant.
1192 2756 1236 2786 "
1267 2754 1380 2808 Non
1397 2755 1577 2823 utique
1595 2754 1787 2809 missas

225 2851 337 2905 sine
370 2853 491 2920 ejus
540 2852 709 2919 jussu
760 2847 1055 2916 quisquam
1106 2844 1537 2912 presbyterorum
1592 2844 1646 2896 in
1689 2858 1786 2896 sua

223 2941 475 3009 parochia
505 2948 663 3010 agat,
697 2952 811 2991 non
844 2934 1098 3004 baptizet,
1132 2949 1229 2987 nec
1252 2934 1539 3001 quidquam
1586 2932 1787 3000 absque

222 3032 335 3097 ejus
359 3032 649 3102 permissu
697 3029 884 3082 faciat.
940 3025 1199 3078 Similiter
1252 3031 1304 3077 et
1337 3024 1529 3092 reliqui
1584 3023 1783 3091 populi,

220 3124 454 3192 majores
489 3122 717 3176 scilicet
753 3133 819 3171 ac
842 3117 1080 3171 minores
1106 3115 1175 3179 ",
1199 3128 1293 3182 per
1329 3114 1445 3181 ejus
1494 3113 1779 3178 licentiam,

220 3214 478 3283 quidquid
538 3209 819 3281 agendum
851 3215 957 3270 est,
990 3213 1180 3275 agant:
1232 3220 1330 3258 nec
1357 3206 1473 3259 sine
1502 3204 1618 3271 ejus
1665 3219 1784 3271 per-

221 3305 389 3358 missu
420 3318 453 3355 a
487 3300 759 3371 parochia
786 3297 1101 3359 abscedant,
1138 3297 1221 3350 vel
1255 3296 1310 3351 in
1337 3310 1399 3349 ea
1438 3295 1783 3348 adventantes

219 3395 417 3446 morari
444 3396 815 3461 praesumant.
842 3386 1051 3440 Animae
1087 3399 1217 3439 vero
1244 3399 1429 3438 eorum
1476 3385 1526 3437 ei
1572 3382 1784 3437 creditae

221 3493 363 3538 sunt.
391 3482 524 3537 Ideo
557 3480 751 3534 omnia
780 3478 901 3547 ejus
931 3477 1158 3531 consilio
1185 3491 1339 3544 agere
1380 3475 1593 3535 debent,
1623 3482 1675 3526 et
1718 3488 1784 3527 eo

223 3568 532 3627 inconsulto
558 3569 724 3623 nihil.
753 3569 796 3600 ⁸⁸
812 3567 1130 3634 Quicunque
1146 3565 1285 3617 enim
1309 3564 1560 3618 obediunt
1576 3563 1783 3631 episco-

221 3659 302 3724 pis
328 3662 465 3723 suis,
500 3660 769 3713 videntur
813 3657 1034 3726 quidem
1082 3654 1281 3723 aliquid
1317 3654 1500 3722 gratiae
1541 3651 1784 3706 conferre

223 3745 347 3804 Deo.
383 3750 491 3815 Qui
523 3757 714 3801 autem
740 3748 822 3801 eis
850 3761 961 3800 non
990 3746 1265 3810 obediunt,
1309 3742 1672 3795 indubitanter
1704 3741 1784 3795 rei

219 3844 272 3888 et
296 3840 518 3909 reprobi
569 3838 841 3893 existunt.
870 3835 1039 3889 Porro
1063 3836 1164 3903 ipsi
1189 3850 1219 3887 a
1240 3834 1348 3888 Deo
1367 3834 1565 3886 donum
1590 3831 1785 3886 summi

217 3933 461 3985 muneris
496 3937 945 3996 consequuntur,
977 3926 1071 3995 qui
1108 3940 1203 3993 per
1238 3923 1459 3992 justitiae
1494 3930 1545 3976 et
1588 3936 1785 3990 praece-

216 4024 435 4082 ptorum
496 4022 624 4089 ejus
681 4018 910 4073 semitas
954 4016 1264 4070 incedentes
1310 4013 1620 4067 doctoribus
1671 4012 1783 4066 suis

213 4104 329 4173 (Qui
358 4119 516 4165 recte
548 4107 797 4177 episcopi
831 4106 1226 4174 intelliguntur)
1260 4106 1485 4159 libenter
1504 4104 1778 4159 obediunt.

207 4191 287 4254 De
324 4202 537 4271 quibus
568 4209 624 4252 et
645 4200 839 4252 beatus
857 4196 1069 4257 Petrus,
1099 4196 1396 4250 instructor
1427 4202 1479 4247 et
1507 4196 1783 4247 ordinator

201 4299 426 4354 noster,
459 4288 811 4357 et'princeps
843 4286 1234 4354 apostolorum,
1262 4284 1783 4340 manifesteeunctos

193 4386 507 4440 audientes
541 4378 875 4438 instruebat,
908 4376 1126 4429 dicens:
1151 4376 1200 4405 "
1227 4373 1653 4435 Videnturmihi,
1689 4374 1783 4442 qui

190 4464 524 4545 10quuntur
548 4472 719 4524 verba
750 4466 1013 4527 veritatis,
1044 4473 1096 4519 et
1125 4465 1216 4532 qui
1247 4464 1552 4515 illuminant
1574 4463 1782 4517 animas

185 4554 532 4625 hOrninum,
567 4560 781 4615 similes
808 4573 927 4613 esse
959 4557 1125 4610 radiis
1147 4556 1310 4617 solis;
1346 4554 1435 4620 qui
1469 4561 1523 4605 ut
1568 4569 1785 4621 proces-

178 4658 384 4711 serint
407 4663 467 4709 et.
495 4650 857 4720 apparuerint
882 4648 1100 4707 mundo.
1133 4647 1299 4700 celari
1332 4646 1469 4696 ultra
1497 4653 1586 4696 aut
1604 4646 1786 4697 occul-

174 4739 243 4793 ῖῖὶ
264 4746 309 4799 ri
338 4745 675 4797 nullatenus
706 4744 955 4807 possunt,
993 4736 1117 4789 dum
1162 4750 1270 4787 non
1305 4740 1410 4783 tam
1434 4732 1683 4784 videntur
1720 4734 1786 4785 ab

168 4835 504 4894 "Iunilius,
536 4845 703 4899 quam
731 4827 911 4880 videre
946 4825 1198 4878 omnibus
1224 4827 1498 4889 praestant.
1538 4819 1688 4875 Unde
1736 4832 1789 4875 et

165 4911 347 4979 bene
368 4925 498 4991 ipsa
533 4936 631 4988 per
654 4935 712 4972 sc
748 4917 957 4970 Veritas
989 4916 1053 4967 ad
1079 4914 1337 4967 Veritatis
1369 4926 1646 4976 praecones
1678 4916 1786 4969 ait:

174 4998 322 5067 Pas
346 5012 484 5066 estis
513 5012 608 5061 lux
633 5006 813 5059 mundi
837 5021 855 5068 ,'
889 5013 973 5058 et:
1003 5003 1121 5055 Non
1136 5008 1305 5068 potest
1335 4999 1513 5049 civitas
1540 5001 1789 5055 abscondi

157 5105 375 5171 διῳνα
413 5108 648 5152 montem
676 5096 867 5162 posita,
900 5109 1055 5162 neque
1108 5085 1395 5141 accendunt
1447 5087 1714 5143 lucernam
1741 5102 1789 5144 et

152 5193 417 5247 Pmnunt
448 5206 570 5244 eam
601 5186 698 5239 sub
733 5184 922 5246 modio,
978 5181 1065 5235 sed
1092 5191 1260 5244 supra
1305 5173 1698 5244 candelabrum,
1733 5189 1790 5233 ut

1822 305 2280 360 DECRETALES.
2718 328 2735 346 κ
3339 316 3441 371 498

1826 424 1867 476 Α
1899 419 2068 473 luceat
2098 419 2340 472 omnibus
2390 415 2482 485 qui
2511 418 2562 470 in
2591 419 2738 473 domo
2792 430 2913 474 sunt
2942 421 3009 477 °'.
3057 419 3111 473 Si
3142 423 3263 491 quis
3311 442 3436 495 ergo

1893 508 1976 562 his
2006 509 2434 572 obedierit,Deo,
2459 516 2519 561 ut
2573 510 2772 564 dictum
2802 521 2899 574 est,
2944 527 3195 580 magnum
3244 530 3438 572 munus

1893 597 2071 653 oﬁert.
2095 598 2198 664 Qui
2216 608 2395 653 autem
2427 597 2511 653 his
2529 601 2801 664 restiterit,
2829 609 2919 654 aut
2938 602 3251 658 inobediens
3272 609 3437 659 exsti-

1894 690 2040 751 terit,
2076 705 2181 743 non
2206 690 2311 753 his,
2339 689 2432 743 sed
2464 690 2690 744 Domino
2721 690 2983 745 Salvatori
3023 699 3240 754 nostro,
3281 692 3436 760 cujus

1891 780 2157 849 legatione
2195 780 2516 848 funguntur,
2545 780 2769 835 resistit.
2798 782 2840 812 “
2865 781 3091 849 Propter
3131 784 3272 851 quod
3327 784 3433 852 pri-

1891 886 2035 923 mum
2061 877 2143 925 est
2173 872 2432 933 omnium,
2481 871 2745 939 justitiam
2785 872 2897 934 Dei,
2940 888 3270 944 regnumque
3313 875 3433 942 ejus

1893 959 2196 1027 inquirere,
2229 966 2282 1013 et
2320 961 2433 1014 suis
2463 960 2800 1028 jussionibus
2828 962 3231 1031 obtemperare;
3272 964 3433 1033 justi-

1891 1048 2019 1100 tiam
2060 1048 2311 1117 quidem,
2343 1056 2401 1102 ut
2449 1056 2594 1104 recte
2639 1064 2794 1119 agere
2838 1051 3161 1118 doceamur;
3208 1069 3429 1123 regnum

1890 1152 2034 1201 vero,
2070 1146 2148 1200 ut,
2174 1152 2292 1206 quae
2314 1138 2601 1193 sitmerces
2630 1140 2805 1207 posita
2831 1140 3030 1194 laboris
3058 1148 3110 1194 et
3139 1142 3427 1209 patientiae,

1890 1226 2233 1291 noverimus;
2266 1227 2321 1279 in
2361 1242 2467 1296 quo
2505 1234 2587 1282 est
2639 1228 2794 1283 bonis
2836 1229 3051 1297 quidem
3099 1237 3428 1285 aeternorum

1891 1316 2154 1372 bonorum
2183 1319 2566 1384 remuneratio,
2597 1319 2681 1373 his
2703 1328 2879 1373 autem
2910 1320 3002 1388 qui
3025 1328 3214 1374 contra
3241 1322 3431 1375 volun-

1893 1414 2049 1461 tatem
2080 1408 2198 1475 ejus
2220 1409 2444 1476 egerint,
2474 1423 2570 1476 pro
2598 1409 3024 1477 uniuscujusque
3050 1412 3216 1480 gestis
3240 1427 3397 1480 paena
3417 1441 3431 1450 ο

1890 1513 2008 1550 rum
2037 1498 2196 1568 digna
2225 1500 2512 1553 restitutio.
2547 1499 2590 1530 ⁸³
2623 1499 2722 1553 Hic
2750 1515 2897 1568 ergo,
2937 1501 3037 1554 hoc
3067 1511 3170 1563 est,
3196 1504 3251 1556 in
3295 1519 3430 1572 prae-

1891 1588 2029 1642 senti
2054 1589 2163 1640 vita
2189 1590 2415 1656 positos,
2436 1597 2646 1657 oportet
2673 1607 2773 1645 nos
2794 1606 3085 1659 agnoscere
3101 1592 3430 1647 voluntatem

1892 1675 2005 1740 Dei,
2035 1678 2125 1730 ubi
2157 1686 2209 1732 et
2228 1679 2435 1747 agendi,
2458 1688 2510 1733 et
2537 1681 2876 1733 sacriﬁcandi
2900 1687 2982 1734 est
3010 1682 3192 1747 locus;
3224 1682 3269 1712 ⁸³
3295 1696 3432 1750 quo-

1890 1769 2034 1822 niam
2073 1768 2127 1820 in
2157 1769 2277 1823 aliis
2313 1770 2443 1824 locis
2468 1770 2776 1825 sacriﬁcare
2807 1780 2861 1826 et
2903 1771 3100 1826 missas
3149 1772 3427 1829 celebrare

1887 1873 1994 1911 non
2019 1858 2166 1925 licet,
2201 1860 2304 1915 nisi
2333 1862 2385 1913 in
2416 1862 2522 1926 his,
2544 1862 2598 1915 in
2627 1862 2824 1930 quibus
2850 1864 3134 1933 episcopus
3178 1865 3429 1934 proprius

1882 1947 2130 2017 jusserit,
2162 1958 2254 2004 aut
2289 1952 2356 2005 ab
2384 1952 2639 2021 episc0po
2664 1954 2981 2022 regulariter
3014 1954 3261 2009 ordinato
3285 1996 3300 2021 ,
3346 1965 3426 2012 te-

1887 2048 2046 2096 nente
2069 2041 2319 2096 videlicet
2347 2042 2637 2109 civitatem,
2668 2053 3019 2098 consecratus
3050 2045 3228 2099 fuerit.
3258 2046 3429 2102 Aliter

1885 2132 2026 2187 enim
2079 2149 2189 2188 non
2243 2142 2366 2188 sunt
2403 2134 2515 2189 haec
2547 2135 2774 2203 agenda,
2820 2152 2919 2191 nec
2949 2137 3051 2191 rite
3086 2138 3426 2204 celebranda,

1885 2222 2109 2278 docente
2175 2239 2273 2279 nos
2332 2223 2480 2278 Novo
2534 2232 2587 2279 et
2640 2224 2818 2279 Veteri
2880 2226 3242 2282 Testamento.
3301 2228 3427 2285 Haec

1884 2315 2109 2381 apostoli
2165 2329 2195 2367 a
2241 2314 2464 2369 Domino
2531 2324 2882 2384 acceperunt,
2928 2325 2988 2369 ct
3048 2319 3204 2372 nobis
3255 2320 3424 2373 tradi-

1884 2403 2110 2469 derunt;
2140 2404 2253 2457 haec
2292 2420 2391 2459 nos
2421 2406 2707 2471 fdocemus,
2749 2407 3008 2474 vobisque
3065 2416 3117 2461 et
3155 2409 3423 2469 omnibus,

1885 2495 2083 2562 absque
2124 2495 2566 2563 reprehensione,
2636 2503 2817 2550 tenere
2870 2502 2922 2550 et
2969 2497 3182 2561 docere,
3231 2499 3426 2566 quibus

1885 2583 2148 2648 agendum
2210 2590 2312 2646 est,
2368 2583 2703 2638 mandamus.
2757 2584 2800 2615 "‘
2824 2584 3166 2652 Unaquaeque
3223 2587 3423 2641 etenim

1885 2686 1971 2723 res
2029 2683 2238 2738 tempus
2289 2688 2443 2725 suum
2506 2672 2663 2725 habet
2719 2680 2773 2726 et
2832 2674 3026 2727 locum.
3058 2674 3288 2742 Operum
3331 2674 3423 2730 hic

1884 2759 2035 2815 locus
2063 2768 2163 2824 est,
2193 2769 2403 2829 tempus
2432 2778 2558 2815 vero
2586 2764 2893 2816 meritorum
2927 2771 3009 2817 est
3052 2765 3301 2818 saeculum
3330 2762 3421 2818 fu-

1888 2857 2087 2903 turum.
2115 2848 2191 2903 Ne
2215 2865 2342 2918 ergo
2373 2852 2725 2918 impediamur
2748 2892 2762 2916 ,
2796 2852 3035 2906 ordinem
3069 2854 3304 2907 locorum
3358 2868 3424 2909 ac

1885 2945 2185 3006 temporum
2211 2949 2595 3007 permutantes,
2626 2942 2818 3008 primo,
2844 2958 2963 3010 quae
2984 2942 3055 2996 sit
3082 2941 3173 2996 Dei
3191 2943 3419 3010 justitia,

1813 3032 1853 3089 C
1886 3028 2311 3097 requiramus,et
2333 3036 2584 3098 tanquam
2626 3031 2726 3083 iter
2754 3031 2950 3096 acturi,
2977 3031 3271 3084 abundanti
3317 3030 3424 3084 via«

1883 3118 1988 3170 tico
2037 3117 2193 3172 bonis
2233 3120 2484 3186 operibus
2526 3120 2831 3187 repleamur
2856 3161 2869 3185 ,
2901 3136 3010 3190 quo
3043 3121 3313 3190 possimus
3354 3120 3422 3174 ad

1882 3221 2102 3274 regnum
2142 3206 2255 3272 Dei,
2289 3216 2538 3275 tanquam
2570 3210 2636 3262 ad
2666 3210 2852 3263 urbem
2900 3212 3209 3273 maximam,
3232 3224 3421 3277 perve-

1884 3298 2018 3352 nire.
2068 3297 2205 3351 Deus
2231 3299 2372 3350 enim
2406 3299 2486 3352 his
2538 3300 2630 3365 qui
2686 3308 2828 3353 recte
2883 3300 3123 3353 sentiunt
3160 3313 3256 3368 per
3305 3299 3425 3367 ipsa

1882 3401 2043 3454 opera
2083 3386 2289 3451 mundi,
2330 3402 2449 3455 qua),
2494 3386 2640 3450 fecit,
2675 3388 2993 3442 manifestus
3015 3395 3098 3442 est
3122 3388 3204 3453 ‘5;
3252 3388 3422 3455 ipsius

1882 3486 2139 3530 creaturae
2160 3492 2270 3531 sum
2301 3486 2457 3532 utens
2486 3480 2822 3532 testimonio:
2854 3487 2906 3532 et
2932 3478 3053 3531 ideo
3082 3492 3203 3531 cum
3228 3478 3292 3530 de
3312 3477 3422 3531 Deo

1882 3566 2142 3620 dubitatio
2180 3582 2297 3622 esse
2320 3583 2427 3622 non
2447 3568 2660 3629 debeat,
2691 3568 2757 3621 de
2779 3570 2890 3623 sola
2924 3583 3067 3621 nunc
3113 3567 3233 3634 ejus
3257 3567 3422 3633 justi-

1883 3657 1955 3708 tia
1976 3657 2311 3724 requiramus
2330 3663 2383 3710 et
2414 3672 2594 3726 regno.
2614 3657 2821 3711 Idcirco
2842 3655 3135 3725 persuadeo
3162 3656 3417 3722 primum,

1879 3746 2140 3814 justitiam
2169 3747 2285 3814 ejus
2305 3762 2422 3800 esse
2454 3746 2851 3815 requirendam,
2882 3752 2938 3798 ut
2982 3760 3077 3813 per
3123 3744 3262 3796 hanc
3314 3744 3421 3797 iter

1883 3843 2118 3903 agentes,
2149 3843 2201 3889 et
2231 3837 2283 3888 in
2307 3836 2391 3889 via
2418 3837 2656 3889 veritatis
2679 3836 2859 3904 positi,
2882 3848 3066 3888 verum
3096 3834 3419 3901 prophetam

1883 3924 2119 3978 invenire
2149 3925 2437 3992 possimus,
2462 3941 2570 3977 non
2589 3916 2869 3979 velocitate
2893 3923 3107 3991 pedum,
3135 3921 3228 3975 sed
3250 3923 3283 3975 b
3302 3938 3420 3975 ino-

1882 4028 2000 4066 rum
2029 4028 2248 4082 operum
2272 4014 2551 4068 velocitate
2577 4022 2855 4066 currentes
2879 4030 2893 4077 ;
2915 4018 2973 4066 ut
2997 4012 3113 4079 ipso
3143 4011 3280 4064 duce
3311 4009 3414 4073 usi,

1882 4103 2087 4156 nullum
2118 4102 2215 4155 via:
2244 4101 2402 4169 hujus
2423 4103 2687 4170 patiamur
2708 4116 2966 4155 errorem.
2995 4101 3053 4156 Si
3070 4100 3213 4157 enim
3242 4099 3418 4169 ipsum

1884 4198 2186 4260 sequentes,
2219 4191 2422 4260 ingredi
2478 4193 2833 4246 meruerimus
2886 4192 3055 4255 illam,
3088 4206 3195 4261 quo
3227 4206 3417 4259 perve-

1883 4283 1998 4336 nire
2020 4282 2603 4351 cupimus,civitatem;
2634 4282 2816 4335 omnia
2840 4281 2950 4348 jam
2969 4282 3039 4336 de
3058 4282 3254 4350 quibus
3277 4295 3418 4349 quae-

1814 4371 1856 4424 D
1887 4372 2037 4435 ritur,
2070 4372 2240 4425 oculis
2276 4371 2594 4434 videbimus,
2632 4379 2886 4440 tanquam
2913 4372 3150 4427 hmredes
3178 4372 3416 4428 omnium

1890 4460 2033 4516 facti.
2065 4460 2344 4529 lntelligite
2363 4462 2541 4529 itaque
2569 4461 2707 4514 viam
2738 4476 2858 4517 esse
2886 4461 3030 4515 hunc
3079 4462 3195 4515 vita:
3223 4471 3419 4515 nostrae

1888 4566 2139 4616 cursum;
2172 4550 2423 4614 viatores,
2454 4565 2545 4603 eos
2573 4550 2663 4617 qui
2694 4566 2792 4603 nos
2828 4550 3119 4610 instruunt,
3167 4550 3248 4603 vel
3277 4550 3417 4605 bona

1888 4656 2048 4710 Opera
2070 4647 2290 4709 gerunt;
2323 4647 2530 4708 portam
2544 4655 2689 4703 vero,
2720 4640 3029 4708 prephetam
3058 4639 3121 4692 de
3142 4655 3248 4707 quo
3275 4639 3414 4693 dici-
3454 4640 3473 4657 '

1891 4746 2034 4793 mus;
2061 4732 2264 4796 urbem,
2294 4744 2518 4798 regnum
2546 4744 2699 4789 esse,
2716 4730 2768 4780 in
2795 4744 2901 4796 quo
2951 4726 3149 4779 residet
3173 4726 3418 4795 omnipo-

1890 4828 2007 4875 tens
2033 4820 2208 4885 Pater,
2239 4836 2395 4889 quem
2436 4820 2536 4874 soli
2565 4819 2742 4872 uidere
2767 4824 2988 4885 possunt
3029 4816 3083 4867 hi
3108 4817 3419 4883 quimundo

1889 4921 2013 4968 sunt
2042 4913 2218 4967 corde.
2261 4911 2377 4965 Non
2407 4924 2533 4979 ergo
2558 4908 2713 4962 nobis
2735 4906 2977 4961 dillicilis
2996 4904 3240 4956 videatur
3258 4905 3420 4971 hujus

1888 5005 2096 5058 itineris
2129 5004 2296 5065 labor,
2322 5001 2445 5069 quia
2489 5000 2544 5052 in
2568 4999 2669 5052 ﬁne
2692 4998 2811 5065 ejus
2839 4993 3048 5061 requies
3078 4993 3199 5049 erit.
3221 4991 3351 5045 Nam
3369 5001 3423 5047 et.

1890 5094 2005 5162 ipse
2027 5110 2183 5147 verus
2209 5088 2747 5162 propheta,abinitio
2794 5083 2978 5142 mundi
3019 5096 3114 5149 per
3164 5084 3422 5136 saeculum

1891 5196 2136 5248 currens,
2170 5182 2387 5237 festinat
2406 5178 2472 5231 ad
2500 5176 2767 5245 requiem-
2786 5174 2952 5227 Adest
2965 5170 3110 5224 enim
3129 5170 3291 5223 nobis
3314 5184 3427 5225 om.-

743 5320 789 5350 so
814 5321 914 5378 153.
958 5333 1076 5372 LXV,
1176 5308 1221 5341 ⁵⁸
1269 5307 1554 5378 Ιίρςοθηίιη
1600 5329 1655 5374 ν,
1698 5331 1746 5367 c.

1966 5318 2010 5346 “
2041 5316 2169 5369 Luc.
2221 5330 2306 5373 vt,
2340 5312 2440 5371 ‘27;
2483 5308 2664 5378 Matth.
2703 5323 2754 5370 v,
2784 5306 2873 5359 45.
2972 5288 3328 5378 δξἸρειιιζ-νι,
3362 5298 3449 5371 15.

793 5366 931 5439 ὦῠῖξῖ
951 5366 1183 5452 :qutcst.
1230 5366 1550 5452 tanquvnctis'
1572 5366 1791 5452 ﬁrlelibu

1915 5386 1958 5416 ⁸⁸
1981 5366 2503 5452 Cdttciv'l‘ribur._3'2.
2538 5376 2653 5452 lvo,
2692 5366 2751 5452 pi
2787 5391 2857 5435 ιι,
2890 5385 2942 5425 c.
3148 5367 3457 5452 Δγῌξξξετξεε-ιιιξιιο

778 5457 821 5487 ⁵⁸
842 5436 1092 5548 Ιέελῦῴὶι.
1132 5462 1195 5498 ιι.
1276 5443 1320 5473 ⁵³
1354 5444 1472 5497 Haec
1499 5436 1656 5500 beati
1686 5436 1837 5504 Petri
1860 5436 2086 5522 apostoli
2110 5436 2279 5505 iverba
2322 5449 2580 5502 habentur
2616 5436 2669 5497 in
2694 5436 2831 5497 libro
2863 5454 2960 5492 vrtt
2996 5436 3465 5514 liccogrtitiottt'm.

811 5524 865 5548 ll
997 5523 1008 5548 ι
1051 5511 1299 5548 "orn/Ini!
1353 5527 1386 5548 ιι
1438 5530 1465 5548 ι·
1522 5516 1600 5548 υὶη
1720 5522 1762 5548 ea
1805 5524 1870 5548 IL.
1904 5538 2117 5548 unum“...
2197 5517 2386 5548 ,ιὶριὶηι-
2446 5515 2460 5548 Ι
2537 5513 2629 5548 "in
2662 5530 2777 5548 unm
2834 5510 2886 5548 ἱιΙ
2915 5517 3019 5548 pst-
3113 5501 3159 5532 ⁸³
3198 5500 3356 5548 l‘CiiX
3383 5496 3465 5548 iV.

996 5498 1319 5578 lmliecogmit.
1352 5527 1407 5572 ιι,
1438 5530 1486 5564 c.
1522 5498 1655 5566 270‘."
1686 5498 1791 5550 *εἶ’

996 5597 1139 5644 ίυρΙῊ
1172 5582 1233 5633 ιιι
1264 5580 1417 5644 epist.
1449 5581 1498 5633 l.
1587 5585 1633 5613 “5
1669 5584 1791 5642 Rau

1897 5498 2413 5585 EBIt'sEc'rI,"Jt§ttil{-Q
2438 5498 2461 5566 ι
2488 5554 2500 5578 ,
2530 5513 2629 5566 mc
2660 5530 2799 5585 ergo,
2834 5510 3020 5563 idest.
3096 5498 3159 5571 ,η
3198 5500 3356 5555 Felix
3383 5498 3471 5563 tv,

260 5330 306 5360 δ’
346 5325 449 5378 Est
480 5322 621 5393 quod
629 5361 645 5374 .

266 5397 548 5462 Recogntt.
596 5405 717 5443 rm.

137 5465 215 5500 ἰθ
249 5484 274 5519 s
323 5480 387 5516 ac
426 5464 700 5531 juniores.

133 5532 229 5577 ex
278 5533 332 5585 4.
426 5524 474 5563 δι’
501 5530 698 5584 Matth.
730 5540 781 5585 ν,
808 5524 887 5576 id.
972 5524 1008 5552 σι
1041 5524 1343 5589 Ιίεεοθημ..

132 5581 357 5667 θξῡίί.
440 5581 797 5664 εδνῆεινοσιιὶὶ.
826 5608 880 5657 ιι,
907 5600 952 5645 ct
979 5597 1139 5655 supra
1172 5582 1233 5633 in
1264 5581 1417 5644 epist.
1449 5581 1498 5633 l.

134 5380 171 5409 υ

3096 5551 3112 5571 δ
