  <div class='ocr_page' id='page_1' title='image "/cluster/home/n/w/nwhite01/storage/ocr_20150623/1 (St. Clemens; pt. 1)/nyp.33433019854052/259.png"; bbox 0 0 3838 6362; ppageno 0'>
   <div class='ocr_carea' id='block_1_1' title="bbox 422 246 533 307">
    <p class='ocr_par' dir='ltr' id='par_1_1' title="bbox 422 246 533 307">
     <span class='ocr_line' id='line_1_1' title="bbox 422 246 533 307; baseline -0.036 0"><span class='ocrx_word' id='word_1_1' title='bbox 422 246 533 307; x_wconf 73' lang='lat'><strong>‘99</strong></span> 
     </span>
    </p>
   </div>
   <div class='ocr_carea' id='block_1_2' title="bbox 1301 232 2807 299">
    <p class='ocr_par' dir='ltr' id='par_1_2' title="bbox 1301 232 2807 299">
     <span class='ocr_line' id='line_1_2' title="bbox 1301 232 2807 299; baseline -0.007 0"><span class='ocrx_word' id='word_1_2' title='bbox 1301 241 1358 299; x_wconf 89' lang='lat' dir='ltr'><strong>S.</strong></span> <span class='ocrx_word' id='word_1_3' title='bbox 1394 238 1787 296; x_wconf 79' lang='lat' dir='ltr'><strong>CLEMENTIS</strong></span> <span class='ocrx_word' id='word_1_4' title='bbox 1820 237 1839 291; x_wconf 90' lang='lat' dir='ltr'><strong>l</strong></span> <span class='ocrx_word' id='word_1_5' title='bbox 1872 236 2039 294; x_wconf 82' lang='lat' dir='ltr'><strong>ROM.</strong></span> <span class='ocrx_word' id='word_1_6' title='bbox 2077 234 2278 292; x_wconf 83' lang='grc' dir='ltr'><strong>ΡΟΝΤ.</strong></span> <span class='ocrx_word' id='word_1_7' title='bbox 2317 233 2542 290; x_wconf 70' lang='grc' dir='ltr'><em>οΡΕιιΑ</em></span> <span class='ocrx_word' id='word_1_8' title='bbox 2580 232 2807 289; x_wconf 72' lang='lat' dir='ltr'><strong>DUBIA.</strong></span> 
     </span>
    </p>
   </div>
   <div class='ocr_carea' id='block_1_3' title="bbox 3557 232 3655 287">
    <p class='ocr_par' dir='ltr' id='par_1_3' title="bbox 3557 232 3655 287">
     <span class='ocr_line' id='line_1_3' title="bbox 3557 232 3655 287; baseline 0 0"><span class='ocrx_word' id='word_1_9' title='bbox 3557 232 3655 287; x_wconf 82' lang='lat'><strong>500</strong></span> 
     </span>
    </p>
   </div>
   <div class='ocr_carea' id='block_1_4' title="bbox 412 346 3649 429">
    <p class='ocr_par' dir='ltr' id='par_1_4' title="bbox 412 346 3649 429">
     <span class='ocr_line' id='line_1_4' title="bbox 412 346 3649 429; baseline -0.002 -17"><span class='ocrx_word' id='word_1_10' title='bbox 412 357 575 414; x_wconf 87' lang='lat' dir='ltr'><strong>nibus</strong></span> <span class='ocrx_word' id='word_1_11' title='bbox 595 355 812 427; x_wconf 86' lang='lat' dir='ltr'><strong>diebus;</strong></span> <span class='ocrx_word' id='word_1_12' title='bbox 844 367 898 414; x_wconf 84' lang='lat' dir='ltr'><strong>et</strong></span> <span class='ocrx_word' id='word_1_13' title='bbox 919 359 966 414; x_wconf 89' lang='lat' dir='ltr'><strong>si</strong></span> <span class='ocrx_word' id='word_1_14' title='bbox 990 357 1212 429; x_wconf 85' lang='lat' dir='ltr'><strong>quando</strong></span> <span class='ocrx_word' id='word_1_15' title='bbox 1243 372 1472 413; x_wconf 88' lang='lat' dir='ltr'><strong>necesse</strong></span> <span class='ocrx_word' id='word_1_16' title='bbox 1492 366 1598 421; x_wconf 89' lang='lat' dir='ltr'><strong>est,</strong></span> <span class='ocrx_word' id='word_1_17' title='bbox 1649 364 1894 427; x_wconf 88' lang='lat' dir='ltr'><strong>apparet,</strong></span> <span class='ocrx_word' id='word_1_18' title='bbox 1935 366 1989 413; x_wconf 90' lang='lat' dir='ltr'><strong>et</strong></span> <span class='ocrx_word' id='word_1_19' title='bbox 2016 362 2064 420; x_wconf 75' lang='grc' dir='ltr'>Α</span> <span class='ocrx_word' id='word_1_20' title='bbox 2094 370 2219 409; x_wconf 89' lang='lat' dir='ltr'><strong>rum</strong></span> <span class='ocrx_word' id='word_1_21' title='bbox 2254 368 2419 408; x_wconf 86' lang='lat' dir='ltr'><strong>causa</strong></span> <span class='ocrx_word' id='word_1_22' title='bbox 2462 354 2529 418; x_wconf 74' lang='lat'><strong>&quot;,</strong></span> <span class='ocrx_word' id='word_1_23' title='bbox 2580 352 2711 405; x_wconf 93' lang='lat' dir='ltr'><strong>utile</strong></span> <span class='ocrx_word' id='word_1_24' title='bbox 2750 365 2861 407; x_wconf 91' lang='lat' dir='ltr'><strong>non</strong></span> <span class='ocrx_word' id='word_1_25' title='bbox 2893 348 3140 413; x_wconf 86' lang='lat' dir='ltr'><strong>videtur;</strong></span> <span class='ocrx_word' id='word_1_26' title='bbox 3187 360 3254 403; x_wconf 89' lang='lat' dir='ltr'><strong>ne</strong></span> <span class='ocrx_word' id='word_1_27' title='bbox 3299 346 3441 403; x_wconf 85' lang='lat' dir='ltr'><strong>forte</strong></span> <span class='ocrx_word' id='word_1_28' title='bbox 3467 349 3649 406; x_wconf 60' lang='lat' dir='ltr'><strong>existi-</strong></span> 
     </span>
    </p>
   </div>
   <div class='ocr_carea' id='block_1_5' title="bbox 410 449 1988 521">
    <p class='ocr_par' dir='ltr' id='par_1_5' title="bbox 410 449 1988 521">
     <span class='ocr_line' id='line_1_5' title="bbox 410 449 1988 521; baseline 0.001 -17"><span class='ocrx_word' id='word_1_29' title='bbox 410 449 635 519; x_wconf 88' lang='lat' dir='ltr'><strong>corrigit</strong></span> <span class='ocrx_word' id='word_1_30' title='bbox 658 466 782 517; x_wconf 87' lang='lat' dir='ltr'><strong>nos,</strong></span> <span class='ocrx_word' id='word_1_31' title='bbox 806 464 865 505; x_wconf 92' lang='lat' dir='ltr'><strong>ut</strong></span> <span class='ocrx_word' id='word_1_32' title='bbox 889 452 1327 519; x_wconf 81' lang='lat' dir='ltr'><strong>obtemperantes</strong></span> <span class='ocrx_word' id='word_1_33' title='bbox 1348 452 1474 517; x_wconf 88' lang='lat' dir='ltr'><strong>sibi,</strong></span> <span class='ocrx_word' id='word_1_34' title='bbox 1506 452 1573 506; x_wconf 90' lang='lat' dir='ltr'><strong>ad</strong></span> <span class='ocrx_word' id='word_1_35' title='bbox 1598 451 1761 506; x_wconf 83' lang='lat' dir='ltr'><strong>vitam</strong></span> <span class='ocrx_word' id='word_1_36' title='bbox 1787 451 1988 521; x_wconf 89' lang='lat' dir='ltr'><strong>perdu-</strong></span> 
     </span>
    </p>
   </div>
   <div class='ocr_carea' id='block_1_6' title="bbox 408 541 1990 614">
    <p class='ocr_par' dir='ltr' id='par_1_6' title="bbox 408 541 1990 614">
     <span class='ocr_line' id='line_1_6' title="bbox 408 541 1990 614; baseline 0.003 -20"><span class='ocrx_word' id='word_1_37' title='bbox 408 548 497 594; x_wconf 93' lang='lat' dir='ltr'><strong>cat</strong></span> <span class='ocrx_word' id='word_1_38' title='bbox 522 549 801 597; x_wconf 66' lang='lat' dir='ltr'><strong>aeternam.</strong></span> <span class='ocrx_word' id='word_1_39' title='bbox 837 541 913 598; x_wconf 89' lang='lat' dir='ltr'><strong>De</strong></span> <span class='ocrx_word' id='word_1_40' title='bbox 940 542 1027 599; x_wconf 91' lang='lat' dir='ltr'><strong>his</strong></span> <span class='ocrx_word' id='word_1_41' title='bbox 1070 552 1251 597; x_wconf 87' lang='lat' dir='ltr'><strong>autem</strong></span> <span class='ocrx_word' id='word_1_42' title='bbox 1281 544 1374 614; x_wconf 89' lang='lat' dir='ltr'><strong>qui</strong></span> <span class='ocrx_word' id='word_1_43' title='bbox 1400 543 1681 614; x_wconf 84' lang='lat' dir='ltr'><strong>negligunt</strong></span> <span class='ocrx_word' id='word_1_44' title='bbox 1706 542 1847 598; x_wconf 87' lang='lat' dir='ltr'><strong>viam</strong></span> <span class='ocrx_word' id='word_1_45' title='bbox 1874 559 1990 600; x_wconf 64' lang='lat' dir='ltr'><strong>suae</strong></span> 
     </span>
    </p>
   </div>
   <div class='ocr_carea' id='block_1_7' title="bbox 408 631 1987 707">
    <p class='ocr_par' dir='ltr' id='par_1_7' title="bbox 408 631 1987 707">
     <span class='ocr_line' id='line_1_7' title="bbox 408 631 1987 707; baseline 0.005 -20"><span class='ocrx_word' id='word_1_46' title='bbox 408 631 625 697; x_wconf 84' lang='lat' dir='ltr'><strong>salutis,</strong></span> <span class='ocrx_word' id='word_1_47' title='bbox 665 640 719 688; x_wconf 88' lang='lat' dir='ltr'><strong>et</strong></span> <span class='ocrx_word' id='word_1_48' title='bbox 740 633 921 688; x_wconf 88' lang='lat' dir='ltr'><strong>adhuc</strong></span> <span class='ocrx_word' id='word_1_49' title='bbox 950 634 997 665; x_wconf 87' lang='lat'>“</span> <span class='ocrx_word' id='word_1_50' title='bbox 1025 650 1136 688; x_wconf 89' lang='lat' dir='ltr'><strong>non</strong></span> <span class='ocrx_word' id='word_1_51' title='bbox 1155 635 1293 701; x_wconf 85' lang='lat' dir='ltr'><strong>bene</strong></span> <span class='ocrx_word' id='word_1_52' title='bbox 1348 634 1565 698; x_wconf 86' lang='lat' dir='ltr'><strong>ﬁdeles,</strong></span> <span class='ocrx_word' id='word_1_53' title='bbox 1598 643 1654 690; x_wconf 90' lang='lat' dir='ltr'><strong>et</strong></span> <span class='ocrx_word' id='word_1_54' title='bbox 1701 636 1987 707; x_wconf 65' lang='lat' dir='ltr'><strong>praeceptis</strong></span> 
     </span>
    </p>
   </div>
   <div class='ocr_carea' id='block_1_8' title="bbox 407 723 1984 797">
    <p class='ocr_par' dir='ltr' id='par_1_8' title="bbox 407 723 1984 797">
     <span class='ocr_line' id='line_1_8' title="bbox 407 723 1984 797; baseline 0.004 -20"><span class='ocrx_word' id='word_1_55' title='bbox 407 723 529 792; x_wconf 85' lang='lat' dir='ltr'><strong>ejus</strong></span> <span class='ocrx_word' id='word_1_56' title='bbox 544 738 878 796; x_wconf 90' lang='lat' dir='ltr'><strong>suorumque</strong></span> <span class='ocrx_word' id='word_1_57' title='bbox 894 727 1213 797; x_wconf 91' lang='lat' dir='ltr'><strong>pontiﬁcum</strong></span> <span class='ocrx_word' id='word_1_58' title='bbox 1226 727 1570 797; x_wconf 88' lang='lat' dir='ltr'><strong>jussionibus</strong></span> <span class='ocrx_word' id='word_1_59' title='bbox 1590 728 1984 794; x_wconf 85' lang='lat' dir='ltr'><strong>inobedientes,</strong></span> 
     </span>
    </p>
   </div>
   <div class='ocr_carea' id='block_1_9' title="bbox 408 816 1987 884">
    <p class='ocr_par' dir='ltr' id='par_1_9' title="bbox 408 816 1987 884">
     <span class='ocr_line' id='line_1_9' title="bbox 408 816 1987 884; baseline 0.004 -14"><span class='ocrx_word' id='word_1_60' title='bbox 408 816 496 871; x_wconf 87' lang='lat' dir='ltr'><strong>vel</strong></span> <span class='ocrx_word' id='word_1_61' title='bbox 545 826 900 875; x_wconf 85' lang='lat' dir='ltr'><strong>contumaces</strong></span> <span class='ocrx_word' id='word_1_62' title='bbox 955 820 1037 876; x_wconf 90' lang='lat' dir='ltr'><strong>eis</strong></span> <span class='ocrx_word' id='word_1_63' title='bbox 1076 820 1357 884; x_wconf 80' lang='lat' dir='ltr'><strong>existunt,</strong></span> <span class='ocrx_word' id='word_1_64' title='bbox 1405 820 1449 853; x_wconf 81' lang='grc' dir='ltr'><strong>⁶τ</strong></span> <span class='ocrx_word' id='word_1_65' title='bbox 1484 820 1750 876; x_wconf 85' lang='lat' dir='ltr'><strong>Dominus</strong></span> <span class='ocrx_word' id='word_1_66' title='bbox 1798 828 1987 877; x_wconf 89' lang='lat' dir='ltr'><strong>noster</strong></span> 
     </span>
    </p>
   </div>
   <div class='ocr_carea' id='block_1_10' title="bbox 392 906 1988 987">
    <p class='ocr_par' dir='ltr' id='par_1_10' title="bbox 392 906 1988 987">
     <span class='ocr_line' id='line_1_10' title="bbox 392 906 1988 987; baseline 0.006 -24"><span class='ocrx_word' id='word_1_67' title='bbox 392 906 569 965; x_wconf 75' lang='lat' dir='ltr'><strong>‘Jesus</strong></span> <span class='ocrx_word' id='word_1_68' title='bbox 596 909 872 972; x_wconf 85' lang='lat' dir='ltr'><strong>Christus.</strong></span> <span class='ocrx_word' id='word_1_69' title='bbox 930 913 1154 970; x_wconf 86' lang='lat' dir='ltr'><strong>mittens</strong></span> <span class='ocrx_word' id='word_1_70' title='bbox 1188 914 1490 985; x_wconf 86' lang='lat' dir='ltr'><strong>discipulos</strong></span> <span class='ocrx_word' id='word_1_71' title='bbox 1527 931 1681 981; x_wconf 90' lang='lat' dir='ltr'><strong>suos,</strong></span> <span class='ocrx_word' id='word_1_72' title='bbox 1729 917 1988 987; x_wconf 76' lang='lat' dir='ltr'><strong>przecepit</strong></span> 
     </span>
    </p>
   </div>
   <div class='ocr_carea' id='block_1_11' title="bbox 408 1001 1986 1077">
    <p class='ocr_par' dir='ltr' id='par_1_11' title="bbox 408 1001 1986 1077">
     <span class='ocr_line' id='line_1_11' title="bbox 408 1001 1986 1077; baseline 0.006 -20"><span class='ocrx_word' id='word_1_73' title='bbox 408 1001 590 1067; x_wconf 85' lang='lat' dir='ltr'><strong>nobis,</strong></span> <span class='ocrx_word' id='word_1_74' title='bbox 607 1002 794 1058; x_wconf 84' lang='lat' dir='ltr'><strong>dicens</strong></span> <span class='ocrx_word' id='word_1_75' title='bbox 817 1022 829 1059; x_wconf 86' lang='lat'><strong>:</strong></span> <span class='ocrx_word' id='word_1_76' title='bbox 856 1002 923 1057; x_wconf 90' lang='lat' dir='ltr'><strong>Ut</strong></span> <span class='ocrx_word' id='word_1_77' title='bbox 938 1005 994 1059; x_wconf 89' lang='lat' dir='ltr'><strong>in</strong></span> <span class='ocrx_word' id='word_1_78' title='bbox 1016 1022 1375 1077; x_wconf 79' lang='lat' dir='ltr'><strong>quamcunque</strong></span> <span class='ocrx_word' id='word_1_79' title='bbox 1390 1008 1648 1063; x_wconf 85' lang='lat' dir='ltr'><strong>civitatem</strong></span> <span class='ocrx_word' id='word_1_80' title='bbox 1662 1017 1753 1063; x_wconf 87' lang='lat' dir='ltr'><strong>aut</strong></span> <span class='ocrx_word' id='word_1_81' title='bbox 1770 1007 1986 1067; x_wconf 85' lang='lat' dir='ltr'><strong>domum</strong></span> 
     </span>
    </p>
   </div>
   <div class='ocr_carea' id='block_1_12' title="bbox 403 1092 1986 1171">
    <p class='ocr_par' dir='ltr' id='par_1_12' title="bbox 403 1092 1986 1171">
     <span class='ocr_line' id='line_1_12' title="bbox 403 1092 1986 1171; baseline -0.002 -18"><span class='ocrx_word' id='word_1_82' title='bbox 403 1092 787 1160; x_wconf 42' lang='lat' dir='ltr'><strong>t‘rttroierimus,</strong></span> <span class='ocrx_word' id='word_1_83' title='bbox 810 1094 1050 1151; x_wconf 80' lang='lat' dir='ltr'><strong>dicamus</strong></span> <span class='ocrx_word' id='word_1_84' title='bbox 1084 1112 1103 1151; x_wconf 88' lang='lat'><strong><em>:</em></strong></span> <span class='ocrx_word' id='word_1_85' title='bbox 1128 1096 1251 1152; x_wconf 68' lang='lat' dir='ltr'><strong>Pax</strong></span> <span class='ocrx_word' id='word_1_86' title='bbox 1279 1098 1400 1159; x_wconf 79' lang='lat' dir='ltr'><strong>huic</strong></span> <span class='ocrx_word' id='word_1_87' title='bbox 1427 1098 1634 1156; x_wconf 86' lang='lat' dir='ltr'><strong>domui.</strong></span> <span class='ocrx_word' id='word_1_88' title='bbox 1678 1099 1747 1155; x_wconf 83' lang='lat' dir='ltr'><strong>Et</strong></span> <span class='ocrx_word' id='word_1_89' title='bbox 1778 1100 1825 1157; x_wconf 86' lang='lat' dir='ltr'><strong>si</strong></span> <span class='ocrx_word' id='word_1_90' title='bbox 1866 1102 1986 1171; x_wconf 70' lang='lat' dir='ltr'><strong>qui.</strong></span> 
     </span>
    </p>
   </div>
   <div class='ocr_carea' id='block_1_13' title="bbox 400 1187 1985 1263">
    <p class='ocr_par' dir='ltr' id='par_1_13' title="bbox 400 1187 1985 1263">
     <span class='ocr_line' id='line_1_13' title="bbox 400 1187 1985 1263; baseline 0.001 -16"><span class='ocrx_word' id='word_1_91' title='bbox 400 1189 543 1255; x_wconf 80' lang='lat' dir='ltr'><strong>dem,</strong></span> <span class='ocrx_word' id='word_1_92' title='bbox 568 1187 948 1262; x_wconf 58' lang='lat' dir='ltr'><strong>inquitnt&#39;uerit</strong></span> <span class='ocrx_word' id='word_1_93' title='bbox 975 1189 1048 1242; x_wconf 87' lang='lat' dir='ltr'><strong>ibi</strong></span> <span class='ocrx_word' id='word_1_94' title='bbox 1075 1190 1222 1259; x_wconf 81' lang='lat' dir='ltr'><strong>ﬁlius</strong></span> <span class='ocrx_word' id='word_1_95' title='bbox 1245 1193 1426 1259; x_wconf 82' lang='lat' dir='ltr'><strong>pacis,</strong></span> <span class='ocrx_word' id='word_1_96' title='bbox 1468 1193 1633 1251; x_wconf 77' lang='lat' dir='ltr'><strong>veniet</strong></span> <span class='ocrx_word' id='word_1_97' title='bbox 1681 1209 1838 1263; x_wconf 86' lang='lat' dir='ltr'><strong>super</strong></span> <span class='ocrx_word' id='word_1_98' title='bbox 1864 1210 1985 1249; x_wconf 82' lang='lat' dir='ltr'><strong>eum</strong></span> 
     </span>
    </p>
   </div>
   <div class='ocr_carea' id='block_1_14' title="bbox 400 1283 1985 1355">
    <p class='ocr_par' dir='ltr' id='par_1_14' title="bbox 400 1283 1985 1355">
     <span class='ocr_line' id='line_1_14' title="bbox 400 1283 1985 1355; baseline 0.004 -17"><span class='ocrx_word' id='word_1_99' title='bbox 400 1297 508 1355; x_wconf 73' lang='lat' dir='ltr'><strong>pax</strong></span> <span class='ocrx_word' id='word_1_100' title='bbox 522 1295 716 1341; x_wconf 82' lang='lat' dir='ltr'><strong>uestra.</strong></span> <span class='ocrx_word' id='word_1_101' title='bbox 736 1285 798 1341; x_wconf 87' lang='lat' dir='ltr'><strong>Si</strong></span> <span class='ocrx_word' id='word_1_102' title='bbox 821 1303 939 1341; x_wconf 83' lang='lat' dir='ltr'><strong>vero</strong></span> <span class='ocrx_word' id='word_1_103' title='bbox 953 1300 1061 1342; x_wconf 78' lang='lat' dir='ltr'><strong>twn</strong></span> <span class='ocrx_word' id='word_1_104' title='bbox 1075 1283 1260 1353; x_wconf 78' lang='lat' dir='ltr'><strong>fuerit,</strong></span> <span class='ocrx_word' id='word_1_105' title='bbox 1277 1299 1386 1354; x_wconf 73' lang='lat' dir='ltr'><strong>pax</strong></span> <span class='ocrx_word' id='word_1_106' title='bbox 1407 1296 1581 1340; x_wconf 82' lang='lat' dir='ltr'><strong>vestra</strong></span> <span class='ocrx_word' id='word_1_107' title='bbox 1602 1285 1669 1339; x_wconf 90' lang='lat' dir='ltr'><strong>ad</strong></span> <span class='ocrx_word' id='word_1_108' title='bbox 1687 1304 1775 1341; x_wconf 85' lang='lat' dir='ltr'><strong>vos</strong></span> <span class='ocrx_word' id='word_1_109' title='bbox 1802 1302 1985 1346; x_wconf 60' lang='lat' dir='ltr'><strong>rever-</strong></span> 
     </span>
    </p>
   </div>
   <div class='ocr_carea' id='block_1_15' title="bbox 402 1376 1983 1444">
    <p class='ocr_par' dir='ltr' id='par_1_15' title="bbox 402 1376 1983 1444">
     <span class='ocr_line' id='line_1_15' title="bbox 402 1376 1983 1444; baseline 0.001 -11"><span class='ocrx_word' id='word_1_110' title='bbox 402 1388 559 1436; x_wconf 81' lang='lat' dir='ltr'><strong>tetur.</strong></span> <span class='ocrx_word' id='word_1_111' title='bbox 590 1379 799 1436; x_wconf 82' lang='lat' dir='ltr'><strong>.Euntes</strong></span> <span class='ocrx_word' id='word_1_112' title='bbox 831 1389 1009 1435; x_wconf 89' lang='lat' dir='ltr'><strong>autem</strong></span> <span class='ocrx_word' id='word_1_113' title='bbox 1036 1378 1101 1435; x_wconf 88' lang='lat' dir='ltr'><strong>de</strong></span> <span class='ocrx_word' id='word_1_114' title='bbox 1141 1378 1303 1434; x_wconf 75' lang='lat' dir='ltr'><strong>domo</strong></span> <span class='ocrx_word' id='word_1_115' title='bbox 1328 1376 1406 1433; x_wconf 70' lang='lat' dir='ltr'><strong>vel</strong></span> <span class='ocrx_word' id='word_1_116' title='bbox 1445 1378 1653 1433; x_wconf 75' lang='lat' dir='ltr'><strong>civitate</strong></span> <span class='ocrx_word' id='word_1_117' title='bbox 1676 1378 1795 1444; x_wconf 86' lang='lat' dir='ltr'><strong>illa,</strong></span> <span class='ocrx_word' id='word_1_118' title='bbox 1819 1380 1983 1435; x_wconf 86' lang='lat' dir='ltr'><strong>etiam</strong></span> 
     </span>
    </p>
   </div>
   <div class='ocr_carea' id='block_1_16' title="bbox 400 1470 1985 1543">
    <p class='ocr_par' dir='ltr' id='par_1_16' title="bbox 400 1470 1985 1543">
     <span class='ocr_line' id='line_1_16' title="bbox 400 1470 1985 1543; baseline -0.001 -17"><span class='ocrx_word' id='word_1_119' title='bbox 400 1471 662 1542; x_wconf 69' lang='lat' dir='ltr'><strong>pulverem</strong></span> <span class='ocrx_word' id='word_1_120' title='bbox 684 1474 773 1543; x_wconf 84' lang='lat' dir='ltr'><strong>qui</strong></span> <span class='ocrx_word' id='word_1_121' title='bbox 804 1472 1084 1527; x_wconf 76' lang='lat' dir='ltr'><strong>adbwserit</strong></span> <span class='ocrx_word' id='word_1_122' title='bbox 1103 1472 1320 1541; x_wconf 77' lang='lat' dir='ltr'><strong>pedibus</strong></span> <span class='ocrx_word' id='word_1_123' title='bbox 1344 1470 1558 1536; x_wconf 76' lang='lat' dir='ltr'><strong>vestris,</strong></span> <span class='ocrx_word' id='word_1_124' title='bbox 1586 1472 1870 1529; x_wconf 73' lang='lat' dir='ltr'><strong>excutiatis</strong></span> <span class='ocrx_word' id='word_1_125' title='bbox 1892 1487 1985 1525; x_wconf 82' lang='lat' dir='ltr'><strong>su-</strong></span> 
     </span>
    </p>
   </div>
   <div class='ocr_carea' id='block_1_17' title="bbox 398 1560 1983 1632">
    <p class='ocr_par' dir='ltr' id='par_1_17' title="bbox 398 1560 1983 1632">
     <span class='ocr_line' id='line_1_17' title="bbox 398 1560 1983 1632; baseline 0 -15"><span class='ocrx_word' id='word_1_126' title='bbox 398 1568 492 1632; x_wconf 71' lang='lat' dir='ltr'><strong>per</strong></span> <span class='ocrx_word' id='word_1_127' title='bbox 517 1580 627 1620; x_wconf 88' lang='lat' dir='ltr'><strong>eos.</strong></span> <span class='ocrx_word' id='word_1_128' title='bbox 677 1564 1034 1622; x_wconf 73' lang='lat' dir='ltr'><strong>Tolerabilius</strong></span> <span class='ocrx_word' id='word_1_129' title='bbox 1076 1565 1179 1619; x_wconf 87' lang='lat' dir='ltr'><strong>erit</strong></span> <span class='ocrx_word' id='word_1_130' title='bbox 1210 1574 1367 1621; x_wconf 72' lang='lat' dir='ltr'><strong>terra:</strong></span> <span class='ocrx_word' id='word_1_131' title='bbox 1397 1563 1755 1621; x_wconf 78' lang='lat' dir='ltr'><strong>Sodomorum</strong></span> <span class='ocrx_word' id='word_1_132' title='bbox 1792 1572 1845 1618; x_wconf 88' lang='lat' dir='ltr'><strong>et</strong></span> <span class='ocrx_word' id='word_1_133' title='bbox 1877 1560 1983 1618; x_wconf 83' lang='lat' dir='ltr'><strong>Go-</strong></span> 
     </span>
    </p>
   </div>
   <div class='ocr_carea' id='block_1_18' title="bbox 399 1655 1982 1727">
    <p class='ocr_par' dir='ltr' id='par_1_18' title="bbox 399 1655 1982 1727">
     <span class='ocr_line' id='line_1_18' title="bbox 399 1655 1982 1727; baseline 0.001 -20"><span class='ocrx_word' id='word_1_134' title='bbox 399 1656 785 1712; x_wconf 78' lang='lat' dir='ltr'><strong>morrhworum</strong></span> <span class='ocrx_word' id='word_1_135' title='bbox 831 1657 887 1713; x_wconf 85' lang='lat' dir='ltr'><strong>in</strong></span> <span class='ocrx_word' id='word_1_136' title='bbox 916 1656 1001 1712; x_wconf 91' lang='lat' dir='ltr'><strong>die</strong></span> <span class='ocrx_word' id='word_1_137' title='bbox 1038 1656 1259 1727; x_wconf 84' lang='lat' dir='ltr'><strong>judicii,</strong></span> <span class='ocrx_word' id='word_1_138' title='bbox 1307 1673 1465 1727; x_wconf 86' lang='lat' dir='ltr'><strong>quam</strong></span> <span class='ocrx_word' id='word_1_139' title='bbox 1515 1658 1600 1711; x_wconf 88' lang='lat' dir='ltr'><strong>illi</strong></span> <span class='ocrx_word' id='word_1_140' title='bbox 1643 1655 1852 1713; x_wconf 81' lang='lat' dir='ltr'><strong>civitati</strong></span> <span class='ocrx_word' id='word_1_141' title='bbox 1902 1656 1982 1711; x_wconf 86' lang='lat' dir='ltr'><strong>vel</strong></span> 
     </span>
    </p>
   </div>
   <div class='ocr_carea' id='block_1_19' title="bbox 2092 442 3658 519">
    <p class='ocr_par' dir='ltr' id='par_1_19' title="bbox 2092 442 3658 519">
     <span class='ocr_line' id='line_1_19' title="bbox 2092 442 3658 519; baseline -0.001 -17"><span class='ocrx_word' id='word_1_142' title='bbox 2092 454 2242 502; x_wconf 90' lang='lat' dir='ltr'><strong>ment</strong></span> <span class='ocrx_word' id='word_1_143' title='bbox 2294 462 2395 503; x_wconf 92' lang='lat' dir='ltr'><strong>nos</strong></span> <span class='ocrx_word' id='word_1_144' title='bbox 2448 445 2822 519; x_wconf 82' lang='lat' dir='ltr'><strong>responsionis</strong></span> <span class='ocrx_word' id='word_1_145' title='bbox 2886 442 3113 515; x_wconf 88' lang='lat' dir='ltr'><strong>penuria</strong></span> <span class='ocrx_word' id='word_1_146' title='bbox 3167 442 3441 497; x_wconf 74' lang='lat' dir='ltr'><strong>declinem</strong></span> <span class='ocrx_word' id='word_1_147' title='bbox 3480 454 3658 500; x_wconf 87' lang='lat' dir='ltr'><strong>certa-</strong></span> 
     </span>
    </p>
   </div>
   <div class='ocr_carea' id='block_1_20' title="bbox 2088 538 3657 608">
    <p class='ocr_par' dir='ltr' id='par_1_20' title="bbox 2088 538 3657 608">
     <span class='ocr_line' id='line_1_20' title="bbox 2088 538 3657 608; baseline -0.001 -13"><span class='ocrx_word' id='word_1_148' title='bbox 2088 555 2236 603; x_wconf 87' lang='lat' dir='ltr'><strong>men,</strong></span> <span class='ocrx_word' id='word_1_149' title='bbox 2266 547 2322 593; x_wconf 89' lang='lat' dir='ltr'><strong>et</strong></span> <span class='ocrx_word' id='word_1_150' title='bbox 2366 540 2501 595; x_wconf 91' lang='lat' dir='ltr'><strong>ﬁdes</strong></span> <span class='ocrx_word' id='word_1_151' title='bbox 2540 554 2730 594; x_wconf 91' lang='lat' dir='ltr'><strong>eorum</strong></span> <span class='ocrx_word' id='word_1_152' title='bbox 2782 539 3033 604; x_wconf 79' lang='lat' dir='ltr'><strong>laedatur,</strong></span> <span class='ocrx_word' id='word_1_153' title='bbox 3074 553 3185 592; x_wconf 91' lang='lat' dir='ltr'><strong>non</strong></span> <span class='ocrx_word' id='word_1_154' title='bbox 3228 538 3586 608; x_wconf 80' lang='lat' dir='ltr'><strong>intelligentia</strong></span> <span class='ocrx_word' id='word_1_155' title='bbox 3611 540 3657 573; x_wconf 79' lang='grc'>’⁸</span> 
     </span>
    </p>
   </div>
   <div class='ocr_carea' id='block_1_21' title="bbox 2087 630 3659 703">
    <p class='ocr_par' dir='ltr' id='par_1_21' title="bbox 2087 630 3659 703">
     <span class='ocr_line' id='line_1_21' title="bbox 2087 630 3659 703; baseline 0.004 -18"><span class='ocrx_word' id='word_1_156' title='bbox 2087 631 2354 702; x_wconf 85' lang='lat' dir='ltr'><strong>propositi</strong></span> <span class='ocrx_word' id='word_1_157' title='bbox 2383 632 2557 688; x_wconf 92' lang='lat' dir='ltr'><strong>nostri</strong></span> <span class='ocrx_word' id='word_1_158' title='bbox 2581 631 2650 689; x_wconf 80' lang='grc'><strong>⁷⁸.</strong></span> <span class='ocrx_word' id='word_1_159' title='bbox 2705 631 2748 662; x_wconf 90' lang='grc'><strong>⁷⁷</strong></span> <span class='ocrx_word' id='word_1_160' title='bbox 2767 630 2959 703; x_wconf 79' lang='lat' dir='ltr'><strong>Magna</strong></span> <span class='ocrx_word' id='word_1_161' title='bbox 2998 630 3355 697; x_wconf 87' lang='lat' dir='ltr'><strong>contumelia,</strong></span> <span class='ocrx_word' id='word_1_162' title='bbox 3399 640 3454 687; x_wconf 92' lang='lat' dir='ltr'><strong>et</strong></span> <span class='ocrx_word' id='word_1_163' title='bbox 3498 649 3659 703; x_wconf 81' lang='lat' dir='ltr'><strong>grave</strong></span> 
     </span>
    </p>
   </div>
   <div class='ocr_carea' id='block_1_22' title="bbox 2089 722 3656 796">
    <p class='ocr_par' dir='ltr' id='par_1_22' title="bbox 2089 722 3656 796">
     <span class='ocr_line' id='line_1_22' title="bbox 2089 722 3656 796; baseline 0.002 -15"><span class='ocrx_word' id='word_1_164' title='bbox 2089 724 2251 781; x_wconf 82' lang='lat' dir='ltr'><strong>nobis</strong></span> <span class='ocrx_word' id='word_1_165' title='bbox 2301 725 2409 781; x_wconf 88' lang='lat' dir='ltr'><strong>erit</strong></span> <span class='ocrx_word' id='word_1_166' title='bbox 2446 733 2757 796; x_wconf 88' lang='lat' dir='ltr'><strong>peccatum,</strong></span> <span class='ocrx_word' id='word_1_167' title='bbox 2798 725 2847 781; x_wconf 88' lang='lat' dir='ltr'><strong>si</strong></span> <span class='ocrx_word' id='word_1_168' title='bbox 2896 725 2972 780; x_wconf 90' lang='lat' dir='ltr'><strong>ita</strong></span> <span class='ocrx_word' id='word_1_169' title='bbox 3026 722 3384 793; x_wconf 85' lang='lat' dir='ltr'><strong>desipiamus,</strong></span> <span class='ocrx_word' id='word_1_170' title='bbox 3426 734 3487 781; x_wconf 90' lang='lat' dir='ltr'><strong>ut</strong></span> <span class='ocrx_word' id='word_1_171' title='bbox 3535 742 3656 784; x_wconf 88' lang='lat' dir='ltr'><strong>eum</strong></span> 
     </span>
    </p>
   </div>
   <div class='ocr_carea' id='block_1_23' title="bbox 2088 817 3657 890">
    <p class='ocr_par' dir='ltr' id='par_1_23' title="bbox 2088 817 3657 890">
     <span class='ocr_line' id='line_1_23' title="bbox 2088 817 3657 890; baseline 0.003 -18"><span class='ocrx_word' id='word_1_172' title='bbox 2088 817 2371 874; x_wconf 83' lang='lat' dir='ltr'><strong>videamus</strong></span> <span class='ocrx_word' id='word_1_173' title='bbox 2400 833 2526 875; x_wconf 90' lang='lat' dir='ltr'><strong>eum</strong></span> <span class='ocrx_word' id='word_1_174' title='bbox 2548 818 2645 889; x_wconf 90' lang='lat' dir='ltr'><strong>qui</strong></span> <span class='ocrx_word' id='word_1_175' title='bbox 2668 817 2814 872; x_wconf 89' lang='lat' dir='ltr'><strong>idola</strong></span> <span class='ocrx_word' id='word_1_176' title='bbox 2845 818 3118 873; x_wconf 88' lang='lat' dir='ltr'><strong>colitesse</strong></span> <span class='ocrx_word' id='word_1_177' title='bbox 3144 817 3412 884; x_wconf 89' lang='lat' dir='ltr'><strong>sobrium,</strong></span> <span class='ocrx_word' id='word_1_178' title='bbox 3442 834 3547 874; x_wconf 79' lang='lat' dir='ltr'><strong>nos</strong></span> <span class='ocrx_word' id='word_1_179' title='bbox 3567 823 3657 890; x_wconf 92' lang='lat' dir='ltr'><strong>qui</strong></span> 
     </span>
    </p>
   </div>
   <div class='ocr_carea' id='block_1_24' title="bbox 2088 908 3658 977">
    <p class='ocr_par' dir='ltr' id='par_1_24' title="bbox 2088 908 3658 977">
     <span class='ocr_line' id='line_1_24' title="bbox 2088 908 3658 977; baseline 0.003 -13"><span class='ocrx_word' id='word_1_180' title='bbox 2088 908 2258 965; x_wconf 87' lang='lat' dir='ltr'><strong>Deum</strong></span> <span class='ocrx_word' id='word_1_181' title='bbox 2287 912 2544 976; x_wconf 89' lang='lat' dir='ltr'><strong>colimus,</strong></span> <span class='ocrx_word' id='word_1_182' title='bbox 2581 910 2754 968; x_wconf 85' lang='lat' dir='ltr'><strong>sobrii</strong></span> <span class='ocrx_word' id='word_1_183' title='bbox 2785 927 2909 968; x_wconf 85' lang='lat' dir='ltr'><strong>esse</strong></span> <span class='ocrx_word' id='word_1_184' title='bbox 2936 926 3278 967; x_wconf 87' lang='lat' dir='ltr'><strong>recusemus.</strong></span> <span class='ocrx_word' id='word_1_185' title='bbox 3308 910 3428 967; x_wconf 84' lang='lat' dir='ltr'><strong>Non</strong></span> <span class='ocrx_word' id='word_1_186' title='bbox 3458 913 3563 969; x_wconf 92' lang='lat' dir='ltr'><strong>hoc</strong></span> <span class='ocrx_word' id='word_1_187' title='bbox 3590 915 3658 977; x_wconf 84' lang='lat' dir='ltr'><strong>sit</strong></span> 
     </span>
    </p>
   </div>
   <div class='ocr_carea' id='block_1_25' title="bbox 2088 1003 3657 1074">
    <p class='ocr_par' dir='ltr' id='par_1_25' title="bbox 2088 1003 3657 1074">
     <span class='ocr_line' id='line_1_25' title="bbox 2088 1003 3657 1074; baseline 0.001 -15"><span class='ocrx_word' id='word_1_188' title='bbox 2088 1003 2231 1059; x_wconf 89' lang='lat' dir='ltr'><strong>inter</strong></span> <span class='ocrx_word' id='word_1_189' title='bbox 2257 1019 2380 1071; x_wconf 92' lang='lat' dir='ltr'><strong>nos,</strong></span> <span class='ocrx_word' id='word_1_190' title='bbox 2412 1004 2508 1061; x_wconf 87' lang='lat' dir='ltr'><strong>sed</strong></span> <span class='ocrx_word' id='word_1_191' title='bbox 2544 1019 2802 1074; x_wconf 85' lang='lat' dir='ltr'><strong>magnum</strong></span> <span class='ocrx_word' id='word_1_192' title='bbox 2834 1005 3133 1061; x_wconf 84' lang='lat' dir='ltr'><strong>habeamus</strong></span> <span class='ocrx_word' id='word_1_193' title='bbox 3186 1004 3454 1071; x_wconf 90' lang='lat' dir='ltr'><strong>studium,</strong></span> <span class='ocrx_word' id='word_1_194' title='bbox 3505 1018 3566 1063; x_wconf 90' lang='lat' dir='ltr'><strong>ut</strong></span> <span class='ocrx_word' id='word_1_195' title='bbox 3612 1011 3657 1067; x_wconf 78' lang='lat' dir='ltr'><strong>si</strong></span> 
     </span>
    </p>
   </div>
   <div class='ocr_carea' id='block_1_26' title="bbox 2088 1094 3658 1179">
    <p class='ocr_par' dir='ltr' id='par_1_26' title="bbox 2088 1094 3658 1179">
     <span class='ocr_line' id='line_1_26' title="bbox 2088 1094 3658 1179; baseline 0.005 -30"><span class='ocrx_word' id='word_1_196' title='bbox 2088 1094 2167 1150; x_wconf 88' lang='lat' dir='ltr'><strong>illi</strong></span> <span class='ocrx_word' id='word_1_197' title='bbox 2218 1097 2310 1168; x_wconf 88' lang='lat' dir='ltr'><strong>qui</strong></span> <span class='ocrx_word' id='word_1_198' title='bbox 2368 1104 2560 1155; x_wconf 86' lang='lat' dir='ltr'><strong>errant</strong></span> <span class='ocrx_word' id='word_1_199' title='bbox 2608 1098 2970 1179; x_wconf 73' lang='lat' dir='ltr'><strong>homicidium</strong></span> <span class='ocrx_word' id='word_1_200' title='bbox 3019 1112 3128 1153; x_wconf 91' lang='lat' dir='ltr'><strong>non</strong></span> <span class='ocrx_word' id='word_1_201' title='bbox 3182 1097 3410 1163; x_wconf 78' lang='lat' dir='ltr'><strong>faciunt,</strong></span> <span class='ocrx_word' id='word_1_202' title='bbox 3446 1116 3549 1155; x_wconf 91' lang='lat' dir='ltr'><strong>nos</strong></span> <span class='ocrx_word' id='word_1_203' title='bbox 3594 1118 3658 1158; x_wconf 90' lang='lat' dir='ltr'><strong>ne</strong></span> 
     </span>
    </p>
   </div>
   <div class='ocr_carea' id='block_1_27' title="bbox 2087 1186 3659 1261">
    <p class='ocr_par' dir='ltr' id='par_1_27' title="bbox 2087 1186 3659 1261">
     <span class='ocr_line' id='line_1_27' title="bbox 2087 1186 3659 1261; baseline 0.004 -18"><span class='ocrx_word' id='word_1_204' title='bbox 2087 1186 2395 1244; x_wconf 85' lang='lat' dir='ltr'><strong>irascamur</strong></span> <span class='ocrx_word' id='word_1_205' title='bbox 2442 1189 2687 1261; x_wconf 86' lang='lat' dir='ltr'><strong>quidem.</strong></span> <span class='ocrx_word' id='word_1_206' title='bbox 2726 1189 2793 1245; x_wconf 89' lang='lat' dir='ltr'><strong>Et</strong></span> <span class='ocrx_word' id='word_1_207' title='bbox 2820 1189 2868 1246; x_wconf 90' lang='lat' dir='ltr'><strong>si</strong></span> <span class='ocrx_word' id='word_1_208' title='bbox 2900 1190 2979 1245; x_wconf 88' lang='lat' dir='ltr'><strong>illi</strong></span> <span class='ocrx_word' id='word_1_209' title='bbox 3009 1191 3342 1247; x_wconf 85' lang='lat' dir='ltr'><strong>adulterium</strong></span> <span class='ocrx_word' id='word_1_210' title='bbox 3375 1209 3484 1247; x_wconf 91' lang='lat' dir='ltr'><strong>non</strong></span> <span class='ocrx_word' id='word_1_211' title='bbox 3512 1209 3659 1251; x_wconf 82' lang='lat' dir='ltr'><strong>com-</strong></span> 
     </span>
    </p>
   </div>
   <div class='ocr_carea' id='block_1_28' title="bbox 2086 1280 3732 1354">
    <p class='ocr_par' dir='ltr' id='par_1_28' title="bbox 2086 1280 3732 1354">
     <span class='ocr_line' id='line_1_28' title="bbox 2086 1280 3732 1354; baseline 0.005 -20"><span class='ocrx_word' id='word_1_212' title='bbox 2086 1280 2333 1348; x_wconf 91' lang='lat' dir='ltr'><strong>mittunt,</strong></span> <span class='ocrx_word' id='word_1_213' title='bbox 2367 1297 2469 1338; x_wconf 90' lang='lat' dir='ltr'><strong>nec</strong></span> <span class='ocrx_word' id='word_1_214' title='bbox 2504 1282 2967 1353; x_wconf 89' lang='lat' dir='ltr'><strong>concupiscamus</strong></span> <span class='ocrx_word' id='word_1_215' title='bbox 2998 1284 3217 1354; x_wconf 88' lang='lat' dir='ltr'><strong>quidem</strong></span> <span class='ocrx_word' id='word_1_216' title='bbox 3255 1285 3491 1340; x_wconf 88' lang='lat' dir='ltr'><strong>alienam</strong></span> <span class='ocrx_word' id='word_1_217' title='bbox 3538 1302 3661 1341; x_wconf 88' lang='lat' dir='ltr'><strong>mu-</strong></span> <span class='ocrx_word' id='word_1_218' title='bbox 3720 1308 3732 1320; x_wconf 84' lang='grc'>·</span> 
     </span>
    </p>
   </div>
   <div class='ocr_carea' id='block_1_29' title="bbox 2085 1371 3657 1446">
    <p class='ocr_par' dir='ltr' id='par_1_29' title="bbox 2085 1371 3657 1446">
     <span class='ocr_line' id='line_1_29' title="bbox 2085 1371 3657 1446; baseline 0.004 -18"><span class='ocrx_word' id='word_1_219' title='bbox 2085 1371 2297 1430; x_wconf 83' lang='lat' dir='ltr'><strong>liercm.</strong></span> <span class='ocrx_word' id='word_1_220' title='bbox 2347 1372 2405 1431; x_wconf 88' lang='lat' dir='ltr'><strong>Si</strong></span> <span class='ocrx_word' id='word_1_221' title='bbox 2446 1374 2523 1432; x_wconf 90' lang='lat' dir='ltr'><strong>illi</strong></span> <span class='ocrx_word' id='word_1_222' title='bbox 2568 1383 2758 1430; x_wconf 89' lang='lat' dir='ltr'><strong>amant</strong></span> <span class='ocrx_word' id='word_1_223' title='bbox 2806 1376 3094 1446; x_wconf 78' lang='lat' dir='ltr'><strong>proximos</strong></span> <span class='ocrx_word' id='word_1_224' title='bbox 3146 1392 3300 1444; x_wconf 89' lang='lat' dir='ltr'><strong>suos,</strong></span> <span class='ocrx_word' id='word_1_225' title='bbox 3352 1393 3455 1434; x_wconf 89' lang='lat' dir='ltr'><strong>nos</strong></span> <span class='ocrx_word' id='word_1_226' title='bbox 3494 1378 3657 1434; x_wconf 84' lang='lat' dir='ltr'><strong>etiam</strong></span> 
     </span>
    </p>
   </div>
   <div class='ocr_carea' id='block_1_30' title="bbox 2085 1462 3659 1536">
    <p class='ocr_par' dir='ltr' id='par_1_30' title="bbox 2085 1462 3659 1536">
     <span class='ocr_line' id='line_1_30' title="bbox 2085 1462 3659 1536; baseline 0.007 -18"><span class='ocrx_word' id='word_1_227' title='bbox 2085 1462 2380 1536; x_wconf 84' lang='lat' dir='ltr'><strong>diligamus</strong></span> <span class='ocrx_word' id='word_1_228' title='bbox 2409 1465 2663 1525; x_wconf 87' lang='lat' dir='ltr'><strong>inimicos</strong></span> <span class='ocrx_word' id='word_1_229' title='bbox 2704 1475 2947 1523; x_wconf 89' lang='lat' dir='ltr'><strong>nostros.</strong></span> <span class='ocrx_word' id='word_1_230' title='bbox 2982 1466 3042 1522; x_wconf 89' lang='lat' dir='ltr'><strong>Si</strong></span> <span class='ocrx_word' id='word_1_231' title='bbox 3079 1468 3160 1522; x_wconf 90' lang='lat' dir='ltr'><strong>illi</strong></span> <span class='ocrx_word' id='word_1_232' title='bbox 3191 1476 3384 1524; x_wconf 89' lang='lat' dir='ltr'><strong>mutuo</strong></span> <span class='ocrx_word' id='word_1_233' title='bbox 3413 1469 3548 1525; x_wconf 89' lang='lat' dir='ltr'><strong>dant</strong></span> <span class='ocrx_word' id='word_1_234' title='bbox 3578 1470 3659 1528; x_wconf 84' lang='lat' dir='ltr'><strong>bis</strong></span> 
     </span>
    </p>
   </div>
   <div class='ocr_carea' id='block_1_31' title="bbox 2085 1546 3662 1630">
    <p class='ocr_par' dir='ltr' id='par_1_31' title="bbox 2085 1546 3662 1630">
     <span class='ocr_line' id='line_1_31' title="bbox 2085 1546 3662 1630; baseline 0.003 -18"><span class='ocrx_word' id='word_1_235' title='bbox 2085 1557 2180 1629; x_wconf 90' lang='lat' dir='ltr'><strong>qui</strong></span> <span class='ocrx_word' id='word_1_236' title='bbox 2212 1558 2414 1614; x_wconf 87' lang='lat' dir='ltr'><strong>habent</strong></span> <span class='ocrx_word' id='word_1_237' title='bbox 2451 1559 2593 1615; x_wconf 90' lang='lat' dir='ltr'><strong>unde</strong></span> <span class='ocrx_word' id='word_1_238' title='bbox 2632 1559 2888 1630; x_wconf 89' lang='lat' dir='ltr'><strong>reddant,</strong></span> <span class='ocrx_word' id='word_1_239' title='bbox 2922 1576 3024 1615; x_wconf 89' lang='lat' dir='ltr'><strong>nos</strong></span> <span class='ocrx_word' id='word_1_240' title='bbox 3065 1560 3227 1617; x_wconf 87' lang='lat' dir='ltr'><strong>etiam</strong></span> <span class='ocrx_word' id='word_1_241' title='bbox 3268 1560 3354 1617; x_wconf 82' lang='lat' dir='ltr'><strong>liis</strong></span> <span class='ocrx_word' id='word_1_242' title='bbox 3375 1546 3596 1629; x_wconf 76' lang='lat' dir='ltr'><strong>demus,</strong></span> <span class='ocrx_word' id='word_1_243' title='bbox 3631 1577 3662 1616; x_wconf 91' lang='lat' dir='ltr'><strong>a</strong></span> 
     </span>
    </p>
   </div>
   <div class='ocr_carea' id='block_1_32' title="bbox 2086 1650 3660 1725">
    <p class='ocr_par' dir='ltr' id='par_1_32' title="bbox 2086 1650 3660 1725">
     <span class='ocr_line' id='line_1_32' title="bbox 2086 1650 3660 1725; baseline 0.003 -19"><span class='ocrx_word' id='word_1_244' title='bbox 2086 1651 2287 1721; x_wconf 88' lang='lat' dir='ltr'><strong>quibus</strong></span> <span class='ocrx_word' id='word_1_245' title='bbox 2319 1651 2564 1723; x_wconf 84' lang='lat' dir='ltr'><strong>recipere</strong></span> <span class='ocrx_word' id='word_1_246' title='bbox 2593 1666 2702 1706; x_wconf 91' lang='lat' dir='ltr'><strong>non</strong></span> <span class='ocrx_word' id='word_1_247' title='bbox 2730 1667 3039 1725; x_wconf 84' lang='lat' dir='ltr'><strong>speramus.</strong></span> <span class='ocrx_word' id='word_1_248' title='bbox 3078 1650 3144 1708; x_wconf 88' lang='lat' dir='ltr'><strong>Et</strong></span> <span class='ocrx_word' id='word_1_249' title='bbox 3181 1668 3279 1723; x_wconf 93' lang='lat' dir='ltr'><strong>per</strong></span> <span class='ocrx_word' id='word_1_250' title='bbox 3308 1654 3495 1708; x_wconf 85' lang='lat' dir='ltr'><strong>omnia</strong></span> <span class='ocrx_word' id='word_1_251' title='bbox 3539 1670 3660 1721; x_wconf 84' lang='lat' dir='ltr'><strong>nos,</strong></span> 
     </span>
    </p>
   </div>
   <div class='ocr_carea' id='block_1_33' title="bbox 397 1723 3665 1823">
    <p class='ocr_par' dir='ltr' id='par_1_33' title="bbox 397 1723 3665 1823">
     <span class='ocr_line' id='line_1_33' title="bbox 397 1723 3665 1823; baseline 0 -19"><span class='ocrx_word' id='word_1_252' title='bbox 397 1746 581 1807; x_wconf 84' lang='lat' dir='ltr'><strong>domui</strong></span> <span class='ocrx_word' id='word_1_253' title='bbox 610 1750 677 1803; x_wconf 79' lang='grc'><strong>⁸³.</strong></span> <span class='ocrx_word' id='word_1_254' title='bbox 712 1748 868 1816; x_wconf 83' lang='lat' dir='ltr'><strong>Quod</strong></span> <span class='ocrx_word' id='word_1_255' title='bbox 898 1723 1089 1823; x_wconf 83' lang='lat' dir='ltr'><strong>utique</strong></span> <span class='ocrx_word' id='word_1_256' title='bbox 1114 1749 1189 1804; x_wconf 89' lang='lat' dir='ltr'><strong>ita</strong></span> <span class='ocrx_word' id='word_1_257' title='bbox 1221 1723 1443 1805; x_wconf 85' lang='lat' dir='ltr'><strong>demum</strong></span> <span class='ocrx_word' id='word_1_258' title='bbox 1473 1749 1593 1805; x_wconf 86' lang='lat' dir='ltr'><strong>ﬁeri</strong></span> <span class='ocrx_word' id='word_1_259' title='bbox 1620 1750 1899 1821; x_wconf 87' lang='lat' dir='ltr'><strong>praecepit,</strong></span> <span class='ocrx_word' id='word_1_260' title='bbox 1928 1748 1984 1809; x_wconf 81' lang='lat' dir='ltr'><strong>si</strong></span> <span class='ocrx_word' id='word_1_261' title='bbox 2014 1723 2059 1779; x_wconf 72' lang='grc' dir='ltr'><strong>Β</strong></span> <span class='ocrx_word' id='word_1_262' title='bbox 2091 1742 2187 1814; x_wconf 88' lang='lat' dir='ltr'><strong>qui</strong></span> <span class='ocrx_word' id='word_1_263' title='bbox 2213 1743 2260 1778; x_wconf 81' lang='grc'><strong>⁷⁸</strong></span> <span class='ocrx_word' id='word_1_264' title='bbox 2290 1744 2479 1799; x_wconf 73' lang='lat' dir='ltr'><strong>aeterni</strong></span> <span class='ocrx_word' id='word_1_265' title='bbox 2514 1743 2700 1800; x_wconf 68' lang='lat' dir='ltr'><strong>saeculi</strong></span> <span class='ocrx_word' id='word_1_266' title='bbox 2738 1723 3114 1801; x_wconf 62' lang='lat' dir='ltr'><strong>hatreditatem</strong></span> <span class='ocrx_word' id='word_1_267' title='bbox 3153 1759 3464 1815; x_wconf 90' lang='lat' dir='ltr'><strong>speramus,</strong></span> <span class='ocrx_word' id='word_1_268' title='bbox 3499 1746 3665 1804; x_wconf 85' lang='lat' dir='ltr'><strong>debe-</strong></span> 
     </span>
    </p>
   </div>
   <div class='ocr_carea' id='block_1_34' title="bbox 399 1840 1979 1913">
    <p class='ocr_par' dir='ltr' id='par_1_34' title="bbox 399 1840 1979 1913">
     <span class='ocr_line' id='line_1_34' title="bbox 399 1840 1979 1913; baseline 0.003 -16"><span class='ocrx_word' id='word_1_269' title='bbox 399 1840 554 1913; x_wconf 82' lang='lat' dir='ltr'><strong>prius</strong></span> <span class='ocrx_word' id='word_1_270' title='bbox 575 1840 634 1900; x_wconf 90' lang='lat' dir='ltr'><strong>in</strong></span> <span class='ocrx_word' id='word_1_271' title='bbox 656 1840 879 1897; x_wconf 87' lang='lat' dir='ltr'><strong>civitate</strong></span> <span class='ocrx_word' id='word_1_272' title='bbox 907 1842 992 1897; x_wconf 91' lang='lat' dir='ltr'><strong>vel</strong></span> <span class='ocrx_word' id='word_1_273' title='bbox 1036 1842 1199 1900; x_wconf 88' lang='lat' dir='ltr'><strong>domo</strong></span> <span class='ocrx_word' id='word_1_274' title='bbox 1234 1841 1480 1899; x_wconf 86' lang='lat' dir='ltr'><strong>veritatis</strong></span> <span class='ocrx_word' id='word_1_275' title='bbox 1508 1857 1689 1899; x_wconf 89' lang='lat' dir='ltr'><strong>sermo</strong></span> <span class='ocrx_word' id='word_1_276' title='bbox 1711 1843 1979 1913; x_wconf 63' lang='lat' dir='ltr'><strong>praedice-</strong></span> 
     </span>
    </p>
   </div>
   <div class='ocr_carea' id='block_1_35' title="bbox 399 1934 1978 2006">
    <p class='ocr_par' dir='ltr' id='par_1_35' title="bbox 399 1934 1978 2006">
     <span class='ocr_line' id='line_1_35' title="bbox 399 1934 1978 2006; baseline 0.001 -16"><span class='ocrx_word' id='word_1_277' title='bbox 399 1941 523 2000; x_wconf 89' lang='lat' dir='ltr'><strong>tur;</strong></span> <span class='ocrx_word' id='word_1_278' title='bbox 570 1949 641 1990; x_wconf 78' lang='lat' dir='ltr'><strong>ex</strong></span> <span class='ocrx_word' id='word_1_279' title='bbox 691 1949 803 2005; x_wconf 94' lang='lat' dir='ltr'><strong>quo</strong></span> <span class='ocrx_word' id='word_1_280' title='bbox 845 1936 932 1991; x_wconf 90' lang='lat' dir='ltr'><strong>vel</strong></span> <span class='ocrx_word' id='word_1_281' title='bbox 976 1934 1306 2006; x_wconf 85' lang='lat' dir='ltr'><strong>recipientes</strong></span> <span class='ocrx_word' id='word_1_282' title='bbox 1346 1935 1597 1993; x_wconf 85' lang='lat' dir='ltr'><strong>veritatis</strong></span> <span class='ocrx_word' id='word_1_283' title='bbox 1645 1935 1830 2001; x_wconf 84' lang='lat' dir='ltr'><strong>ﬁdem,</strong></span> <span class='ocrx_word' id='word_1_284' title='bbox 1880 1936 1978 1992; x_wconf 87' lang='lat' dir='ltr'><strong>ﬁlii</strong></span> 
     </span>
    </p>
   </div>
   <div class='ocr_carea' id='block_1_36' title="bbox 400 2025 1979 2099">
    <p class='ocr_par' dir='ltr' id='par_1_36' title="bbox 400 2025 1979 2099">
     <span class='ocr_line' id='line_1_36' title="bbox 400 2025 1979 2099; baseline 0.002 -20"><span class='ocrx_word' id='word_1_285' title='bbox 400 2025 555 2098; x_wconf 83' lang='lat' dir='ltr'><strong>pacis</strong></span> <span class='ocrx_word' id='word_1_286' title='bbox 584 2033 640 2083; x_wconf 90' lang='lat' dir='ltr'><strong>et</strong></span> <span class='ocrx_word' id='word_1_287' title='bbox 663 2026 759 2081; x_wconf 91' lang='lat' dir='ltr'><strong>ﬁlii</strong></span> <span class='ocrx_word' id='word_1_288' title='bbox 796 2026 891 2081; x_wconf 87' lang='lat' dir='ltr'><strong>Dei</strong></span> <span class='ocrx_word' id='word_1_289' title='bbox 923 2026 1095 2094; x_wconf 85' lang='lat' dir='ltr'><strong>ﬁant;</strong></span> <span class='ocrx_word' id='word_1_290' title='bbox 1125 2027 1207 2081; x_wconf 89' lang='lat' dir='ltr'><strong>vel</strong></span> <span class='ocrx_word' id='word_1_291' title='bbox 1232 2042 1344 2082; x_wconf 91' lang='lat' dir='ltr'><strong>non</strong></span> <span class='ocrx_word' id='word_1_292' title='bbox 1379 2027 1709 2098; x_wconf 84' lang='lat' dir='ltr'><strong>recipientes</strong></span> <span class='ocrx_word' id='word_1_293' title='bbox 1741 2044 1979 2099; x_wconf 64' lang='lat' dir='ltr'><strong>arguam</strong></span> 
     </span>
    </p>
   </div>
   <div class='ocr_carea' id='block_1_37' title="bbox 403 2118 1976 2191">
    <p class='ocr_par' dir='ltr' id='par_1_37' title="bbox 403 2118 1976 2191">
     <span class='ocr_line' id='line_1_37' title="bbox 403 2118 1976 2191; baseline 0.001 -16"><span class='ocrx_word' id='word_1_294' title='bbox 403 2126 518 2183; x_wconf 86' lang='lat' dir='ltr'><strong>tur,</strong></span> <span class='ocrx_word' id='word_1_295' title='bbox 572 2119 735 2191; x_wconf 89' lang='lat' dir='ltr'><strong>quasi</strong></span> <span class='ocrx_word' id='word_1_296' title='bbox 764 2118 978 2179; x_wconf 88' lang='lat' dir='ltr'><strong>inimici</strong></span> <span class='ocrx_word' id='word_1_297' title='bbox 1016 2118 1170 2189; x_wconf 87' lang='lat' dir='ltr'><strong>pacis</strong></span> <span class='ocrx_word' id='word_1_298' title='bbox 1198 2126 1255 2175; x_wconf 90' lang='lat' dir='ltr'><strong>et</strong></span> <span class='ocrx_word' id='word_1_299' title='bbox 1302 2118 1419 2175; x_wconf 87' lang='lat' dir='ltr'><strong>Dei.</strong></span> <span class='ocrx_word' id='word_1_300' title='bbox 1466 2120 1545 2173; x_wconf 91' lang='lat' dir='ltr'><strong>lta</strong></span> <span class='ocrx_word' id='word_1_301' title='bbox 1574 2136 1704 2191; x_wconf 82' lang='lat' dir='ltr'><strong>ergo</strong></span> <span class='ocrx_word' id='word_1_302' title='bbox 1758 2129 1812 2176; x_wconf 91' lang='lat' dir='ltr'><strong>et</strong></span> <span class='ocrx_word' id='word_1_303' title='bbox 1851 2136 1976 2188; x_wconf 88' lang='lat' dir='ltr'><strong>nos,</strong></span> 
     </span>
    </p>
   </div>
   <div class='ocr_carea' id='block_1_38' title="bbox 398 2209 1979 2283">
    <p class='ocr_par' dir='ltr' id='par_1_38' title="bbox 398 2209 1979 2283">
     <span class='ocr_line' id='line_1_38' title="bbox 398 2209 1979 2283; baseline 0.002 -19"><span class='ocrx_word' id='word_1_304' title='bbox 398 2209 651 2280; x_wconf 72' lang='lat' dir='ltr'><strong>magistri</strong></span> <span class='ocrx_word' id='word_1_305' title='bbox 682 2210 931 2267; x_wconf 89' lang='lat' dir='ltr'><strong>instituta</strong></span> <span class='ocrx_word' id='word_1_306' title='bbox 961 2218 1259 2276; x_wconf 84' lang='lat' dir='ltr'><strong>sectantes,</strong></span> <span class='ocrx_word' id='word_1_307' title='bbox 1285 2211 1463 2281; x_wconf 89' lang='lat' dir='ltr'><strong>primo</strong></span> <span class='ocrx_word' id='word_1_308' title='bbox 1498 2227 1687 2281; x_wconf 89' lang='lat' dir='ltr'><strong>pacem</strong></span> <span class='ocrx_word' id='word_1_309' title='bbox 1718 2212 1979 2283; x_wconf 86' lang='lat' dir='ltr'><strong>proponi-</strong></span> 
     </span>
    </p>
   </div>
   <div class='ocr_carea' id='block_1_39' title="bbox 398 2303 1978 2375">
    <p class='ocr_par' dir='ltr' id='par_1_39' title="bbox 398 2303 1978 2375">
     <span class='ocr_line' id='line_1_39' title="bbox 398 2303 1978 2375; baseline 0.002 -17"><span class='ocrx_word' id='word_1_310' title='bbox 398 2316 527 2362; x_wconf 80' lang='lat' dir='ltr'><strong>mus</strong></span> <span class='ocrx_word' id='word_1_311' title='bbox 590 2303 977 2368; x_wconf 86' lang='lat' dir='ltr'><strong>auditoribus,</strong></span> <span class='ocrx_word' id='word_1_312' title='bbox 1038 2311 1098 2358; x_wconf 91' lang='lat' dir='ltr'><strong>ut</strong></span> <span class='ocrx_word' id='word_1_313' title='bbox 1147 2303 1355 2372; x_wconf 90' lang='lat' dir='ltr'><strong>absque</strong></span> <span class='ocrx_word' id='word_1_314' title='bbox 1407 2304 1516 2358; x_wconf 89' lang='lat' dir='ltr'><strong>ulla</strong></span> <span class='ocrx_word' id='word_1_315' title='bbox 1568 2305 1978 2375; x_wconf 85' lang='lat' dir='ltr'><strong>perturbatione</strong></span> 
     </span>
    </p>
   </div>
   <div class='ocr_carea' id='block_1_40' title="bbox 397 2392 1976 2468">
    <p class='ocr_par' dir='ltr' id='par_1_40' title="bbox 397 2392 1976 2468">
     <span class='ocr_line' id='line_1_40' title="bbox 397 2392 1976 2468; baseline 0.002 -19"><span class='ocrx_word' id='word_1_316' title='bbox 397 2393 578 2468; x_wconf 83' lang='lat' dir='ltr'><strong>possit</strong></span> <span class='ocrx_word' id='word_1_317' title='bbox 604 2392 692 2449; x_wconf 85' lang='lat' dir='ltr'><strong>via</strong></span> <span class='ocrx_word' id='word_1_318' title='bbox 726 2393 923 2453; x_wconf 87' lang='lat' dir='ltr'><strong>salutis</strong></span> <span class='ocrx_word' id='word_1_319' title='bbox 953 2394 1197 2466; x_wconf 82' lang='lat' dir='ltr'><strong>agnosci.</strong></span> <span class='ocrx_word' id='word_1_320' title='bbox 1223 2392 1381 2468; x_wconf 84' lang='lat' dir='ltr'><strong>Quod</strong></span> <span class='ocrx_word' id='word_1_321' title='bbox 1411 2394 1600 2465; x_wconf 86' lang='lat' dir='ltr'><strong>siquis</strong></span> <span class='ocrx_word' id='word_1_322' title='bbox 1629 2396 1779 2466; x_wconf 85' lang='lat' dir='ltr'><strong>pacis</strong></span> <span class='ocrx_word' id='word_1_323' title='bbox 1811 2397 1976 2452; x_wconf 82' lang='lat' dir='ltr'><strong>verba</strong></span> 
     </span>
    </p>
   </div>
   <div class='ocr_carea' id='block_1_41' title="bbox 398 2485 1977 2562">
    <p class='ocr_par' dir='ltr' id='par_1_41' title="bbox 398 2485 1977 2562">
     <span class='ocr_line' id='line_1_41' title="bbox 398 2485 1977 2562; baseline 0.004 -24"><span class='ocrx_word' id='word_1_324' title='bbox 398 2498 511 2545; x_wconf 86' lang='lat' dir='ltr'><strong>non</strong></span> <span class='ocrx_word' id='word_1_325' title='bbox 545 2485 803 2555; x_wconf 84' lang='lat' dir='ltr'><strong>suscipit,</strong></span> <span class='ocrx_word' id='word_1_326' title='bbox 838 2501 1020 2556; x_wconf 91' lang='lat' dir='ltr'><strong>neque</strong></span> <span class='ocrx_word' id='word_1_327' title='bbox 1042 2487 1346 2562; x_wconf 76' lang='lat' dir='ltr'><strong>acquiescit</strong></span> <span class='ocrx_word' id='word_1_328' title='bbox 1372 2488 1609 2552; x_wconf 82' lang='lat' dir='ltr'><strong>veritati,</strong></span> <span class='ocrx_word' id='word_1_329' title='bbox 1640 2489 1848 2544; x_wconf 90' lang='lat' dir='ltr'><strong>scimus</strong></span> <span class='ocrx_word' id='word_1_330' title='bbox 1887 2488 1977 2544; x_wconf 77' lang='lat' dir='ltr'><strong>ad-</strong></span> 
     </span>
    </p>
   </div>
   <div class='ocr_carea' id='block_1_42' title="bbox 399 2581 1976 2657">
    <p class='ocr_par' dir='ltr' id='par_1_42' title="bbox 399 2581 1976 2657">
     <span class='ocr_line' id='line_1_42' title="bbox 399 2581 1976 2657; baseline 0.005 -26"><span class='ocrx_word' id='word_1_331' title='bbox 399 2592 596 2635; x_wconf 78' lang='lat' dir='ltr'><strong>versus</strong></span> <span class='ocrx_word' id='word_1_332' title='bbox 633 2592 761 2635; x_wconf 89' lang='lat' dir='ltr'><strong>eum</strong></span> <span class='ocrx_word' id='word_1_333' title='bbox 812 2594 1051 2651; x_wconf 77' lang='lat' dir='ltr'><strong>pugnam</strong></span> <span class='ocrx_word' id='word_1_334' title='bbox 1092 2581 1247 2637; x_wconf 89' lang='lat' dir='ltr'><strong>verbi</strong></span> <span class='ocrx_word' id='word_1_335' title='bbox 1286 2596 1529 2647; x_wconf 87' lang='lat' dir='ltr'><strong>movere,</strong></span> <span class='ocrx_word' id='word_1_336' title='bbox 1572 2588 1629 2638; x_wconf 87' lang='lat' dir='ltr'><strong>et</strong></span> <span class='ocrx_word' id='word_1_337' title='bbox 1664 2596 1894 2657; x_wconf 85' lang='lat' dir='ltr'><strong>arguere</strong></span> <span class='ocrx_word' id='word_1_338' title='bbox 1932 2583 1976 2616; x_wconf 79' lang='lat'><strong>&quot;</strong></span> 
     </span>
    </p>
   </div>
   <div class='ocr_carea' id='block_1_43' title="bbox 396 2670 1978 2745">
    <p class='ocr_par' dir='ltr' id='par_1_43' title="bbox 396 2670 1978 2745">
     <span class='ocr_line' id='line_1_43' title="bbox 396 2670 1978 2745; baseline 0.003 -19"><span class='ocrx_word' id='word_1_339' title='bbox 396 2670 607 2738; x_wconf 88' lang='lat' dir='ltr'><strong>acrius,</strong></span> <span class='ocrx_word' id='word_1_340' title='bbox 654 2670 995 2728; x_wconf 83' lang='lat' dir='ltr'><strong>confutando</strong></span> <span class='ocrx_word' id='word_1_341' title='bbox 1053 2674 1442 2745; x_wconf 75' lang='lat' dir='ltr'><strong>ignorantiam,</strong></span> <span class='ocrx_word' id='word_1_342' title='bbox 1496 2682 1552 2733; x_wconf 90' lang='lat' dir='ltr'><strong>et</strong></span> <span class='ocrx_word' id='word_1_343' title='bbox 1596 2673 1978 2745; x_wconf 88' lang='lat' dir='ltr'><strong>redarguendo</strong></span> 
     </span>
    </p>
   </div>
   <div class='ocr_carea' id='block_1_44' title="bbox 398 2761 1978 2843">
    <p class='ocr_par' dir='ltr' id='par_1_44' title="bbox 398 2761 1978 2843">
     <span class='ocr_line' id='line_1_44' title="bbox 398 2761 1978 2843; baseline 0.003 -25"><span class='ocrx_word' id='word_1_344' title='bbox 398 2771 646 2839; x_wconf 82' lang='lat' dir='ltr'><strong>peccata.</strong></span> <span class='ocrx_word' id='word_1_345' title='bbox 680 2761 1009 2843; x_wconf 77' lang='lat' dir='ltr'><strong>Necessario</strong></span> <span class='ocrx_word' id='word_1_346' title='bbox 1052 2765 1220 2836; x_wconf 89' lang='lat' dir='ltr'><strong>igitur</strong></span> <span class='ocrx_word' id='word_1_347' title='bbox 1265 2781 1452 2835; x_wconf 88' lang='lat' dir='ltr'><strong>pacem</strong></span> <span class='ocrx_word' id='word_1_348' title='bbox 1484 2769 1868 2837; x_wconf 88' lang='lat' dir='ltr'><strong>proponimus,</strong></span> <span class='ocrx_word' id='word_1_349' title='bbox 1917 2774 1978 2822; x_wconf 93' lang='lat' dir='ltr'><strong>ut</strong></span> 
     </span>
    </p>
   </div>
   <div class='ocr_carea' id='block_1_45' title="bbox 395 2856 1976 2931">
    <p class='ocr_par' dir='ltr' id='par_1_45' title="bbox 395 2856 1976 2931">
     <span class='ocr_line' id='line_1_45' title="bbox 395 2856 1976 2931; baseline 0.004 -20"><span class='ocrx_word' id='word_1_350' title='bbox 395 2856 447 2918; x_wconf 75' lang='lat' dir='ltr'><strong>si</strong></span> <span class='ocrx_word' id='word_1_351' title='bbox 489 2857 616 2928; x_wconf 89' lang='lat' dir='ltr'><strong>quis</strong></span> <span class='ocrx_word' id='word_1_352' title='bbox 665 2864 749 2914; x_wconf 85' lang='lat' dir='ltr'><strong>est</strong></span> <span class='ocrx_word' id='word_1_353' title='bbox 780 2857 928 2915; x_wconf 91' lang='lat' dir='ltr'><strong>ﬁlius</strong></span> <span class='ocrx_word' id='word_1_354' title='bbox 970 2859 1148 2929; x_wconf 86' lang='lat' dir='ltr'><strong>pacis,</strong></span> <span class='ocrx_word' id='word_1_355' title='bbox 1181 2874 1287 2931; x_wconf 77' lang='lat' dir='ltr'><strong>pax</strong></span> <span class='ocrx_word' id='word_1_356' title='bbox 1333 2868 1522 2916; x_wconf 74' lang='lat' dir='ltr'><strong>nostra</strong></span> <span class='ocrx_word' id='word_1_357' title='bbox 1573 2860 1758 2915; x_wconf 85' lang='lat' dir='ltr'><strong>veniat</strong></span> <span class='ocrx_word' id='word_1_358' title='bbox 1810 2876 1976 2931; x_wconf 87' lang='lat' dir='ltr'><strong>super</strong></span> 
     </span>
    </p>
   </div>
   <div class='ocr_carea' id='block_1_46' title="bbox 395 2950 1973 3026">
    <p class='ocr_par' dir='ltr' id='par_1_46' title="bbox 395 2950 1973 3026">
     <span class='ocr_line' id='line_1_46' title="bbox 395 2950 1973 3026; baseline 0.003 -20"><span class='ocrx_word' id='word_1_359' title='bbox 395 2963 563 3020; x_wconf 83' lang='lat' dir='ltr'><strong>eum;</strong></span> <span class='ocrx_word' id='word_1_360' title='bbox 602 2950 674 3006; x_wconf 89' lang='lat' dir='ltr'><strong>ab</strong></span> <span class='ocrx_word' id='word_1_361' title='bbox 702 2964 769 3007; x_wconf 90' lang='lat' dir='ltr'><strong>eo</strong></span> <span class='ocrx_word' id='word_1_362' title='bbox 807 2959 992 3011; x_wconf 87' lang='lat' dir='ltr'><strong>autem</strong></span> <span class='ocrx_word' id='word_1_363' title='bbox 1025 2952 1122 3023; x_wconf 88' lang='lat' dir='ltr'><strong>qui</strong></span> <span class='ocrx_word' id='word_1_364' title='bbox 1164 2967 1225 3007; x_wconf 84' lang='lat' dir='ltr'><strong>se</strong></span> <span class='ocrx_word' id='word_1_365' title='bbox 1254 2952 1493 3009; x_wconf 84' lang='lat' dir='ltr'><strong>alienum</strong></span> <span class='ocrx_word' id='word_1_366' title='bbox 1538 2952 1663 3026; x_wconf 87' lang='lat' dir='ltr'><strong>paci</strong></span> <span class='ocrx_word' id='word_1_367' title='bbox 1709 2952 1973 3021; x_wconf 70' lang='lat' dir='ltr'><strong>cﬁ‘ecerit,</strong></span> 
     </span>
    </p>
   </div>
   <div class='ocr_carea' id='block_1_47' title="bbox 2083 1835 3661 1908">
    <p class='ocr_par' dir='ltr' id='par_1_47' title="bbox 2083 1835 3661 1908">
     <span class='ocr_line' id='line_1_47' title="bbox 2083 1835 3661 1908; baseline 0.001 -15"><span class='ocrx_word' id='word_1_368' title='bbox 2083 1852 2210 1893; x_wconf 90' lang='lat' dir='ltr'><strong>mus</strong></span> <span class='ocrx_word' id='word_1_369' title='bbox 2238 1835 2550 1908; x_wconf 62' lang='lat' dir='ltr'><strong>praecedere</strong></span> <span class='ocrx_word' id='word_1_370' title='bbox 2581 1836 2627 1870; x_wconf 81' lang='lat'>&quot;</span> <span class='ocrx_word' id='word_1_371' title='bbox 2652 1851 2772 1904; x_wconf 89' lang='lat' dir='ltr'><strong>eos,</strong></span> <span class='ocrx_word' id='word_1_372' title='bbox 2822 1836 2916 1907; x_wconf 91' lang='lat' dir='ltr'><strong>qui</strong></span> <span class='ocrx_word' id='word_1_373' title='bbox 2961 1852 3206 1908; x_wconf 80' lang='lat' dir='ltr'><strong>praesens</strong></span> <span class='ocrx_word' id='word_1_374' title='bbox 3238 1846 3452 1895; x_wconf 90' lang='lat' dir='ltr'><strong>tantum</strong></span> <span class='ocrx_word' id='word_1_375' title='bbox 3485 1855 3661 1895; x_wconf 68' lang='lat' dir='ltr'><strong>saecu-</strong></span> 
     </span>
    </p>
   </div>
   <div class='ocr_carea' id='block_1_48' title="bbox 2080 1930 3663 2001">
    <p class='ocr_par' dir='ltr' id='par_1_48' title="bbox 2080 1930 3663 2001">
     <span class='ocr_line' id='line_1_48' title="bbox 2080 1930 3663 2001; baseline 0.002 -15"><span class='ocrx_word' id='word_1_376' title='bbox 2080 1932 2197 1989; x_wconf 84' lang='lat' dir='ltr'><strong>lum</strong></span> <span class='ocrx_word' id='word_1_377' title='bbox 2235 1938 2536 1998; x_wconf 76' lang='lat' dir='ltr'><strong>noverunt;</strong></span> <span class='ocrx_word' id='word_1_378' title='bbox 2558 1930 2818 1998; x_wconf 88' lang='lat' dir='ltr'><strong>scientes,</strong></span> <span class='ocrx_word' id='word_1_379' title='bbox 2847 1932 2975 2001; x_wconf 87' lang='lat' dir='ltr'><strong>quia</strong></span> <span class='ocrx_word' id='word_1_380' title='bbox 3008 1930 3056 1986; x_wconf 90' lang='lat' dir='ltr'><strong>si</strong></span> <span class='ocrx_word' id='word_1_381' title='bbox 3088 1945 3254 1999; x_wconf 84' lang='lat' dir='ltr'><strong>Opera</strong></span> <span class='ocrx_word' id='word_1_382' title='bbox 3308 1932 3531 1987; x_wconf 91' lang='lat' dir='ltr'><strong>illorum</strong></span> <span class='ocrx_word' id='word_1_383' title='bbox 3567 1948 3663 1989; x_wconf 91' lang='lat' dir='ltr'><strong>no-</strong></span> 
     </span>
    </p>
   </div>
   <div class='ocr_carea' id='block_1_49' title="bbox 2080 2021 3665 2092">
    <p class='ocr_par' dir='ltr' id='par_1_49' title="bbox 2080 2021 3665 2092">
     <span class='ocr_line' id='line_1_49' title="bbox 2080 2021 3665 2092; baseline 0.002 -14"><span class='ocrx_word' id='word_1_384' title='bbox 2080 2035 2214 2080; x_wconf 80' lang='lat' dir='ltr'><strong>stris</strong></span> <span class='ocrx_word' id='word_1_385' title='bbox 2242 2021 2503 2091; x_wconf 90' lang='lat' dir='ltr'><strong>operibus</strong></span> <span class='ocrx_word' id='word_1_386' title='bbox 2553 2023 2772 2087; x_wconf 90' lang='lat' dir='ltr'><strong>collata,</strong></span> <span class='ocrx_word' id='word_1_387' title='bbox 2817 2022 2873 2077; x_wconf 89' lang='lat' dir='ltr'><strong>in</strong></span> <span class='ocrx_word' id='word_1_388' title='bbox 2915 2022 3003 2078; x_wconf 89' lang='lat' dir='ltr'><strong>die</strong></span> <span class='ocrx_word' id='word_1_389' title='bbox 3038 2022 3235 2092; x_wconf 77' lang='lat' dir='ltr'><strong>iudicii</strong></span> <span class='ocrx_word' id='word_1_390' title='bbox 3283 2023 3486 2080; x_wconf 88' lang='lat' dir='ltr'><strong>similia</strong></span> <span class='ocrx_word' id='word_1_391' title='bbox 3520 2024 3665 2081; x_wconf 85' lang='lat' dir='ltr'><strong>invc-</strong></span> 
     </span>
    </p>
   </div>
   <div class='ocr_carea' id='block_1_50' title="bbox 2078 2115 3664 2188">
    <p class='ocr_par' dir='ltr' id='par_1_50' title="bbox 2078 2115 3664 2188">
     <span class='ocr_line' id='line_1_50' title="bbox 2078 2115 3664 2188; baseline -0.001 -15"><span class='ocrx_word' id='word_1_392' title='bbox 2078 2116 2311 2173; x_wconf 86' lang='lat' dir='ltr'><strong>niantur</strong></span> <span class='ocrx_word' id='word_1_393' title='bbox 2343 2130 2408 2169; x_wconf 91' lang='lat' dir='ltr'><strong>ac</strong></span> <span class='ocrx_word' id='word_1_394' title='bbox 2437 2115 2614 2186; x_wconf 85' lang='lat' dir='ltr'><strong>paria,</strong></span> <span class='ocrx_word' id='word_1_395' title='bbox 2643 2115 2898 2172; x_wconf 82' lang='lat' dir='ltr'><strong>confusio</strong></span> <span class='ocrx_word' id='word_1_396' title='bbox 2922 2117 3084 2173; x_wconf 88' lang='lat' dir='ltr'><strong>nobis</strong></span> <span class='ocrx_word' id='word_1_397' title='bbox 3106 2118 3229 2184; x_wconf 87' lang='lat' dir='ltr'><strong>erit,</strong></span> <span class='ocrx_word' id='word_1_398' title='bbox 3254 2117 3399 2188; x_wconf 88' lang='lat' dir='ltr'><strong>quod</strong></span> <span class='ocrx_word' id='word_1_399' title='bbox 3427 2118 3664 2188; x_wconf 65' lang='lat' dir='ltr'><strong>aequales</strong></span> 
     </span>
    </p>
   </div>
   <div class='ocr_carea' id='block_1_51' title="bbox 2078 2206 3663 2281">
    <p class='ocr_par' dir='ltr' id='par_1_51' title="bbox 2078 2206 3663 2281">
     <span class='ocr_line' id='line_1_51' title="bbox 2078 2206 3663 2281; baseline 0.001 -17"><span class='ocrx_word' id='word_1_400' title='bbox 2078 2207 2429 2264; x_wconf 87' lang='lat' dir='ltr'><strong>inveniamur</strong></span> <span class='ocrx_word' id='word_1_401' title='bbox 2450 2207 2505 2262; x_wconf 91' lang='lat' dir='ltr'><strong>in</strong></span> <span class='ocrx_word' id='word_1_402' title='bbox 2531 2207 2814 2277; x_wconf 89' lang='lat' dir='ltr'><strong>operibus,</strong></span> <span class='ocrx_word' id='word_1_403' title='bbox 2828 2206 2916 2265; x_wconf 84' lang='lat' dir='ltr'><strong>bis</strong></span> <span class='ocrx_word' id='word_1_404' title='bbox 2935 2208 3031 2279; x_wconf 91' lang='lat' dir='ltr'><strong>qui</strong></span> <span class='ocrx_word' id='word_1_405' title='bbox 3054 2216 3277 2281; x_wconf 84' lang='lat' dir='ltr'><strong>propter</strong></span> <span class='ocrx_word' id='word_1_406' title='bbox 3296 2208 3663 2279; x_wconf 84' lang='lat' dir='ltr'><strong>ignorantiam</strong></span> 
     </span>
    </p>
   </div>
   <div class='ocr_carea' id='block_1_52' title="bbox 2077 2300 3666 2373">
    <p class='ocr_par' dir='ltr' id='par_1_52' title="bbox 2077 2300 3666 2373">
     <span class='ocr_line' id='line_1_52' title="bbox 2077 2300 3666 2373; baseline 0.002 -17"><span class='ocrx_word' id='word_1_407' title='bbox 2077 2300 2540 2365; x_wconf 81' lang='lat' dir='ltr'><strong>condemnamur,</strong></span> <span class='ocrx_word' id='word_1_408' title='bbox 2594 2310 2648 2361; x_wconf 87' lang='lat' dir='ltr'><strong>et</strong></span> <span class='ocrx_word' id='word_1_409' title='bbox 2690 2301 2899 2356; x_wconf 88' lang='lat' dir='ltr'><strong>nullam</strong></span> <span class='ocrx_word' id='word_1_410' title='bbox 2930 2317 3083 2373; x_wconf 89' lang='lat' dir='ltr'><strong>spem</strong></span> <span class='ocrx_word' id='word_1_411' title='bbox 3127 2302 3300 2358; x_wconf 79' lang='lat' dir='ltr'><strong>futuri</strong></span> <span class='ocrx_word' id='word_1_412' title='bbox 3338 2302 3529 2360; x_wconf 67' lang='lat' dir='ltr'><strong>saeculi</strong></span> <span class='ocrx_word' id='word_1_413' title='bbox 3570 2303 3666 2359; x_wconf 57' lang='lat' dir='ltr'><strong>hac</strong></span> 
     </span>
    </p>
   </div>
   <div class='ocr_carea' id='block_1_53' title="bbox 2078 2386 3666 2473">
    <p class='ocr_par' dir='ltr' id='par_1_53' title="bbox 2078 2386 3666 2473">
     <span class='ocr_line' id='line_1_53' title="bbox 2078 2386 3666 2473; baseline 0.003 -25"><span class='ocrx_word' id='word_1_414' title='bbox 2078 2393 2345 2451; x_wconf 89' lang='lat' dir='ltr'><strong>buerunt.</strong></span> <span class='ocrx_word' id='word_1_415' title='bbox 2391 2393 2438 2425; x_wconf 81' lang='grc' dir='ltr'><strong><em>⁸ο</em></strong></span> <span class='ocrx_word' id='word_1_416' title='bbox 2480 2393 2547 2449; x_wconf 83' lang='grc' dir='ltr'><em>Ει</em></span> <span class='ocrx_word' id='word_1_417' title='bbox 2582 2409 2709 2449; x_wconf 83' lang='lat' dir='ltr'><strong>vere</strong></span> <span class='ocrx_word' id='word_1_418' title='bbox 2742 2395 2907 2465; x_wconf 85' lang='lat' dir='ltr'><strong>digna</strong></span> <span class='ocrx_word' id='word_1_419' title='bbox 2939 2394 3194 2473; x_wconf 75' lang='lat' dir='ltr'><strong>conlusio</strong></span> <span class='ocrx_word' id='word_1_420' title='bbox 3245 2403 3353 2461; x_wconf 88' lang='lat' dir='ltr'><strong>est,</strong></span> <span class='ocrx_word' id='word_1_421' title='bbox 3397 2396 3491 2453; x_wconf 90' lang='lat' dir='ltr'><strong>ubi</strong></span> <span class='ocrx_word' id='word_1_422' title='bbox 3533 2386 3666 2452; x_wconf 85' lang='lat' dir='ltr'><strong>nihil</strong></span> 
     </span>
    </p>
   </div>
   <div class='ocr_carea' id='block_1_54' title="bbox 2080 2486 3666 2561">
    <p class='ocr_par' dir='ltr' id='par_1_54' title="bbox 2080 2486 3666 2561">
     <span class='ocr_line' id='line_1_54' title="bbox 2080 2486 3666 2561; baseline 0.003 -19"><span class='ocrx_word' id='word_1_423' title='bbox 2080 2488 2317 2561; x_wconf 84' lang='lat' dir='ltr'><strong>amplius</strong></span> <span class='ocrx_word' id='word_1_424' title='bbox 2346 2486 2625 2559; x_wconf 83' lang='lat' dir='ltr'><strong>gessimus</strong></span> <span class='ocrx_word' id='word_1_425' title='bbox 2653 2486 2724 2542; x_wconf 91' lang='lat' dir='ltr'><strong>ab</strong></span> <span class='ocrx_word' id='word_1_426' title='bbox 2753 2487 2840 2545; x_wconf 90' lang='lat' dir='ltr'><strong>his</strong></span> <span class='ocrx_word' id='word_1_427' title='bbox 2869 2487 3075 2559; x_wconf 90' lang='lat' dir='ltr'><strong>quibus</strong></span> <span class='ocrx_word' id='word_1_428' title='bbox 3116 2489 3349 2558; x_wconf 79' lang='lat' dir='ltr'><strong>amplius</strong></span> <span class='ocrx_word' id='word_1_429' title='bbox 3390 2488 3666 2549; x_wconf 78' lang='lat' dir='ltr'><strong>intellexi-</strong></span> 
     </span>
    </p>
   </div>
   <div class='ocr_carea' id='block_1_55' title="bbox 2080 2577 3667 2651">
    <p class='ocr_par' dir='ltr' id='par_1_55' title="bbox 2080 2577 3667 2651">
     <span class='ocr_line' id='line_1_55' title="bbox 2080 2577 3667 2651; baseline 0.001 -18"><span class='ocrx_word' id='word_1_430' title='bbox 2080 2592 2224 2636; x_wconf 85' lang='lat' dir='ltr'><strong>mus.</strong></span> <span class='ocrx_word' id='word_1_431' title='bbox 2256 2577 2415 2646; x_wconf 84' lang='lat' dir='ltr'><strong>Quod</strong></span> <span class='ocrx_word' id='word_1_432' title='bbox 2443 2577 2492 2633; x_wconf 92' lang='lat' dir='ltr'><strong>si</strong></span> <span class='ocrx_word' id='word_1_433' title='bbox 2522 2577 2779 2637; x_wconf 83' lang='lat' dir='ltr'><strong>conlusio</strong></span> <span class='ocrx_word' id='word_1_434' title='bbox 2824 2579 2986 2636; x_wconf 90' lang='lat' dir='ltr'><strong>nobis</strong></span> <span class='ocrx_word' id='word_1_435' title='bbox 3017 2581 3144 2646; x_wconf 90' lang='lat' dir='ltr'><strong>erit,</strong></span> <span class='ocrx_word' id='word_1_436' title='bbox 3178 2582 3418 2651; x_wconf 70' lang='lat' dir='ltr'><strong>aequales</strong></span> <span class='ocrx_word' id='word_1_437' title='bbox 3452 2581 3545 2637; x_wconf 90' lang='lat' dir='ltr'><strong>his</strong></span> <span class='ocrx_word' id='word_1_438' title='bbox 3583 2580 3667 2638; x_wconf 52' lang='lat' dir='ltr'><strong>in.</strong></span> 
     </span>
    </p>
   </div>
   <div class='ocr_carea' id='block_1_56' title="bbox 2077 2671 3669 2745">
    <p class='ocr_par' dir='ltr' id='par_1_56' title="bbox 2077 2671 3669 2745">
     <span class='ocr_line' id='line_1_56' title="bbox 2077 2671 3669 2745; baseline 0.001 -18"><span class='ocrx_word' id='word_1_439' title='bbox 2077 2671 2255 2727; x_wconf 88' lang='lat' dir='ltr'><strong>veniri</strong></span> <span class='ocrx_word' id='word_1_440' title='bbox 2277 2672 2332 2727; x_wconf 89' lang='lat' dir='ltr'><strong>in</strong></span> <span class='ocrx_word' id='word_1_441' title='bbox 2357 2671 2621 2743; x_wconf 86' lang='lat' dir='ltr'><strong>operibus</strong></span> <span class='ocrx_word' id='word_1_442' title='bbox 2644 2672 2838 2742; x_wconf 87' lang='lat' dir='ltr'><strong>bonis;</strong></span> <span class='ocrx_word' id='word_1_443' title='bbox 2865 2673 2999 2745; x_wconf 90' lang='lat' dir='ltr'><strong>quid</strong></span> <span class='ocrx_word' id='word_1_444' title='bbox 3024 2674 3131 2729; x_wconf 90' lang='lat' dir='ltr'><strong>erit</strong></span> <span class='ocrx_word' id='word_1_445' title='bbox 3154 2674 3336 2739; x_wconf 88' lang='lat' dir='ltr'><strong>nobis,</strong></span> <span class='ocrx_word' id='word_1_446' title='bbox 3369 2673 3418 2728; x_wconf 91' lang='lat' dir='ltr'><strong>si</strong></span> <span class='ocrx_word' id='word_1_447' title='bbox 3444 2672 3669 2729; x_wconf 60' lang='lat' dir='ltr'><strong>inferio.</strong></span> 
     </span>
    </p>
   </div>
   <div class='ocr_carea' id='block_1_57' title="bbox 2076 2762 3669 2836">
    <p class='ocr_par' dir='ltr' id='par_1_57' title="bbox 2076 2762 3669 2836">
     <span class='ocr_line' id='line_1_57' title="bbox 2076 2762 3669 2836; baseline -0.001 -14"><span class='ocrx_word' id='word_1_448' title='bbox 2076 2778 2169 2822; x_wconf 76' lang='lat' dir='ltr'><strong>res</strong></span> <span class='ocrx_word' id='word_1_449' title='bbox 2202 2779 2307 2819; x_wconf 91' lang='lat' dir='ltr'><strong>nos</strong></span> <span class='ocrx_word' id='word_1_450' title='bbox 2338 2779 2404 2819; x_wconf 91' lang='lat' dir='ltr'><strong>ac</strong></span> <span class='ocrx_word' id='word_1_451' title='bbox 2432 2762 2756 2832; x_wconf 83' lang='lat' dir='ltr'><strong>deteriores,</strong></span> <span class='ocrx_word' id='word_1_452' title='bbox 2790 2766 3126 2822; x_wconf 76' lang='lat' dir='ltr'><strong>examinatio</strong></span> <span class='ocrx_word' id='word_1_453' title='bbox 3171 2766 3355 2822; x_wconf 81' lang='lat' dir='ltr'><strong>futura</strong></span> <span class='ocrx_word' id='word_1_454' title='bbox 3388 2767 3669 2836; x_wconf 82' lang='lat' dir='ltr'><strong>reperiat?</strong></span> 
     </span>
    </p>
   </div>
   <div class='ocr_carea' id='block_1_58' title="bbox 2076 2855 3669 2931">
    <p class='ocr_par' dir='ltr' id='par_1_58' title="bbox 2076 2855 3669 2931">
     <span class='ocr_line' id='line_1_58' title="bbox 2076 2855 3669 2931; baseline -0.001 -18"><span class='ocrx_word' id='word_1_455' title='bbox 2076 2855 2275 2913; x_wconf 84' lang='lat' dir='ltr'><strong>Audite</strong></span> <span class='ocrx_word' id='word_1_456' title='bbox 2304 2872 2458 2927; x_wconf 81' lang='lat' dir='ltr'><strong>ergo,</strong></span> <span class='ocrx_word' id='word_1_457' title='bbox 2499 2857 2775 2927; x_wconf 91' lang='lat' dir='ltr'><strong>quomodo</strong></span> <span class='ocrx_word' id='word_1_458' title='bbox 2806 2856 2874 2914; x_wconf 88' lang='lat' dir='ltr'><strong>de</strong></span> <span class='ocrx_word' id='word_1_459' title='bbox 2906 2858 2994 2914; x_wconf 88' lang='lat' dir='ltr'><strong>bis</strong></span> <span class='ocrx_word' id='word_1_460' title='bbox 3045 2874 3148 2914; x_wconf 87' lang='lat' dir='ltr'><strong>nos</strong></span> <span class='ocrx_word' id='word_1_461' title='bbox 3185 2859 3302 2931; x_wconf 90' lang='lat' dir='ltr'><strong>ipse</strong></span> <span class='ocrx_word' id='word_1_462' title='bbox 3330 2873 3498 2914; x_wconf 88' lang='lat' dir='ltr'><strong>verus</strong></span> <span class='ocrx_word' id='word_1_463' title='bbox 3539 2873 3669 2930; x_wconf 89' lang='lat' dir='ltr'><strong>pro-</strong></span> 
     </span>
    </p>
   </div>
   <div class='ocr_carea' id='block_1_59' title="bbox 2078 2947 3671 3024">
    <p class='ocr_par' dir='ltr' id='par_1_59' title="bbox 2078 2947 3671 3024">
     <span class='ocr_line' id='line_1_59' title="bbox 2078 2947 3671 3024; baseline 0.002 -21"><span class='ocrx_word' id='word_1_464' title='bbox 2078 2948 2239 3019; x_wconf 86' lang='lat' dir='ltr'><strong>pheta</strong></span> <span class='ocrx_word' id='word_1_465' title='bbox 2273 2948 2543 3007; x_wconf 87' lang='lat' dir='ltr'><strong>docuerit.</strong></span> <span class='ocrx_word' id='word_1_466' title='bbox 2572 2947 2654 3004; x_wconf 89' lang='lat' dir='ltr'><strong>Ad</strong></span> <span class='ocrx_word' id='word_1_467' title='bbox 2682 2966 2777 3007; x_wconf 90' lang='lat' dir='ltr'><strong>eos</strong></span> <span class='ocrx_word' id='word_1_468' title='bbox 2806 2958 2991 3009; x_wconf 87' lang='lat' dir='ltr'><strong>autem</strong></span> <span class='ocrx_word' id='word_1_469' title='bbox 3030 2951 3127 3022; x_wconf 89' lang='lat' dir='ltr'><strong>qui</strong></span> <span class='ocrx_word' id='word_1_470' title='bbox 3153 2952 3437 3024; x_wconf 81' lang='lat' dir='ltr'><strong>negligunt</strong></span> <span class='ocrx_word' id='word_1_471' title='bbox 3471 2952 3671 3007; x_wconf 83' lang='lat' dir='ltr'><strong>audire</strong></span> 
     </span>
    </p>
   </div>
   <div class='ocr_carea' id='block_1_60' title="bbox 400 3041 3671 3130">
    <p class='ocr_par' dir='ltr' id='par_1_60' title="bbox 400 3041 3671 3130">
     <span class='ocr_line' id='line_1_60' title="bbox 400 3041 3671 3130; baseline -0 -28"><span class='ocrx_word' id='word_1_472' title='bbox 400 3043 742 3115; x_wconf 77' lang='lat' dir='ltr'><strong>regredietur</strong></span> <span class='ocrx_word' id='word_1_473' title='bbox 787 3045 859 3100; x_wconf 85' lang='lat' dir='ltr'><strong>ad</strong></span> <span class='ocrx_word' id='word_1_474' title='bbox 899 3060 1002 3102; x_wconf 88' lang='lat' dir='ltr'><strong>nos</strong></span> <span class='ocrx_word' id='word_1_475' title='bbox 1041 3061 1148 3116; x_wconf 82' lang='lat' dir='ltr'><strong>pax</strong></span> <span class='ocrx_word' id='word_1_476' title='bbox 1177 3043 1447 3102; x_wconf 74' lang='lat' dir='ltr'><strong>nostra.&quot;</strong></span> <span class='ocrx_word' id='word_1_477' title='bbox 1499 3044 1567 3105; x_wconf 82' lang='lat' dir='ltr'><strong>Et</strong></span> <span class='ocrx_word' id='word_1_478' title='bbox 1598 3046 1647 3103; x_wconf 87' lang='lat' dir='ltr'><strong>si</strong></span> <span class='ocrx_word' id='word_1_479' title='bbox 1680 3047 1883 3103; x_wconf 84' lang='lat' dir='ltr'><strong>iterum</strong></span> <span class='ocrx_word' id='word_1_480' title='bbox 1915 3048 1972 3103; x_wconf 84' lang='lat' dir='ltr'><strong>in</strong></span> <span class='ocrx_word' id='word_1_481' title='bbox 2000 3069 2044 3130; x_wconf 68' lang='grc' dir='ltr'>α</span> <span class='ocrx_word' id='word_1_482' title='bbox 2078 3041 2245 3097; x_wconf 88' lang='lat' dir='ltr'><strong>verba</strong></span> <span class='ocrx_word' id='word_1_483' title='bbox 2284 3041 2591 3113; x_wconf 75' lang='lat' dir='ltr'><strong>sapientiae,</strong></span> <span class='ocrx_word' id='word_1_484' title='bbox 2645 3042 2720 3097; x_wconf 91' lang='lat' dir='ltr'><strong>ita</strong></span> <span class='ocrx_word' id='word_1_485' title='bbox 2768 3042 2886 3099; x_wconf 89' lang='lat' dir='ltr'><strong>ait:</strong></span> <span class='ocrx_word' id='word_1_486' title='bbox 2919 3042 3121 3116; x_wconf 83' lang='lat' dir='ltr'><strong>Regina</strong></span> <span class='ocrx_word' id='word_1_487' title='bbox 3167 3045 3341 3100; x_wconf 85' lang='lat' dir='ltr'><strong>austri</strong></span> <span class='ocrx_word' id='word_1_488' title='bbox 3385 3054 3571 3118; x_wconf 78' lang='lat' dir='ltr'><strong>surget</strong></span> <span class='ocrx_word' id='word_1_489' title='bbox 3615 3044 3671 3101; x_wconf 72' lang='lat' dir='ltr'><strong>in</strong></span> 
     </span>
    </p>
   </div>
   <div class='ocr_carea' id='block_1_61' title="bbox 398 3133 3665 3208">
    <p class='ocr_par' dir='ltr' id='par_1_61' title="bbox 398 3133 3665 3208">
     <span class='ocr_line' id='line_1_61' title="bbox 398 3133 3665 3208; baseline 0.001 -19"><span class='ocrx_word' id='word_1_490' title='bbox 398 3135 675 3194; x_wconf 82' lang='lat' dir='ltr'><strong>mandatis</strong></span> <span class='ocrx_word' id='word_1_491' title='bbox 710 3135 995 3204; x_wconf 85' lang='lat' dir='ltr'><strong>habemus,</strong></span> <span class='ocrx_word' id='word_1_492' title='bbox 1024 3144 1085 3191; x_wconf 91' lang='lat' dir='ltr'><strong>ut</strong></span> <span class='ocrx_word' id='word_1_493' title='bbox 1113 3136 1398 3194; x_wconf 87' lang='lat' dir='ltr'><strong>venientes</strong></span> <span class='ocrx_word' id='word_1_494' title='bbox 1445 3136 1513 3192; x_wconf 89' lang='lat' dir='ltr'><strong>ad</strong></span> <span class='ocrx_word' id='word_1_495' title='bbox 1559 3136 1865 3208; x_wconf 85' lang='lat' dir='ltr'><strong>civitatem,</strong></span> <span class='ocrx_word' id='word_1_496' title='bbox 1890 3138 1977 3194; x_wconf 81' lang='lat' dir='ltr'><strong>di—</strong></span> <span class='ocrx_word' id='word_1_497' title='bbox 2069 3133 2279 3207; x_wconf 79' lang='lat' dir='ltr'><strong>judicio</strong></span> <span class='ocrx_word' id='word_1_498' title='bbox 2324 3152 2445 3191; x_wconf 85' lang='lat' dir='ltr'><strong>eum</strong></span> <span class='ocrx_word' id='word_1_499' title='bbox 2488 3137 2824 3207; x_wconf 82' lang='lat' dir='ltr'><strong>generatione</strong></span> <span class='ocrx_word' id='word_1_500' title='bbox 2867 3136 2989 3201; x_wconf 85' lang='lat' dir='ltr'><strong>hac,</strong></span> <span class='ocrx_word' id='word_1_501' title='bbox 3031 3146 3080 3192; x_wconf 88' lang='lat' dir='ltr'><strong>et</strong></span> <span class='ocrx_word' id='word_1_502' title='bbox 3124 3136 3495 3193; x_wconf 86' lang='lat' dir='ltr'><strong>condemnabit</strong></span> <span class='ocrx_word' id='word_1_503' title='bbox 3525 3154 3665 3203; x_wconf 86' lang='lat' dir='ltr'><strong>eam,</strong></span> 
     </span>
    </p>
   </div>
   <div class='ocr_carea' id='block_1_62' title="bbox 408 3227 1976 3301">
    <p class='ocr_par' dir='ltr' id='par_1_62' title="bbox 408 3227 1976 3301">
     <span class='ocr_line' id='line_1_62' title="bbox 408 3227 1976 3301; baseline 0.003 -16"><span class='ocrx_word' id='word_1_504' title='bbox 408 3244 633 3286; x_wconf 81' lang='lat' dir='ltr'><strong>scamna</strong></span> <span class='ocrx_word' id='word_1_505' title='bbox 662 3228 815 3299; x_wconf 90' lang='lat' dir='ltr'><strong>prius</strong></span> <span class='ocrx_word' id='word_1_506' title='bbox 848 3229 976 3301; x_wconf 88' lang='lat' dir='ltr'><strong>quis</strong></span> <span class='ocrx_word' id='word_1_507' title='bbox 1004 3228 1061 3286; x_wconf 89' lang='lat' dir='ltr'><strong>in</strong></span> <span class='ocrx_word' id='word_1_508' title='bbox 1098 3245 1162 3287; x_wconf 89' lang='lat' dir='ltr'><strong>ea</strong></span> <span class='ocrx_word' id='word_1_509' title='bbox 1206 3229 1406 3299; x_wconf 86' lang='lat' dir='ltr'><strong>dignus</strong></span> <span class='ocrx_word' id='word_1_510' title='bbox 1455 3227 1551 3295; x_wconf 86' lang='lat' dir='ltr'><strong>sit,</strong></span> <span class='ocrx_word' id='word_1_511' title='bbox 1576 3236 1634 3285; x_wconf 91' lang='lat' dir='ltr'><strong>ut</strong></span> <span class='ocrx_word' id='word_1_512' title='bbox 1659 3229 1804 3300; x_wconf 89' lang='lat' dir='ltr'><strong>apud</strong></span> <span class='ocrx_word' id='word_1_513' title='bbox 1849 3245 1976 3289; x_wconf 86' lang='lat' dir='ltr'><strong>eum</strong></span> 
     </span>
    </p>
   </div>
   <div class='ocr_carea' id='block_1_63' title="bbox 398 3321 1975 3392">
    <p class='ocr_par' dir='ltr' id='par_1_63' title="bbox 398 3321 1975 3392">
     <span class='ocr_line' id='line_1_63' title="bbox 398 3321 1975 3392; baseline 0.001 -15"><span class='ocrx_word' id='word_1_514' title='bbox 398 3322 585 3378; x_wconf 87' lang='lat' dir='ltr'><strong>cibum</strong></span> <span class='ocrx_word' id='word_1_515' title='bbox 609 3335 897 3378; x_wconf 90' lang='lat' dir='ltr'><strong>sumamus</strong></span> <span class='ocrx_word' id='word_1_516' title='bbox 911 3322 955 3355; x_wconf 83' lang='lat'>&quot;</span> <span class='ocrx_word' id='word_1_517' title='bbox 976 3339 992 3388; x_wconf 87' lang='lat'><strong>;</strong></span> <span class='ocrx_word' id='word_1_518' title='bbox 1025 3329 1232 3392; x_wconf 88' lang='lat' dir='ltr'><strong>quanto</strong></span> <span class='ocrx_word' id='word_1_519' title='bbox 1251 3321 1425 3391; x_wconf 88' lang='lat' dir='ltr'><strong>magis</strong></span> <span class='ocrx_word' id='word_1_520' title='bbox 1440 3321 1697 3377; x_wconf 88' lang='lat' dir='ltr'><strong>convenit</strong></span> <span class='ocrx_word' id='word_1_521' title='bbox 1721 3337 1975 3389; x_wconf 90' lang='lat' dir='ltr'><strong>noscere,</strong></span> 
     </span>
    </p>
   </div>
   <div class='ocr_carea' id='block_1_64' title="bbox 399 3414 1979 3486">
    <p class='ocr_par' dir='ltr' id='par_1_64' title="bbox 399 3414 1979 3486">
     <span class='ocr_line' id='line_1_64' title="bbox 399 3414 1979 3486; baseline 0.003 -19"><span class='ocrx_word' id='word_1_522' title='bbox 399 3414 550 3484; x_wconf 87' lang='lat' dir='ltr'><strong>quis,</strong></span> <span class='ocrx_word' id='word_1_523' title='bbox 582 3414 833 3486; x_wconf 87' lang='lat' dir='ltr'><strong>qualisve</strong></span> <span class='ocrx_word' id='word_1_524' title='bbox 857 3414 932 3471; x_wconf 89' lang='lat' dir='ltr'><strong>sit</strong></span> <span class='ocrx_word' id='word_1_525' title='bbox 960 3414 1031 3481; x_wconf 89' lang='lat' dir='ltr'><strong>is,</strong></span> <span class='ocrx_word' id='word_1_526' title='bbox 1060 3414 1150 3473; x_wconf 89' lang='lat' dir='ltr'><strong>cui</strong></span> <span class='ocrx_word' id='word_1_527' title='bbox 1191 3414 1621 3475; x_wconf 84' lang='lat' dir='ltr'><strong>immortalitatis</strong></span> <span class='ocrx_word' id='word_1_528' title='bbox 1653 3415 1819 3470; x_wconf 87' lang='lat' dir='ltr'><strong>verba</strong></span> <span class='ocrx_word' id='word_1_529' title='bbox 1863 3432 1979 3471; x_wconf 79' lang='lat' dir='ltr'><strong>cre-</strong></span> 
     </span>
    </p>
   </div>
   <div class='ocr_carea' id='block_1_65' title="bbox 399 3506 1977 3588">
    <p class='ocr_par' dir='ltr' id='par_1_65' title="bbox 399 3506 1977 3588">
     <span class='ocr_line' id='line_1_65' title="bbox 399 3506 1977 3588; baseline 0.001 -23"><span class='ocrx_word' id='word_1_530' title='bbox 399 3506 577 3565; x_wconf 87' lang='lat' dir='ltr'><strong>denda</strong></span> <span class='ocrx_word' id='word_1_531' title='bbox 614 3509 784 3565; x_wconf 71' lang='lat' dir='ltr'><strong>sunt?</strong></span> <span class='ocrx_word' id='word_1_532' title='bbox 822 3507 1057 3565; x_wconf 87' lang='lat' dir='ltr'><strong>Solliciti</strong></span> <span class='ocrx_word' id='word_1_533' title='bbox 1088 3508 1260 3573; x_wconf 90' lang='lat' dir='ltr'><strong>enim,</strong></span> <span class='ocrx_word' id='word_1_534' title='bbox 1298 3515 1353 3588; x_wconf 86' lang='lat' dir='ltr'><strong>et</strong></span> <span class='ocrx_word' id='word_1_535' title='bbox 1375 3508 1535 3564; x_wconf 89' lang='lat' dir='ltr'><strong>valde</strong></span> <span class='ocrx_word' id='word_1_536' title='bbox 1579 3508 1804 3563; x_wconf 86' lang='lat' dir='ltr'><strong>solliciti</strong></span> <span class='ocrx_word' id='word_1_537' title='bbox 1852 3524 1977 3566; x_wconf 89' lang='lat' dir='ltr'><strong>esse</strong></span> 
     </span>
    </p>
   </div>
   <div class='ocr_carea' id='block_1_66' title="bbox 400 3590 1978 3671">
    <p class='ocr_par' dir='ltr' id='par_1_66' title="bbox 400 3590 1978 3671">
     <span class='ocr_line' id='line_1_66' title="bbox 400 3590 1978 3671; baseline 0.003 -16"><span class='ocrx_word' id='word_1_538' title='bbox 400 3590 687 3667; x_wconf 81' lang='lat' dir='ltr'><strong>debemus,</strong></span> <span class='ocrx_word' id='word_1_539' title='bbox 746 3616 817 3657; x_wconf 90' lang='lat' dir='ltr'><strong>ne</strong></span> <span class='ocrx_word' id='word_1_540' title='bbox 866 3601 1193 3671; x_wconf 78' lang='lat' dir='ltr'><strong>margaritas</strong></span> <span class='ocrx_word' id='word_1_541' title='bbox 1238 3608 1460 3658; x_wconf 89' lang='lat' dir='ltr'><strong>nostras</strong></span> <span class='ocrx_word' id='word_1_542' title='bbox 1510 3602 1794 3660; x_wconf 89' lang='lat' dir='ltr'><strong>mittamus</strong></span> <span class='ocrx_word' id='word_1_543' title='bbox 1850 3612 1978 3659; x_wconf 84' lang='lat' dir='ltr'><strong>ante</strong></span> 
     </span>
    </p>
   </div>
   <div class='ocr_carea' id='block_1_67' title="bbox 401 3692 1979 3767">
    <p class='ocr_par' dir='ltr' id='par_1_67' title="bbox 401 3692 1979 3767">
     <span class='ocr_line' id='line_1_67' title="bbox 401 3692 1979 3767; baseline 0.003 -19"><span class='ocrx_word' id='word_1_544' title='bbox 401 3708 599 3767; x_wconf 87' lang='lat' dir='ltr'><strong>porcos</strong></span> <span class='ocrx_word' id='word_1_545' title='bbox 628 3694 698 3750; x_wconf 83' lang='lat'><strong>&quot;.</strong></span> <span class='ocrx_word' id='word_1_546' title='bbox 731 3692 840 3751; x_wconf 86' lang='lat' dir='ltr'><strong>Sed</strong></span> <span class='ocrx_word' id='word_1_547' title='bbox 865 3701 920 3749; x_wconf 93' lang='lat' dir='ltr'><strong>et</strong></span> <span class='ocrx_word' id='word_1_548' title='bbox 957 3693 1095 3749; x_wconf 87' lang='lat' dir='ltr'><strong>alias</strong></span> <span class='ocrx_word' id='word_1_549' title='bbox 1119 3693 1190 3749; x_wconf 89' lang='lat' dir='ltr'><strong>ob</strong></span> <span class='ocrx_word' id='word_1_550' title='bbox 1216 3709 1439 3759; x_wconf 88' lang='lat' dir='ltr'><strong>causas,</strong></span> <span class='ocrx_word' id='word_1_551' title='bbox 1465 3695 1598 3751; x_wconf 91' lang='lat' dir='ltr'><strong>utile</strong></span> <span class='ocrx_word' id='word_1_552' title='bbox 1623 3704 1708 3752; x_wconf 90' lang='lat' dir='ltr'><strong>est</strong></span> <span class='ocrx_word' id='word_1_553' title='bbox 1747 3697 1853 3752; x_wconf 88' lang='lat' dir='ltr'><strong>viri</strong></span> <span class='ocrx_word' id='word_1_554' title='bbox 1881 3697 1979 3753; x_wconf 84' lang='lat' dir='ltr'><strong>hu-</strong></span> 
     </span>
    </p>
   </div>
   <div class='ocr_carea' id='block_1_68' title="bbox 396 3785 1976 3860">
    <p class='ocr_par' dir='ltr' id='par_1_68' title="bbox 396 3785 1976 3860">
     <span class='ocr_line' id='line_1_68' title="bbox 396 3785 1976 3860; baseline 0.004 -19"><span class='ocrx_word' id='word_1_555' title='bbox 396 3785 491 3854; x_wconf 88' lang='lat' dir='ltr'><strong>jus</strong></span> <span class='ocrx_word' id='word_1_556' title='bbox 509 3787 713 3847; x_wconf 85' lang='lat' dir='ltr'><strong>habere</strong></span> <span class='ocrx_word' id='word_1_557' title='bbox 742 3802 832 3844; x_wconf 88' lang='lat' dir='ltr'><strong>Ine</strong></span> <span class='ocrx_word' id='word_1_558' title='bbox 868 3787 1146 3844; x_wconf 84' lang='lat' dir='ltr'><strong>notitiam.</strong></span> <span class='ocrx_word' id='word_1_559' title='bbox 1188 3786 1248 3842; x_wconf 83' lang='lat' dir='ltr'><strong>Si</strong></span> <span class='ocrx_word' id='word_1_560' title='bbox 1299 3789 1449 3850; x_wconf 85' lang='lat' dir='ltr'><strong>enim</strong></span> <span class='ocrx_word' id='word_1_561' title='bbox 1479 3789 1674 3854; x_wconf 90' lang='lat' dir='ltr'><strong>sciam,</strong></span> <span class='ocrx_word' id='word_1_562' title='bbox 1731 3791 1861 3860; x_wconf 81' lang='lat' dir='ltr'><strong>quia</strong></span> <span class='ocrx_word' id='word_1_563' title='bbox 1919 3791 1976 3848; x_wconf 92' lang='lat' dir='ltr'><strong>in</strong></span> 
     </span>
    </p>
   </div>
   <div class='ocr_carea' id='block_1_69' title="bbox 399 3878 1974 3955">
    <p class='ocr_par' dir='ltr' id='par_1_69' title="bbox 399 3878 1974 3955">
     <span class='ocr_line' id='line_1_69' title="bbox 399 3878 1974 3955; baseline 0.002 -20"><span class='ocrx_word' id='word_1_564' title='bbox 399 3879 512 3945; x_wconf 84' lang='lat' dir='ltr'><strong>his,</strong></span> <span class='ocrx_word' id='word_1_565' title='bbox 542 3878 612 3937; x_wconf 89' lang='lat' dir='ltr'><strong>de</strong></span> <span class='ocrx_word' id='word_1_566' title='bbox 638 3878 843 3951; x_wconf 89' lang='lat' dir='ltr'><strong>quibus</strong></span> <span class='ocrx_word' id='word_1_567' title='bbox 871 3895 980 3934; x_wconf 89' lang='lat' dir='ltr'><strong>non</strong></span> <span class='ocrx_word' id='word_1_568' title='bbox 1011 3887 1193 3949; x_wconf 74' lang='lat' dir='ltr'><strong>pateat</strong></span> <span class='ocrx_word' id='word_1_569' title='bbox 1220 3879 1465 3937; x_wconf 90' lang='lat' dir='ltr'><strong>dubitari</strong></span> <span class='ocrx_word' id='word_1_570' title='bbox 1502 3881 1649 3955; x_wconf 88' lang='lat' dir='ltr'><strong>quod</strong></span> <span class='ocrx_word' id='word_1_571' title='bbox 1675 3882 1816 3939; x_wconf 90' lang='lat' dir='ltr'><strong>bona</strong></span> <span class='ocrx_word' id='word_1_572' title='bbox 1842 3881 1974 3948; x_wconf 87' lang='lat' dir='ltr'><strong>sint,</strong></span> 
     </span>
    </p>
   </div>
   <div class='ocr_carea' id='block_1_70' title="bbox 400 3970 1975 4043">
    <p class='ocr_par' dir='ltr' id='par_1_70' title="bbox 400 3970 1975 4043">
     <span class='ocr_line' id='line_1_70' title="bbox 400 3970 1975 4043; baseline 0.003 -16"><span class='ocrx_word' id='word_1_573' title='bbox 400 3970 725 4032; x_wconf 85' lang='lat' dir='ltr'><strong>emendatus</strong></span> <span class='ocrx_word' id='word_1_574' title='bbox 753 3979 838 4028; x_wconf 88' lang='lat' dir='ltr'><strong>est</strong></span> <span class='ocrx_word' id='word_1_575' title='bbox 852 3980 907 4028; x_wconf 93' lang='lat' dir='ltr'><strong>et</strong></span> <span class='ocrx_word' id='word_1_576' title='bbox 931 3973 1315 4043; x_wconf 87' lang='lat' dir='ltr'><strong>inculpabilis;</strong></span> <span class='ocrx_word' id='word_1_577' title='bbox 1342 3973 1447 4028; x_wconf 90' lang='lat' dir='ltr'><strong>hoc</strong></span> <span class='ocrx_word' id='word_1_578' title='bbox 1460 3983 1566 4041; x_wconf 91' lang='lat' dir='ltr'><strong>est,</strong></span> <span class='ocrx_word' id='word_1_579' title='bbox 1593 3974 1641 4032; x_wconf 92' lang='lat' dir='ltr'><strong>si</strong></span> <span class='ocrx_word' id='word_1_580' title='bbox 1654 3975 1892 4039; x_wconf 89' lang='lat' dir='ltr'><strong>sobrius,</strong></span> <span class='ocrx_word' id='word_1_581' title='bbox 1927 3977 1975 4031; x_wconf 94' lang='lat' dir='ltr'><strong>si</strong></span> 
     </span>
    </p>
   </div>
   <div class='ocr_carea' id='block_1_71' title="bbox 401 4065 1977 4140">
    <p class='ocr_par' dir='ltr' id='par_1_71' title="bbox 401 4065 1977 4140">
     <span class='ocr_line' id='line_1_71' title="bbox 401 4065 1977 4140; baseline 0.001 -17"><span class='ocrx_word' id='word_1_582' title='bbox 401 4065 744 4130; x_wconf 83' lang='lat' dir='ltr'><strong>misericors,</strong></span> <span class='ocrx_word' id='word_1_583' title='bbox 774 4066 821 4122; x_wconf 87' lang='lat' dir='ltr'><strong>si</strong></span> <span class='ocrx_word' id='word_1_584' title='bbox 839 4065 1048 4136; x_wconf 83' lang='lat' dir='ltr'><strong>justus,</strong></span> <span class='ocrx_word' id='word_1_585' title='bbox 1087 4066 1134 4121; x_wconf 91' lang='lat' dir='ltr'><strong>si</strong></span> <span class='ocrx_word' id='word_1_586' title='bbox 1164 4065 1317 4120; x_wconf 90' lang='lat' dir='ltr'><strong>mitis</strong></span> <span class='ocrx_word' id='word_1_587' title='bbox 1341 4079 1396 4122; x_wconf 89' lang='lat' dir='ltr'><strong>et</strong></span> <span class='ocrx_word' id='word_1_588' title='bbox 1417 4067 1692 4123; x_wconf 88' lang='lat' dir='ltr'><strong>humanus</strong></span> <span class='ocrx_word' id='word_1_589' title='bbox 1716 4078 1821 4135; x_wconf 90' lang='lat' dir='ltr'><strong>est,</strong></span> <span class='ocrx_word' id='word_1_590' title='bbox 1854 4085 1977 4140; x_wconf 69' lang='lat' dir='ltr'><strong>qua:</strong></span> 
     </span>
    </p>
   </div>
   <div class='ocr_carea' id='block_1_72' title="bbox 400 4159 1976 4231">
    <p class='ocr_par' dir='ltr' id='par_1_72' title="bbox 400 4159 1976 4231">
     <span class='ocr_line' id='line_1_72' title="bbox 400 4159 1976 4231; baseline 0.003 -17"><span class='ocrx_word' id='word_1_591' title='bbox 400 4159 593 4229; x_wconf 87' lang='lat' dir='ltr'><strong>utique</strong></span> <span class='ocrx_word' id='word_1_592' title='bbox 628 4161 773 4216; x_wconf 88' lang='lat' dir='ltr'><strong>bona</strong></span> <span class='ocrx_word' id='word_1_593' title='bbox 801 4174 927 4215; x_wconf 82' lang='lat' dir='ltr'><strong>esse</strong></span> <span class='ocrx_word' id='word_1_594' title='bbox 956 4159 1142 4217; x_wconf 90' lang='lat' dir='ltr'><strong>nullus</strong></span> <span class='ocrx_word' id='word_1_595' title='bbox 1177 4159 1440 4229; x_wconf 85' lang='lat' dir='ltr'><strong>ambigit;</strong></span> <span class='ocrx_word' id='word_1_596' title='bbox 1472 4169 1604 4217; x_wconf 90' lang='lat' dir='ltr'><strong>tunc</strong></span> <span class='ocrx_word' id='word_1_597' title='bbox 1627 4175 1976 4231; x_wconf 85' lang='lat' dir='ltr'><strong>consequens</strong></span> 
     </span>
    </p>
   </div>
   <div class='ocr_carea' id='block_1_73' title="bbox 399 4250 1972 4323">
    <p class='ocr_par' dir='ltr' id='par_1_73' title="bbox 399 4250 1972 4323">
     <span class='ocr_line' id='line_1_73' title="bbox 399 4250 1972 4323; baseline -0.001 -16"><span class='ocrx_word' id='word_1_598' title='bbox 399 4250 696 4319; x_wconf 82' lang='lat' dir='ltr'><strong>videbitur,</strong></span> <span class='ocrx_word' id='word_1_599' title='bbox 727 4261 787 4307; x_wconf 92' lang='lat' dir='ltr'><strong>ut</strong></span> <span class='ocrx_word' id='word_1_600' title='bbox 810 4252 862 4307; x_wconf 92' lang='lat' dir='ltr'><strong>ei</strong></span> <span class='ocrx_word' id='word_1_601' title='bbox 888 4251 982 4323; x_wconf 93' lang='lat' dir='ltr'><strong>qui</strong></span> <span class='ocrx_word' id='word_1_602' title='bbox 1019 4250 1227 4306; x_wconf 89' lang='lat' dir='ltr'><strong>obtinet</strong></span> <span class='ocrx_word' id='word_1_603' title='bbox 1274 4252 1416 4306; x_wconf 89' lang='lat' dir='ltr'><strong>bona</strong></span> <span class='ocrx_word' id='word_1_604' title='bbox 1460 4252 1747 4317; x_wconf 87' lang='lat' dir='ltr'><strong>virtutum,</strong></span> <span class='ocrx_word' id='word_1_605' title='bbox 1783 4253 1972 4319; x_wconf 75' lang='lat' dir='ltr'><strong>etiam,</strong></span> 
     </span>
    </p>
   </div>
   <div class='ocr_carea' id='block_1_74' title="bbox 399 4343 1977 4416">
    <p class='ocr_par' dir='ltr' id='par_1_74' title="bbox 399 4343 1977 4416">
     <span class='ocr_line' id='line_1_74' title="bbox 399 4343 1977 4416; baseline 0.001 -16"><span class='ocrx_word' id='word_1_606' title='bbox 399 4346 546 4415; x_wconf 90' lang='lat' dir='ltr'><strong>quod</strong></span> <span class='ocrx_word' id='word_1_607' title='bbox 569 4344 725 4402; x_wconf 88' lang='lat' dir='ltr'><strong>deest</strong></span> <span class='ocrx_word' id='word_1_608' title='bbox 756 4344 882 4399; x_wconf 90' lang='lat' dir='ltr'><strong>ﬁdei</strong></span> <span class='ocrx_word' id='word_1_609' title='bbox 911 4351 967 4403; x_wconf 91' lang='lat' dir='ltr'><strong>et</strong></span> <span class='ocrx_word' id='word_1_610' title='bbox 995 4345 1264 4408; x_wconf 67' lang='lat' dir='ltr'><strong>scientiae,</strong></span> <span class='ocrx_word' id='word_1_611' title='bbox 1297 4343 1646 4411; x_wconf 84' lang='lat' dir='ltr'><strong>conferatur;</strong></span> <span class='ocrx_word' id='word_1_612' title='bbox 1670 4354 1725 4401; x_wconf 89' lang='lat' dir='ltr'><strong>et</strong></span> <span class='ocrx_word' id='word_1_613' title='bbox 1756 4346 1811 4400; x_wconf 92' lang='lat' dir='ltr'><strong>in</strong></span> <span class='ocrx_word' id='word_1_614' title='bbox 1858 4347 1977 4416; x_wconf 88' lang='lat' dir='ltr'><strong>qui-</strong></span> 
     </span>
    </p>
   </div>
   <div class='ocr_carea' id='block_1_75' title="bbox 400 4436 1973 4507">
    <p class='ocr_par' dir='ltr' id='par_1_75' title="bbox 400 4436 1973 4507">
     <span class='ocr_line' id='line_1_75' title="bbox 400 4436 1973 4507; baseline 0.001 -15"><span class='ocrx_word' id='word_1_615' title='bbox 400 4438 504 4497; x_wconf 85' lang='lat' dir='ltr'><strong>bus</strong></span> <span class='ocrx_word' id='word_1_616' title='bbox 527 4436 793 4497; x_wconf 89' lang='lat' dir='ltr'><strong>maculari</strong></span> <span class='ocrx_word' id='word_1_617' title='bbox 828 4437 1047 4493; x_wconf 88' lang='lat' dir='ltr'><strong>videtur</strong></span> <span class='ocrx_word' id='word_1_618' title='bbox 1074 4437 1196 4507; x_wconf 87' lang='lat' dir='ltr'><strong>ejus</strong></span> <span class='ocrx_word' id='word_1_619' title='bbox 1223 4438 1355 4503; x_wconf 88' lang='lat' dir='ltr'><strong>vita,</strong></span> <span class='ocrx_word' id='word_1_620' title='bbox 1387 4452 1509 4507; x_wconf 75' lang='lat' dir='ltr'><strong>qua:</strong></span> <span class='ocrx_word' id='word_1_621' title='bbox 1535 4444 1622 4493; x_wconf 88' lang='lat' dir='ltr'><strong>est</strong></span> <span class='ocrx_word' id='word_1_622' title='bbox 1650 4438 1704 4492; x_wconf 93' lang='lat' dir='ltr'><strong>in</strong></span> <span class='ocrx_word' id='word_1_623' title='bbox 1742 4437 1973 4507; x_wconf 91' lang='lat' dir='ltr'><strong>reliquis</strong></span> 
     </span>
    </p>
   </div>
   <div class='ocr_carea' id='block_1_76' title="bbox 398 4528 1974 4601">
    <p class='ocr_par' dir='ltr' id='par_1_76' title="bbox 398 4528 1974 4601">
     <span class='ocr_line' id='line_1_76' title="bbox 398 4528 1974 4601; baseline 0.001 -16"><span class='ocrx_word' id='word_1_624' title='bbox 398 4529 725 4601; x_wconf 86' lang='lat' dir='ltr'><strong>probabilis,</strong></span> <span class='ocrx_word' id='word_1_625' title='bbox 768 4531 1113 4587; x_wconf 88' lang='lat' dir='ltr'><strong>emendetur.</strong></span> <span class='ocrx_word' id='word_1_626' title='bbox 1157 4528 1217 4584; x_wconf 86' lang='lat' dir='ltr'><strong>Si</strong></span> <span class='ocrx_word' id='word_1_627' title='bbox 1254 4544 1386 4585; x_wconf 88' lang='lat' dir='ltr'><strong>vero</strong></span> <span class='ocrx_word' id='word_1_628' title='bbox 1428 4529 1486 4584; x_wconf 93' lang='lat' dir='ltr'><strong>in</strong></span> <span class='ocrx_word' id='word_1_629' title='bbox 1517 4530 1604 4589; x_wconf 91' lang='lat' dir='ltr'><strong>his</strong></span> <span class='ocrx_word' id='word_1_630' title='bbox 1641 4545 1763 4600; x_wconf 74' lang='lat' dir='ltr'><strong>quae</strong></span> <span class='ocrx_word' id='word_1_631' title='bbox 1792 4531 1974 4600; x_wconf 88' lang='lat' dir='ltr'><strong>palam</strong></span> 
     </span>
    </p>
   </div>
   <div class='ocr_carea' id='block_1_77' title="bbox 397 4623 1975 4695">
    <p class='ocr_par' dir='ltr' id='par_1_77' title="bbox 397 4623 1975 4695">
     <span class='ocr_line' id='line_1_77' title="bbox 397 4623 1975 4695; baseline -0.002 -13"><span class='ocrx_word' id='word_1_632' title='bbox 397 4633 531 4682; x_wconf 82' lang='lat' dir='ltr'><strong>sunt</strong></span> <span class='ocrx_word' id='word_1_633' title='bbox 560 4624 801 4694; x_wconf 87' lang='lat' dir='ltr'><strong>peccatis</strong></span> <span class='ocrx_word' id='word_1_634' title='bbox 830 4624 1111 4679; x_wconf 87' lang='lat' dir='ltr'><strong>involutus</strong></span> <span class='ocrx_word' id='word_1_635' title='bbox 1162 4630 1447 4693; x_wconf 90' lang='lat' dir='ltr'><strong>permanet</strong></span> <span class='ocrx_word' id='word_1_636' title='bbox 1493 4623 1833 4695; x_wconf 88' lang='lat' dir='ltr'><strong>inquinatus.</strong></span> <span class='ocrx_word' id='word_1_637' title='bbox 1864 4639 1975 4679; x_wconf 91' lang='lat' dir='ltr'><strong>non</strong></span> 
     </span>
    </p>
   </div>
   <div class='ocr_carea' id='block_1_78' title="bbox 306 4695 1975 4788">
    <p class='ocr_par' dir='ltr' id='par_1_78' title="bbox 306 4695 1975 4788">
     <span class='ocr_line' id='line_1_78' title="bbox 306 4695 1975 4788; baseline 0.001 -15"><span class='ocrx_word' id='word_1_638' title='bbox 306 4695 331 4717; x_wconf 68' lang='grc'><strong>’</strong></span> <span class='ocrx_word' id='word_1_639' title='bbox 397 4731 487 4773; x_wconf 88' lang='lat' dir='ltr'><strong>me</strong></span> <span class='ocrx_word' id='word_1_640' title='bbox 513 4724 731 4788; x_wconf 87' lang='lat' dir='ltr'><strong>oportet</strong></span> <span class='ocrx_word' id='word_1_641' title='bbox 753 4715 960 4787; x_wconf 87' lang='lat' dir='ltr'><strong>aliquid</strong></span> <span class='ocrx_word' id='word_1_642' title='bbox 999 4715 1067 4771; x_wconf 91' lang='lat' dir='ltr'><strong>de</strong></span> <span class='ocrx_word' id='word_1_643' title='bbox 1100 4715 1492 4771; x_wconf 83' lang='lat' dir='ltr'><strong>secretioribus</strong></span> <span class='ocrx_word' id='word_1_644' title='bbox 1532 4724 1588 4772; x_wconf 91' lang='lat' dir='ltr'><strong>et</strong></span> <span class='ocrx_word' id='word_1_645' title='bbox 1614 4716 1844 4771; x_wconf 90' lang='lat' dir='ltr'><strong>remotis</strong></span> <span class='ocrx_word' id='word_1_646' title='bbox 1889 4716 1975 4775; x_wconf 86' lang='lat' dir='ltr'><strong>di-</strong></span> 
     </span>
    </p>
   </div>
   <div class='ocr_carea' id='block_1_79' title="bbox 395 4806 1974 4879">
    <p class='ocr_par' dir='ltr' id='par_1_79' title="bbox 395 4806 1974 4879">
     <span class='ocr_line' id='line_1_79' title="bbox 395 4806 1974 4879; baseline -0.001 -17"><span class='ocrx_word' id='word_1_647' title='bbox 395 4808 539 4867; x_wconf 68' lang='lat' dir='ltr'><strong>vina:</strong></span> <span class='ocrx_word' id='word_1_648' title='bbox 565 4807 812 4870; x_wconf 64' lang='lat' dir='ltr'><strong>scientiae</strong></span> <span class='ocrx_word' id='word_1_649' title='bbox 832 4807 1105 4879; x_wconf 90' lang='lat' dir='ltr'><strong>proloqui,</strong></span> <span class='ocrx_word' id='word_1_650' title='bbox 1133 4806 1230 4868; x_wconf 86' lang='lat' dir='ltr'><strong>sed</strong></span> <span class='ocrx_word' id='word_1_651' title='bbox 1245 4808 1421 4878; x_wconf 87' lang='lat' dir='ltr'><strong>magis</strong></span> <span class='ocrx_word' id='word_1_652' title='bbox 1441 4808 1732 4878; x_wconf 82' lang='lat' dir='ltr'><strong>protestari</strong></span> <span class='ocrx_word' id='word_1_653' title='bbox 1764 4815 1820 4865; x_wconf 91' lang='lat' dir='ltr'><strong>et</strong></span> <span class='ocrx_word' id='word_1_654' title='bbox 1840 4822 1974 4862; x_wconf 81' lang='lat' dir='ltr'><strong>eon-</strong></span> 
     </span>
    </p>
   </div>
   <div class='ocr_carea' id='block_1_80' title="bbox 396 4900 1970 4971">
    <p class='ocr_par' dir='ltr' id='par_1_80' title="bbox 396 4900 1970 4971">
     <span class='ocr_line' id='line_1_80' title="bbox 396 4900 1970 4971; baseline 0.001 -14"><span class='ocrx_word' id='word_1_655' title='bbox 396 4902 588 4959; x_wconf 82' lang='lat' dir='ltr'><strong>venire</strong></span> <span class='ocrx_word' id='word_1_656' title='bbox 635 4917 784 4967; x_wconf 88' lang='lat' dir='ltr'><strong>eum,</strong></span> <span class='ocrx_word' id='word_1_657' title='bbox 824 4908 886 4956; x_wconf 90' lang='lat' dir='ltr'><strong>ut</strong></span> <span class='ocrx_word' id='word_1_658' title='bbox 917 4915 1147 4971; x_wconf 87' lang='lat' dir='ltr'><strong>peccare</strong></span> <span class='ocrx_word' id='word_1_659' title='bbox 1192 4900 1429 4967; x_wconf 87' lang='lat' dir='ltr'><strong>desinat,</strong></span> <span class='ocrx_word' id='word_1_660' title='bbox 1472 4907 1528 4956; x_wconf 91' lang='lat' dir='ltr'><strong>et</strong></span> <span class='ocrx_word' id='word_1_661' title='bbox 1566 4908 1722 4956; x_wconf 90' lang='lat' dir='ltr'><strong>actus</strong></span> <span class='ocrx_word' id='word_1_662' title='bbox 1771 4915 1904 4956; x_wconf 89' lang='lat' dir='ltr'><strong>suos</strong></span> <span class='ocrx_word' id='word_1_663' title='bbox 1938 4916 1970 4959; x_wconf 86' lang='lat' dir='ltr'><strong>a</strong></span> 
     </span>
    </p>
   </div>
   <div class='ocr_carea' id='block_1_81' title="bbox 394 4992 1974 5064">
    <p class='ocr_par' dir='ltr' id='par_1_81' title="bbox 394 4992 1974 5064">
     <span class='ocr_line' id='line_1_81' title="bbox 394 4992 1974 5064; baseline -0.002 -14"><span class='ocrx_word' id='word_1_664' title='bbox 394 4993 549 5050; x_wconf 76' lang='lat' dir='ltr'><strong>vitiis</strong></span> <span class='ocrx_word' id='word_1_665' title='bbox 577 4994 850 5051; x_wconf 88' lang='lat' dir='ltr'><strong>emendet.</strong></span> <span class='ocrx_word' id='word_1_666' title='bbox 873 4992 1030 5059; x_wconf 85' lang='lat' dir='ltr'><strong>Quod</strong></span> <span class='ocrx_word' id='word_1_667' title='bbox 1058 4993 1105 5048; x_wconf 92' lang='lat' dir='ltr'><strong>si</strong></span> <span class='ocrx_word' id='word_1_668' title='bbox 1137 4992 1431 5064; x_wconf 83' lang='lat' dir='ltr'><strong>ingesserit</strong></span> <span class='ocrx_word' id='word_1_669' title='bbox 1454 5008 1535 5057; x_wconf 90' lang='lat' dir='ltr'><strong>se,</strong></span> <span class='ocrx_word' id='word_1_670' title='bbox 1559 5000 1613 5048; x_wconf 90' lang='lat' dir='ltr'><strong>et</strong></span> <span class='ocrx_word' id='word_1_671' title='bbox 1640 5007 1974 5063; x_wconf 84' lang='lat' dir='ltr'><strong>provocave-</strong></span> 
     </span>
    </p>
   </div>
   <div class='ocr_carea' id='block_1_82' title="bbox 398 5084 1967 5157">
    <p class='ocr_par' dir='ltr' id='par_1_82' title="bbox 398 5084 1967 5157">
     <span class='ocr_line' id='line_1_82' title="bbox 398 5084 1967 5157; baseline -0.002 -18"><span class='ocrx_word' id='word_1_672' title='bbox 398 5088 472 5146; x_wconf 86' lang='lat' dir='ltr'><strong>rit</strong></span> <span class='ocrx_word' id='word_1_673' title='bbox 506 5100 607 5142; x_wconf 88' lang='lat' dir='ltr'><strong>nos</strong></span> <span class='ocrx_word' id='word_1_674' title='bbox 641 5086 846 5151; x_wconf 90' lang='lat' dir='ltr'><strong>dicere,</strong></span> <span class='ocrx_word' id='word_1_675' title='bbox 900 5101 1021 5157; x_wconf 65' lang='lat' dir='ltr'><strong>quae</strong></span> <span class='ocrx_word' id='word_1_676' title='bbox 1059 5100 1208 5149; x_wconf 88' lang='lat' dir='ltr'><strong>cum,</strong></span> <span class='ocrx_word' id='word_1_677' title='bbox 1252 5084 1440 5140; x_wconf 91' lang='lat' dir='ltr'><strong>minus</strong></span> <span class='ocrx_word' id='word_1_678' title='bbox 1489 5091 1640 5139; x_wconf 91' lang='lat' dir='ltr'><strong>recte</strong></span> <span class='ocrx_word' id='word_1_679' title='bbox 1692 5092 1967 5154; x_wconf 83' lang='lat' dir='ltr'><strong>agentem,</strong></span> 
     </span>
    </p>
   </div>
   <div class='ocr_carea' id='block_1_83' title="bbox 397 5175 1973 5250">
    <p class='ocr_par' dir='ltr' id='par_1_83' title="bbox 397 5175 1973 5250">
     <span class='ocr_line' id='line_1_83' title="bbox 397 5175 1973 5250; baseline 0 -19"><span class='ocrx_word' id='word_1_680' title='bbox 397 5193 510 5232; x_wconf 88' lang='lat' dir='ltr'><strong>non</strong></span> <span class='ocrx_word' id='word_1_681' title='bbox 561 5185 812 5250; x_wconf 89' lang='lat' dir='ltr'><strong>oporteat</strong></span> <span class='ocrx_word' id='word_1_682' title='bbox 873 5178 1100 5244; x_wconf 88' lang='lat' dir='ltr'><strong>audire;</strong></span> <span class='ocrx_word' id='word_1_683' title='bbox 1153 5175 1452 5248; x_wconf 85' lang='lat' dir='ltr'><strong>prudenter</strong></span> <span class='ocrx_word' id='word_1_684' title='bbox 1512 5190 1637 5231; x_wconf 91' lang='lat' dir='ltr'><strong>eum</strong></span> <span class='ocrx_word' id='word_1_685' title='bbox 1709 5175 1973 5237; x_wconf 84' lang='lat' dir='ltr'><strong>debemus</strong></span> 
     </span>
    </p>
   </div>
   <div class='ocr_carea' id='block_1_84' title="bbox 399 5266 1973 5341">
    <p class='ocr_par' dir='ltr' id='par_1_84' title="bbox 399 5266 1973 5341">
     <span class='ocr_line' id='line_1_84' title="bbox 399 5266 1973 5341; baseline -0.001 -17"><span class='ocrx_word' id='word_1_686' title='bbox 399 5269 618 5325; x_wconf 89' lang='lat' dir='ltr'><strong>eludere</strong></span> <span class='ocrx_word' id='word_1_687' title='bbox 639 5271 688 5303; x_wconf 83' lang='grc'>⁷³</span> <span class='ocrx_word' id='word_1_688' title='bbox 720 5289 735 5325; x_wconf 89' lang='lat'><strong>:</strong></span> <span class='ocrx_word' id='word_1_689' title='bbox 764 5286 893 5327; x_wconf 90' lang='lat' dir='ltr'><strong>nam</strong></span> <span class='ocrx_word' id='word_1_690' title='bbox 937 5270 1075 5325; x_wconf 89' lang='lat' dir='ltr'><strong>nihil</strong></span> <span class='ocrx_word' id='word_1_691' title='bbox 1103 5268 1332 5331; x_wconf 86' lang='lat' dir='ltr'><strong>omnino</strong></span> <span class='ocrx_word' id='word_1_692' title='bbox 1363 5266 1717 5341; x_wconf 84' lang='lat' dir='ltr'><strong>respondere,</strong></span> <span class='ocrx_word' id='word_1_693' title='bbox 1754 5267 1973 5326; x_wconf 59' lang='lat' dir='ltr'><strong>audito.</strong></span> 
     </span>
    </p>
   </div>
   <div class='ocr_carea' id='block_1_85' title="bbox 455 5485 768 5547">
    <p class='ocr_par' dir='ltr' id='par_1_85' title="bbox 455 5485 768 5547">
     <span class='ocr_line' id='line_1_85' title="bbox 455 5485 768 5547; baseline 0.006 -8"><span class='ocrx_word' id='word_1_694' title='bbox 455 5485 503 5521; x_wconf 78' lang='grc'>⁸⁸</span> <span class='ocrx_word' id='word_1_695' title='bbox 550 5486 613 5539; x_wconf 87' lang='lat' dir='ltr'><strong>ob</strong></span> <span class='ocrx_word' id='word_1_696' title='bbox 650 5487 768 5547; x_wconf 81' lang='lat' dir='ltr'><strong>hoc.</strong></span> 
     </span>
    </p>
   </div>
   <div class='ocr_carea' id='block_1_86' title="bbox 2074 3228 3670 3300">
    <p class='ocr_par' dir='ltr' id='par_1_86' title="bbox 2074 3228 3670 3300">
     <span class='ocr_line' id='line_1_86' title="bbox 2074 3228 3670 3300; baseline 0.003 -19"><span class='ocrx_word' id='word_1_697' title='bbox 2074 3229 2203 3299; x_wconf 79' lang='lat' dir='ltr'><strong>quia</strong></span> <span class='ocrx_word' id='word_1_698' title='bbox 2229 3229 2367 3284; x_wconf 80' lang='lat' dir='ltr'><strong>venit</strong></span> <span class='ocrx_word' id='word_1_699' title='bbox 2390 3246 2425 3284; x_wconf 89' lang='lat' dir='ltr'><strong>a</strong></span> <span class='ocrx_word' id='word_1_700' title='bbox 2445 3228 2642 3300; x_wconf 76' lang='lat' dir='ltr'><strong>ﬁnibus</strong></span> <span class='ocrx_word' id='word_1_701' title='bbox 2669 3238 2824 3285; x_wconf 76' lang='lat' dir='ltr'><strong>terra:</strong></span> <span class='ocrx_word' id='word_1_702' title='bbox 2850 3230 3039 3285; x_wconf 89' lang='lat' dir='ltr'><strong>audire</strong></span> <span class='ocrx_word' id='word_1_703' title='bbox 3063 3232 3377 3300; x_wconf 82' lang='lat' dir='ltr'><strong>sapientiam</strong></span> <span class='ocrx_word' id='word_1_704' title='bbox 3413 3230 3670 3287; x_wconf 84' lang='lat' dir='ltr'><strong>Salomo-</strong></span> 
     </span>
    </p>
   </div>
   <div class='ocr_carea' id='block_1_87' title="bbox 2079 3320 3667 3392">
    <p class='ocr_par' dir='ltr' id='par_1_87' title="bbox 2079 3320 3667 3392">
     <span class='ocr_line' id='line_1_87' title="bbox 2079 3320 3667 3392; baseline 0.004 -19"><span class='ocrx_word' id='word_1_705' title='bbox 2079 3320 2161 3374; x_wconf 87' lang='lat' dir='ltr'><strong>nis</strong></span> <span class='ocrx_word' id='word_1_706' title='bbox 2188 3335 2207 3373; x_wconf 93' lang='lat'><strong><em>:</em></strong></span> <span class='ocrx_word' id='word_1_707' title='bbox 2228 3330 2278 3376; x_wconf 93' lang='lat' dir='ltr'><strong>et</strong></span> <span class='ocrx_word' id='word_1_708' title='bbox 2300 3338 2416 3379; x_wconf 83' lang='lat' dir='ltr'><strong>ecce</strong></span> <span class='ocrx_word' id='word_1_709' title='bbox 2436 3322 2721 3392; x_wconf 87' lang='lat' dir='ltr'><strong>plusquam</strong></span> <span class='ocrx_word' id='word_1_710' title='bbox 2742 3322 2997 3379; x_wconf 87' lang='lat' dir='ltr'><strong>Salomon</strong></span> <span class='ocrx_word' id='word_1_711' title='bbox 3021 3323 3125 3388; x_wconf 85' lang='lat' dir='ltr'><strong>hic,</strong></span> <span class='ocrx_word' id='word_1_712' title='bbox 3148 3335 3199 3378; x_wconf 86' lang='lat' dir='ltr'><strong>et</strong></span> <span class='ocrx_word' id='word_1_713' title='bbox 3221 3341 3325 3380; x_wconf 82' lang='lat' dir='ltr'><strong>non</strong></span> <span class='ocrx_word' id='word_1_714' title='bbox 3347 3324 3667 3385; x_wconf 72' lang='lat' dir='ltr'><strong>audiunt“.</strong></span> 
     </span>
    </p>
   </div>
   <div class='ocr_carea' id='block_1_88' title="bbox 2078 3412 3673 3488">
    <p class='ocr_par' dir='ltr' id='par_1_88' title="bbox 2078 3412 3673 3488">
     <span class='ocr_line' id='line_1_88' title="bbox 2078 3412 3673 3488; baseline 0.004 -20"><span class='ocrx_word' id='word_1_715' title='bbox 2078 3412 2161 3469; x_wconf 79' lang='lat' dir='ltr'><strong>Ad</strong></span> <span class='ocrx_word' id='word_1_716' title='bbox 2188 3429 2284 3469; x_wconf 84' lang='lat' dir='ltr'><strong>eos</strong></span> <span class='ocrx_word' id='word_1_717' title='bbox 2316 3430 2466 3482; x_wconf 82' lang='lat' dir='ltr'><strong>vero,</strong></span> <span class='ocrx_word' id='word_1_718' title='bbox 2498 3415 2594 3485; x_wconf 91' lang='lat' dir='ltr'><strong>qui</strong></span> <span class='ocrx_word' id='word_1_719' title='bbox 2625 3415 2695 3470; x_wconf 90' lang='lat' dir='ltr'><strong>de</strong></span> <span class='ocrx_word' id='word_1_720' title='bbox 2716 3416 2879 3472; x_wconf 86' lang='lat' dir='ltr'><strong>malis</strong></span> <span class='ocrx_word' id='word_1_721' title='bbox 2923 3417 3141 3474; x_wconf 87' lang='lat' dir='ltr'><strong>actibus</strong></span> <span class='ocrx_word' id='word_1_722' title='bbox 3166 3433 3357 3488; x_wconf 84' lang='lat' dir='ltr'><strong>gerere</strong></span> <span class='ocrx_word' id='word_1_723' title='bbox 3393 3417 3673 3475; x_wconf 84' lang='lat' dir='ltr'><strong>detrecta-</strong></span> 
     </span>
    </p>
   </div>
   <div class='ocr_carea' id='block_1_89' title="bbox 2079 3505 3671 3583">
    <p class='ocr_par' dir='ltr' id='par_1_89' title="bbox 2079 3505 3671 3583">
     <span class='ocr_line' id='line_1_89' title="bbox 2079 3505 3671 3583; baseline 0.006 -25"><span class='ocrx_word' id='word_1_724' title='bbox 2079 3505 2211 3562; x_wconf 88' lang='lat' dir='ltr'><strong>bant</strong></span> <span class='ocrx_word' id='word_1_725' title='bbox 2232 3507 2636 3575; x_wconf 78' lang='lat' dir='ltr'><strong>ptnnitentiam,</strong></span> <span class='ocrx_word' id='word_1_726' title='bbox 2666 3508 2740 3561; x_wconf 91' lang='lat' dir='ltr'><strong>ita</strong></span> <span class='ocrx_word' id='word_1_727' title='bbox 2770 3510 2885 3569; x_wconf 83' lang='lat' dir='ltr'><strong>ait;</strong></span> <span class='ocrx_word' id='word_1_728' title='bbox 2926 3509 3042 3567; x_wconf 86' lang='lat' dir='ltr'><strong>Viri</strong></span> <span class='ocrx_word' id='word_1_729' title='bbox 3070 3508 3325 3567; x_wconf 70' lang='lat' dir='ltr'><strong>Ninivitaa</strong></span> <span class='ocrx_word' id='word_1_730' title='bbox 3349 3522 3577 3583; x_wconf 77' lang='lat' dir='ltr'><strong>surgent</strong></span> <span class='ocrx_word' id='word_1_731' title='bbox 3615 3513 3671 3567; x_wconf 86' lang='lat' dir='ltr'><strong>in</strong></span> 
     </span>
    </p>
   </div>
   <div class='ocr_carea' id='block_1_90' title="bbox 2070 3597 3668 3669">
    <p class='ocr_par' dir='ltr' id='par_1_90' title="bbox 2070 3597 3668 3669">
     <span class='ocr_line' id='line_1_90' title="bbox 2070 3597 3668 3669; baseline 0.004 -17"><span class='ocrx_word' id='word_1_732' title='bbox 2070 3597 2275 3667; x_wconf 80' lang='lat' dir='ltr'><strong>judicio</strong></span> <span class='ocrx_word' id='word_1_733' title='bbox 2302 3616 2420 3656; x_wconf 80' lang='lat' dir='ltr'><strong>eum</strong></span> <span class='ocrx_word' id='word_1_734' title='bbox 2439 3600 2775 3669; x_wconf 83' lang='lat' dir='ltr'><strong>generatione</strong></span> <span class='ocrx_word' id='word_1_735' title='bbox 2818 3600 2940 3666; x_wconf 79' lang='lat' dir='ltr'><strong>hac,</strong></span> <span class='ocrx_word' id='word_1_736' title='bbox 2969 3611 3020 3656; x_wconf 87' lang='lat' dir='ltr'><strong>et</strong></span> <span class='ocrx_word' id='word_1_737' title='bbox 3046 3601 3475 3658; x_wconf 84' lang='lat' dir='ltr'><strong>condemnabunt</strong></span> <span class='ocrx_word' id='word_1_738' title='bbox 3525 3622 3668 3669; x_wconf 88' lang='lat' dir='ltr'><strong>eam,</strong></span> 
     </span>
    </p>
   </div>
   <div class='ocr_carea' id='block_1_91' title="bbox 2076 3691 3670 3765">
    <p class='ocr_par' dir='ltr' id='par_1_91' title="bbox 2076 3691 3670 3765">
     <span class='ocr_line' id='line_1_91' title="bbox 2076 3691 3670 3765; baseline 0.006 -22"><span class='ocrx_word' id='word_1_739' title='bbox 2076 3691 2203 3756; x_wconf 88' lang='lat' dir='ltr'><strong>quia</strong></span> <span class='ocrx_word' id='word_1_740' title='bbox 2221 3691 2581 3759; x_wconf 77' lang='lat' dir='ltr'><strong>paenitentiam</strong></span> <span class='ocrx_word' id='word_1_741' title='bbox 2618 3703 2834 3762; x_wconf 85' lang='lat' dir='ltr'><strong>egerunt</strong></span> <span class='ocrx_word' id='word_1_742' title='bbox 2877 3695 2934 3747; x_wconf 85' lang='lat' dir='ltr'><strong>in</strong></span> <span class='ocrx_word' id='word_1_743' title='bbox 2972 3694 3354 3763; x_wconf 63' lang='lat' dir='ltr'><strong>praedicatione</strong></span> <span class='ocrx_word' id='word_1_744' title='bbox 3389 3695 3579 3765; x_wconf 73' lang='lat' dir='ltr'><strong>Jonw,</strong></span> <span class='ocrx_word' id='word_1_745' title='bbox 3621 3710 3670 3756; x_wconf 85' lang='lat' dir='ltr'><strong>et</strong></span> 
     </span>
    </p>
   </div>
   <div class='ocr_carea' id='block_1_92' title="bbox 2076 3783 3670 3861">
    <p class='ocr_par' dir='ltr' id='par_1_92' title="bbox 2076 3783 3670 3861">
     <span class='ocr_line' id='line_1_92' title="bbox 2076 3783 3670 3861; baseline 0.003 -23"><span class='ocrx_word' id='word_1_746' title='bbox 2076 3800 2191 3839; x_wconf 73' lang='lat' dir='ltr'><strong>ecce</strong></span> <span class='ocrx_word' id='word_1_747' title='bbox 2217 3783 2337 3853; x_wconf 83' lang='lat' dir='ltr'><strong>plus</strong></span> <span class='ocrx_word' id='word_1_748' title='bbox 2365 3801 2524 3854; x_wconf 90' lang='lat' dir='ltr'><strong>quam</strong></span> <span class='ocrx_word' id='word_1_749' title='bbox 2552 3783 2723 3843; x_wconf 82' lang='lat' dir='ltr'><strong>Jonas</strong></span> <span class='ocrx_word' id='word_1_750' title='bbox 2744 3784 2828 3840; x_wconf 81' lang='lat' dir='ltr'><strong>Itis</strong></span> <span class='ocrx_word' id='word_1_751' title='bbox 2855 3785 2924 3844; x_wconf 75' lang='grc' dir='ltr'><strong>θ’.</strong></span> <span class='ocrx_word' id='word_1_752' title='bbox 2953 3785 3169 3843; x_wconf 82' lang='lat' dir='ltr'><strong>Videtis</strong></span> <span class='ocrx_word' id='word_1_753' title='bbox 3195 3803 3348 3859; x_wconf 86' lang='lat' dir='ltr'><strong>ergo,</strong></span> <span class='ocrx_word' id='word_1_754' title='bbox 3376 3790 3670 3861; x_wconf 85' lang='lat' dir='ltr'><strong>quomodo</strong></span> 
     </span>
    </p>
   </div>
   <div class='ocr_carea' id='block_1_93' title="bbox 2077 3876 3671 3951">
    <p class='ocr_par' dir='ltr' id='par_1_93' title="bbox 2077 3876 3671 3951">
     <span class='ocr_line' id='line_1_93' title="bbox 2077 3876 3671 3951; baseline 0.004 -20"><span class='ocrx_word' id='word_1_755' title='bbox 2077 3891 2198 3940; x_wconf 83' lang='lat' dir='ltr'><strong>eos,</strong></span> <span class='ocrx_word' id='word_1_756' title='bbox 2232 3876 2327 3947; x_wconf 91' lang='lat' dir='ltr'><strong>qui</strong></span> <span class='ocrx_word' id='word_1_757' title='bbox 2366 3877 2766 3936; x_wconf 88' lang='lat' dir='ltr'><strong>erudiebantur</strong></span> <span class='ocrx_word' id='word_1_758' title='bbox 2794 3894 2864 3939; x_wconf 76' lang='lat' dir='ltr'><strong>ex</strong></span> <span class='ocrx_word' id='word_1_759' title='bbox 2908 3879 3046 3951; x_wconf 83' lang='lat' dir='ltr'><strong>lege,</strong></span> <span class='ocrx_word' id='word_1_760' title='bbox 3078 3881 3329 3935; x_wconf 89' lang='lat' dir='ltr'><strong>adductis</strong></span> <span class='ocrx_word' id='word_1_761' title='bbox 3363 3881 3430 3936; x_wconf 91' lang='lat' dir='ltr'><strong>ad</strong></span> <span class='ocrx_word' id='word_1_762' title='bbox 3478 3897 3671 3937; x_wconf 79' lang='lat' dir='ltr'><strong>exem-</strong></span> 
     </span>
    </p>
   </div>
   <div class='ocr_carea' id='block_1_94' title="bbox 2078 3968 3672 4042">
    <p class='ocr_par' dir='ltr' id='par_1_94' title="bbox 2078 3968 3672 4042">
     <span class='ocr_line' id='line_1_94' title="bbox 2078 3968 3672 4042; baseline 0.004 -21"><span class='ocrx_word' id='word_1_763' title='bbox 2078 3968 2228 4038; x_wconf 91' lang='lat' dir='ltr'><strong>plum</strong></span> <span class='ocrx_word' id='word_1_764' title='bbox 2274 3969 2382 4029; x_wconf 84' lang='lat' dir='ltr'><strong>illis</strong></span> <span class='ocrx_word' id='word_1_765' title='bbox 2424 3969 2516 4040; x_wconf 91' lang='lat' dir='ltr'><strong>qui</strong></span> <span class='ocrx_word' id='word_1_766' title='bbox 2559 3985 2626 4026; x_wconf 80' lang='lat' dir='ltr'><strong>ex</strong></span> <span class='ocrx_word' id='word_1_767' title='bbox 2671 3970 2863 4040; x_wconf 88' lang='lat' dir='ltr'><strong>gentili</strong></span> <span class='ocrx_word' id='word_1_768' title='bbox 2908 3972 3219 4042; x_wconf 84' lang='lat' dir='ltr'><strong>ignorantia</strong></span> <span class='ocrx_word' id='word_1_769' title='bbox 3256 3973 3586 4039; x_wconf 83' lang='lat' dir='ltr'><strong>veniebant,</strong></span> <span class='ocrx_word' id='word_1_770' title='bbox 3618 3981 3672 4031; x_wconf 90' lang='lat' dir='ltr'><strong>et</strong></span> 
     </span>
    </p>
   </div>
   <div class='ocr_carea' id='block_1_95' title="bbox 2068 4061 3671 4136">
    <p class='ocr_par' dir='ltr' id='par_1_95' title="bbox 2068 4061 3671 4136">
     <span class='ocr_line' id='line_1_95' title="bbox 2068 4061 3671 4136; baseline 0.006 -21"><span class='ocrx_word' id='word_1_771' title='bbox 2068 4061 2380 4118; x_wconf 88' lang='lat' dir='ltr'><strong>ostendens</strong></span> <span class='ocrx_word' id='word_1_772' title='bbox 2409 4077 2506 4119; x_wconf 89' lang='lat' dir='ltr'><strong>eos</strong></span> <span class='ocrx_word' id='word_1_773' title='bbox 2531 4078 2634 4119; x_wconf 73' lang='lat' dir='ltr'><strong>nec</strong></span> <span class='ocrx_word' id='word_1_774' title='bbox 2662 4065 2899 4133; x_wconf 83' lang='lat' dir='ltr'><strong>aequales</strong></span> <span class='ocrx_word' id='word_1_775' title='bbox 2930 4065 3038 4125; x_wconf 87' lang='lat' dir='ltr'><strong>illis</strong></span> <span class='ocrx_word' id='word_1_776' title='bbox 3074 4080 3199 4121; x_wconf 90' lang='lat' dir='ltr'><strong>esse</strong></span> <span class='ocrx_word' id='word_1_777' title='bbox 3232 4067 3327 4136; x_wconf 91' lang='lat' dir='ltr'><strong>qui</strong></span> <span class='ocrx_word' id='word_1_778' title='bbox 3366 4066 3424 4123; x_wconf 90' lang='lat' dir='ltr'><strong>in</strong></span> <span class='ocrx_word' id='word_1_779' title='bbox 3475 4083 3671 4123; x_wconf 88' lang='lat' dir='ltr'><strong>errore</strong></span> 
     </span>
    </p>
   </div>
   <div class='ocr_carea' id='block_1_96' title="bbox 2077 4153 3672 4235">
    <p class='ocr_par' dir='ltr' id='par_1_96' title="bbox 2077 4153 3672 4235">
     <span class='ocr_line' id='line_1_96' title="bbox 2077 4153 3672 4235; baseline 0.006 -28"><span class='ocrx_word' id='word_1_780' title='bbox 2077 4153 2242 4223; x_wconf 87' lang='lat' dir='ltr'><strong>positi</strong></span> <span class='ocrx_word' id='word_1_781' title='bbox 2289 4154 2637 4222; x_wconf 85' lang='lat' dir='ltr'><strong>videbantur,</strong></span> <span class='ocrx_word' id='word_1_782' title='bbox 2676 4172 2743 4212; x_wconf 80' lang='lat' dir='ltr'><strong>ex</strong></span> <span class='ocrx_word' id='word_1_783' title='bbox 2799 4158 2919 4228; x_wconf 89' lang='lat' dir='ltr'><strong>ipsa</strong></span> <span class='ocrx_word' id='word_1_784' title='bbox 2982 4166 3192 4212; x_wconf 89' lang='lat' dir='ltr'><strong>tantum</strong></span> <span class='ocrx_word' id='word_1_785' title='bbox 3244 4161 3672 4235; x_wconf 82' lang='lat' dir='ltr'><strong>comparatione</strong></span> 
     </span>
    </p>
   </div>
   <div class='ocr_carea' id='block_1_97' title="bbox 2076 4246 3674 4323">
    <p class='ocr_par' dir='ltr' id='par_1_97' title="bbox 2076 4246 3674 4323">
     <span class='ocr_line' id='line_1_97' title="bbox 2076 4246 3674 4323; baseline 0.003 -20"><span class='ocrx_word' id='word_1_786' title='bbox 2076 4246 2429 4303; x_wconf 90' lang='lat' dir='ltr'><strong>condemnat.</strong></span> <span class='ocrx_word' id='word_1_787' title='bbox 2466 4247 2543 4304; x_wconf 82' lang='lat' dir='ltr'><strong>Ex</strong></span> <span class='ocrx_word' id='word_1_788' title='bbox 2573 4250 2776 4319; x_wconf 87' lang='lat' dir='ltr'><strong>quibus</strong></span> <span class='ocrx_word' id='word_1_789' title='bbox 2809 4250 3069 4310; x_wconf 89' lang='lat' dir='ltr'><strong>omnibus</strong></span> <span class='ocrx_word' id='word_1_790' title='bbox 3097 4265 3300 4317; x_wconf 88' lang='lat' dir='ltr'><strong>sermo,</strong></span> <span class='ocrx_word' id='word_1_791' title='bbox 3334 4269 3508 4322; x_wconf 89' lang='lat' dir='ltr'><strong>quem</strong></span> <span class='ocrx_word' id='word_1_792' title='bbox 3539 4269 3674 4323; x_wconf 81' lang='lat' dir='ltr'><strong>pro-</strong></span> 
     </span>
    </p>
   </div>
   <div class='ocr_carea' id='block_1_98' title="bbox 2078 4340 3675 4417">
    <p class='ocr_par' dir='ltr' id='par_1_98' title="bbox 2078 4340 3675 4417">
     <span class='ocr_line' id='line_1_98' title="bbox 2078 4340 3675 4417; baseline 0.003 -20"><span class='ocrx_word' id='word_1_793' title='bbox 2078 4340 2755 4413; x_wconf 85' lang='lat' dir='ltr'><strong>posuimus,approhatur,</strong></span> <span class='ocrx_word' id='word_1_794' title='bbox 2774 4349 2832 4397; x_wconf 91' lang='lat' dir='ltr'><strong>ut</strong></span> <span class='ocrx_word' id='word_1_795' title='bbox 2859 4344 3208 4409; x_wconf 89' lang='lat' dir='ltr'><strong>castimonia,</strong></span> <span class='ocrx_word' id='word_1_796' title='bbox 3240 4359 3361 4414; x_wconf 65' lang='lat' dir='ltr'><strong>qum</strong></span> <span class='ocrx_word' id='word_1_797' title='bbox 3387 4345 3675 4417; x_wconf 76' lang='lat' dir='ltr'><strong>aliquate-</strong></span> 
     </span>
    </p>
   </div>
   <div class='ocr_carea' id='block_1_99' title="bbox 2003 4409 3671 4509">
    <p class='ocr_par' dir='ltr' id='par_1_99' title="bbox 2003 4409 3671 4509">
     <span class='ocr_line' id='line_1_99' title="bbox 2003 4409 3671 4509; baseline 0.004 -22"><span class='ocrx_word' id='word_1_798' title='bbox 2003 4409 2049 4465; x_wconf 66' lang='grc' dir='ltr'>Β</span> <span class='ocrx_word' id='word_1_799' title='bbox 2078 4448 2185 4491; x_wconf 90' lang='lat' dir='ltr'><strong>nus</strong></span> <span class='ocrx_word' id='word_1_800' title='bbox 2211 4433 2376 4488; x_wconf 90' lang='lat' dir='ltr'><strong>etiam</strong></span> <span class='ocrx_word' id='word_1_801' title='bbox 2402 4409 2593 4492; x_wconf 74' lang='lat' dir='ltr'><strong>abhis.</strong></span> <span class='ocrx_word' id='word_1_802' title='bbox 2622 4434 2679 4491; x_wconf 90' lang='lat' dir='ltr'><strong>in</strong></span> <span class='ocrx_word' id='word_1_803' title='bbox 2723 4449 2915 4490; x_wconf 91' lang='lat' dir='ltr'><strong>errore</strong></span> <span class='ocrx_word' id='word_1_804' title='bbox 2947 4443 3078 4490; x_wconf 85' lang='lat' dir='ltr'><strong>sunt</strong></span> <span class='ocrx_word' id='word_1_805' title='bbox 3103 4409 3273 4509; x_wconf 81' lang='lat' dir='ltr'><strong>positi</strong></span> <span class='ocrx_word' id='word_1_806' title='bbox 3306 4409 3671 4506; x_wconf 81' lang='lat' dir='ltr'><strong>custoditur;</strong></span> 
     </span>
    </p>
   </div>
   <div class='ocr_carea' id='block_1_100' title="bbox 2077 4526 3665 4603">
    <p class='ocr_par' dir='ltr' id='par_1_100' title="bbox 2077 4526 3665 4603">
     <span class='ocr_line' id='line_1_100' title="bbox 2077 4526 3665 4603; baseline 0.003 -22"><span class='ocrx_word' id='word_1_807' title='bbox 2077 4526 2253 4583; x_wconf 89' lang='lat' dir='ltr'><strong>multo</strong></span> <span class='ocrx_word' id='word_1_808' title='bbox 2282 4528 2437 4596; x_wconf 90' lang='lat' dir='ltr'><strong>prius</strong></span> <span class='ocrx_word' id='word_1_809' title='bbox 2467 4534 2525 4587; x_wconf 88' lang='lat' dir='ltr'><strong>et</strong></span> <span class='ocrx_word' id='word_1_810' title='bbox 2570 4527 2857 4596; x_wconf 90' lang='lat' dir='ltr'><strong>attentius,</strong></span> <span class='ocrx_word' id='word_1_811' title='bbox 2888 4535 2943 4584; x_wconf 92' lang='lat' dir='ltr'><strong>et</strong></span> <span class='ocrx_word' id='word_1_812' title='bbox 2972 4544 3070 4599; x_wconf 89' lang='lat' dir='ltr'><strong>per</strong></span> <span class='ocrx_word' id='word_1_813' title='bbox 3099 4530 3347 4603; x_wconf 88' lang='lat' dir='ltr'><strong>singulas</strong></span> <span class='ocrx_word' id='word_1_814' title='bbox 3373 4546 3665 4603; x_wconf 84' lang='lat' dir='ltr'><strong>quasque,</strong></span> 
     </span>
    </p>
   </div>
   <div class='ocr_carea' id='block_1_101' title="bbox 2075 4620 3673 4697">
    <p class='ocr_par' dir='ltr' id='par_1_101' title="bbox 2075 4620 3673 4697">
     <span class='ocr_line' id='line_1_101' title="bbox 2075 4620 3673 4697; baseline 0.004 -22"><span class='ocrx_word' id='word_1_815' title='bbox 2075 4620 2219 4679; x_wconf 79' lang='lat' dir='ltr'><strong>sicut</strong></span> <span class='ocrx_word' id='word_1_816' title='bbox 2246 4634 2415 4689; x_wconf 88' lang='lat' dir='ltr'><strong>supra</strong></span> <span class='ocrx_word' id='word_1_817' title='bbox 2452 4620 2817 4684; x_wconf 89' lang='lat' dir='ltr'><strong>ostendimus,</strong></span> <span class='ocrx_word' id='word_1_818' title='bbox 2868 4623 3080 4690; x_wconf 88' lang='lat' dir='ltr'><strong>species</strong></span> <span class='ocrx_word' id='word_1_819' title='bbox 3104 4637 3133 4676; x_wconf 92' lang='lat' dir='ltr'><strong>a</strong></span> <span class='ocrx_word' id='word_1_820' title='bbox 3160 4623 3342 4690; x_wconf 87' lang='lat' dir='ltr'><strong>nobis,</strong></span> <span class='ocrx_word' id='word_1_821' title='bbox 3386 4627 3491 4697; x_wconf 91' lang='lat' dir='ltr'><strong>qui</strong></span> <span class='ocrx_word' id='word_1_822' title='bbox 3526 4627 3673 4681; x_wconf 85' lang='lat' dir='ltr'><strong>veri—</strong></span> 
     </span>
    </p>
   </div>
   <div class='ocr_carea' id='block_1_102' title="bbox 2075 4711 3672 4790">
    <p class='ocr_par' dir='ltr' id='par_1_102' title="bbox 2075 4711 3672 4790">
     <span class='ocr_line' id='line_1_102' title="bbox 2075 4711 3672 4790; baseline 0.004 -24"><span class='ocrx_word' id='word_1_823' title='bbox 2075 4718 2244 4769; x_wconf 84' lang='lat' dir='ltr'><strong>tatem</strong></span> <span class='ocrx_word' id='word_1_824' title='bbox 2290 4711 2596 4783; x_wconf 82' lang='lat' dir='ltr'><strong>sequimur,</strong></span> <span class='ocrx_word' id='word_1_825' title='bbox 2640 4718 2925 4781; x_wconf 83' lang='lat' dir='ltr'><strong>teneatur;</strong></span> <span class='ocrx_word' id='word_1_826' title='bbox 2968 4729 3034 4769; x_wconf 90' lang='lat' dir='ltr'><strong>eo</strong></span> <span class='ocrx_word' id='word_1_827' title='bbox 3084 4716 3279 4786; x_wconf 90' lang='lat' dir='ltr'><strong>magis,</strong></span> <span class='ocrx_word' id='word_1_828' title='bbox 3320 4719 3477 4788; x_wconf 89' lang='lat' dir='ltr'><strong>quod</strong></span> <span class='ocrx_word' id='word_1_829' title='bbox 3523 4720 3672 4790; x_wconf 91' lang='lat' dir='ltr'><strong>apud</strong></span> 
     </span>
    </p>
   </div>
   <div class='ocr_carea' id='block_1_103' title="bbox 2075 4804 3669 4881">
    <p class='ocr_par' dir='ltr' id='par_1_103' title="bbox 2075 4804 3669 4881">
     <span class='ocr_line' id='line_1_103' title="bbox 2075 4804 3669 4881; baseline 0.006 -23"><span class='ocrx_word' id='word_1_830' title='bbox 2075 4819 2179 4860; x_wconf 83' lang='lat' dir='ltr'><strong>nos</strong></span> <span class='ocrx_word' id='word_1_831' title='bbox 2202 4804 2567 4860; x_wconf 69' lang='lat' dir='ltr'><strong>observantia:</strong></span> <span class='ocrx_word' id='word_1_832' title='bbox 2593 4805 2714 4875; x_wconf 82' lang='lat' dir='ltr'><strong>ejus</strong></span> <span class='ocrx_word' id='word_1_833' title='bbox 2746 4808 2967 4875; x_wconf 65' lang='lat' dir='ltr'><strong>praemia</strong></span> <span class='ocrx_word' id='word_1_834' title='bbox 2990 4810 3203 4867; x_wconf 64' lang='lat' dir='ltr'><strong>aeterna</strong></span> <span class='ocrx_word' id='word_1_835' title='bbox 3259 4820 3393 4866; x_wconf 88' lang='lat' dir='ltr'><strong>sunt</strong></span> <span class='ocrx_word' id='word_1_836' title='bbox 3453 4813 3669 4881; x_wconf 86' lang='lat' dir='ltr'><strong>posita.</strong></span> 
     </span>
    </p>
   </div>
   <div class='ocr_carea' id='block_1_104' title="bbox 2080 4895 3675 4969">
    <p class='ocr_par' dir='ltr' id='par_1_104' title="bbox 2080 4895 3675 4969">
     <span class='ocr_line' id='line_1_104' title="bbox 2080 4895 3675 4969; baseline 0.006 -18"><span class='ocrx_word' id='word_1_837' title='bbox 2080 4895 2255 4953; x_wconf 83' lang='lat' dir='ltr'><strong>Aliter</strong></span> <span class='ocrx_word' id='word_1_838' title='bbox 2282 4897 2429 4955; x_wconf 88' lang='lat' dir='ltr'><strong>enim</strong></span> <span class='ocrx_word' id='word_1_839' title='bbox 2460 4912 2622 4954; x_wconf 89' lang='lat' dir='ltr'><strong>nemo</strong></span> <span class='ocrx_word' id='word_1_840' title='bbox 2657 4898 2841 4953; x_wconf 86' lang='lat' dir='ltr'><strong>salvus</strong></span> <span class='ocrx_word' id='word_1_841' title='bbox 2873 4914 2999 4954; x_wconf 90' lang='lat' dir='ltr'><strong>esse</strong></span> <span class='ocrx_word' id='word_1_842' title='bbox 3029 4901 3253 4969; x_wconf 87' lang='lat' dir='ltr'><strong>poterit,</strong></span> <span class='ocrx_word' id='word_1_843' title='bbox 3281 4900 3391 4958; x_wconf 84' lang='lat' dir='ltr'><strong>nisi</strong></span> <span class='ocrx_word' id='word_1_844' title='bbox 3427 4903 3525 4960; x_wconf 91' lang='lat' dir='ltr'><strong>his</strong></span> <span class='ocrx_word' id='word_1_845' title='bbox 3571 4905 3675 4965; x_wconf 49' lang='lat' dir='ltr'><strong>ob!</strong></span> 
     </span>
    </p>
   </div>
   <div class='ocr_carea' id='block_1_105' title="bbox 2079 4991 3674 5062">
    <p class='ocr_par' dir='ltr' id='par_1_105' title="bbox 2079 4991 3674 5062">
     <span class='ocr_line' id='line_1_105' title="bbox 2079 4991 3674 5062; baseline 0.006 -17"><span class='ocrx_word' id='word_1_846' title='bbox 2079 4991 2487 5050; x_wconf 85' lang='lat' dir='ltr'><strong>servationibus</strong></span> <span class='ocrx_word' id='word_1_847' title='bbox 2508 5006 2607 5060; x_wconf 91' lang='lat' dir='ltr'><strong>pro</strong></span> <span class='ocrx_word' id='word_1_848' title='bbox 2632 4992 2842 5048; x_wconf 88' lang='lat' dir='ltr'><strong>viribus</strong></span> <span class='ocrx_word' id='word_1_849' title='bbox 2864 5008 3085 5062; x_wconf 87' lang='lat' dir='ltr'><strong>operam</strong></span> <span class='ocrx_word' id='word_1_850' title='bbox 3113 4993 3347 5052; x_wconf 86' lang='lat' dir='ltr'><strong>dederit.</strong></span> <span class='ocrx_word' id='word_1_851' title='bbox 3392 4995 3550 5053; x_wconf 82' lang='lat' dir='ltr'><strong>Deus</strong></span> <span class='ocrx_word' id='word_1_852' title='bbox 3573 5014 3674 5055; x_wconf 81' lang='lat' dir='ltr'><strong>vos</strong></span> 
     </span>
    </p>
   </div>
   <div class='ocr_carea' id='block_1_106' title="bbox 2081 5083 3675 5156">
    <p class='ocr_par' dir='ltr' id='par_1_106' title="bbox 2081 5083 3675 5156">
     <span class='ocr_line' id='line_1_106' title="bbox 2081 5083 3675 5156; baseline 0.006 -19"><span class='ocrx_word' id='word_1_853' title='bbox 2081 5083 2139 5137; x_wconf 90' lang='lat' dir='ltr'><strong>in</strong></span> <span class='ocrx_word' id='word_1_854' title='bbox 2181 5099 2282 5140; x_wconf 90' lang='lat' dir='ltr'><strong>sua</strong></span> <span class='ocrx_word' id='word_1_855' title='bbox 2338 5085 2637 5149; x_wconf 89' lang='lat' dir='ltr'><strong>voluntate,</strong></span> <span class='ocrx_word' id='word_1_856' title='bbox 2696 5101 3146 5156; x_wconf 89' lang='lat' dir='ltr'><strong>unumquemque</strong></span> <span class='ocrx_word' id='word_1_857' title='bbox 3200 5087 3258 5140; x_wconf 90' lang='lat' dir='ltr'><strong>in</strong></span> <span class='ocrx_word' id='word_1_858' title='bbox 3309 5104 3414 5142; x_wconf 92' lang='lat' dir='ltr'><strong>suo</strong></span> <span class='ocrx_word' id='word_1_859' title='bbox 3465 5091 3675 5147; x_wconf 86' lang='lat' dir='ltr'><strong>ordine</strong></span> 
     </span>
    </p>
   </div>
   <div class='ocr_carea' id='block_1_107' title="bbox 2080 5174 3675 5254">
    <p class='ocr_par' dir='ltr' id='par_1_107' title="bbox 2080 5174 3675 5254">
     <span class='ocr_line' id='line_1_107' title="bbox 2080 5174 3675 5254; baseline 0.004 -20"><span class='ocrx_word' id='word_1_860' title='bbox 2080 5191 2297 5246; x_wconf 82' lang='lat' dir='ltr'><strong>semper</strong></span> <span class='ocrx_word' id='word_1_861' title='bbox 2316 5174 2609 5243; x_wconf 90' lang='lat' dir='ltr'><strong>custodiat,</strong></span> <span class='ocrx_word' id='word_1_862' title='bbox 2654 5176 2876 5244; x_wconf 82' lang='lat' dir='ltr'><strong>fratres,</strong></span> <span class='ocrx_word' id='word_1_863' title='bbox 2914 5179 3018 5242; x_wconf 87' lang='lat' dir='ltr'><strong>sibi</strong></span> <span class='ocrx_word' id='word_1_864' title='bbox 3039 5179 3256 5254; x_wconf 90' lang='lat' dir='ltr'><strong>placere</strong></span> <span class='ocrx_word' id='word_1_865' title='bbox 3290 5180 3347 5236; x_wconf 92' lang='lat' dir='ltr'><strong>in</strong></span> <span class='ocrx_word' id='word_1_866' title='bbox 3397 5183 3675 5240; x_wconf 87' lang='lat' dir='ltr'><strong>omnibus</strong></span> 
     </span>
    </p>
   </div>
   <div class='ocr_carea' id='block_1_108' title="bbox 2078 5268 2589 5331">
    <p class='ocr_par' dir='ltr' id='par_1_108' title="bbox 2078 5268 2589 5331">
     <span class='ocr_line' id='line_1_108' title="bbox 2078 5268 2589 5331; baseline -0.002 -5"><span class='ocrx_word' id='word_1_867' title='bbox 2078 5268 2362 5331; x_wconf 84' lang='lat' dir='ltr'><strong>concedat.</strong></span> <span class='ocrx_word' id='word_1_868' title='bbox 2392 5269 2589 5328; x_wconf 87' lang='lat' dir='ltr'><strong>Amen.</strong></span> 
     </span>
    </p>
   </div>
   <div class='ocr_carea' id='block_1_109' title="bbox 882 5482 1995 5563">
    <p class='ocr_par' dir='ltr' id='par_1_109' title="bbox 882 5489 1967 5563">
     <span class='ocr_line' id='line_1_109' title="bbox 882 5489 1967 5563; baseline -0.006 -14"><span class='ocrx_word' id='word_1_869' title='bbox 882 5491 942 5563; x_wconf 51' lang='lat'><strong>‘1</strong></span> <span class='ocrx_word' id='word_1_870' title='bbox 973 5489 1245 5562; x_wconf 82' lang='lat' dir='ltr'><strong>Recognit.</strong></span> <span class='ocrx_word' id='word_1_871' title='bbox 1290 5507 1348 5563; x_wconf 69' lang='lat' dir='ltr'><strong>tt.</strong></span> <span class='ocrx_word' id='word_1_872' title='bbox 1463 5491 1509 5563; x_wconf 56' lang='grc'><strong>⁸9</strong></span> <span class='ocrx_word' id='word_1_873' title='bbox 1545 5490 1737 5547; x_wconf 85' lang='lat' dir='ltr'><strong>Matth.</strong></span> <span class='ocrx_word' id='word_1_874' title='bbox 1776 5509 1832 5555; x_wconf 68' lang='grc' dir='ltr'><strong>ι,</strong></span> <span class='ocrx_word' id='word_1_875' title='bbox 1872 5491 1967 5556; x_wconf 85' lang='grc'><strong>11;</strong></span> 
     </span>
    </p>
   </div>
   <div class='ocr_carea' id='block_1_110' title="bbox 2083 5482 3675 5563">
    <p class='ocr_par' dir='ltr' id='par_1_110' title="bbox 2090 5482 3675 5563">
     <span class='ocr_line' id='line_1_110' title="bbox 2090 5482 3675 5563; baseline -0.004 -19"><span class='ocrx_word' id='word_1_876' title='bbox 2090 5505 2139 5545; x_wconf 91' lang='lat' dir='ltr'><strong>c.</strong></span> <span class='ocrx_word' id='word_1_877' title='bbox 2189 5505 2244 5563; x_wconf 76' lang='grc' dir='ltr'><em>ι,</em></span> <span class='ocrx_word' id='word_1_878' title='bbox 2279 5487 2369 5563; x_wconf 87' lang='lat'><strong>8.__</strong></span> <span class='ocrx_word' id='word_1_879' title='bbox 2447 5488 2491 5520; x_wconf 76' lang='lat'><strong>”</strong></span> <span class='ocrx_word' id='word_1_880' title='bbox 2534 5501 2753 5563; x_wconf 59' lang='lat' dir='ltr'><strong>urgere.</strong></span> <span class='ocrx_word' id='word_1_881' title='bbox 2861 5483 3216 5563; x_wconf 57' lang='lat' dir='ltr'><strong>’f_1§eeegnit.</strong></span> <span class='ocrx_word' id='word_1_882' title='bbox 3255 5497 3315 5563; x_wconf 64' lang='lat' dir='ltr'><strong>Ii,</strong></span> <span class='ocrx_word' id='word_1_883' title='bbox 3359 5498 3409 5542; x_wconf 75' lang='grc' dir='ltr'><strong>ο.</strong></span> <span class='ocrx_word' id='word_1_884' title='bbox 3460 5482 3502 5539; x_wconf 79' lang='lat'><strong>3</strong></span> <span class='ocrx_word' id='word_1_885' title='bbox 3535 5486 3675 5563; x_wconf 52' lang='lat' dir='ltr'><strong>ett</strong></span> 
     </span>
    </p>
   </div>
   <div class='ocr_carea' id='block_1_111' title="bbox 352 5554 3693 5629">
    <p class='ocr_par' dir='ltr' id='par_1_111' title="bbox 352 5554 3693 5629">
     <span class='ocr_line' id='line_1_111' title="bbox 352 5554 3693 5629; baseline -0.001 -19"><span class='ocrx_word' id='word_1_886' title='bbox 352 5555 427 5629; x_wconf 60' lang='lat' dir='ltr'><strong>“_f</strong></span> <span class='ocrx_word' id='word_1_887' title='bbox 467 5555 660 5613; x_wconf 76' lang='lat' dir='ltr'><strong>Matth.</strong></span> <span class='ocrx_word' id='word_1_888' title='bbox 694 5575 746 5612; x_wconf 75' lang='grc' dir='ltr'><strong>χ.</strong></span> <span class='ocrx_word' id='word_1_889' title='bbox 820 5560 868 5593; x_wconf 74' lang='grc'><strong>⁷⁸</strong></span> <span class='ocrx_word' id='word_1_890' title='bbox 894 5559 1085 5625; x_wconf 81' lang='lat' dir='ltr'><strong>Matth.</strong></span> <span class='ocrx_word' id='word_1_891' title='bbox 1111 5554 1212 5617; x_wconf 66' lang='lat' dir='ltr'><strong>&#39;vn.</strong></span> <span class='ocrx_word' id='word_1_892' title='bbox 1289 5562 1336 5595; x_wconf 78' lang='grc'><strong>⁷³</strong></span> <span class='ocrx_word' id='word_1_893' title='bbox 1364 5561 1595 5616; x_wconf 87' lang='lat' dir='ltr'><strong>erudire.</strong></span> <span class='ocrx_word' id='word_1_894' title='bbox 1672 5564 1717 5594; x_wconf 69' lang='grc'><strong>⁷⁵</strong></span> <span class='ocrx_word' id='word_1_895' title='bbox 1745 5554 1961 5617; x_wconf 52' lang='grc' dir='ltr'><em>οαιιεωζ</em></span> <span class='ocrx_word' id='word_1_896' title='bbox 2015 5562 2060 5592; x_wconf 85' lang='grc'><strong>⁷⁵</strong></span> <span class='ocrx_word' id='word_1_897' title='bbox 2091 5577 2193 5613; x_wconf 86' lang='lat' dir='ltr'><strong>non</strong></span> <span class='ocrx_word' id='word_1_898' title='bbox 2220 5558 2487 5613; x_wconf 85' lang='lat' dir='ltr'><strong>intellecta</strong></span> <span class='ocrx_word' id='word_1_899' title='bbox 2509 5554 2811 5629; x_wconf 63' lang='lat' dir='ltr'><strong>diliqentia.</strong></span> <span class='ocrx_word' id='word_1_900' title='bbox 2838 5628 2855 5629; x_wconf 19' lang='grc' dir='ltr'>ί</span> <span class='ocrx_word' id='word_1_901' title='bbox 2888 5556 2935 5587; x_wconf 82' lang='grc'><strong>⁷⁵</strong></span> <span class='ocrx_word' id='word_1_902' title='bbox 2962 5557 3021 5609; x_wconf 92' lang='lat' dir='ltr'><strong>In</strong></span> <span class='ocrx_word' id='word_1_903' title='bbox 3051 5554 3497 5629; x_wconf 41' lang='lat' dir='ltr'><strong>Recognitunon</strong></span> <span class='ocrx_word' id='word_1_904' title='bbox 3529 5554 3693 5629; x_wconf 63' lang='lat' dir='ltr'><strong>intelo</strong></span> 
     </span>
    </p>
   </div>
   <div class='ocr_carea' id='block_1_112' title="bbox 352 5623 1995 5706">
    <p class='ocr_par' dir='ltr' id='par_1_112' title="bbox 352 5623 1995 5706">
     <span class='ocr_line' id='line_1_112' title="bbox 352 5623 1995 5706; baseline 0.001 -25"><span class='ocrx_word' id='word_1_905' title='bbox 352 5642 355 5647; x_wconf 90' lang='grc'><strong>·</strong></span> <span class='ocrx_word' id='word_1_906' title='bbox 384 5624 668 5706; x_wconf 67' lang='lat' dir='ltr'><strong>iiqentiuni</strong></span> <span class='ocrx_word' id='word_1_907' title='bbox 692 5623 1311 5706; x_wconf 28' lang='lat' dir='ltr'><strong>propositum-nostrum:</strong></span> <span class='ocrx_word' id='word_1_908' title='bbox 1335 5631 1695 5706; x_wconf 57' lang='lat' dir='ltr'><strong>H§BDUINUS_._</strong></span> <span class='ocrx_word' id='word_1_909' title='bbox 1768 5634 1811 5665; x_wconf 86' lang='grc'><strong>⁷⁷</strong></span> <span class='ocrx_word' id='word_1_910' title='bbox 1840 5638 1995 5706; x_wconf 66' lang='lat' dir='ltr'><strong>Ii_eeog</strong></span> 
     </span>
    </p>
   </div>
   <div class='ocr_carea' id='block_1_113' title="bbox 2083 5623 3693 5706">
    <p class='ocr_par' dir='ltr' id='par_1_113' title="bbox 2083 5623 3693 5706">
     <span class='ocr_line' id='line_1_113' title="bbox 2083 5623 3693 5706; baseline -0.002 -24"><span class='ocrx_word' id='word_1_911' title='bbox 2083 5644 2114 5706; x_wconf 70' lang='lat' dir='ltr'><strong>f._</strong></span> <span class='ocrx_word' id='word_1_912' title='bbox 2143 5646 2217 5706; x_wconf 72' lang='lat' dir='ltr'><strong>vi,</strong></span> <span class='ocrx_word' id='word_1_913' title='bbox 2247 5646 2297 5684; x_wconf 90' lang='lat' dir='ltr'><strong>c.</strong></span> <span class='ocrx_word' id='word_1_914' title='bbox 2337 5629 2422 5683; x_wconf 82' lang='grc'><strong>15.</strong></span> <span class='ocrx_word' id='word_1_915' title='bbox 2457 5699 2485 5706; x_wconf 84' lang='lat'><strong>__</strong></span> <span class='ocrx_word' id='word_1_916' title='bbox 2520 5630 2566 5662; x_wconf 81' lang='lat'>&quot;</span> <span class='ocrx_word' id='word_1_917' title='bbox 2596 5623 2744 5702; x_wconf 76' lang='lat' dir='ltr'><strong>quia.</strong></span> <span class='ocrx_word' id='word_1_918' title='bbox 2835 5628 2881 5663; x_wconf 62' lang='grc' dir='ltr'><strong>ἰθ</strong></span> <span class='ocrx_word' id='word_1_919' title='bbox 2906 5623 3227 5694; x_wconf 73' lang='grc' dir='ltr'><em>ρτωεειιενὲ.</em></span> <span class='ocrx_word' id='word_1_920' title='bbox 3318 5625 3364 5657; x_wconf 77' lang='grc'><strong><em>⁸⁸</em></strong></span> <span class='ocrx_word' id='word_1_921' title='bbox 3392 5623 3693 5699; x_wconf 78' lang='lat' dir='ltr'><strong>Recognit.</strong></span> 
     </span>
    </p>
   </div>
   <div class='ocr_carea' id='block_1_114' title="bbox 384 5696 1995 5771">
    <p class='ocr_par' dir='ltr' id='par_1_114' title="bbox 384 5696 1995 5768">
     <span class='ocr_line' id='line_1_114' title="bbox 384 5696 1995 5768; baseline 0.002 -14"><span class='ocrx_word' id='word_1_922' title='bbox 384 5696 532 5764; x_wconf 50' lang='lat' dir='ltr'><strong>lfvt,</strong></span> <span class='ocrx_word' id='word_1_923' title='bbox 565 5715 616 5756; x_wconf 78' lang='grc' dir='ltr'><strong>ε.</strong></span> <span class='ocrx_word' id='word_1_924' title='bbox 648 5696 734 5757; x_wconf 63' lang='grc'><strong>14.</strong></span> <span class='ocrx_word' id='word_1_925' title='bbox 790 5696 853 5734; x_wconf 73' lang='grc'><strong>’⁸³</strong></span> <span class='ocrx_word' id='word_1_926' title='bbox 885 5701 1075 5760; x_wconf 85' lang='lat' dir='ltr'><strong>Matth.</strong></span> <span class='ocrx_word' id='word_1_927' title='bbox 1108 5720 1206 5763; x_wconf 73' lang='lat' dir='ltr'><strong>xu.</strong></span> <span class='ocrx_word' id='word_1_928' title='bbox 1240 5703 1347 5765; x_wconf 72' lang='lat'><strong>42;</strong></span> <span class='ocrx_word' id='word_1_929' title='bbox 1382 5702 1518 5759; x_wconf 88' lang='lat' dir='ltr'><strong>Luc.</strong></span> <span class='ocrx_word' id='word_1_930' title='bbox 1549 5719 1611 5768; x_wconf 82' lang='grc' dir='ltr'><strong>ιι,</strong></span> <span class='ocrx_word' id='word_1_931' title='bbox 1632 5702 1723 5757; x_wconf 67' lang='grc'><strong>21.</strong></span> <span class='ocrx_word' id='word_1_932' title='bbox 1800 5706 1845 5736; x_wconf 69' lang='grc' dir='ltr'><strong>δ’</strong></span> <span class='ocrx_word' id='word_1_933' title='bbox 1874 5696 1995 5764; x_wconf 71' lang='lat' dir='ltr'><strong>Ibid.</strong></span> 
     </span>
    </p>
   </div>
   <div class='ocr_carea' id='block_1_115' title="bbox 2083 5696 2510 5771">
    <p class='ocr_par' dir='ltr' id='par_1_115' title="bbox 2083 5699 2510 5771">
     <span class='ocr_line' id='line_1_115' title="bbox 2083 5699 2510 5771; baseline 0.009 -17"><span class='ocrx_word' id='word_1_934' title='bbox 2083 5703 2121 5755; x_wconf 63' lang='lat' dir='ltr'><strong>il</strong></span> <span class='ocrx_word' id='word_1_935' title='bbox 2146 5719 2161 5770; x_wconf 85' lang='lat'><strong>;</strong></span> <span class='ocrx_word' id='word_1_936' title='bbox 2190 5700 2317 5761; x_wconf 80' lang='lat' dir='ltr'><strong>Jun.</strong></span> <span class='ocrx_word' id='word_1_937' title='bbox 2344 5715 2427 5771; x_wconf 84' lang='lat' dir='ltr'><strong>tu,</strong></span> <span class='ocrx_word' id='word_1_938' title='bbox 2455 5699 2510 5759; x_wconf 83' lang='grc'><strong>5.</strong></span> 
     </span>
    </p>
   </div>
   <div class='ocr_carea' id='block_1_116' title="bbox 1463 5487 2333 5556">
    <p class='ocr_par' dir='ltr' id='par_1_116' title="bbox 1463 5487 2333 5556">
     <span class='ocr_line' id='line_1_116' title="bbox 1463 5487 2333 5556; baseline -0.005 -11"><span class='ocrx_word' id='word_1_939' title='bbox 1463 5491 1509 5524; x_wconf 80' lang='grc'><strong>⁸⁸</strong></span> <span class='ocrx_word' id='word_1_940' title='bbox 1545 5490 1737 5547; x_wconf 85' lang='lat' dir='ltr'><strong>Matth.</strong></span> <span class='ocrx_word' id='word_1_941' title='bbox 1776 5509 1832 5555; x_wconf 68' lang='grc' dir='ltr'><em>ι,</em></span> <span class='ocrx_word' id='word_1_942' title='bbox 1872 5491 1967 5556; x_wconf 86' lang='grc'><strong>11;</strong></span> <span class='ocrx_word' id='word_1_943' title='bbox 2007 5489 2139 5545; x_wconf 88' lang='lat' dir='ltr'><strong>Luc.</strong></span> <span class='ocrx_word' id='word_1_944' title='bbox 2189 5505 2244 5553; x_wconf 76' lang='grc' dir='ltr'><strong>ι,</strong></span> <span class='ocrx_word' id='word_1_945' title='bbox 2279 5487 2333 5542; x_wconf 88' lang='grc'><strong>8.</strong></span> 
     </span>
    </p>
   </div>
  </div>
