3740 6260
106 256 246 358 ᾖσι

1386 293 1490 347 ΕΡΙ
1498 295 1577 349 ST
1586 294 1742 350 OLJE
1780 295 2245 353 DECRETALES.

3294 303 3404 385 to:

150 415 809 464 Γῆηξ-
2309 455 2318 465 .
2362 454 3396 476 ________.___.-

1420 564 1997 687 EPISTfOLA
2077 570 2237 658 lV.
2774 518 2777 521 λ
2998 524 3005 529 ⁷

261 727 457 799 Scripta
485 730 782 804 discipulis
810 743 951 824 suis
972 743 1121 799 Julia
1145 754 1196 799 et
1220 746 1452 824 (alieno,
1477 752 1563 819 qui
1587 752 1845 824 malorum
1876 751 2591 824 hqminum‘p‘ersaasionibus
2642 755 2967 824 aliquatenus
2998 774 3043 812 -a
3090 768 3229 813 recta
3253 759 3345 817 oin

798 808 1313 889 declinarcrant,ﬁt
1327 817 1410 871 his
1440 808 1619 890 atque]
1640 820 1895 890 gentibus,
1923 821 2054 874 inter
2092 808 2221 889 quas
2259 822 2585 888 habitabant,
2614 808 2833 881 directa.

272 1035 524 1089 CLEIENS
553 1034 824 1091 Romanae
887 1039 1045 1094 urbis
1087 1038 1391 1109 cpiscopus,
1434 1042 1771 1097 charissimis
1799 1048 1845 1105 Α
1868 1037 2211 1103 abstraxerit,
2242 1038 2380 1093 etin
2424 1055 2542 1110 qute
2578 1043 2923 1112 praecipitarit
2948 1046 3109 1112 mala,
3148 1056 3219 1113 et,
3264 1050 3409 1119 quod

206 1127 464 1182 fratribus
488 1126 653 1181 Juno
686 1136 741 1182 et
768 1127 1029 1195 Juumo,
1060 1145 1122 1185 ac
1144 1131 1365 1200 reliquis
1395 1133 1771 1191 consodalibus

205 1221 431 1285 nostris,
468 1221 850 1291 gentibusque
883 1237 1007 1291 qua:
1034 1222 1175 1277 circa
1211 1238 1302 1277 vos
1329 1230 1474 1278 sunt.

268 1311 499 1379 Oportet
530 1310 765 1375 fratres,
799 1326 996 1366 omnes
1019 1312 1290 1377 doctores,
1314 1315 1403 1383 qui
1433 1314 1501 1368 ad
1546 1317 1771 1371 salutem

203 1403 516 1455 animarum
546 1402 797 1456 instituti
841 1410 994 1467 sunt,
1037 1410 1091 1457 et
1138 1403 1203 1457 ad
1228 1404 1516 1460 lucrandas
1563 1408 1770 1465 animas

198 1495 442 1562 episcopi
473 1502 616 1549 sunt
647 1495 984 1557 consecrati,
1010 1510 1107 1565 pro
1123 1494 1331 1549 cunctis
1358 1496 1772 1552 sollicitudinem

199 1600 406 1653 gerere,
449 1593 508 1638 et
537 1593 798 1640 errantes
829 1584 892 1638 ad
929 1586 1070 1639 viam
1112 1586 1353 1639 veritatis
1380 1592 1433 1641 et
1454 1585 1520 1639 ad
1561 1594 1772 1657 portum

195 1675 389 1727 salutis
420 1674 723 1729 reducere.
760 1673 827 1729 Et
858 1675 985 1731 licet
1009 1684 1224 1746 propter
1253 1689 1457 1747 gentes,
1490 1694 1608 1749 quae
1628 1681 1771 1736 circa

195 1780 295 1818 vos
314 1773 470 1827 sunt,
500 1765 563 1817 in
596 1765 824 1819 modico
853 1780 952 1820 vos
974 1781 1188 1822 errasse
1221 1769 1545 1840 contigerit;
1578 1771 1770 1826 melius
1806 1812 1811 1817 ς

193 1863 283 1909 est
319 1864 505 1908 tamen
543 1854 743 1909 redire
785 1853 853 1910 ad
883 1855 1129 1910 veritatis
1172 1857 1335 1920 viam,
1367 1874 1525 1927 quam
1571 1860 1769 1916 diutius

193 1944 255 1998 in
279 1945 396 2013 ipso
427 1959 633 1999 errore
656 1960 1014 2013 perseverare
1031 1945 1097 2000 ⁸³.
1123 1945 1485 2017 ρυυεευ“η(ιιιε
1526 1951 1664 2004 enim
1704 1951 1771 2005 de

194 2034 307 2096 his,
329 2035 424 2104 qui
451 2050 559 2089 vos
591 2049 793 2090 errare
826 2034 1094 2099 fecerunt,
1125 2037 1209 2091 vel
1240 2037 1307 2090 de
1336 2039 1441 2103 his,
1471 2039 1563 2108 qui
1595 2040 1771 2095 adhuc

193 2126 419 2177 verbum
452 2125 885 2195 praedicationis
915 2141 1025 2180 non
1054 2127 1362 2194 audierunt,
1401 2131 1648 2197 potestis,
1675 2147 1768 2185 vo-

192 2212 405 2267 biscum
439 2215 752 2276 assumite,
776 2221 832 2268 et
856 2214 925 2268 ad
952 2215 1092 2270 viam
1132 2217 1374 2272 veritatis
1403 2219 1671 2285 adducite,
1703 2238 1769 2278 ne

190 2302 512 2368 infructosi,
546 2303 655 2358 sed
683 2303 956 2360 fructuosi
980 2306 1205 2360 Domino
1236 2308 1605 2365 inveniamini.
1633 2308 1678 2342 “
1704 2310 1768 2366 Et

1870 1130 1955 1184 est
1982 1144 2141 1199 super
2174 1130 2350 1184 omnia
2392 1131 2629 1199 gravius,
2664 1133 2805 1202 quod
2836 1150 2933 1188 vos
2962 1135 3034 1189 in
3062 1130 3067 1159 ³
3088 1136 3267 1193 futuro
3304 1155 3408 1195 sae-

1866 1216 1996 1273 ‘culo
2023 1220 2240 1275 mternis
2282 1219 2457 1288 pcenis
2488 1221 2747 1276 obnoxios
2788 1222 2932 1278 fecit.
2978 1224 3166 1282 Nonne
3192 1244 3288 1297 pro
3325 1231 3409 1287 his

1875 1310 2143 1372 omnibus,
2192 1309 2280 1362 ubi
2326 1310 2477 1364 vobis
2498 1312 2739 1367 veritatis
2782 1313 2962 1368 lumen
3000 1316 3217 1382 eﬂ'ulsit,
3269 1320 3409 1391 ignis

1869 1398 2185 1467 justissima:
2220 1400 2605 1469 indignationis
2648 1402 2984 1468 accenditur,
3024 1414 3078 1461 et
3119 1408 3411 1466 iracundia:

1875 1486 1984 1542 Deo
2030 1490 2237 1558 placitae
2274 1490 2549 1545 intra'vos
2594 1493 2871 1562 consurgit
2918 1495 3249 1565 incendium,
3301 1515 3410 1571 quo

1862 1587 2222 1655 consumatur
2244 1588 2296 1635 et
2320 1581 2581 1636 radicitus
2626 1582 2856 1636 intereat
2901 1598 3059 1640 omne
3090 1602 3329 1655 germen,
3362 1591 3410 1645 si

1873 1670 2013 1742 quod
2049 1670 2186 1726 forte
2215 1671 2353 1724 intra
2382 1685 2476 1726 vos
2498 1674 2659 1725 'malaa
2705 1673 3049 1729 conscientia:
3092 1676 3145 1709 "‘
3178 1678 3411 1747 pullula-

1872 1762 1947 1815 vit
1968 1762 2050 1815 ?’°
2067 1766 2085 1785 '
2113 1759 2262 1816 Unde
2282 1770 2333 1816 et
2362 1761 2477 1831 ipse
2503 1761 2593 1831 qui
2616 1762 2760 1818 misit
2788 1779 2907 1826 nos,
2932 1780 3052 1835 cum
3075 1767 3329 1833 venisset,
3356 1777 3411 1824 et

1860 1846 2101 1905 omnem
2127 1851 2384 1905 mundum
2419 1851 2644 1906 vidisset
2682 1851 2747 1907 ad
2785 1855 3039 1907 malitiam
3070 1855 3407 1925 declinasse,

1872 1955 1979 1994 non
2007 1940 2261 1994 continuo
2285 1941 2332 1995 ei
2362 1955 2565 2009 pacem,
2594 1941 2648 1995 in
2679 1943 2950 1998 erroribus
2996 1945 3194 2013 posito,
3237 1947 3408 2013 dedit,

1870 2046 1938 2085 ne
1968 2045 2090 2084 eum
2130 2030 2473 2085 conﬁrmaret
2514 2032 2569 2085 in
2608 2033 2786 2096 malis,
2818 2033 2911 2088 sed
2938 2035 3261 2104 ignorantiae
3288 2038 3409 2108 ejus

1869 2120 2042 2176 ruinis
2079 2122 2361 2176 scientiam
2385 2123 2626 2178 veritatis
2650 2126 2934 2192 opposuit;
2958 2134 3036 2190 ut,
3078 2127 3123 2181 si
3151 2127 3244 2197 qui
3269 2127 3409 2185 forte

1870 2212 2265 2281 resipiscerent,
2298 2213 2473 2267 lumen
2503 2214 2748 2269 veritatis
2795 2217 3117 2286 aspicerent,
3151 2218 3407 2289 deceptos

1871 2316 1949 2365 se,
1989 2311 2041 2355 et
2073 2303 2123 2355 in
2162 2303 2457 2371 praecipitia
2500 2305 2701 2359 erroris
2748 2308 3048 2364 abstractos
3076 2311 3272 2366 merito
3308 2311 3408 2367 do-

189 2397 453 2462 quoniam
489 2395 752 2464 quidem,
785 2395 929 2451 sicut
984 2411 1014 2451 a
1063 2399 1267 2453 cultore
1313 2402 1549 2469 neglecta
1603 2410 1766 2467 terra,
1799 2369 2063 2455 B'lercnt,
2093 2401 2146 2447 et
2172 2393 2462 2447 iracundiae
2492 2394 2743 2449 salutaris
2781 2398 2957 2465 ignem
3003 2398 3263 2456 adversus
3311 2402 3407 2458 de-

190 2486 383 2553 spinas
415 2495 473 2540 et
512 2486 762 2541 tribulos
796 2488 1109 2542 necessario
1156 2489 1422 2558 producit,
1460 2492 1536 2547 ita
1578 2509 1771 2548 sensus

189 2585 374 2630 vester
400 2577 560 2646 longi
588 2576 863 2646 temporis
889 2578 1097 2632 incuria
1128 2580 1325 2635 multas
1346 2590 1396 2635 et
1420 2583 1613 2638 noxias
1653 2584 1769 2654 opi-

186 2667 387 2722 niones
428 2682 635 2720 rerum
671 2674 727 2719 et
776 2666 1165 2737 intelligentias
1195 2668 1343 2724 falsa:
1381 2671 1621 2727 scientiae
1652 2689 1770 2743 ger-

185 2756 455 2823 minavit;
479 2772 636 2825 opus
657 2764 913 2810 estnunc
940 2758 1108 2810 multa
1129 2757 1403 2829 diligentia
1430 2760 1496 2814 ad
1520 2764 1769 2817 excolen-

183 2845 312 2899 dum
363 2862 469 2902 rus
510 2846 728 2901 mentis
776 2855 996 2913 vestrae,
1047 2857 1105 2902 ut
1160 2842 1261 2905 hoc
1301 2867 1479 2907 sermo
1528 2853 1768 2910 veritatis

186 2935 300 3005 (qui
332 2945 421 2991 est
452 2953 637 2992 verus
669 2946 724 2991 et
768 2937 1006 3009 diligens
1035 2940 1213 2994 cordis
1255 2941 1501 3012 colonus)
1533 2943 1767 2998 assiduis

182 3029 402 3082 excolat
429 3029 791 3098 disciplinis.
819 3028 1079 3084 Vestrum
1108 3046 1238 3100 ergo
1266 3038 1351 3084 est
1372 3034 1607 3100 prmbere
1635 3034 1766 3087 obe-

188 3118 480 3184 dientiam,
525 3128 585 3175 et
617 3119 1016 3195 occupationes
1054 3134 1117 3174 ac
1159 3121 1550 3180 sollicitudines
1583 3141 1772 3194 super-

185 3207 324 3265 ﬂuas
380 3219 698 3281 amputare
727 3250 744 3275 ,
805 3226 872 3265 ne
918 3213 1118 3266 bonum
1176 3213 1327 3267 verbi
1365 3230 1543 3269 semen
1583 3222 1768 3270 enecet

183 3302 407 3355 noxium
438 3316 709 3375 germen.
743 3300 929 3355 Potest
959 3287 1100 3356 enim
1133 3303 1268 3367 fieri,
1310 3312 1367 3357 ut
1390 3304 1541 3357 multi
1570 3314 1769 3374 tempo-

182 3389 264 3445 ris
293 3391 713 3460 ncgligentiam
752 3390 939 3444 brevis
968 3398 1021 3444 et
1052 3392 1271 3446 assidua
1304 3404 1514 3463 reparet
1539 3394 1766 3464 diligen-

181 3481 280 3535 tia.
322 3480 625 3535 lncertum
664 3494 903 3548 namque
956 3489 1041 3535 est
1088 3483 1514 3552 uniuscujusque
1558 3491 1766 3553 tempus

180 3576 326 3628 vitae.
358 3574 430 3627 Et
466 3573 606 3628 ideo
639 3571 1014 3626 festinandum
1036 3581 1120 3627 est
1152 3574 1216 3627 ad
1248 3566 1591 3640 salutem,'ne
1626 3574 1765 3630 forte

179 3674 549 3720 cunctantem
572 3678 732 3717 mors
756 3662 1038 3733 repentina
1062 3664 1369 3731 praeveniat.
1385 3662 1430 3696 ⁸³
1478 3664 1543 3716 Ει
1570 3664 1638 3717 ob
1665 3665 1766 3718 hoc
1791 3686 1833 3743 ο

178 3756 363 3811 acrius
412 3754 798 3809 adnitendum
831 3753 877 3784 “
907 3759 1011 3817 est,
1062 3761 1141 3813 ut.
1192 3753 1318 3807 dum
1374 3762 1458 3808 est
1508 3754 1765 3823 temporis

177 3848 448 3917 spatium,
485 3846 733 3900 collecta
764 3844 918 3897 mala:
941 3843 1348 3898 consuetudinis
1368 3844 1495 3898 vitia
1523 3859 1766 3899 resecen-

176 3945 290 3992 tur.
321 3937 493 4003 Quod
528 3951 651 3989 non
705 3935 866 3988 aliter
898 3932 1076 3988 facere
1118 3935 1381 4003 poteritis,
1424 3934 1526 3988 nisi
1558 3942 1614 3988 ut
1659 3934 1765 3987 ira-

175 4031 415 4084 scamini
452 4025 879 4097 quodammodo
933 4024 1216 4079 adversum
1265 4025 1617 4093 vosmetipsos
1670 4040 1765 4094 pro

176 4120 267 4175 his
292 4136 422 4190 quae
455 4117 745 4172 inutiliter
797 4115 1045 4183 gessistis
1075 4128 1138 4167 ac
1177 4116 1424 4182 turpiter.
1459 4114 1580 4168 llaec
1619 4115 1761 4169 enim

173 4220 261 4265 est
290 4205 453 4266 utilis
484 4210 535 4241 ⁸⁷
563 4209 681 4261 vita
712 4206 781 4269 ⁸⁸,
807 4202 1023 4274 etjusta
1045 4213 1100 4260 et
1128 4207 1433 4260 necessaria
1463 4206 1760 4268 iracundia,

173 4310 234 4354 ut
266 4300 699 4369 unusquisque,
756 4296 812 4348 in
863 4296 1063 4365 quibus
1111 4297 1333 4360 erravit,
1382 4304 1437 4350 et
1483 4310 1760 4365 perperam

170 4395 371 4461 gessit,
401 4390 763 4459 indignetur,
802 4394 856 4440 et
899 4386 1251 4454 semetipsum
1280 4395 1514 4440 accuset.
1550 4386 1624 4438 Ex
1655 4403 1758 4455 qua
1786 4414 1789 4419 -

171 4482 576 4553 indignatione
615 4476 937 4531 accenditur
965 4476 1022 4529 in
1054 4477 1211 4530 nobis
1241 4477 1380 4545 ignis
1407 4477 1641 4545 quidam,
1668 4480 1761 4548 qui

169 4573 327 4626 velut
363 4585 507 4641 agro
540 4566 725 4623 sterili
749 4566 1050 4627 immissus,
1083 4567 1422 4634 consumptis
1443 4575 1495 4620 et
1522 4567 1761 4622 excoctis

169 4661 468 4716 radicibus
494 4657 759 4728 pessimae
786 4655 1085 4709 voluntatis
1115 4655 1183 4717 3',
1213 4654 1352 4708 bono
1384 4657 1573 4710 semini
1603 4658 1761 4717 verbo

166 4749 267 4805 Dei
294 4748 698 4806 fecundiorem
731 4746 916 4800 Cordis
949 4752 1213 4813 praeparet
1247 4746 1473 4814 glebam.
1514 4747 1650 4802 Puto
1673 4763 1761 4802 au-

165 4851 304 4905 tem,
336 4840 499 4911 quod
530 4839 675 4894 satis
706 4837 904 4906 dignas
932 4834 1178 4888 habeatis
1220 4849 1411 4889 causas
1446 4837 1755 4899 iracundiae,

159 4946 233 4987 ex
282 4932 504 5001 quibus
549 4927 902 4998 iustissimus
950 4924 1094 4993 ignis
1146 4925 1250 4978 iste
1276 4925 1541 4979 coalescat
1581 4928 1668 4991 "',
1711 4927 1756 4981 si

1856 2482 2154 2550 'ceptricem
2197 2497 2347 2536 suam
2387 2483 2731 2552 conciperent
2766 2485 3142 2554 ignorantiam.
3176 2488 3260 2545 Ob
3302 2492 3406 2546 hoc

1852 2569 2047 2639 itaque
2068 2570 2276 2625 dicebat
2307 2590 2320 2627 :
2354 2570 2531 2642 Ignem
2558 2574 2670 2626 veni
2700 2576 2901 2629 mittere
2928 2577 2983 2630 in
3012 2585 3224 2641 terram,
3255 2595 3404 2649 quem

1865 2662 1975 2716 uolo
2006 2671 2064 2715 ut
2091 2662 2482 2718 accendatur“.
2514 2661 2608 2717 Est
2642 2679 2769 2735 ergo
2797 2681 2971 2736 pugna
2999 2667 3260 2737 quaedam,
3284 2684 3406 2739 qua

1866 2751 2095 2820 gerenda
2117 2752 2274 2806 nobis
2302 2761 2384 2807 est
2408 2754 2461 2806 in
2490 2754 2591 2807 hac
2616 2756 2747 2810 vita.
2779 2754 2966 2811 Sermo
2993 2757 3136 2812 enim
3157 2758 3404 2817 veritatis

1867 2847 1919 2894 et
1949 2841 2185 2895 scientiae
2215 2843 2522 2897 necessario
2544 2853 2754 2913 separet
2776 2845 3022 2902 homines
3051 2848 3118 2903 ab
3144 2863 3329 2905 errore
3349 2859 3405 2905 et

1868 2930 2200 2999 ignorantia;
2261 2934 2403 2988 sicut
2455 2950 2595 3004 saepe
2641 2936 2924 3002 videmus,
2981 2938 3309 3007 putrefactas
3348 2949 3403 2997 et

1846 3030 2133 3077 "emortuas
2166 3037 2357 3079 carnes
2396 3026 2637 3095 corporis
2675 3041 2705 3080 a
2735 3029 3071 3084 connexione
3106 3030 3403 3086 viventium

1866 3112 2255 3179 membrorum,
2288 3115 2433 3170 ferro
2462 3122 2680 3172 secante
2708 3117 2774 3183 ",
2808 3121 3071 3187 separari.
3118 3119 3247 3177 Tale
3274 3137 3406 3193 ergo

1844 3202 2069 3271 aliquid
2115 3209 2218 3266 est,
2271 3206 2411 3273 quod
2453 3206 2561 3275 agit
2618 3206 2861 3263 veritatis
2909 3209 3132 3278 agnitio.
3173 3208 3405 3268 Necesse

1870 3294 2034 3354 enim,
2066 3301 2124 3346 ut
2156 3293 2345 3349 salutis
2377 3309 2539 3349 causa
2570 3296 2735 3362 illius,
2768 3298 2912 3352 verbi
2940 3299 3132 3367 gratia,
3168 3300 3260 3369 qui
3286 3315 3405 3355 ser-

1844 3386 2076 3437 monem
2112 3385 2373 3454 receperit
2401 3385 2666 3451 veritatis,
2699 3402 2730 3440 a
2773 3390 3087 3457 parentibus
3124 3399 3403 3459 separetur

1864 3472 2177 3537 incredulis,
2210 3482 2303 3530 aut
2332 3491 2545 3530 rursum
2575 3488 2728 3545 pater
2772 3487 3056 3547 separetur
3083 3492 3113 3533 a
3148 3480 3278 3546 tilio,
3306 3491 3404 3537 aut

1866 3565 1972 3619 tilia
2002 3581 2030 3618 a
2059 3575 2249 3622 matre.
2285 3566 2352 3621 Et
2392 3568 2491 3621 hoc
2520 3568 2678 3622 modo
2707 3570 2848 3623 inter
2875 3570 3206 3638 propinquos
3235 3577 3411 3642 atque-

1864 3659 2313 3727 consanguineos,
2344 3657 2627 3713 credentes
2657 3666 2818 3728 atque
2860 3659 3187 3723 incredulos,
3219 3663 3401 3717 scien-

1867 3746 1951 3799 tiae
1982 3754 2143 3815 atque
2173 3747 2505 3815 ignorantiae,
2537 3747 2891 3816 veritatisque
2914 3755 2969 3802 et
2992 3749 3197 3804 erroris
3219 3764 3400 3822 pugna

1864 3837 2105 3890 consistit
2141 3837 2206 3891 ".
2242 3837 2304 3890 Et
2333 3838 2402 3891 ob
2432 3837 2536 3891 hoc
2568 3837 2759 3892 iterum
2790 3839 3019 3901 dicebat,
3045 3840 3137 3909 qui
3166 3854 3268 3897 nos
3295 3844 3399 3898 mi-

1863 3927 1973 3980 sit:
2002 3923 2121 3979 Non
2168 3926 2278 3978 veni
2321 3942 2496 3993 pacem
2539 3928 2740 3979 mittere
2786 3928 2839 3979 in
2882 3936 3093 3993 terram,
3143 3931 3398 4003 καίρια-

1863 4016 2006 4070 dium
2035 4019 2102 4073 “.
2124 4019 2169 4051 "
2197 4019 2348 4083 Quod
2379 4020 2425 4073 si
2458 4019 2603 4073 dicat
2643 4021 2838 4092 aliquis
2873 4040 2887 4076 :
2924 4022 2985 4076 Et
3016 4029 3284 4093 quomodo
3315 4029 3398 4098 ju-

1863 4116 2006 4160 stum
2052 4109 2263 4163 videtur
2300 4110 2541 4178 separari
2592 4110 2731 4167 lilios
2783 4125 2813 4165 a
2865 4116 3220 4181 parentibus?
3257 4119 3396 4176 Audi

1862 4199 2157 4265 quomodo:
2182 4199 2316 4264 Quia
2344 4206 2473 4253 cum'
2497 4201 2630 4269 ipsis
2661 4201 2706 4254 si
2740 4201 2792 4254 in
2823 4217 3004 4259 errore
3026 4216 3402 4275 permaneant,

1863 4303 2037 4356 neque
2060 4289 2165 4342 illis
2202 4289 2531 4358 proderunt;
2559 4294 2612 4345 et
2642 4290 2743 4359 ipsi
2781 4306 2904 4344 cum
2931 4293 3038 4348 illis
3069 4297 3272 4364 pariter
3309 4299 3396 4352 in-

1862 4380 2117 4433 teribunt.
2149 4378 2360 4433 .lustum
2387 4381 2550 4449 igitur
2583 4388 2638 4435 et
2676 4380 2830 4437 valde
2862 4384 3070 4453 justum
3109 4391 3214 4450 est,
3238 4401 3395 4456 sepa-

1860 4470 1967 4522 rari
1998 4486 2118 4523 eum
2150 4470 2241 4539 qui
2280 4471 2472 4524 salvari
2504 4472 2634 4533 vult,
2673 4474 2741 4525 ab
2771 4486 2835 4526 eo
2863 4475 2952 4544 qui
2983 4489 3089 4530 non
3110 4477 3252 4531 vult.
3286 4477 3393 4532 Sed

1860 4568 1913 4613 et
1937 4560 2067 4612 illud
2099 4560 2335 4622 adverte,
2361 4561 2488 4630 quia
2518 4572 2625 4615 non
2665 4579 2730 4616 ex
2755 4564 2864 4618 illis
2891 4565 2980 4632 qui
3008 4566 3206 4619 rectius
3231 4566 3395 4623 intel-
3458 4630 3475 4645 ⁸

1834 4650 2030 4720 'ligunt
2060 4651 2203 4703 venit
2226 4650 2329 4705 ista
2359 4654 2645 4720 separatio.
2664 4651 2742 4704 Illi
2766 4650 2907 4708 enim
2921 4654 3107 4707 volunt
3128 4655 3394 4714 interesse

1858 4742 2077 4809 pariter,
2112 4749 2164 4825 et
2191 4743 2446 4811 prodesse
2483 4742 2589 4805 his,
2623 4750 2675 4797 et
2703 4743 2893 4798 docere
2922 4743 3162 4801 meliora.
3203 4744 3309 4803 Sed
3334 4757 3397 4804 et

1859 4831 1999 4885 istud
2024 4831 2297 4900 proprium
2327 4839 2408 4886 est
2439 4832 2750 4900 ignorantiae
2774 4831 2981 4896 vitium,
3008 4839 3066 4886 ut
3102 4836 3391 4892 confutan-

1858 4929 1961 4976 tem
1988 4939 2044 4977 se
2071 4922 2496 4977 veritatislucem
2526 4938 2631 4977 non
2653 4923 2786 4976 ferat
2809 4922 3003 4978 habere
3030 4922 3097 4978 de
3117 4928 3386 4993 proximo.
3412 4921 3420 4934 ’

162 4989 571 5084 consideretis,
606 5019 661 5072 in
689 5022 932 5086 quantos
960 4989 1058 5066 vos
1077 5027 1287 5066 errores
1307 5011 1584 5069 deduxerit
1607 4989 1760 5085 igno-
1789 4989 1833 5044 Β
1858 5011 1923 5064 Ει
1960 5012 2078 5065 ideo
2116 5028 2177 5065 ex
2228 5012 2334 5067 illis
2377 5013 2479 5066 ista
2507 5013 2747 5066 nascitur
2774 5013 3064 5080 separatio.
3108 5012 3245 5070 Nam
3294 5020 3388 5087 qui

162 5113 371 5165 rantiae
394 5109 631 5171 malum,
661 5112 1025 5176 quantosque
1050 5102 1233 5168 lapsus
1254 5106 1303 5152 et
1325 5110 1527 5169 quanta
1567 5103 1758 5173 pmci-

163 5203 304 5270 pitia
360 5201 436 5254 ad
492 5196 845 5267 peccandum
876 5190 1126 5245 dederit:
1158 5202 1189 5240 a
1217 5190 1421 5256 quantis
1447 5207 1550 5248 vos
1598 5194 1759 5248 bonis

216 5335 266 5367 ⁸³
290 5335 617 5403 perdurare.

145 5405 385 5472 νει-Παλ

144 5470 189 5502 δ’
225 5470 554 5538 voluptatis.

143 5540 189 5571 ’ί
223 5540 363 5593 Luc.
402 5539 625 5597 111,49.

148 5607 499 5665 “AIDUINUS.

671 5470 741 5498 ⁸ο·
778 5462 1127 5517 concalescat.

705 5536 754 5566 θ’
788 5531 1041 5585 secantis.
1115 5527 1160 5559 "
1185 5534 1458 5600 consurgit.

1860 5102 2138 5157 scientiam
2168 5102 2403 5156 veritatis
2431 5102 2720 5168 accipiunt,
2751 5102 2878 5170 quia
2923 5101 3183 5160 bonitatis
3229 5106 3389 5175 plena

1859 5201 1963 5258 est,
1994 5201 2253 5263 tanquam
2289 5206 2319 5243 a
2349 5191 2489 5246 bono
2530 5189 2638 5246 Deo
2679 5190 2857 5245 datam
2883 5191 2951 5259 ”,
2979 5192 3207 5260 cupiunt
3246 5210 3388 5261 eam,

695 5333 746 5363 οδ
772 5327 1053 5409 Βεςοςηὶξ.
1076 5340 1227 5409 νιλε.
1256 5326 1329 5406 2..
1361 5330 1423 5407 ,⁸³
1451 5330 1762 5409 βεσοῃηέ-ιη
1787 5333 1940 5398 ibid.,
1965 5349 2016 5387 c.
2057 5334 2113 5386 ὅ.
2159 5333 2231 5409 ,⁸⁸
2264 5329 2607 5409 innitendum.
2752 5328 2883 5409 Haec
2917 5343 3018 5409 vox
3053 5325 3266 5409 videtur
3311 5343 3403 5384 su-

506 5404 552 5433 “
600 5400 770 5454 Forte
816 5391 972 5469 vita}.
1017 5394 1074 5445 ln
1120 5393 1572 5469 Recqgnitionibus
1603 5391 1780 5456 ἷΗωέ
1827 5391 1965 5457 enini
2027 5412 2101 5455 est
2143 5401 2312 5469 justu,
2356 5391 2575 5451 vocibus
2620 5397 2739 5469 aliis
2780 5401 3028 5469 omissis._
3070 5391 3409 5469 “annuimus.

1233 5464 1275 5493 ⁹⁰
1314 5465 1363 5516 in
1401 5466 1723 5540 _Recognit.,
1776 5464 2216 5540 concupiscentim.
2271 5467 2593 5540 ΗΑιιλυυιΝυε.
2637 5536 2664 5540 __
2701 5468 2769 5499 ⁹⁰⁶
2802 5466 3081 5540 Recognit.
3122 5477 3160 5540 κζ

1546 5530 1597 5569 ’ἦ
1624 5530 1814 5595 Matth.
1849 5558 1906 5607 .\',
1937 5530 2023 5597 3i.
2058 5594 2063 5605 ,
2097 5538 2143 5570 ⁹⁵
2171 5537 2434 5604 ﬂecognit.
2456 5550 2529 5598 VI,
2560 5550 2609 5591 c.
2632 5536 2685 5590 5.
2760 5540 2806 5572 ³⁸
2839 5539 2896 5595 In
2922 5530 3236 5600 Recognit.,
3263 5530 3413 5581 data:

2701 5468 2769 5499 ⁹⁰⁶
2802 5466 3081 5537 Recognit.
3122 5477 3204 5537 v_t,
3250 5478 3300 5537 ε,
3354 5464 3411 5515 ιε
