  <div class='ocr_page' id='page_1' title='image "/cluster/home/n/w/nwhite01/storage/ocr_20150623/1 (St. Clemens; pt. 1)/nyp.33433019854052/261.png"; bbox 0 0 3740 6288; ppageno 0'>
   <div class='ocr_carea' id='block_1_1' title="bbox 522 344 634 402">
    <p class='ocr_par' dir='ltr' id='par_1_1' title="bbox 522 344 634 402">
     <span class='ocr_line' id='line_1_1' title="bbox 522 344 634 402; baseline 0.009 -2"><span class='ocrx_word' id='word_1_1' title='bbox 522 344 634 402; x_wconf 74' lang='lat'><strong>505</strong></span> 
     </span>
    </p>
   </div>
   <div class='ocr_carea' id='block_1_2' title="bbox 1362 338 2830 401">
    <p class='ocr_par' dir='ltr' id='par_1_2' title="bbox 1362 338 2830 401">
     <span class='ocr_line' id='line_1_2' title="bbox 1362 338 2830 401; baseline -0.004 0"><span class='ocrx_word' id='word_1_2' title='bbox 1362 343 1421 401; x_wconf 84' lang='lat' dir='ltr'><strong>S.</strong></span> <span class='ocrx_word' id='word_1_3' title='bbox 1453 342 1833 401; x_wconf 79' lang='lat' dir='ltr'><strong>CLEMENTlS</strong></span> <span class='ocrx_word' id='word_1_4' title='bbox 1862 344 1884 398; x_wconf 87' lang='grc' dir='ltr'>ι</span> <span class='ocrx_word' id='word_1_5' title='bbox 1916 339 2079 400; x_wconf 79' lang='lat' dir='ltr'><strong>ROM.</strong></span> <span class='ocrx_word' id='word_1_6' title='bbox 2115 338 2313 399; x_wconf 75' lang='lat' dir='ltr'><strong>PONT.</strong></span> <span class='ocrx_word' id='word_1_7' title='bbox 2348 338 2574 397; x_wconf 72' lang='lat' dir='ltr'><strong>OPERA</strong></span> <span class='ocrx_word' id='word_1_8' title='bbox 2604 339 2830 396; x_wconf 79' lang='lat' dir='ltr'><strong>DUBIA.</strong></span> 
     </span>
    </p>
   </div>
   <div class='ocr_carea' id='block_1_3' title="bbox 3514 355 3597 410">
    <p class='ocr_par' dir='ltr' id='par_1_3' title="bbox 3514 355 3597 410">
     <span class='ocr_line' id='line_1_3' title="bbox 3514 355 3597 410; baseline 0 0"><span class='ocrx_word' id='word_1_9' title='bbox 3514 355 3597 410; x_wconf 68' lang='grc' dir='ltr'><strong>ὅθι</strong></span> 
     </span>
    </p>
   </div>
   <div class='ocr_carea' id='block_1_4' title="bbox 511 452 3597 535">
    <p class='ocr_par' dir='ltr' id='par_1_4' title="bbox 511 452 3597 535">
     <span class='ocr_line' id='line_1_4' title="bbox 511 452 3597 535; baseline 0.002 -20"><span class='ocrx_word' id='word_1_10' title='bbox 511 462 556 515; x_wconf 90' lang='lat' dir='ltr'><strong>si</strong></span> <span class='ocrx_word' id='word_1_11' title='bbox 588 457 700 512; x_wconf 85' lang='lat' dir='ltr'><strong>fieri</strong></span> <span class='ocrx_word' id='word_1_12' title='bbox 730 465 926 527; x_wconf 85' lang='lat' dir='ltr'><strong>potest,</strong></span> <span class='ocrx_word' id='word_1_13' title='bbox 955 472 1077 513; x_wconf 92' lang='lat' dir='ltr'><strong>cum</strong></span> <span class='ocrx_word' id='word_1_14' title='bbox 1132 454 1377 512; x_wconf 84' lang='lat' dir='ltr'><strong>omnibus</strong></span> <span class='ocrx_word' id='word_1_15' title='bbox 1432 454 1629 509; x_wconf 84' lang='lat' dir='ltr'><strong>habere</strong></span> <span class='ocrx_word' id='word_1_16' title='bbox 1680 468 2041 521; x_wconf 82' lang='lat' dir='ltr'><strong>communem,</strong></span> <span class='ocrx_word' id='word_1_17' title='bbox 2075 457 2122 514; x_wconf 77' lang='grc' dir='ltr'><strong>Δ</strong></span> <span class='ocrx_word' id='word_1_18' title='bbox 2146 462 2199 510; x_wconf 90' lang='lat' dir='ltr'><strong>et</strong></span> <span class='ocrx_word' id='word_1_19' title='bbox 2229 455 2447 517; x_wconf 90' lang='lat' dir='ltr'><strong>occidit,</strong></span> <span class='ocrx_word' id='word_1_20' title='bbox 2474 453 2802 508; x_wconf 73' lang='lat' dir='ltr'><strong>mutationes</strong></span> <span class='ocrx_word' id='word_1_21' title='bbox 2832 452 2952 507; x_wconf 91' lang='lat' dir='ltr'><strong>luna</strong></span> <span class='ocrx_word' id='word_1_22' title='bbox 2980 458 3290 525; x_wconf 73' lang='lat' dir='ltr'><strong>perpetitur?</strong></span> <span class='ocrx_word' id='word_1_23' title='bbox 3312 460 3503 535; x_wconf 75' lang='lat' dir='ltr'><strong>Propter</strong></span> <span class='ocrx_word' id='word_1_24' title='bbox 3522 486 3597 527; x_wconf 76' lang='lat' dir='ltr'><strong>vos</strong></span> 
     </span>
    </p>
   </div>
   <div class='ocr_carea' id='block_1_5' title="bbox 510 546 2038 616">
    <p class='ocr_par' dir='ltr' id='par_1_5' title="bbox 510 546 2038 616">
     <span class='ocr_line' id='line_1_5' title="bbox 510 546 2038 616; baseline -0.001 -13"><span class='ocrx_word' id='word_1_25' title='bbox 510 552 672 603; x_wconf 88' lang='lat' dir='ltr'><strong>etiam</strong></span> <span class='ocrx_word' id='word_1_26' title='bbox 715 563 840 603; x_wconf 88' lang='lat' dir='ltr'><strong>cum</strong></span> <span class='ocrx_word' id='word_1_27' title='bbox 885 549 969 602; x_wconf 88' lang='lat' dir='ltr'><strong>his</strong></span> <span class='ocrx_word' id='word_1_28' title='bbox 1007 547 1098 616; x_wconf 88' lang='lat' dir='ltr'><strong>qui</strong></span> <span class='ocrx_word' id='word_1_29' title='bbox 1124 546 1352 602; x_wconf 87' lang='lat' dir='ltr'><strong>oderunt</strong></span> <span class='ocrx_word' id='word_1_30' title='bbox 1389 559 1483 600; x_wconf 89' lang='lat' dir='ltr'><strong>eos</strong></span> <span class='ocrx_word' id='word_1_31' title='bbox 1522 552 1575 599; x_wconf 89' lang='lat' dir='ltr'><strong>et</strong></span> <span class='ocrx_word' id='word_1_32' title='bbox 1621 554 2038 616; x_wconf 84' lang='lat' dir='ltr'><strong>persequuntur.</strong></span> 
     </span>
    </p>
   </div>
   <div class='ocr_carea' id='block_1_6' title="bbox 514 630 2043 707">
    <p class='ocr_par' dir='ltr' id='par_1_6' title="bbox 514 630 2043 707">
     <span class='ocr_line' id='line_1_6' title="bbox 514 630 2043 707; baseline 0.001 -16"><span class='ocrx_word' id='word_1_33' title='bbox 514 630 706 691; x_wconf 85' lang='lat' dir='ltr'><strong>Sciunt</strong></span> <span class='ocrx_word' id='word_1_34' title='bbox 731 638 875 693; x_wconf 89' lang='lat' dir='ltr'><strong>enim</strong></span> <span class='ocrx_word' id='word_1_35' title='bbox 903 637 1026 707; x_wconf 93' lang='lat' dir='ltr'><strong>quia</strong></span> <span class='ocrx_word' id='word_1_36' title='bbox 1065 645 1364 704; x_wconf 90' lang='lat' dir='ltr'><strong>peccatum,</strong></span> <span class='ocrx_word' id='word_1_37' title='bbox 1413 634 1653 704; x_wconf 91' lang='lat' dir='ltr'><strong>ipsorum</strong></span> <span class='ocrx_word' id='word_1_38' title='bbox 1698 651 1860 691; x_wconf 90' lang='lat' dir='ltr'><strong>causa</strong></span> <span class='ocrx_word' id='word_1_39' title='bbox 1891 637 2043 707; x_wconf 87' lang='lat' dir='ltr'><strong>igno-</strong></span> 
     </span>
    </p>
   </div>
   <div class='ocr_carea' id='block_1_7' title="bbox 512 724 2039 797">
    <p class='ocr_par' dir='ltr' id='par_1_7' title="bbox 512 724 2039 797">
     <span class='ocr_line' id='line_1_7' title="bbox 512 724 2039 797; baseline -0.001 -13"><span class='ocrx_word' id='word_1_40' title='bbox 512 728 703 784; x_wconf 72' lang='lat' dir='ltr'><strong>rantiae</strong></span> <span class='ocrx_word' id='word_1_41' title='bbox 728 735 813 782; x_wconf 91' lang='lat' dir='ltr'><strong>est</strong></span> <span class='ocrx_word' id='word_1_42' title='bbox 854 727 921 781; x_wconf 85' lang='lat'><strong>&quot;.</strong></span> <span class='ocrx_word' id='word_1_43' title='bbox 980 724 1267 795; x_wconf 84' lang='lat' dir='ltr'><strong>Propterea</strong></span> <span class='ocrx_word' id='word_1_44' title='bbox 1318 725 1548 794; x_wconf 88' lang='lat' dir='ltr'><strong>denique</strong></span> <span class='ocrx_word' id='word_1_45' title='bbox 1595 726 1710 796; x_wconf 91' lang='lat' dir='ltr'><strong>ipse</strong></span> <span class='ocrx_word' id='word_1_46' title='bbox 1765 729 2039 797; x_wconf 78' lang='lat' dir='ltr'><strong>magister,</strong></span> 
     </span>
    </p>
   </div>
   <div class='ocr_carea' id='block_1_8' title="bbox 511 815 2044 884">
    <p class='ocr_par' dir='ltr' id='par_1_8' title="bbox 511 815 2044 884">
     <span class='ocr_line' id='line_1_8' title="bbox 511 815 2044 884; baseline 0 -13"><span class='ocrx_word' id='word_1_47' title='bbox 511 832 635 871; x_wconf 91' lang='lat' dir='ltr'><strong>cum</strong></span> <span class='ocrx_word' id='word_1_48' title='bbox 657 817 724 871; x_wconf 85' lang='lat' dir='ltr'><strong>ab</strong></span> <span class='ocrx_word' id='word_1_49' title='bbox 747 818 831 871; x_wconf 90' lang='lat' dir='ltr'><strong>his</strong></span> <span class='ocrx_word' id='word_1_50' title='bbox 860 816 950 884; x_wconf 90' lang='lat' dir='ltr'><strong>qui</strong></span> <span class='ocrx_word' id='word_1_51' title='bbox 980 816 1294 884; x_wconf 84' lang='lat' dir='ltr'><strong>ignorabant</strong></span> <span class='ocrx_word' id='word_1_52' title='bbox 1340 829 1462 869; x_wconf 90' lang='lat' dir='ltr'><strong>eum</strong></span> <span class='ocrx_word' id='word_1_53' title='bbox 1505 815 1795 871; x_wconf 82' lang='lat' dir='ltr'><strong>duceretur</strong></span> <span class='ocrx_word' id='word_1_54' title='bbox 1824 818 1889 871; x_wconf 90' lang='lat' dir='ltr'><strong>ad</strong></span> <span class='ocrx_word' id='word_1_55' title='bbox 1918 833 2044 872; x_wconf 84' lang='lat' dir='ltr'><strong>cru-</strong></span> 
     </span>
    </p>
   </div>
   <div class='ocr_carea' id='block_1_9' title="bbox 512 905 2045 975">
    <p class='ocr_par' dir='ltr' id='par_1_9' title="bbox 512 905 2045 975">
     <span class='ocr_line' id='line_1_9' title="bbox 512 905 2045 975; baseline 0.001 -14"><span class='ocrx_word' id='word_1_56' title='bbox 512 923 651 973; x_wconf 88' lang='lat' dir='ltr'><strong>cem,</strong></span> <span class='ocrx_word' id='word_1_57' title='bbox 676 908 863 964; x_wconf 88' lang='lat' dir='ltr'><strong>orabat</strong></span> <span class='ocrx_word' id='word_1_58' title='bbox 888 906 1099 961; x_wconf 84' lang='lat' dir='ltr'><strong>Patrem</strong></span> <span class='ocrx_word' id='word_1_59' title='bbox 1130 921 1227 975; x_wconf 92' lang='lat' dir='ltr'><strong>pro</strong></span> <span class='ocrx_word' id='word_1_60' title='bbox 1260 905 1697 963; x_wconf 77' lang='lat' dir='ltr'><strong>interfectoribus</strong></span> <span class='ocrx_word' id='word_1_61' title='bbox 1733 908 1868 973; x_wconf 85' lang='lat' dir='ltr'><strong>suis,</strong></span> <span class='ocrx_word' id='word_1_62' title='bbox 1892 917 1946 964; x_wconf 90' lang='lat' dir='ltr'><strong>et</strong></span> <span class='ocrx_word' id='word_1_63' title='bbox 1962 911 2045 963; x_wconf 77' lang='lat' dir='ltr'><strong>di-</strong></span> 
     </span>
    </p>
   </div>
   <div class='ocr_carea' id='block_1_10' title="bbox 512 996 2044 1069">
    <p class='ocr_par' dir='ltr' id='par_1_10' title="bbox 512 996 2044 1069">
     <span class='ocr_line' id='line_1_10' title="bbox 512 996 2044 1069; baseline 0.001 -17"><span class='ocrx_word' id='word_1_64' title='bbox 512 998 666 1055; x_wconf 88' lang='lat' dir='ltr'><strong>cebat</strong></span> <span class='ocrx_word' id='word_1_65' title='bbox 696 1015 711 1051; x_wconf 92' lang='lat'><strong>:</strong></span> <span class='ocrx_word' id='word_1_66' title='bbox 745 996 925 1062; x_wconf 85' lang='lat' dir='ltr'><strong>Pater,</strong></span> <span class='ocrx_word' id='word_1_67' title='bbox 957 996 1159 1055; x_wconf 79' lang='lat' dir='ltr'><strong>dimitte</strong></span> <span class='ocrx_word' id='word_1_68' title='bbox 1204 997 1276 1053; x_wconf 80' lang='lat' dir='ltr'><strong>eis</strong></span> <span class='ocrx_word' id='word_1_69' title='bbox 1316 1006 1600 1065; x_wconf 77' lang='lat' dir='ltr'><strong>peccatum,</strong></span> <span class='ocrx_word' id='word_1_70' title='bbox 1646 1000 1767 1069; x_wconf 82' lang='lat' dir='ltr'><strong>quia</strong></span> <span class='ocrx_word' id='word_1_71' title='bbox 1812 1002 2044 1054; x_wconf 82' lang='lat' dir='ltr'><strong>nesciunt</strong></span> 
     </span>
    </p>
   </div>
   <div class='ocr_carea' id='block_1_11' title="bbox 512 1086 2043 1161">
    <p class='ocr_par' dir='ltr' id='par_1_11' title="bbox 512 1086 2043 1161">
     <span class='ocr_line' id='line_1_11' title="bbox 512 1086 2043 1161; baseline -0.004 -13"><span class='ocrx_word' id='word_1_72' title='bbox 512 1090 634 1161; x_wconf 80' lang='lat' dir='ltr'><strong>quid</strong></span> <span class='ocrx_word' id='word_1_73' title='bbox 654 1089 854 1157; x_wconf 71' lang='lat' dir='ltr'><strong>faciant</strong></span> <span class='ocrx_word' id='word_1_74' title='bbox 881 1089 947 1144; x_wconf 79' lang='lat'><strong>&quot;.</strong></span> <span class='ocrx_word' id='word_1_75' title='bbox 989 1086 1267 1147; x_wconf 85' lang='lat' dir='ltr'><strong>lmitantes</strong></span> <span class='ocrx_word' id='word_1_76' title='bbox 1318 1102 1533 1161; x_wconf 87' lang='lat' dir='ltr'><strong>quoque</strong></span> <span class='ocrx_word' id='word_1_77' title='bbox 1572 1087 1824 1158; x_wconf 84' lang='lat' dir='ltr'><strong>discipuli</strong></span> <span class='ocrx_word' id='word_1_78' title='bbox 1869 1089 2043 1161; x_wconf 89' lang='lat' dir='ltr'><strong>magi-</strong></span> 
     </span>
    </p>
   </div>
   <div class='ocr_carea' id='block_1_12' title="bbox 514 1177 2047 1247">
    <p class='ocr_par' dir='ltr' id='par_1_12' title="bbox 514 1177 2047 1247">
     <span class='ocr_line' id='line_1_12' title="bbox 514 1177 2047 1247; baseline 0.001 -17"><span class='ocrx_word' id='word_1_79' title='bbox 514 1186 712 1243; x_wconf 83' lang='lat' dir='ltr'><strong>strum,</strong></span> <span class='ocrx_word' id='word_1_80' title='bbox 736 1178 894 1235; x_wconf 82' lang='lat' dir='ltr'><strong>etiam</strong></span> <span class='ocrx_word' id='word_1_81' title='bbox 909 1177 1033 1247; x_wconf 81' lang='lat' dir='ltr'><strong>ipsi,</strong></span> <span class='ocrx_word' id='word_1_82' title='bbox 1052 1192 1175 1234; x_wconf 86' lang='lat' dir='ltr'><strong>cum</strong></span> <span class='ocrx_word' id='word_1_83' title='bbox 1206 1185 1535 1246; x_wconf 89' lang='lat' dir='ltr'><strong>paterentur,</strong></span> <span class='ocrx_word' id='word_1_84' title='bbox 1563 1177 1811 1236; x_wconf 86' lang='lat' dir='ltr'><strong>similiter</strong></span> <span class='ocrx_word' id='word_1_85' title='bbox 1836 1193 1932 1246; x_wconf 85' lang='lat' dir='ltr'><strong>pro</strong></span> <span class='ocrx_word' id='word_1_86' title='bbox 1961 1180 2047 1235; x_wconf 91' lang='lat' dir='ltr'><strong>in-</strong></span> 
     </span>
    </p>
   </div>
   <div class='ocr_carea' id='block_1_13' title="bbox 512 1265 2043 1336">
    <p class='ocr_par' dir='ltr' id='par_1_13' title="bbox 512 1265 2043 1336">
     <span class='ocr_line' id='line_1_13' title="bbox 512 1265 2043 1336; baseline -0.001 -13"><span class='ocrx_word' id='word_1_87' title='bbox 512 1266 884 1325; x_wconf 84' lang='lat' dir='ltr'><strong>terfectoribus</strong></span> <span class='ocrx_word' id='word_1_88' title='bbox 910 1268 1025 1326; x_wconf 88' lang='lat' dir='ltr'><strong>suis</strong></span> <span class='ocrx_word' id='word_1_89' title='bbox 1053 1267 1302 1325; x_wconf 89' lang='lat' dir='ltr'><strong>orabant.</strong></span> <span class='ocrx_word' id='word_1_90' title='bbox 1331 1265 1483 1331; x_wconf 90' lang='lat' dir='ltr'><strong>Quod</strong></span> <span class='ocrx_word' id='word_1_91' title='bbox 1515 1266 1561 1322; x_wconf 89' lang='lat' dir='ltr'><strong>si</strong></span> <span class='ocrx_word' id='word_1_92' title='bbox 1585 1266 1869 1336; x_wconf 82' lang='lat' dir='ltr'><strong>disciplina</strong></span> <span class='ocrx_word' id='word_1_93' title='bbox 1891 1267 2043 1323; x_wconf 91' lang='lat' dir='ltr'><strong>nobis</strong></span> 
     </span>
    </p>
   </div>
   <div class='ocr_carea' id='block_1_14' title="bbox 509 1356 2045 1427">
    <p class='ocr_par' dir='ltr' id='par_1_14' title="bbox 509 1356 2045 1427">
     <span class='ocr_line' id='line_1_14' title="bbox 509 1356 2045 1427; baseline -0.001 -16"><span class='ocrx_word' id='word_1_94' title='bbox 509 1365 610 1420; x_wconf 89' lang='lat' dir='ltr'><strong>est,</strong></span> <span class='ocrx_word' id='word_1_95' title='bbox 641 1372 796 1414; x_wconf 86' lang='lat' dir='ltr'><strong>orare</strong></span> <span class='ocrx_word' id='word_1_96' title='bbox 823 1356 984 1414; x_wconf 79' lang='lat' dir='ltr'><strong>etiam</strong></span> <span class='ocrx_word' id='word_1_97' title='bbox 1014 1371 1114 1427; x_wconf 89' lang='lat' dir='ltr'><strong>pro</strong></span> <span class='ocrx_word' id='word_1_98' title='bbox 1144 1356 1576 1411; x_wconf 78' lang='lat' dir='ltr'><strong>interfectoribus</strong></span> <span class='ocrx_word' id='word_1_99' title='bbox 1603 1362 1656 1409; x_wconf 92' lang='lat' dir='ltr'><strong>et</strong></span> <span class='ocrx_word' id='word_1_100' title='bbox 1688 1356 2045 1424; x_wconf 82' lang='lat' dir='ltr'><strong>persecutori-</strong></span> 
     </span>
    </p>
   </div>
   <div class='ocr_carea' id='block_1_15' title="bbox 508 1446 2046 1519">
    <p class='ocr_par' dir='ltr' id='par_1_15' title="bbox 508 1446 2046 1519">
     <span class='ocr_line' id='line_1_15' title="bbox 508 1446 2046 1519; baseline 0.001 -20"><span class='ocrx_word' id='word_1_101' title='bbox 508 1446 610 1503; x_wconf 88' lang='lat' dir='ltr'><strong>bus</strong></span> <span class='ocrx_word' id='word_1_102' title='bbox 638 1447 858 1510; x_wconf 88' lang='lat' dir='ltr'><strong>nostris,</strong></span> <span class='ocrx_word' id='word_1_103' title='bbox 888 1446 1156 1514; x_wconf 92' lang='lat' dir='ltr'><strong>quomodo</strong></span> <span class='ocrx_word' id='word_1_104' title='bbox 1184 1460 1291 1519; x_wconf 87' lang='lat' dir='ltr'><strong>non</strong></span> <span class='ocrx_word' id='word_1_105' title='bbox 1320 1446 1480 1501; x_wconf 90' lang='lat' dir='ltr'><strong>etiam</strong></span> <span class='ocrx_word' id='word_1_106' title='bbox 1509 1454 1789 1514; x_wconf 90' lang='lat' dir='ltr'><strong>parentum</strong></span> <span class='ocrx_word' id='word_1_107' title='bbox 1835 1455 1887 1499; x_wconf 93' lang='lat' dir='ltr'><strong>et</strong></span> <span class='ocrx_word' id='word_1_108' title='bbox 1920 1461 2046 1519; x_wconf 84' lang='lat' dir='ltr'><strong>pro-</strong></span> 
     </span>
    </p>
   </div>
   <div class='ocr_carea' id='block_1_16' title="bbox 508 1535 2047 1607">
    <p class='ocr_par' dir='ltr' id='par_1_16' title="bbox 508 1535 2047 1607">
     <span class='ocr_line' id='line_1_16' title="bbox 508 1535 2047 1607; baseline 0.001 -18"><span class='ocrx_word' id='word_1_109' title='bbox 508 1537 831 1607; x_wconf 91' lang='lat' dir='ltr'><strong>pinquorum</strong></span> <span class='ocrx_word' id='word_1_110' title='bbox 862 1537 1268 1607; x_wconf 78' lang='lat' dir='ltr'><strong>persecutiones</strong></span> <span class='ocrx_word' id='word_1_111' title='bbox 1297 1535 1459 1600; x_wconf 89' lang='lat' dir='ltr'><strong>ferre,</strong></span> <span class='ocrx_word' id='word_1_112' title='bbox 1487 1545 1542 1592; x_wconf 89' lang='lat' dir='ltr'><strong>et</strong></span> <span class='ocrx_word' id='word_1_113' title='bbox 1569 1551 1668 1605; x_wconf 93' lang='lat' dir='ltr'><strong>pro</strong></span> <span class='ocrx_word' id='word_1_114' title='bbox 1697 1536 2047 1594; x_wconf 80' lang='lat' dir='ltr'><strong>conversione</strong></span> 
     </span>
    </p>
   </div>
   <div class='ocr_carea' id='block_1_17' title="bbox 506 1626 2045 1686">
    <p class='ocr_par' dir='ltr' id='par_1_17' title="bbox 506 1626 2045 1686">
     <span class='ocr_line' id='line_1_17' title="bbox 506 1626 2045 1686; baseline -0.001 -5"><span class='ocrx_word' id='word_1_115' title='bbox 506 1643 696 1684; x_wconf 90' lang='lat' dir='ltr'><strong>eorum</strong></span> <span class='ocrx_word' id='word_1_116' title='bbox 746 1642 906 1683; x_wconf 91' lang='lat' dir='ltr'><strong>orare</strong></span> <span class='ocrx_word' id='word_1_117' title='bbox 959 1627 1277 1686; x_wconf 83' lang='lat' dir='ltr'><strong>credimur?</strong></span> <span class='ocrx_word' id='word_1_118' title='bbox 1301 1627 1346 1658; x_wconf 85' lang='lat'><strong>&quot;</strong></span> <span class='ocrx_word' id='word_1_119' title='bbox 1376 1626 1513 1686; x_wconf 91' lang='lat' dir='ltr'><strong>Tum</strong></span> <span class='ocrx_word' id='word_1_120' title='bbox 1555 1627 1750 1683; x_wconf 90' lang='lat' dir='ltr'><strong>deinde</strong></span> <span class='ocrx_word' id='word_1_121' title='bbox 1784 1627 1945 1682; x_wconf 90' lang='lat' dir='ltr'><strong>etiam</strong></span> <span class='ocrx_word' id='word_1_122' title='bbox 1976 1628 2045 1661; x_wconf 67' lang='grc' dir='ltr'><strong>’θ’</strong></span> 
     </span>
    </p>
   </div>
   <div class='ocr_carea' id='block_1_18' title="bbox 506 1717 2046 1791">
    <p class='ocr_par' dir='ltr' id='par_1_18' title="bbox 506 1717 2046 1791">
     <span class='ocr_line' id='line_1_18' title="bbox 506 1717 2046 1791; baseline -0.002 -18"><span class='ocrx_word' id='word_1_123' title='bbox 506 1718 816 1787; x_wconf 89' lang='lat' dir='ltr'><strong>diligentius</strong></span> <span class='ocrx_word' id='word_1_124' title='bbox 843 1717 1275 1782; x_wconf 83' lang='lat' dir='ltr'><strong>consideremus,</strong></span> <span class='ocrx_word' id='word_1_125' title='bbox 1304 1732 1424 1787; x_wconf 80' lang='lat' dir='ltr'><strong>quae</strong></span> <span class='ocrx_word' id='word_1_126' title='bbox 1463 1717 1534 1775; x_wconf 85' lang='lat' dir='ltr'><strong>sit</strong></span> <span class='ocrx_word' id='word_1_127' title='bbox 1576 1717 1733 1777; x_wconf 86' lang='lat' dir='ltr'><strong>nobis</strong></span> <span class='ocrx_word' id='word_1_128' title='bbox 1759 1731 1922 1775; x_wconf 89' lang='lat' dir='ltr'><strong>causa</strong></span> <span class='ocrx_word' id='word_1_129' title='bbox 1950 1732 2046 1791; x_wconf 82' lang='lat' dir='ltr'><strong>pa-</strong></span> 
     </span>
    </p>
   </div>
   <div class='ocr_carea' id='block_1_19' title="bbox 507 1807 2044 1878">
    <p class='ocr_par' dir='ltr' id='par_1_19' title="bbox 507 1807 2044 1878">
     <span class='ocr_line' id='line_1_19' title="bbox 507 1807 2044 1878; baseline -0.001 -14"><span class='ocrx_word' id='word_1_130' title='bbox 507 1816 686 1867; x_wconf 87' lang='lat' dir='ltr'><strong>rentes</strong></span> <span class='ocrx_word' id='word_1_131' title='bbox 713 1808 989 1878; x_wconf 79' lang='lat' dir='ltr'><strong>diligendi.</strong></span> <span class='ocrx_word' id='word_1_132' title='bbox 1023 1809 1041 1843; x_wconf 72' lang='grc' dir='ltr'><strong><em>ι</em></strong></span> <span class='ocrx_word' id='word_1_133' title='bbox 1072 1807 1177 1866; x_wconf 85' lang='lat' dir='ltr'><strong>Pro</strong></span> <span class='ocrx_word' id='word_1_134' title='bbox 1205 1823 1289 1871; x_wconf 83' lang='lat' dir='ltr'><strong>eo,</strong></span> <span class='ocrx_word' id='word_1_135' title='bbox 1318 1808 1586 1877; x_wconf 85' lang='lat' dir='ltr'><strong>inquiunt,</strong></span> <span class='ocrx_word' id='word_1_136' title='bbox 1609 1808 1736 1877; x_wconf 84' lang='lat' dir='ltr'><strong>quia</strong></span> <span class='ocrx_word' id='word_1_137' title='bbox 1778 1809 1901 1866; x_wconf 70' lang='lat' dir='ltr'><strong>vita:</strong></span> <span class='ocrx_word' id='word_1_138' title='bbox 1946 1823 2044 1863; x_wconf 90' lang='lat' dir='ltr'><strong>no-</strong></span> 
     </span>
    </p>
   </div>
   <div class='ocr_carea' id='block_1_20' title="bbox 506 1896 2046 1971">
    <p class='ocr_par' dir='ltr' id='par_1_20' title="bbox 506 1896 2046 1971">
     <span class='ocr_line' id='line_1_20' title="bbox 506 1896 2046 1971; baseline -0.002 -17"><span class='ocrx_word' id='word_1_139' title='bbox 506 1910 636 1957; x_wconf 81' lang='lat' dir='ltr'><strong>stras</strong></span> <span class='ocrx_word' id='word_1_140' title='bbox 654 1900 907 1959; x_wconf 89' lang='lat' dir='ltr'><strong>videntur</strong></span> <span class='ocrx_word' id='word_1_141' title='bbox 931 1908 1199 1959; x_wconf 84' lang='lat' dir='ltr'><strong>auctores.</strong></span> <span class='ocrx_word' id='word_1_142' title='bbox 1248 1898 1509 1956; x_wconf 88' lang='lat' dir='ltr'><strong>Auctores</strong></span> <span class='ocrx_word' id='word_1_143' title='bbox 1553 1896 1765 1971; x_wconf 80' lang='lat' dir='ltr'><strong>quidem</strong></span> <span class='ocrx_word' id='word_1_144' title='bbox 1796 1898 1917 1957; x_wconf 76' lang='lat' dir='ltr'><strong>vitae</strong></span> <span class='ocrx_word' id='word_1_145' title='bbox 1954 1914 2046 1957; x_wconf 81' lang='lat' dir='ltr'><strong>no—</strong></span> 
     </span>
    </p>
   </div>
   <div class='ocr_carea' id='block_1_21' title="bbox 508 1986 2044 2061">
    <p class='ocr_par' dir='ltr' id='par_1_21' title="bbox 508 1986 2044 2061">
     <span class='ocr_line' id='line_1_21' title="bbox 508 1986 2044 2061; baseline -0.003 -14"><span class='ocrx_word' id='word_1_146' title='bbox 508 1998 637 2047; x_wconf 80' lang='lat' dir='ltr'><strong>strae</strong></span> <span class='ocrx_word' id='word_1_147' title='bbox 665 1996 919 2061; x_wconf 86' lang='lat' dir='ltr'><strong>parentes</strong></span> <span class='ocrx_word' id='word_1_148' title='bbox 945 2003 1053 2043; x_wconf 88' lang='lat' dir='ltr'><strong>non</strong></span> <span class='ocrx_word' id='word_1_149' title='bbox 1084 1996 1231 2051; x_wconf 90' lang='lat' dir='ltr'><strong>sunt,</strong></span> <span class='ocrx_word' id='word_1_150' title='bbox 1261 1986 1354 2045; x_wconf 86' lang='lat' dir='ltr'><strong>sed</strong></span> <span class='ocrx_word' id='word_1_151' title='bbox 1384 1987 1634 2047; x_wconf 89' lang='lat' dir='ltr'><strong>ministri.</strong></span> <span class='ocrx_word' id='word_1_152' title='bbox 1666 1986 1780 2042; x_wconf 84' lang='lat' dir='ltr'><strong>Non</strong></span> <span class='ocrx_word' id='word_1_153' title='bbox 1804 1988 1942 2045; x_wconf 88' lang='lat' dir='ltr'><strong>enim</strong></span> <span class='ocrx_word' id='word_1_154' title='bbox 1966 1988 2044 2042; x_wconf 87' lang='lat' dir='ltr'><strong>vi-</strong></span> 
     </span>
    </p>
   </div>
   <div class='ocr_carea' id='block_1_22' title="bbox 508 2077 2043 2152">
    <p class='ocr_par' dir='ltr' id='par_1_22' title="bbox 508 2077 2043 2152">
     <span class='ocr_line' id='line_1_22' title="bbox 508 2077 2043 2152; baseline -0.004 -14"><span class='ocrx_word' id='word_1_155' title='bbox 508 2088 617 2138; x_wconf 82' lang='lat' dir='ltr'><strong>tam</strong></span> <span class='ocrx_word' id='word_1_156' title='bbox 644 2080 904 2152; x_wconf 83' lang='lat' dir='ltr'><strong>praebent,</strong></span> <span class='ocrx_word' id='word_1_157' title='bbox 928 2079 1024 2134; x_wconf 88' lang='lat' dir='ltr'><strong>sed</strong></span> <span class='ocrx_word' id='word_1_158' title='bbox 1050 2078 1383 2149; x_wconf 75' lang='lat' dir='ltr'><strong>ingrediendi</strong></span> <span class='ocrx_word' id='word_1_159' title='bbox 1413 2077 1570 2136; x_wconf 84' lang='lat' dir='ltr'><strong>nobis</strong></span> <span class='ocrx_word' id='word_1_160' title='bbox 1601 2078 1839 2150; x_wconf 6' lang='lat' dir='ltr'><strong>adghanc</strong></span> <span class='ocrx_word' id='word_1_161' title='bbox 1879 2079 2043 2133; x_wconf 86' lang='lat' dir='ltr'><strong>vitam</strong></span> 
     </span>
    </p>
   </div>
   <div class='ocr_carea' id='block_1_23' title="bbox 506 2167 2044 2235">
    <p class='ocr_par' dir='ltr' id='par_1_23' title="bbox 506 2167 2044 2235">
     <span class='ocr_line' id='line_1_23' title="bbox 506 2167 2044 2235; baseline -0.002 -9"><span class='ocrx_word' id='word_1_162' title='bbox 506 2170 761 2228; x_wconf 77' lang='lat' dir='ltr'><strong>exhibent</strong></span> <span class='ocrx_word' id='word_1_163' title='bbox 799 2169 1195 2235; x_wconf 88' lang='lat' dir='ltr'><strong>ministerium;</strong></span> <span class='ocrx_word' id='word_1_164' title='bbox 1237 2177 1425 2223; x_wconf 88' lang='lat' dir='ltr'><strong>auctor</strong></span> <span class='ocrx_word' id='word_1_165' title='bbox 1449 2174 1628 2225; x_wconf 88' lang='lat' dir='ltr'><strong>autem</strong></span> <span class='ocrx_word' id='word_1_166' title='bbox 1667 2167 1788 2223; x_wconf 64' lang='lat' dir='ltr'><strong>vitae</strong></span> <span class='ocrx_word' id='word_1_167' title='bbox 1819 2184 1957 2225; x_wconf 84' lang='lat' dir='ltr'><strong>unus</strong></span> <span class='ocrx_word' id='word_1_168' title='bbox 1992 2176 2044 2223; x_wconf 90' lang='lat' dir='ltr'><strong>et</strong></span> 
     </span>
    </p>
   </div>
   <div class='ocr_carea' id='block_1_24' title="bbox 505 2258 2044 2329">
    <p class='ocr_par' dir='ltr' id='par_1_24' title="bbox 505 2258 2044 2329">
     <span class='ocr_line' id='line_1_24' title="bbox 505 2258 2044 2329; baseline 0 -14"><span class='ocrx_word' id='word_1_169' title='bbox 505 2262 656 2320; x_wconf 85' lang='lat' dir='ltr'><strong>solus</strong></span> <span class='ocrx_word' id='word_1_170' title='bbox 684 2269 767 2316; x_wconf 89' lang='lat' dir='ltr'><strong>est</strong></span> <span class='ocrx_word' id='word_1_171' title='bbox 808 2259 971 2317; x_wconf 85' lang='lat' dir='ltr'><strong>Deus.</strong></span> <span class='ocrx_word' id='word_1_172' title='bbox 1018 2258 1077 2314; x_wconf 88' lang='lat' dir='ltr'><strong>Si</strong></span> <span class='ocrx_word' id='word_1_173' title='bbox 1116 2266 1292 2315; x_wconf 89' lang='lat' dir='ltr'><strong>autem</strong></span> <span class='ocrx_word' id='word_1_174' title='bbox 1340 2266 1615 2314; x_wconf 88' lang='lat' dir='ltr'><strong>auctorem</strong></span> <span class='ocrx_word' id='word_1_175' title='bbox 1662 2259 1784 2316; x_wconf 74' lang='lat' dir='ltr'><strong>vitae</strong></span> <span class='ocrx_word' id='word_1_176' title='bbox 1823 2260 2044 2329; x_wconf 79' lang='lat' dir='ltr'><strong>diligere</strong></span> 
     </span>
    </p>
   </div>
   <div class='ocr_carea' id='block_1_25' title="bbox 503 2342 2037 2417">
    <p class='ocr_par' dir='ltr' id='par_1_25' title="bbox 503 2342 2037 2417">
     <span class='ocr_line' id='line_1_25' title="bbox 503 2342 2037 2417; baseline 0.001 -12"><span class='ocrx_word' id='word_1_177' title='bbox 503 2352 776 2413; x_wconf 86' lang='lat' dir='ltr'><strong>volumus,</strong></span> <span class='ocrx_word' id='word_1_178' title='bbox 822 2350 975 2405; x_wconf 92' lang='lat' dir='ltr'><strong>illum</strong></span> <span class='ocrx_word' id='word_1_179' title='bbox 1030 2349 1187 2403; x_wconf 90' lang='lat' dir='ltr'><strong>nobis</strong></span> <span class='ocrx_word' id='word_1_180' title='bbox 1242 2363 1364 2403; x_wconf 89' lang='lat' dir='ltr'><strong>esse</strong></span> <span class='ocrx_word' id='word_1_181' title='bbox 1411 2342 1742 2417; x_wconf 87' lang='lat' dir='ltr'><strong>diligendum</strong></span> <span class='ocrx_word' id='word_1_182' title='bbox 1778 2350 2037 2407; x_wconf 87' lang='lat' dir='ltr'><strong>sciamus.</strong></span> 
     </span>
    </p>
   </div>
   <div class='ocr_carea' id='block_1_26' title="bbox 506 2437 2038 2509">
    <p class='ocr_par' dir='ltr' id='par_1_26' title="bbox 506 2437 2038 2509">
     <span class='ocr_line' id='line_1_26' title="bbox 506 2437 2038 2509; baseline -0.001 -14"><span class='ocrx_word' id='word_1_183' title='bbox 506 2437 612 2495; x_wconf 84' lang='lat' dir='ltr'><strong>Sed</strong></span> <span class='ocrx_word' id='word_1_184' title='bbox 659 2439 839 2503; x_wconf 85' lang='lat' dir='ltr'><strong>illum,</strong></span> <span class='ocrx_word' id='word_1_185' title='bbox 886 2438 1162 2508; x_wconf 87' lang='lat' dir='ltr'><strong>inquiunt,</strong></span> <span class='ocrx_word' id='word_1_186' title='bbox 1204 2452 1529 2509; x_wconf 83' lang='lat' dir='ltr'><strong>cognoscere</strong></span> <span class='ocrx_word' id='word_1_187' title='bbox 1588 2454 1697 2493; x_wconf 90' lang='lat' dir='ltr'><strong>non</strong></span> <span class='ocrx_word' id='word_1_188' title='bbox 1738 2439 2038 2509; x_wconf 86' lang='lat' dir='ltr'><strong>potuimus,</strong></span> 
     </span>
    </p>
   </div>
   <div class='ocr_carea' id='block_1_27' title="bbox 502 2528 2039 2596">
    <p class='ocr_par' dir='ltr' id='par_1_27' title="bbox 502 2528 2039 2596">
     <span class='ocr_line' id='line_1_27' title="bbox 502 2528 2039 2596; baseline 0.002 -13"><span class='ocrx_word' id='word_1_189' title='bbox 502 2529 643 2588; x_wconf 87' lang='lat' dir='ltr'><strong>istos</strong></span> <span class='ocrx_word' id='word_1_190' title='bbox 667 2535 846 2582; x_wconf 89' lang='lat' dir='ltr'><strong>autem</strong></span> <span class='ocrx_word' id='word_1_191' title='bbox 865 2534 922 2584; x_wconf 89' lang='lat' dir='ltr'><strong>et</strong></span> <span class='ocrx_word' id='word_1_192' title='bbox 942 2528 1208 2591; x_wconf 82' lang='lat' dir='ltr'><strong>novimus,</strong></span> <span class='ocrx_word' id='word_1_193' title='bbox 1222 2537 1276 2584; x_wconf 91' lang='lat' dir='ltr'><strong>et</strong></span> <span class='ocrx_word' id='word_1_194' title='bbox 1299 2531 1355 2585; x_wconf 87' lang='lat' dir='ltr'><strong>in</strong></span> <span class='ocrx_word' id='word_1_195' title='bbox 1375 2528 1566 2583; x_wconf 79' lang='lat' dir='ltr'><strong>all‘ectu</strong></span> <span class='ocrx_word' id='word_1_196' title='bbox 1596 2530 1874 2586; x_wconf 88' lang='lat' dir='ltr'><strong>habemus.</strong></span> <span class='ocrx_word' id='word_1_197' title='bbox 1890 2531 2039 2596; x_wconf 86' lang='lat' dir='ltr'><strong>Esto,</strong></span> 
     </span>
    </p>
   </div>
   <div class='ocr_carea' id='block_1_28' title="bbox 499 2608 2043 2692">
    <p class='ocr_par' dir='ltr' id='par_1_28' title="bbox 499 2608 2043 2692">
     <span class='ocr_line' id='line_1_28' title="bbox 499 2608 2043 2692; baseline 0.002 -18"><span class='ocrx_word' id='word_1_198' title='bbox 499 2634 612 2679; x_wconf 85' lang='lat' dir='ltr'><strong>non</strong></span> <span class='ocrx_word' id='word_1_199' title='bbox 664 2608 922 2689; x_wconf 78' lang='lat' dir='ltr'><strong>potuistis</strong></span> <span class='ocrx_word' id='word_1_200' title='bbox 953 2634 1283 2689; x_wconf 83' lang='lat' dir='ltr'><strong>cognoscere</strong></span> <span class='ocrx_word' id='word_1_201' title='bbox 1318 2619 1440 2691; x_wconf 88' lang='lat' dir='ltr'><strong>quis</strong></span> <span class='ocrx_word' id='word_1_202' title='bbox 1462 2621 1483 2651; x_wconf 83' lang='grc'><strong><em>²</em></strong></span> <span class='ocrx_word' id='word_1_203' title='bbox 1524 2622 1595 2675; x_wconf 88' lang='lat' dir='ltr'><strong>sit</strong></span> <span class='ocrx_word' id='word_1_204' title='bbox 1642 2620 1784 2677; x_wconf 90' lang='lat' dir='ltr'><strong>Deus</strong></span> <span class='ocrx_word' id='word_1_205' title='bbox 1816 2640 1830 2677; x_wconf 88' lang='lat'><strong>:</strong></span> <span class='ocrx_word' id='word_1_206' title='bbox 1862 2623 1991 2692; x_wconf 93' lang='lat' dir='ltr'><strong>quid</strong></span> <span class='ocrx_word' id='word_1_207' title='bbox 2021 2624 2043 2656; x_wconf 85' lang='grc'>³</span> 
     </span>
    </p>
   </div>
   <div class='ocr_carea' id='block_1_29' title="bbox 503 2709 2042 2788">
    <p class='ocr_par' dir='ltr' id='par_1_29' title="bbox 503 2709 2042 2788">
     <span class='ocr_line' id='line_1_29' title="bbox 503 2709 2042 2788; baseline 0.004 -23"><span class='ocrx_word' id='word_1_208' title='bbox 503 2720 682 2769; x_wconf 82' lang='lat' dir='ltr'><strong>tamen</strong></span> <span class='ocrx_word' id='word_1_209' title='bbox 706 2724 817 2769; x_wconf 84' lang='lat' dir='ltr'><strong>non</strong></span> <span class='ocrx_word' id='word_1_210' title='bbox 843 2711 916 2765; x_wconf 86' lang='lat' dir='ltr'><strong>sit</strong></span> <span class='ocrx_word' id='word_1_211' title='bbox 943 2709 1090 2766; x_wconf 83' lang='lat' dir='ltr'><strong>Deus</strong></span> <span class='ocrx_word' id='word_1_212' title='bbox 1131 2712 1388 2787; x_wconf 75' lang='lat' dir='ltr'><strong>perfacile</strong></span> <span class='ocrx_word' id='word_1_213' title='bbox 1432 2711 1575 2767; x_wconf 85' lang='lat' dir='ltr'><strong>scire</strong></span> <span class='ocrx_word' id='word_1_214' title='bbox 1604 2712 1874 2788; x_wconf 86' lang='lat' dir='ltr'><strong>potuistis.</strong></span> <span class='ocrx_word' id='word_1_215' title='bbox 1908 2713 2042 2771; x_wconf 85' lang='lat' dir='ltr'><strong>Nam</strong></span> 
     </span>
    </p>
   </div>
   <div class='ocr_carea' id='block_1_30' title="bbox 501 2800 2043 2877">
    <p class='ocr_par' dir='ltr' id='par_1_30' title="bbox 501 2800 2043 2877">
     <span class='ocr_line' id='line_1_30' title="bbox 501 2800 2043 2877; baseline 0.003 -22"><span class='ocrx_word' id='word_1_216' title='bbox 501 2801 771 2870; x_wconf 86' lang='lat' dir='ltr'><strong>quomodo</strong></span> <span class='ocrx_word' id='word_1_217' title='bbox 800 2800 966 2861; x_wconf 85' lang='lat' dir='ltr'><strong>latere</strong></span> <span class='ocrx_word' id='word_1_218' title='bbox 994 2801 1168 2873; x_wconf 93' lang='lat' dir='ltr'><strong>potuit</strong></span> <span class='ocrx_word' id='word_1_219' title='bbox 1199 2801 1492 2865; x_wconf 89' lang='lat' dir='ltr'><strong>hominem,</strong></span> <span class='ocrx_word' id='word_1_220' title='bbox 1524 2804 1665 2877; x_wconf 87' lang='lat' dir='ltr'><strong>quod</strong></span> <span class='ocrx_word' id='word_1_221' title='bbox 1697 2804 1919 2873; x_wconf 87' lang='lat' dir='ltr'><strong>lignum,</strong></span> <span class='ocrx_word' id='word_1_222' title='bbox 1952 2814 2043 2861; x_wconf 84' lang='lat' dir='ltr'><strong>aut</strong></span> 
     </span>
    </p>
   </div>
   <div class='ocr_carea' id='block_1_31' title="bbox 500 2891 2041 2961">
    <p class='ocr_par' dir='ltr' id='par_1_31' title="bbox 500 2891 2041 2961">
     <span class='ocr_line' id='line_1_31' title="bbox 500 2891 2041 2961; baseline 0.004 -16"><span class='ocrx_word' id='word_1_223' title='bbox 500 2892 665 2961; x_wconf 86' lang='lat' dir='ltr'><strong>lapis,</strong></span> <span class='ocrx_word' id='word_1_224' title='bbox 694 2898 788 2950; x_wconf 84' lang='lat' dir='ltr'><strong>aut</strong></span> <span class='ocrx_word' id='word_1_225' title='bbox 814 2906 910 2958; x_wconf 67' lang='lat' dir='ltr'><strong>aes,</strong></span> <span class='ocrx_word' id='word_1_226' title='bbox 932 2891 1018 2950; x_wconf 86' lang='lat' dir='ltr'><strong>vel</strong></span> <span class='ocrx_word' id='word_1_227' title='bbox 1039 2892 1143 2948; x_wconf 90' lang='lat' dir='ltr'><strong>alia</strong></span> <span class='ocrx_word' id='word_1_228' title='bbox 1166 2891 1475 2961; x_wconf 80' lang='lat' dir='ltr'><strong>huiusmodi</strong></span> <span class='ocrx_word' id='word_1_229' title='bbox 1501 2895 1744 2958; x_wconf 82' lang='lat' dir='ltr'><strong>materia,</strong></span> <span class='ocrx_word' id='word_1_230' title='bbox 1776 2895 1914 2956; x_wconf 85' lang='lat' dir='ltr'><strong>Dens</strong></span> <span class='ocrx_word' id='word_1_231' title='bbox 1935 2910 2041 2952; x_wconf 88' lang='lat' dir='ltr'><strong>non</strong></span> 
     </span>
    </p>
   </div>
   <div class='ocr_carea' id='block_1_32' title="bbox 503 2981 2039 3055">
    <p class='ocr_par' dir='ltr' id='par_1_32' title="bbox 503 2981 2039 3055">
     <span class='ocr_line' id='line_1_32' title="bbox 503 2981 2039 3055; baseline 0.007 -18"><span class='ocrx_word' id='word_1_232' title='bbox 503 2982 603 3037; x_wconf 84' lang='lat' dir='ltr'><strong>sit?</strong></span> <span class='ocrx_word' id='word_1_233' title='bbox 625 2981 779 3047; x_wconf 85' lang='lat' dir='ltr'><strong>Quod</strong></span> <span class='ocrx_word' id='word_1_234' title='bbox 799 2982 914 3041; x_wconf 87' lang='lat' dir='ltr'><strong>siin</strong></span> <span class='ocrx_word' id='word_1_235' title='bbox 936 2981 1021 3037; x_wconf 88' lang='lat' dir='ltr'><strong>bis</strong></span> <span class='ocrx_word' id='word_1_236' title='bbox 1040 2996 1159 3053; x_wconf 79' lang='lat' dir='ltr'><strong>qua:</strong></span> <span class='ocrx_word' id='word_1_237' title='bbox 1182 2981 1341 3039; x_wconf 79' lang='lat' dir='ltr'><strong>facile</strong></span> <span class='ocrx_word' id='word_1_238' title='bbox 1367 2983 2039 3055; x_wconf 81' lang='lat' dir='ltr'><strong>deprehenderepotuistis.</strong></span> 
     </span>
    </p>
   </div>
   <div class='ocr_carea' id='block_1_33' title="bbox 2141 545 3597 626">
    <p class='ocr_par' dir='ltr' id='par_1_33' title="bbox 2141 545 3597 626">
     <span class='ocr_line' id='line_1_33' title="bbox 2141 545 3597 626; baseline 0.009 -25"><span class='ocrx_word' id='word_1_239' title='bbox 2141 561 2289 603; x_wconf 83' lang='lat' dir='ltr'><strong>mare</strong></span> <span class='ocrx_word' id='word_1_240' title='bbox 2322 546 2540 601; x_wconf 80' lang='lat' dir='ltr'><strong>exhibet</strong></span> <span class='ocrx_word' id='word_1_241' title='bbox 2592 545 2904 597; x_wconf 86' lang='lat' dir='ltr'><strong>famulatum</strong></span> <span class='ocrx_word' id='word_1_242' title='bbox 2955 561 3123 610; x_wconf 90' lang='lat' dir='ltr'><strong>suum,</strong></span> <span class='ocrx_word' id='word_1_243' title='bbox 3159 558 3216 603; x_wconf 93' lang='lat' dir='ltr'><strong>ut</strong></span> <span class='ocrx_word' id='word_1_244' title='bbox 3238 551 3376 609; x_wconf 85' lang='lat' dir='ltr'><strong>vobis</strong></span> <span class='ocrx_word' id='word_1_245' title='bbox 3417 556 3597 626; x_wconf 83' lang='lat' dir='ltr'><strong>ingratis</strong></span> 
     </span>
    </p>
   </div>
   <div class='ocr_carea' id='block_1_34' title="bbox 2142 633 3600 715">
    <p class='ocr_par' dir='ltr' id='par_1_34' title="bbox 2142 633 3600 715">
     <span class='ocr_line' id='line_1_34' title="bbox 2142 633 3600 715; baseline 0.008 -26"><span class='ocrx_word' id='word_1_246' title='bbox 2142 644 2336 692; x_wconf 89' lang='lat' dir='ltr'><strong>cuncta</strong></span> <span class='ocrx_word' id='word_1_247' title='bbox 2364 635 2703 703; x_wconf 86' lang='lat' dir='ltr'><strong>subjaceant.</strong></span> <span class='ocrx_word' id='word_1_248' title='bbox 2737 633 2921 687; x_wconf 89' lang='lat' dir='ltr'><strong>Nonne</strong></span> <span class='ocrx_word' id='word_1_249' title='bbox 2961 650 3055 705; x_wconf 90' lang='lat' dir='ltr'><strong>pro</strong></span> <span class='ocrx_word' id='word_1_250' title='bbox 3099 637 3180 693; x_wconf 87' lang='lat' dir='ltr'><strong>bis</strong></span> <span class='ocrx_word' id='word_1_251' title='bbox 3221 643 3447 699; x_wconf 88' lang='lat' dir='ltr'><strong>omnibus</strong></span> <span class='ocrx_word' id='word_1_252' title='bbox 3486 648 3600 715; x_wconf 80' lang='lat' dir='ltr'><strong>iusta</strong></span> 
     </span>
    </p>
   </div>
   <div class='ocr_carea' id='block_1_35' title="bbox 2141 725 3599 803">
    <p class='ocr_par' dir='ltr' id='par_1_35' title="bbox 2141 725 3599 803">
     <span class='ocr_line' id='line_1_35' title="bbox 2141 725 3599 803; baseline 0.009 -23"><span class='ocrx_word' id='word_1_253' title='bbox 2141 729 2245 785; x_wconf 89' lang='lat' dir='ltr'><strong>erit</strong></span> <span class='ocrx_word' id='word_1_254' title='bbox 2277 728 2498 783; x_wconf 87' lang='lat' dir='ltr'><strong>ultionis</strong></span> <span class='ocrx_word' id='word_1_255' title='bbox 2517 741 2699 795; x_wconf 73' lang='lat' dir='ltr'><strong>pmna,</strong></span> <span class='ocrx_word' id='word_1_256' title='bbox 2731 725 2855 794; x_wconf 88' lang='lat' dir='ltr'><strong>quia</strong></span> <span class='ocrx_word' id='word_1_257' title='bbox 2883 727 3067 782; x_wconf 92' lang='lat' dir='ltr'><strong>horum</strong></span> <span class='ocrx_word' id='word_1_258' title='bbox 3092 730 3599 803; x_wconf 87' lang='lat' dir='ltr'><strong>omniumlargitorem,</strong></span> 
     </span>
    </p>
   </div>
   <div class='ocr_carea' id='block_1_36' title="bbox 2141 815 3602 885">
    <p class='ocr_par' dir='ltr' id='par_1_36' title="bbox 2141 815 3602 885">
     <span class='ocr_line' id='line_1_36' title="bbox 2141 815 3602 885; baseline 0.008 -15"><span class='ocrx_word' id='word_1_259' title='bbox 2141 832 2299 885; x_wconf 84' lang='lat' dir='ltr'><strong>quem</strong></span> <span class='ocrx_word' id='word_1_260' title='bbox 2353 823 2479 871; x_wconf 83' lang='lat' dir='ltr'><strong>ante</strong></span> <span class='ocrx_word' id='word_1_261' title='bbox 2520 815 2705 869; x_wconf 68' lang='lat' dir='ltr'><strong>omnia</strong></span> <span class='ocrx_word' id='word_1_262' title='bbox 2759 822 2812 868; x_wconf 90' lang='lat' dir='ltr'><strong>et</strong></span> <span class='ocrx_word' id='word_1_263' title='bbox 2868 830 3151 884; x_wconf 85' lang='lat' dir='ltr'><strong>agnoscere</strong></span> <span class='ocrx_word' id='word_1_264' title='bbox 3190 824 3241 872; x_wconf 91' lang='lat' dir='ltr'><strong>et</strong></span> <span class='ocrx_word' id='word_1_265' title='bbox 3273 825 3492 876; x_wconf 88' lang='lat' dir='ltr'><strong>venerari</strong></span> <span class='ocrx_word' id='word_1_266' title='bbox 3530 827 3602 881; x_wconf 89' lang='lat' dir='ltr'><strong>de-</strong></span> 
     </span>
    </p>
   </div>
   <div class='ocr_carea' id='block_1_37' title="bbox 2143 905 3605 975">
    <p class='ocr_par' dir='ltr' id='par_1_37' title="bbox 2143 905 3605 975">
     <span class='ocr_line' id='line_1_37' title="bbox 2143 905 3605 975; baseline 0.004 -17"><span class='ocrx_word' id='word_1_267' title='bbox 2143 906 2377 970; x_wconf 86' lang='lat' dir='ltr'><strong>buistis,</strong></span> <span class='ocrx_word' id='word_1_268' title='bbox 2440 905 2619 959; x_wconf 89' lang='lat' dir='ltr'><strong>solum</strong></span> <span class='ocrx_word' id='word_1_269' title='bbox 2688 918 2797 972; x_wconf 68' lang='lat' dir='ltr'><strong>pra:</strong></span> <span class='ocrx_word' id='word_1_270' title='bbox 2859 906 3067 959; x_wconf 66' lang='lat' dir='ltr'><strong>caeteris</strong></span> <span class='ocrx_word' id='word_1_271' title='bbox 3126 906 3423 975; x_wconf 71' lang='lat' dir='ltr'><strong>ignoratis!</strong></span> <span class='ocrx_word' id='word_1_272' title='bbox 3466 912 3483 941; x_wconf 83' lang='grc'>⁸</span> <span class='ocrx_word' id='word_1_273' title='bbox 3526 913 3605 969; x_wconf 85' lang='lat' dir='ltr'><strong>Sed</strong></span> 
     </span>
    </p>
   </div>
   <div class='ocr_carea' id='block_1_38' title="bbox 2141 992 3605 1070">
    <p class='ocr_par' dir='ltr' id='par_1_38' title="bbox 2141 992 3605 1070">
     <span class='ocr_line' id='line_1_38' title="bbox 2141 992 3605 1070; baseline 0.003 -21"><span class='ocrx_word' id='word_1_274' title='bbox 2141 1003 2196 1050; x_wconf 90' lang='lat' dir='ltr'><strong>et</strong></span> <span class='ocrx_word' id='word_1_275' title='bbox 2264 1010 2409 1049; x_wconf 90' lang='lat' dir='ltr'><strong>nunc</strong></span> <span class='ocrx_word' id='word_1_276' title='bbox 2470 1010 2568 1067; x_wconf 92' lang='lat' dir='ltr'><strong>per</strong></span> <span class='ocrx_word' id='word_1_277' title='bbox 2640 992 2782 1050; x_wconf 88' lang='lat' dir='ltr'><strong>idem</strong></span> <span class='ocrx_word' id='word_1_278' title='bbox 2848 1008 2944 1050; x_wconf 87' lang='lat' dir='ltr'><strong>vos</strong></span> <span class='ocrx_word' id='word_1_279' title='bbox 3008 995 3179 1051; x_wconf 89' lang='lat' dir='ltr'><strong>adhuc</strong></span> <span class='ocrx_word' id='word_1_280' title='bbox 3248 997 3299 1055; x_wconf 92' lang='lat' dir='ltr'><strong>in</strong></span> <span class='ocrx_word' id='word_1_281' title='bbox 3363 999 3605 1070; x_wconf 88' lang='lat' dir='ltr'><strong>intelligen-</strong></span> 
     </span>
    </p>
   </div>
   <div class='ocr_carea' id='block_1_39' title="bbox 2142 1080 3609 1159">
    <p class='ocr_par' dir='ltr' id='par_1_39' title="bbox 2142 1080 3609 1159">
     <span class='ocr_line' id='line_1_39' title="bbox 2142 1080 3609 1159; baseline 0.001 -21"><span class='ocrx_word' id='word_1_282' title='bbox 2142 1085 2273 1140; x_wconf 90' lang='lat' dir='ltr'><strong>tiam</strong></span> <span class='ocrx_word' id='word_1_283' title='bbox 2318 1084 2437 1155; x_wconf 91' lang='lat' dir='ltr'><strong>ejus</strong></span> <span class='ocrx_word' id='word_1_284' title='bbox 2479 1084 2642 1137; x_wconf 91' lang='lat' dir='ltr'><strong>duco.</strong></span> <span class='ocrx_word' id='word_1_285' title='bbox 2683 1080 2888 1138; x_wconf 79' lang='lat' dir='ltr'><strong>Videtis</strong></span> <span class='ocrx_word' id='word_1_286' title='bbox 2927 1085 3138 1147; x_wconf 88' lang='lat' dir='ltr'><strong>etenim,</strong></span> <span class='ocrx_word' id='word_1_287' title='bbox 3188 1086 3321 1154; x_wconf 92' lang='lat' dir='ltr'><strong>quod</strong></span> <span class='ocrx_word' id='word_1_288' title='bbox 3365 1089 3517 1141; x_wconf 89' lang='lat' dir='ltr'><strong>omnia</strong></span> <span class='ocrx_word' id='word_1_289' title='bbox 3550 1092 3609 1159; x_wconf 84' lang='lat' dir='ltr'><strong>gi-</strong></span> 
     </span>
    </p>
   </div>
   <div class='ocr_carea' id='block_1_40' title="bbox 2143 1176 3607 1248">
    <p class='ocr_par' dir='ltr' id='par_1_40' title="bbox 2143 1176 3607 1248">
     <span class='ocr_line' id='line_1_40' title="bbox 2143 1176 3607 1248; baseline 0.001 -18"><span class='ocrx_word' id='word_1_290' title='bbox 2143 1185 2377 1248; x_wconf 85' lang='lat' dir='ltr'><strong>gnuntur</strong></span> <span class='ocrx_word' id='word_1_291' title='bbox 2398 1192 2462 1233; x_wconf 78' lang='lat' dir='ltr'><strong>ex</strong></span> <span class='ocrx_word' id='word_1_292' title='bbox 2486 1176 2664 1244; x_wconf 91' lang='lat' dir='ltr'><strong>aquis,</strong></span> <span class='ocrx_word' id='word_1_293' title='bbox 2683 1190 2822 1248; x_wconf 91' lang='lat' dir='ltr'><strong>aqua</strong></span> <span class='ocrx_word' id='word_1_294' title='bbox 2843 1189 2965 1230; x_wconf 91' lang='lat' dir='ltr'><strong>vero</strong></span> <span class='ocrx_word' id='word_1_295' title='bbox 2983 1190 3074 1248; x_wconf 89' lang='lat' dir='ltr'><strong>per</strong></span> <span class='ocrx_word' id='word_1_296' title='bbox 3090 1176 3402 1244; x_wconf 88' lang='lat' dir='ltr'><strong>unigenitum</strong></span> <span class='ocrx_word' id='word_1_297' title='bbox 3420 1192 3474 1232; x_wconf 75' lang='lat' dir='ltr'><strong>ex</strong></span> <span class='ocrx_word' id='word_1_298' title='bbox 3489 1179 3607 1232; x_wconf 86' lang='lat' dir='ltr'><strong>initio</strong></span> 
     </span>
    </p>
   </div>
   <div class='ocr_carea' id='block_1_41' title="bbox 2142 1264 3609 1335">
    <p class='ocr_par' dir='ltr' id='par_1_41' title="bbox 2142 1264 3609 1335">
     <span class='ocr_line' id='line_1_41' title="bbox 2142 1264 3609 1335; baseline -0.003 -13"><span class='ocrx_word' id='word_1_299' title='bbox 2142 1268 2284 1322; x_wconf 87' lang='lat' dir='ltr'><strong>facta</strong></span> <span class='ocrx_word' id='word_1_300' title='bbox 2322 1275 2425 1332; x_wconf 90' lang='lat' dir='ltr'><strong>est,</strong></span> <span class='ocrx_word' id='word_1_301' title='bbox 2473 1265 2739 1335; x_wconf 87' lang='lat' dir='ltr'><strong>unigeniti</strong></span> <span class='ocrx_word' id='word_1_302' title='bbox 2771 1279 2899 1320; x_wconf 91' lang='lat' dir='ltr'><strong>vero</strong></span> <span class='ocrx_word' id='word_1_303' title='bbox 2945 1264 3275 1333; x_wconf 89' lang='lat' dir='ltr'><strong>omnipotens</strong></span> <span class='ocrx_word' id='word_1_304' title='bbox 3317 1266 3442 1319; x_wconf 82' lang='lat' dir='ltr'><strong>Deus</strong></span> <span class='ocrx_word' id='word_1_305' title='bbox 3484 1276 3609 1334; x_wconf 88' lang='lat' dir='ltr'><strong>caput</strong></span> 
     </span>
    </p>
   </div>
   <div class='ocr_carea' id='block_1_42' title="bbox 2141 1354 3609 1428">
    <p class='ocr_par' dir='ltr' id='par_1_42' title="bbox 2141 1354 3609 1428">
     <span class='ocr_line' id='line_1_42' title="bbox 2141 1354 3609 1428; baseline -0.003 -17"><span class='ocrx_word' id='word_1_306' title='bbox 2141 1365 2243 1424; x_wconf 90' lang='lat' dir='ltr'><strong>est,</strong></span> <span class='ocrx_word' id='word_1_307' title='bbox 2278 1374 2370 1427; x_wconf 91' lang='lat' dir='ltr'><strong>per</strong></span> <span class='ocrx_word' id='word_1_308' title='bbox 2406 1372 2565 1426; x_wconf 84' lang='lat' dir='ltr'><strong>quem</strong></span> <span class='ocrx_word' id='word_1_309' title='bbox 2601 1356 2694 1408; x_wconf 92' lang='lat' dir='ltr'><strong>tali</strong></span> <span class='ocrx_word' id='word_1_310' title='bbox 2725 1355 2935 1418; x_wconf 89' lang='lat' dir='ltr'><strong>ordine,</strong></span> <span class='ocrx_word' id='word_1_311' title='bbox 2981 1361 3036 1408; x_wconf 91' lang='lat' dir='ltr'><strong>ut</strong></span> <span class='ocrx_word' id='word_1_312' title='bbox 3065 1368 3219 1428; x_wconf 88' lang='lat' dir='ltr'><strong>supra</strong></span> <span class='ocrx_word' id='word_1_313' title='bbox 3248 1354 3482 1418; x_wconf 82' lang='lat' dir='ltr'><strong>diximus,</strong></span> <span class='ocrx_word' id='word_1_314' title='bbox 3520 1371 3609 1422; x_wconf 73' lang='lat' dir='ltr'><strong>per~</strong></span> 
     </span>
    </p>
   </div>
   <div class='ocr_carea' id='block_1_43' title="bbox 2143 1443 3610 1513">
    <p class='ocr_par' dir='ltr' id='par_1_43' title="bbox 2143 1443 3610 1513">
     <span class='ocr_line' id='line_1_43' title="bbox 2143 1443 3610 1513; baseline -0.004 -12"><span class='ocrx_word' id='word_1_315' title='bbox 2143 1449 2357 1503; x_wconf 83' lang='lat' dir='ltr'><strong>venitur</strong></span> <span class='ocrx_word' id='word_1_316' title='bbox 2386 1446 2453 1500; x_wconf 90' lang='lat' dir='ltr'><strong>ad</strong></span> <span class='ocrx_word' id='word_1_317' title='bbox 2485 1446 2723 1500; x_wconf 90' lang='lat' dir='ltr'><strong>Patrem.</strong></span> <span class='ocrx_word' id='word_1_318' title='bbox 2747 1444 2881 1498; x_wconf 85' lang='lat' dir='ltr'><strong>Cum</strong></span> <span class='ocrx_word' id='word_1_319' title='bbox 2918 1453 3092 1497; x_wconf 85' lang='lat' dir='ltr'><strong>autem</strong></span> <span class='ocrx_word' id='word_1_320' title='bbox 3121 1443 3464 1513; x_wconf 86' lang='lat' dir='ltr'><strong>perveneritis,</strong></span> <span class='ocrx_word' id='word_1_321' title='bbox 3492 1459 3610 1512; x_wconf 85' lang='lat' dir='ltr'><strong>agno-</strong></span> 
     </span>
    </p>
   </div>
   <div class='ocr_carea' id='block_1_44' title="bbox 2143 1535 3610 1607">
    <p class='ocr_par' dir='ltr' id='par_1_44' title="bbox 2143 1535 3610 1607">
     <span class='ocr_line' id='line_1_44' title="bbox 2143 1535 3610 1607; baseline -0.005 -14"><span class='ocrx_word' id='word_1_322' title='bbox 2143 1541 2276 1594; x_wconf 86' lang='lat' dir='ltr'><strong>scite</strong></span> <span class='ocrx_word' id='word_1_323' title='bbox 2304 1539 2443 1591; x_wconf 88' lang='lat' dir='ltr'><strong>hanc</strong></span> <span class='ocrx_word' id='word_1_324' title='bbox 2469 1554 2592 1593; x_wconf 91' lang='lat' dir='ltr'><strong>esse</strong></span> <span class='ocrx_word' id='word_1_325' title='bbox 2622 1538 2955 1591; x_wconf 83' lang='lat' dir='ltr'><strong>voluntatem</strong></span> <span class='ocrx_word' id='word_1_326' title='bbox 2986 1535 3122 1603; x_wconf 84' lang='lat' dir='ltr'><strong>ejus,</strong></span> <span class='ocrx_word' id='word_1_327' title='bbox 3150 1542 3205 1588; x_wconf 91' lang='lat' dir='ltr'><strong>ut</strong></span> <span class='ocrx_word' id='word_1_328' title='bbox 3233 1549 3321 1607; x_wconf 86' lang='lat' dir='ltr'><strong>per</strong></span> <span class='ocrx_word' id='word_1_329' title='bbox 3342 1548 3504 1603; x_wconf 86' lang='lat' dir='ltr'><strong>aquas,</strong></span> <span class='ocrx_word' id='word_1_330' title='bbox 3524 1550 3610 1601; x_wconf 71' lang='lat' dir='ltr'><strong>qua:</strong></span> 
     </span>
    </p>
   </div>
   <div class='ocr_carea' id='block_1_45' title="bbox 2143 1623 3610 1705">
    <p class='ocr_par' dir='ltr' id='par_1_45' title="bbox 2143 1623 3610 1705">
     <span class='ocr_line' id='line_1_45' title="bbox 2143 1623 3610 1705; baseline -0.003 -23"><span class='ocrx_word' id='word_1_331' title='bbox 2143 1631 2330 1705; x_wconf 64' lang='lat' dir='ltr'><strong>prima:</strong></span> <span class='ocrx_word' id='word_1_332' title='bbox 2383 1637 2649 1685; x_wconf 67' lang='lat' dir='ltr'><strong>creaturae</strong></span> <span class='ocrx_word' id='word_1_333' title='bbox 2673 1629 2693 1660; x_wconf 89' lang='grc'><strong>⁷</strong></span> <span class='ocrx_word' id='word_1_334' title='bbox 2725 1634 2884 1688; x_wconf 89' lang='lat' dir='ltr'><strong>sunt,</strong></span> <span class='ocrx_word' id='word_1_335' title='bbox 2931 1627 3106 1681; x_wconf 92' lang='lat' dir='ltr'><strong>denuo</strong></span> <span class='ocrx_word' id='word_1_336' title='bbox 3161 1625 3503 1680; x_wconf 86' lang='lat' dir='ltr'><strong>renascaminl.</strong></span> <span class='ocrx_word' id='word_1_337' title='bbox 3535 1623 3610 1689; x_wconf 83' lang='lat' dir='ltr'><strong>Qui</strong></span> 
     </span>
    </p>
   </div>
   <div class='ocr_carea' id='block_1_46' title="bbox 2146 1715 3610 1789">
    <p class='ocr_par' dir='ltr' id='par_1_46' title="bbox 2146 1715 3610 1789">
     <span class='ocr_line' id='line_1_46' title="bbox 2146 1715 3610 1789; baseline -0.005 -15"><span class='ocrx_word' id='word_1_338' title='bbox 2146 1720 2287 1776; x_wconf 89' lang='lat' dir='ltr'><strong>enim</strong></span> <span class='ocrx_word' id='word_1_339' title='bbox 2320 1726 2670 1789; x_wconf 76' lang='lat' dir='ltr'><strong>regeneratus</strong></span> <span class='ocrx_word' id='word_1_340' title='bbox 2692 1717 2855 1771; x_wconf 88' lang='lat' dir='ltr'><strong>fuerit</strong></span> <span class='ocrx_word' id='word_1_341' title='bbox 2885 1732 2979 1785; x_wconf 87' lang='lat' dir='ltr'><strong>per</strong></span> <span class='ocrx_word' id='word_1_342' title='bbox 3008 1731 3219 1785; x_wconf 91' lang='lat' dir='ltr'><strong>aquam,</strong></span> <span class='ocrx_word' id='word_1_343' title='bbox 3247 1716 3391 1769; x_wconf 89' lang='lat' dir='ltr'><strong>bouis</strong></span> <span class='ocrx_word' id='word_1_344' title='bbox 3415 1715 3610 1784; x_wconf 80' lang='lat' dir='ltr'><strong>Operibus</strong></span> 
     </span>
    </p>
   </div>
   <div class='ocr_carea' id='block_1_47' title="bbox 2146 1805 3610 1879">
    <p class='ocr_par' dir='ltr' id='par_1_47' title="bbox 2146 1805 3610 1879">
     <span class='ocr_line' id='line_1_47' title="bbox 2146 1805 3610 1879; baseline -0.005 -16"><span class='ocrx_word' id='word_1_345' title='bbox 2146 1811 2403 1879; x_wconf 84' lang='lat' dir='ltr'><strong>repletus,</strong></span> <span class='ocrx_word' id='word_1_346' title='bbox 2452 1810 2626 1863; x_wconf 65' lang='lat' dir='ltr'><strong>haeres</strong></span> <span class='ocrx_word' id='word_1_347' title='bbox 2682 1808 2914 1863; x_wconf 87' lang='lat' dir='ltr'><strong>ellicitur</strong></span> <span class='ocrx_word' id='word_1_348' title='bbox 2945 1807 3065 1875; x_wconf 85' lang='lat' dir='ltr'><strong>ejus</strong></span> <span class='ocrx_word' id='word_1_349' title='bbox 3106 1822 3135 1859; x_wconf 90' lang='lat' dir='ltr'><strong>a</strong></span> <span class='ocrx_word' id='word_1_350' title='bbox 3179 1820 3281 1875; x_wconf 91' lang='lat' dir='ltr'><strong>quo</strong></span> <span class='ocrx_word' id='word_1_351' title='bbox 3320 1806 3368 1860; x_wconf 85' lang='lat' dir='ltr'><strong>in</strong></span> <span class='ocrx_word' id='word_1_352' title='bbox 3417 1805 3610 1858; x_wconf 85' lang='lat' dir='ltr'><strong>incorru-</strong></span> 
     </span>
    </p>
   </div>
   <div class='ocr_carea' id='block_1_48' title="bbox 2143 1892 3610 1976">
    <p class='ocr_par' dir='ltr' id='par_1_48' title="bbox 2143 1892 3610 1976">
     <span class='ocr_line' id='line_1_48' title="bbox 2143 1892 3610 1976; baseline -0.007 -23"><span class='ocrx_word' id='word_1_353' title='bbox 2143 1902 2323 1976; x_wconf 89' lang='lat' dir='ltr'><strong>ptione</strong></span> <span class='ocrx_word' id='word_1_354' title='bbox 2354 1906 2708 1973; x_wconf 83' lang='lat' dir='ltr'><strong>regeneratus</strong></span> <span class='ocrx_word' id='word_1_355' title='bbox 2749 1905 2853 1953; x_wconf 92' lang='lat' dir='ltr'><strong>est.</strong></span> <span class='ocrx_word' id='word_1_356' title='bbox 2886 1896 3113 1966; x_wconf 80' lang='lat' dir='ltr'><strong>Propter</strong></span> <span class='ocrx_word' id='word_1_357' title='bbox 3141 1895 3301 1966; x_wconf 92' lang='lat' dir='ltr'><strong>quod,</strong></span> <span class='ocrx_word' id='word_1_358' title='bbox 3331 1895 3507 1964; x_wconf 88' lang='lat' dir='ltr'><strong>paratis</strong></span> <span class='ocrx_word' id='word_1_359' title='bbox 3529 1892 3610 1944; x_wconf 65' lang='lat' dir='ltr'><strong>ani~</strong></span> 
     </span>
    </p>
   </div>
   <div class='ocr_carea' id='block_1_49' title="bbox 2142 1987 3610 2058">
    <p class='ocr_par' dir='ltr' id='par_1_49' title="bbox 2142 1987 3610 2058">
     <span class='ocr_line' id='line_1_49' title="bbox 2142 1987 3610 2058; baseline -0.006 -15"><span class='ocrx_word' id='word_1_360' title='bbox 2142 1991 2245 2045; x_wconf 86' lang='lat' dir='ltr'><strong>mis</strong></span> <span class='ocrx_word' id='word_1_361' title='bbox 2276 1989 2538 2053; x_wconf 90' lang='lat' dir='ltr'><strong>accedite,</strong></span> <span class='ocrx_word' id='word_1_362' title='bbox 2572 1988 2731 2058; x_wconf 86' lang='lat' dir='ltr'><strong>quasi</strong></span> <span class='ocrx_word' id='word_1_363' title='bbox 2768 1988 2867 2041; x_wconf 84' lang='lat' dir='ltr'><strong>filii</strong></span> <span class='ocrx_word' id='word_1_364' title='bbox 2909 1987 2974 2041; x_wconf 91' lang='lat' dir='ltr'><strong>ad</strong></span> <span class='ocrx_word' id='word_1_365' title='bbox 3003 1994 3226 2055; x_wconf 84' lang='lat' dir='ltr'><strong>patrem,</strong></span> <span class='ocrx_word' id='word_1_366' title='bbox 3259 1993 3314 2038; x_wconf 92' lang='lat' dir='ltr'><strong>ut</strong></span> <span class='ocrx_word' id='word_1_367' title='bbox 3338 1991 3527 2053; x_wconf 83' lang='lat' dir='ltr'><strong>peccata</strong></span> <span class='ocrx_word' id='word_1_368' title='bbox 3552 1998 3610 2035; x_wconf 81' lang='lat' dir='ltr'><strong>vc-</strong></span> 
     </span>
    </p>
   </div>
   <div class='ocr_carea' id='block_1_50' title="bbox 2143 2072 3610 2144">
    <p class='ocr_par' dir='ltr' id='par_1_50' title="bbox 2143 2072 3610 2144">
     <span class='ocr_line' id='line_1_50' title="bbox 2143 2072 3610 2144; baseline -0.006 -10"><span class='ocrx_word' id='word_1_369' title='bbox 2143 2090 2254 2134; x_wconf 90' lang='lat' dir='ltr'><strong>stra</strong></span> <span class='ocrx_word' id='word_1_370' title='bbox 2305 2079 2603 2144; x_wconf 86' lang='lat' dir='ltr'><strong>diluantur,</strong></span> <span class='ocrx_word' id='word_1_371' title='bbox 2657 2087 2713 2137; x_wconf 88' lang='lat' dir='ltr'><strong>et</strong></span> <span class='ocrx_word' id='word_1_372' title='bbox 2762 2093 2929 2132; x_wconf 86' lang='lat' dir='ltr'><strong>causa</strong></span> <span class='ocrx_word' id='word_1_373' title='bbox 2980 2093 3164 2132; x_wconf 90' lang='lat' dir='ltr'><strong>eorum</strong></span> <span class='ocrx_word' id='word_1_374' title='bbox 3217 2077 3325 2130; x_wconf 90' lang='lat' dir='ltr'><strong>sola</strong></span> <span class='ocrx_word' id='word_1_375' title='bbox 3376 2072 3610 2143; x_wconf 82' lang='lat' dir='ltr'><strong>ignorantia</strong></span> 
     </span>
    </p>
   </div>
   <div class='ocr_carea' id='block_1_51' title="bbox 2142 2163 3610 2242">
    <p class='ocr_par' dir='ltr' id='par_1_51' title="bbox 2142 2163 3610 2242">
     <span class='ocr_line' id='line_1_51' title="bbox 2142 2163 3610 2242; baseline -0.006 -20"><span class='ocrx_word' id='word_1_376' title='bbox 2142 2167 2313 2223; x_wconf 90' lang='lat' dir='ltr'><strong>fuisse</strong></span> <span class='ocrx_word' id='word_1_377' title='bbox 2344 2169 2600 2237; x_wconf 83' lang='lat' dir='ltr'><strong>probetur</strong></span> <span class='ocrx_word' id='word_1_378' title='bbox 2628 2169 2775 2242; x_wconf 89' lang='lat' dir='ltr'><strong>apud</strong></span> <span class='ocrx_word' id='word_1_379' title='bbox 2819 2168 3010 2224; x_wconf 89' lang='lat' dir='ltr'><strong>Deum.</strong></span> <span class='ocrx_word' id='word_1_380' title='bbox 3053 2166 3182 2220; x_wconf 89' lang='lat' dir='ltr'><strong>Nam</strong></span> <span class='ocrx_word' id='word_1_381' title='bbox 3215 2167 3256 2220; x_wconf 91' lang='lat' dir='ltr'><strong>si</strong></span> <span class='ocrx_word' id='word_1_382' title='bbox 3298 2172 3408 2236; x_wconf 90' lang='lat' dir='ltr'><strong>post</strong></span> <span class='ocrx_word' id='word_1_383' title='bbox 3442 2163 3610 2233; x_wconf 87' lang='lat' dir='ltr'><strong>agnitio-</strong></span> 
     </span>
    </p>
   </div>
   <div class='ocr_carea' id='block_1_52' title="bbox 2142 2252 3610 2333">
    <p class='ocr_par' dir='ltr' id='par_1_52' title="bbox 2142 2252 3610 2333">
     <span class='ocr_line' id='line_1_52' title="bbox 2142 2252 3610 2333; baseline -0.008 -21"><span class='ocrx_word' id='word_1_384' title='bbox 2142 2274 2264 2317; x_wconf 87' lang='lat' dir='ltr'><strong>nem</strong></span> <span class='ocrx_word' id='word_1_385' title='bbox 2294 2260 2485 2315; x_wconf 89' lang='lat' dir='ltr'><strong>horum</strong></span> <span class='ocrx_word' id='word_1_386' title='bbox 2516 2259 2850 2333; x_wconf 87' lang='lat' dir='ltr'><strong>permanetis</strong></span> <span class='ocrx_word' id='word_1_387' title='bbox 2881 2260 2937 2319; x_wconf 86' lang='lat' dir='ltr'><strong>in</strong></span> <span class='ocrx_word' id='word_1_388' title='bbox 2977 2257 3361 2317; x_wconf 86' lang='lat' dir='ltr'><strong>incredulitate,</strong></span> <span class='ocrx_word' id='word_1_389' title='bbox 3388 2254 3518 2308; x_wconf 80' lang='lat' dir='ltr'><strong>vobis</strong></span> <span class='ocrx_word' id='word_1_390' title='bbox 3535 2252 3610 2319; x_wconf 85' lang='lat' dir='ltr'><strong>jam</strong></span> 
     </span>
    </p>
   </div>
   <div class='ocr_carea' id='block_1_53' title="bbox 2142 2344 3610 2425">
    <p class='ocr_par' dir='ltr' id='par_1_53' title="bbox 2142 2344 3610 2425">
     <span class='ocr_line' id='line_1_53' title="bbox 2142 2344 3610 2425; baseline -0.005 -24"><span class='ocrx_word' id='word_1_391' title='bbox 2142 2349 2460 2425; x_wconf 88' lang='lat' dir='ltr'><strong>perditionis</strong></span> <span class='ocrx_word' id='word_1_392' title='bbox 2489 2360 2686 2405; x_wconf 67' lang='lat' dir='ltr'><strong>vestrae</strong></span> <span class='ocrx_word' id='word_1_393' title='bbox 2724 2344 2917 2415; x_wconf 77' lang='lat' dir='ltr'><strong>cauSa,</strong></span> <span class='ocrx_word' id='word_1_394' title='bbox 2946 2357 3001 2406; x_wconf 87' lang='lat' dir='ltr'><strong>et</strong></span> <span class='ocrx_word' id='word_1_395' title='bbox 3024 2364 3132 2403; x_wconf 87' lang='lat' dir='ltr'><strong>non</strong></span> <span class='ocrx_word' id='word_1_396' title='bbox 3162 2345 3473 2419; x_wconf 65' lang='lat' dir='ltr'><strong>ignorantiae,</strong></span> <span class='ocrx_word' id='word_1_397' title='bbox 3499 2356 3610 2410; x_wconf 84' lang='lat' dir='ltr'><strong>repu-</strong></span> 
     </span>
    </p>
   </div>
   <div class='ocr_carea' id='block_1_54' title="bbox 2076 1763 2120 1822">
    <p class='ocr_par' dir='ltr' id='par_1_54' title="bbox 2076 1763 2120 1822">
     <span class='ocr_line' id='line_1_54' title="bbox 2076 1763 2120 1822; baseline 0 -4"><span class='ocrx_word' id='word_1_398' title='bbox 2076 1763 2120 1822; x_wconf 87' lang='lat' dir='ltr'><strong>B</strong></span> 
     </span>
    </p>
   </div>
   <div class='ocr_carea' id='block_1_55' title="bbox 2143 2434 3610 2514">
    <p class='ocr_par' dir='ltr' id='par_1_55' title="bbox 2143 2434 3610 2514">
     <span class='ocr_line' id='line_1_55' title="bbox 2143 2434 3610 2514; baseline -0.007 -21"><span class='ocrx_word' id='word_1_399' title='bbox 2143 2441 2363 2497; x_wconf 90' lang='lat' dir='ltr'><strong>tabitur.</strong></span> <span class='ocrx_word' id='word_1_400' title='bbox 2394 2439 2504 2495; x_wconf 84' lang='lat' dir='ltr'><strong>Nec</strong></span> <span class='ocrx_word' id='word_1_401' title='bbox 2538 2443 2765 2513; x_wconf 89' lang='lat' dir='ltr'><strong>putetis,</strong></span> <span class='ocrx_word' id='word_1_402' title='bbox 2808 2440 2957 2514; x_wconf 89' lang='lat' dir='ltr'><strong>quod</strong></span> <span class='ocrx_word' id='word_1_403' title='bbox 2998 2440 3212 2493; x_wconf 83' lang='lat' dir='ltr'><strong>etiamsi</strong></span> <span class='ocrx_word' id='word_1_404' title='bbox 3266 2452 3455 2490; x_wconf 89' lang='lat' dir='ltr'><strong>omnem</strong></span> <span class='ocrx_word' id='word_1_405' title='bbox 3487 2434 3610 2501; x_wconf 69' lang='lat' dir='ltr'><strong>pieta~</strong></span> 
     </span>
    </p>
   </div>
   <div class='ocr_carea' id='block_1_56' title="bbox 2141 2527 3610 2604">
    <p class='ocr_par' dir='ltr' id='par_1_56' title="bbox 2141 2527 3610 2604">
     <span class='ocr_line' id='line_1_56' title="bbox 2141 2527 3610 2604; baseline -0.013 -14"><span class='ocrx_word' id='word_1_406' title='bbox 2141 2539 2249 2590; x_wconf 78' lang='lat' dir='ltr'><strong>tetn</strong></span> <span class='ocrx_word' id='word_1_407' title='bbox 2277 2532 2491 2596; x_wconf 83' lang='lat' dir='ltr'><strong>colatis,</strong></span> <span class='ocrx_word' id='word_1_408' title='bbox 2519 2547 2848 2603; x_wconf 91' lang='lat' dir='ltr'><strong>omnemque</strong></span> <span class='ocrx_word' id='word_1_409' title='bbox 2878 2529 3168 2604; x_wconf 72' lang='lat' dir='ltr'><strong>justitiam,</strong></span> <span class='ocrx_word' id='word_1_410' title='bbox 3201 2527 3493 2595; x_wconf 84' lang='lat' dir='ltr'><strong>baptismum</strong></span> <span class='ocrx_word' id='word_1_411' title='bbox 3524 2534 3610 2574; x_wconf 64' lang='lat' dir='ltr'><strong>vere</strong></span> 
     </span>
    </p>
   </div>
   <div class='ocr_carea' id='block_1_57' title="bbox 2140 2612 3610 2693">
    <p class='ocr_par' dir='ltr' id='par_1_57' title="bbox 2140 2612 3610 2693">
     <span class='ocr_line' id='line_1_57' title="bbox 2140 2612 3610 2693; baseline -0.005 -15"><span class='ocrx_word' id='word_1_412' title='bbox 2140 2638 2250 2681; x_wconf 86' lang='lat' dir='ltr'><strong>non</strong></span> <span class='ocrx_word' id='word_1_413' title='bbox 2290 2624 2597 2693; x_wconf 89' lang='lat' dir='ltr'><strong>accipiatis,</strong></span> <span class='ocrx_word' id='word_1_414' title='bbox 2630 2639 2785 2693; x_wconf 90' lang='lat' dir='ltr'><strong>spem</strong></span> <span class='ocrx_word' id='word_1_415' title='bbox 2824 2622 3052 2693; x_wconf 89' lang='lat' dir='ltr'><strong>possitis</strong></span> <span class='ocrx_word' id='word_1_416' title='bbox 3096 2620 3288 2674; x_wconf 88' lang='lat' dir='ltr'><strong>habere</strong></span> <span class='ocrx_word' id='word_1_417' title='bbox 3321 2614 3444 2685; x_wconf 89' lang='lat' dir='ltr'><strong>apud</strong></span> <span class='ocrx_word' id='word_1_418' title='bbox 3470 2612 3610 2670; x_wconf 74' lang='lat' dir='ltr'><strong>Deum;</strong></span> 
     </span>
    </p>
   </div>
   <div class='ocr_carea' id='block_1_58' title="bbox 2143 2709 3609 2784">
    <p class='ocr_par' dir='ltr' id='par_1_58' title="bbox 2143 2709 3609 2784">
     <span class='ocr_line' id='line_1_58' title="bbox 2143 2709 3609 2784; baseline -0.012 -17"><span class='ocrx_word' id='word_1_419' title='bbox 2143 2713 2250 2769; x_wconf 89' lang='lat' dir='ltr'><strong>imo</strong></span> <span class='ocrx_word' id='word_1_420' title='bbox 2277 2714 2481 2784; x_wconf 83' lang='lat' dir='ltr'><strong>majore</strong></span> <span class='ocrx_word' id='word_1_421' title='bbox 2520 2730 2682 2784; x_wconf 64' lang='lat' dir='ltr'><strong>paena</strong></span> <span class='ocrx_word' id='word_1_422' title='bbox 2718 2712 2870 2784; x_wconf 88' lang='lat' dir='ltr'><strong>digni</strong></span> <span class='ocrx_word' id='word_1_423' title='bbox 2900 2712 3078 2778; x_wconf 89' lang='lat' dir='ltr'><strong>eritis,</strong></span> <span class='ocrx_word' id='word_1_424' title='bbox 3111 2710 3202 2780; x_wconf 90' lang='lat' dir='ltr'><strong>qui</strong></span> <span class='ocrx_word' id='word_1_425' title='bbox 3228 2709 3359 2762; x_wconf 90' lang='lat' dir='ltr'><strong>bona</strong></span> <span class='ocrx_word' id='word_1_426' title='bbox 3384 2718 3519 2773; x_wconf 76' lang='lat' dir='ltr'><strong>opera</strong></span> <span class='ocrx_word' id='word_1_427' title='bbox 3543 2714 3609 2751; x_wconf 27' lang='lat' dir='ltr'><strong>n01.</strong></span> 
     </span>
    </p>
   </div>
   <div class='ocr_carea' id='block_1_59' title="bbox 2139 2790 3610 2873">
    <p class='ocr_par' dir='ltr' id='par_1_59' title="bbox 2139 2790 3610 2873">
     <span class='ocr_line' id='line_1_59' title="bbox 2139 2790 3610 2873; baseline -0.014 -11"><span class='ocrx_word' id='word_1_428' title='bbox 2139 2803 2275 2862; x_wconf 81' lang='lat' dir='ltr'><strong>bene</strong></span> <span class='ocrx_word' id='word_1_429' title='bbox 2324 2804 2528 2873; x_wconf 89' lang='lat' dir='ltr'><strong>operati</strong></span> <span class='ocrx_word' id='word_1_430' title='bbox 2567 2804 2727 2860; x_wconf 85' lang='lat' dir='ltr'><strong>estis.</strong></span> <span class='ocrx_word' id='word_1_431' title='bbox 2776 2802 3076 2858; x_wconf 88' lang='lat' dir='ltr'><strong>Confertur</strong></span> <span class='ocrx_word' id='word_1_432' title='bbox 3106 2801 3245 2857; x_wconf 89' lang='lat' dir='ltr'><strong>enim</strong></span> <span class='ocrx_word' id='word_1_433' title='bbox 3292 2796 3510 2851; x_wconf 87' lang='lat' dir='ltr'><strong>meritum</strong></span> <span class='ocrx_word' id='word_1_434' title='bbox 3547 2790 3610 2843; x_wconf 73' lang='lat' dir='ltr'><strong>bo</strong></span> 
     </span>
    </p>
   </div>
   <div class='ocr_carea' id='block_1_60' title="bbox 2141 2884 3610 2965">
    <p class='ocr_par' dir='ltr' id='par_1_60' title="bbox 2141 2884 3610 2965">
     <span class='ocr_line' id='line_1_60' title="bbox 2141 2884 3610 2965; baseline 0.001 -17"><span class='ocrx_word' id='word_1_435' title='bbox 2141 2896 2275 2954; x_wconf 91' lang='lat' dir='ltr'><strong>mini</strong></span> <span class='ocrx_word' id='word_1_436' title='bbox 2323 2910 2389 2953; x_wconf 82' lang='lat' dir='ltr'><strong>ex</strong></span> <span class='ocrx_word' id='word_1_437' title='bbox 2424 2895 2583 2953; x_wconf 86' lang='lat' dir='ltr'><strong>bonis</strong></span> <span class='ocrx_word' id='word_1_438' title='bbox 2624 2896 2832 2965; x_wconf 86' lang='lat' dir='ltr'><strong>gestis;</strong></span> <span class='ocrx_word' id='word_1_439' title='bbox 2878 2895 2975 2950; x_wconf 91' lang='lat' dir='ltr'><strong>sed</strong></span> <span class='ocrx_word' id='word_1_440' title='bbox 3018 2894 3067 2950; x_wconf 90' lang='lat' dir='ltr'><strong>si</strong></span> <span class='ocrx_word' id='word_1_441' title='bbox 3108 2893 3184 2949; x_wconf 90' lang='lat' dir='ltr'><strong>ita</strong></span> <span class='ocrx_word' id='word_1_442' title='bbox 3226 2896 3474 2962; x_wconf 69' lang='lat' dir='ltr'><strong>gerantur.</strong></span> <span class='ocrx_word' id='word_1_443' title='bbox 3516 2884 3610 2936; x_wconf 70' lang='grc' dir='ltr'><strong>θίεω</strong></span> 
     </span>
    </p>
   </div>
   <div class='ocr_carea' id='block_1_61' title="bbox 2143 2980 3610 3056">
    <p class='ocr_par' dir='ltr' id='par_1_61' title="bbox 2143 2980 3610 3056">
     <span class='ocr_line' id='line_1_61' title="bbox 2143 2980 3610 3056; baseline -0.014 -11"><span class='ocrx_word' id='word_1_444' title='bbox 2143 2984 2284 3044; x_wconf 88' lang='lat' dir='ltr'><strong>Deus</strong></span> <span class='ocrx_word' id='word_1_445' title='bbox 2307 2986 2485 3056; x_wconf 81' lang='lat' dir='ltr'><strong>jubet.</strong></span> <span class='ocrx_word' id='word_1_446' title='bbox 2516 2986 2660 3041; x_wconf 90' lang='lat' dir='ltr'><strong>Deus</strong></span> <span class='ocrx_word' id='word_1_447' title='bbox 2692 2993 2877 3043; x_wconf 89' lang='lat' dir='ltr'><strong>autem</strong></span> <span class='ocrx_word' id='word_1_448' title='bbox 2900 2986 3089 3056; x_wconf 81' lang='lat' dir='ltr'><strong>jussit,</strong></span> <span class='ocrx_word' id='word_1_449' title='bbox 3113 2998 3318 3039; x_wconf 88' lang='lat' dir='ltr'><strong>omnem</strong></span> <span class='ocrx_word' id='word_1_450' title='bbox 3345 2980 3563 3034; x_wconf 84' lang='lat' dir='ltr'><strong>colentem</strong></span> <span class='ocrx_word' id='word_1_451' title='bbox 3583 2989 3610 3025; x_wconf 63' lang='grc' dir='ltr'><strong>ει</strong></span> 
     </span>
    </p>
   </div>
   <div class='ocr_carea' id='block_1_62' title="bbox 502 3067 3605 3153">
    <p class='ocr_par' dir='ltr' id='par_1_62' title="bbox 502 3067 3605 3153">
     <span class='ocr_line' id='line_1_62' title="bbox 502 3067 3605 3153; baseline -0.005 -24"><span class='ocrx_word' id='word_1_452' title='bbox 502 3073 745 3131; x_wconf 72' lang='lat' dir='ltr'><strong>animm</strong></span> <span class='ocrx_word' id='word_1_453' title='bbox 770 3073 841 3131; x_wconf 71' lang='lat' dir='ltr'><strong>ad,</strong></span> <span class='ocrx_word' id='word_1_454' title='bbox 866 3072 1266 3131; x_wconf 82' lang='lat' dir='ltr'><strong>discutiendum</strong></span> <span class='ocrx_word' id='word_1_455' title='bbox 1294 3074 1554 3130; x_wconf 86' lang='lat' dir='ltr'><strong>noluistis</strong></span> <span class='ocrx_word' id='word_1_456' title='bbox 1586 3075 1900 3145; x_wconf 86' lang='lat' dir='ltr'><strong>intendere;</strong></span> <span class='ocrx_word' id='word_1_457' title='bbox 1929 3095 2040 3139; x_wconf 69' lang='lat' dir='ltr'><strong>cer-</strong></span> <span class='ocrx_word' id='word_1_458' title='bbox 2064 3070 2104 3126; x_wconf 87' lang='lat' dir='ltr'><strong><em>C</em></strong></span> <span class='ocrx_word' id='word_1_459' title='bbox 2137 3076 2407 3153; x_wconf 85' lang='lat' dir='ltr'><strong>baptismo</strong></span> <span class='ocrx_word' id='word_1_460' title='bbox 2454 3077 2792 3146; x_wconf 83' lang='lat' dir='ltr'><strong>consignari.</strong></span> <span class='ocrx_word' id='word_1_461' title='bbox 2818 3077 2841 3108; x_wconf 84' lang='grc'><strong>⁸</strong></span> <span class='ocrx_word' id='word_1_462' title='bbox 2864 3075 3021 3143; x_wconf 87' lang='lat' dir='ltr'><strong>Quod</strong></span> <span class='ocrx_word' id='word_1_463' title='bbox 3062 3076 3109 3131; x_wconf 91' lang='lat' dir='ltr'><strong>si</strong></span> <span class='ocrx_word' id='word_1_464' title='bbox 3140 3090 3237 3129; x_wconf 89' lang='lat' dir='ltr'><strong>vos</strong></span> <span class='ocrx_word' id='word_1_465' title='bbox 3282 3067 3546 3130; x_wconf 87' lang='lat' dir='ltr'><strong>renueritis,</strong></span> <span class='ocrx_word' id='word_1_466' title='bbox 3583 3080 3605 3115; x_wconf 94' lang='lat' dir='ltr'><strong>u</strong></span> 
     </span>
    </p>
   </div>
   <div class='ocr_carea' id='block_1_63' title="bbox 504 3162 2041 3234">
    <p class='ocr_par' dir='ltr' id='par_1_63' title="bbox 504 3162 2041 3234">
     <span class='ocr_line' id='line_1_63' title="bbox 504 3162 2041 3234; baseline 0.004 -16"><span class='ocrx_word' id='word_1_467' title='bbox 504 3174 616 3219; x_wconf 90' lang='lat' dir='ltr'><strong>tum</strong></span> <span class='ocrx_word' id='word_1_468' title='bbox 648 3170 753 3227; x_wconf 83' lang='lat' dir='ltr'><strong>est,</strong></span> <span class='ocrx_word' id='word_1_469' title='bbox 782 3163 910 3234; x_wconf 82' lang='lat' dir='ltr'><strong>quia</strong></span> <span class='ocrx_word' id='word_1_470' title='bbox 946 3163 1002 3216; x_wconf 91' lang='lat' dir='ltr'><strong>in</strong></span> <span class='ocrx_word' id='word_1_471' title='bbox 1032 3164 1304 3233; x_wconf 90' lang='lat' dir='ltr'><strong>agnitione</strong></span> <span class='ocrx_word' id='word_1_472' title='bbox 1334 3162 1426 3218; x_wconf 92' lang='lat' dir='ltr'><strong>Dei</strong></span> <span class='ocrx_word' id='word_1_473' title='bbox 1456 3164 1699 3233; x_wconf 91' lang='lat' dir='ltr'><strong>impediti</strong></span> <span class='ocrx_word' id='word_1_474' title='bbox 1740 3168 1892 3232; x_wconf 84' lang='lat' dir='ltr'><strong>estis,</strong></span> <span class='ocrx_word' id='word_1_475' title='bbox 1933 3186 2041 3224; x_wconf 89' lang='lat' dir='ltr'><strong>non</strong></span> 
     </span>
    </p>
   </div>
   <div class='ocr_carea' id='block_1_64' title="bbox 501 3253 2040 3323">
    <p class='ocr_par' dir='ltr' id='par_1_64' title="bbox 501 3253 2040 3323">
     <span class='ocr_line' id='line_1_64' title="bbox 501 3253 2040 3323; baseline 0.003 -15"><span class='ocrx_word' id='word_1_476' title='bbox 501 3253 975 3323; x_wconf 87' lang='lat' dir='ltr'><strong>impossibilitatis,</strong></span> <span class='ocrx_word' id='word_1_477' title='bbox 1007 3253 1103 3308; x_wconf 87' lang='lat' dir='ltr'><strong>sed</strong></span> <span class='ocrx_word' id='word_1_478' title='bbox 1135 3253 1361 3323; x_wconf 64' lang='lat' dir='ltr'><strong>ignaviae</strong></span> <span class='ocrx_word' id='word_1_479' title='bbox 1389 3254 1557 3321; x_wconf 87' lang='lat' dir='ltr'><strong>vitio;</strong></span> <span class='ocrx_word' id='word_1_480' title='bbox 1591 3270 1717 3309; x_wconf 90' lang='lat' dir='ltr'><strong>nam</strong></span> <span class='ocrx_word' id='word_1_481' title='bbox 1753 3257 1799 3312; x_wconf 90' lang='lat' dir='ltr'><strong>si</strong></span> <span class='ocrx_word' id='word_1_482' title='bbox 1840 3258 2040 3320; x_wconf 88' lang='lat' dir='ltr'><strong>voluis-</strong></span> 
     </span>
    </p>
   </div>
   <div class='ocr_carea' id='block_1_65' title="bbox 504 3342 2041 3416">
    <p class='ocr_par' dir='ltr' id='par_1_65' title="bbox 504 3342 2041 3416">
     <span class='ocr_line' id='line_1_65' title="bbox 504 3342 2041 3416; baseline 0.003 -18"><span class='ocrx_word' id='word_1_483' title='bbox 504 3342 655 3408; x_wconf 88' lang='lat' dir='ltr'><strong>setis,</strong></span> <span class='ocrx_word' id='word_1_484' title='bbox 677 3358 745 3400; x_wconf 80' lang='lat' dir='ltr'><strong>ex</strong></span> <span class='ocrx_word' id='word_1_485' title='bbox 773 3342 860 3401; x_wconf 84' lang='lat' dir='ltr'><strong>his</strong></span> <span class='ocrx_word' id='word_1_486' title='bbox 886 3342 1020 3412; x_wconf 88' lang='lat' dir='ltr'><strong>ipsis</strong></span> <span class='ocrx_word' id='word_1_487' title='bbox 1043 3343 1326 3402; x_wconf 86' lang='lat' dir='ltr'><strong>inutilibus</strong></span> <span class='ocrx_word' id='word_1_488' title='bbox 1358 3343 1663 3399; x_wconf 84' lang='lat' dir='ltr'><strong>simulacris</strong></span> <span class='ocrx_word' id='word_1_489' title='bbox 1691 3346 1929 3416; x_wconf 88' lang='lat' dir='ltr'><strong>profecto</strong></span> <span class='ocrx_word' id='word_1_490' title='bbox 1951 3364 2041 3405; x_wconf 89' lang='lat' dir='ltr'><strong>ac-</strong></span> 
     </span>
    </p>
   </div>
   <div class='ocr_carea' id='block_1_66' title="bbox 502 3432 2040 3508">
    <p class='ocr_par' dir='ltr' id='par_1_66' title="bbox 502 3432 2040 3508">
     <span class='ocr_line' id='line_1_66' title="bbox 502 3432 2040 3508; baseline 0.003 -20"><span class='ocrx_word' id='word_1_491' title='bbox 502 3432 782 3504; x_wconf 88' lang='lat' dir='ltr'><strong>cepissetis</strong></span> <span class='ocrx_word' id='word_1_492' title='bbox 831 3432 1197 3504; x_wconf 66' lang='lat' dir='ltr'><strong>intelligentia</strong></span> <span class='ocrx_word' id='word_1_493' title='bbox 1240 3434 1402 3491; x_wconf 88' lang='lat' dir='ltr'><strong>viam.</strong></span> <span class='ocrx_word' id='word_1_494' title='bbox 1443 3432 1465 3464; x_wconf 72' lang='grc' dir='ltr'>δ</span> <span class='ocrx_word' id='word_1_495' title='bbox 1506 3434 1721 3497; x_wconf 82' lang='lat' dir='ltr'><strong>Certum</strong></span> <span class='ocrx_word' id='word_1_496' title='bbox 1754 3444 1867 3504; x_wconf 83' lang='lat' dir='ltr'><strong>est,</strong></span> <span class='ocrx_word' id='word_1_497' title='bbox 1915 3441 2040 3508; x_wconf 91' lang='lat' dir='ltr'><strong>quia</strong></span> 
     </span>
    </p>
   </div>
   <div class='ocr_carea' id='block_1_67' title="bbox 506 3523 2040 3597">
    <p class='ocr_par' dir='ltr' id='par_1_67' title="bbox 506 3523 2040 3597">
     <span class='ocr_line' id='line_1_67' title="bbox 506 3523 2040 3597; baseline 0.003 -18"><span class='ocrx_word' id='word_1_498' title='bbox 506 3539 601 3595; x_wconf 88' lang='lat' dir='ltr'><strong>per</strong></span> <span class='ocrx_word' id='word_1_499' title='bbox 629 3523 833 3580; x_wconf 89' lang='lat' dir='ltr'><strong>ferrum</strong></span> <span class='ocrx_word' id='word_1_500' title='bbox 860 3523 998 3581; x_wconf 86' lang='lat' dir='ltr'><strong>facta</strong></span> <span class='ocrx_word' id='word_1_501' title='bbox 1028 3531 1155 3582; x_wconf 89' lang='lat' dir='ltr'><strong>sunt</strong></span> <span class='ocrx_word' id='word_1_502' title='bbox 1181 3524 1502 3591; x_wconf 87' lang='lat' dir='ltr'><strong>simulacra;</strong></span> <span class='ocrx_word' id='word_1_503' title='bbox 1533 3524 1733 3585; x_wconf 90' lang='lat' dir='ltr'><strong>ferrum</strong></span> <span class='ocrx_word' id='word_1_504' title='bbox 1776 3543 1902 3586; x_wconf 89' lang='lat' dir='ltr'><strong>vero</strong></span> <span class='ocrx_word' id='word_1_505' title='bbox 1947 3545 2040 3597; x_wconf 89' lang='lat' dir='ltr'><strong>per</strong></span> 
     </span>
    </p>
   </div>
   <div class='ocr_carea' id='block_1_68' title="bbox 502 3614 2036 3688">
    <p class='ocr_par' dir='ltr' id='par_1_68' title="bbox 502 3614 2036 3688">
     <span class='ocr_line' id='line_1_68' title="bbox 502 3614 2036 3688; baseline 0.001 -19"><span class='ocrx_word' id='word_1_506' title='bbox 502 3616 676 3685; x_wconf 81' lang='lat' dir='ltr'><strong>ignem</strong></span> <span class='ocrx_word' id='word_1_507' title='bbox 698 3614 1007 3671; x_wconf 85' lang='lat' dir='ltr'><strong>confectum</strong></span> <span class='ocrx_word' id='word_1_508' title='bbox 1038 3622 1144 3679; x_wconf 84' lang='lat' dir='ltr'><strong>est,</strong></span> <span class='ocrx_word' id='word_1_509' title='bbox 1174 3614 1267 3688; x_wconf 90' lang='lat' dir='ltr'><strong>qui</strong></span> <span class='ocrx_word' id='word_1_510' title='bbox 1302 3614 1444 3685; x_wconf 91' lang='lat' dir='ltr'><strong>ignis</strong></span> <span class='ocrx_word' id='word_1_511' title='bbox 1471 3629 1611 3683; x_wconf 86' lang='lat' dir='ltr'><strong>aqua</strong></span> <span class='ocrx_word' id='word_1_512' title='bbox 1641 3616 2036 3687; x_wconf 75' lang='lat' dir='ltr'><strong>exstinguitur;</strong></span> 
     </span>
    </p>
   </div>
   <div class='ocr_carea' id='block_1_69' title="bbox 501 3703 2035 3775">
    <p class='ocr_par' dir='ltr' id='par_1_69' title="bbox 501 3703 2035 3775">
     <span class='ocr_line' id='line_1_69' title="bbox 501 3703 2035 3775; baseline 0.001 -17"><span class='ocrx_word' id='word_1_513' title='bbox 501 3720 640 3773; x_wconf 77' lang='lat' dir='ltr'><strong>aqua</strong></span> <span class='ocrx_word' id='word_1_514' title='bbox 669 3711 847 3761; x_wconf 80' lang='lat' dir='ltr'><strong>autem</strong></span> <span class='ocrx_word' id='word_1_515' title='bbox 874 3718 971 3773; x_wconf 88' lang='lat' dir='ltr'><strong>per</strong></span> <span class='ocrx_word' id='word_1_516' title='bbox 1005 3703 1257 3775; x_wconf 88' lang='lat' dir='ltr'><strong>spiritum</strong></span> <span class='ocrx_word' id='word_1_517' title='bbox 1288 3714 1555 3768; x_wconf 87' lang='lat' dir='ltr'><strong>movetur,</strong></span> <span class='ocrx_word' id='word_1_518' title='bbox 1594 3705 1822 3773; x_wconf 79' lang='lat' dir='ltr'><strong>spiritus</strong></span> <span class='ocrx_word' id='word_1_519' title='bbox 1859 3714 2035 3760; x_wconf 89' lang='lat' dir='ltr'><strong>autem</strong></span> 
     </span>
    </p>
   </div>
   <div class='ocr_carea' id='block_1_70' title="bbox 500 3793 2034 3864">
    <p class='ocr_par' dir='ltr' id='par_1_70' title="bbox 500 3793 2034 3864">
     <span class='ocr_line' id='line_1_70' title="bbox 500 3793 2034 3864; baseline -0.001 -14"><span class='ocrx_word' id='word_1_520' title='bbox 500 3812 531 3850; x_wconf 85' lang='lat' dir='ltr'><strong>a</strong></span> <span class='ocrx_word' id='word_1_521' title='bbox 567 3795 677 3852; x_wconf 86' lang='lat' dir='ltr'><strong>Deo</strong></span> <span class='ocrx_word' id='word_1_522' title='bbox 721 3794 937 3853; x_wconf 85' lang='lat' dir='ltr'><strong>initium</strong></span> <span class='ocrx_word' id='word_1_523' title='bbox 990 3794 1168 3852; x_wconf 85' lang='lat' dir='ltr'><strong>habet.</strong></span> <span class='ocrx_word' id='word_1_524' title='bbox 1217 3793 1309 3852; x_wconf 82' lang='lat' dir='ltr'><strong>Sic</strong></span> <span class='ocrx_word' id='word_1_525' title='bbox 1353 3794 1496 3852; x_wconf 83' lang='lat' dir='ltr'><strong>enim</strong></span> <span class='ocrx_word' id='word_1_526' title='bbox 1531 3793 1668 3851; x_wconf 80' lang='lat' dir='ltr'><strong>dixit</strong></span> <span class='ocrx_word' id='word_1_527' title='bbox 1694 3793 1869 3850; x_wconf 75' lang='lat' dir='ltr'><strong>Moses</strong></span> <span class='ocrx_word' id='word_1_528' title='bbox 1904 3811 2034 3864; x_wconf 90' lang='lat' dir='ltr'><strong>pro-</strong></span> 
     </span>
    </p>
   </div>
   <div class='ocr_carea' id='block_1_71' title="bbox 501 3883 2031 3959">
    <p class='ocr_par' dir='ltr' id='par_1_71' title="bbox 501 3883 2031 3959">
     <span class='ocr_line' id='line_1_71' title="bbox 501 3883 2031 3959; baseline -0.001 -19"><span class='ocrx_word' id='word_1_529' title='bbox 501 3888 660 3959; x_wconf 79' lang='lat' dir='ltr'><strong>pheta</strong></span> <span class='ocrx_word' id='word_1_530' title='bbox 690 3905 707 3947; x_wconf 82' lang='lat'><strong>;</strong></span> <span class='ocrx_word' id='word_1_531' title='bbox 738 3884 806 3940; x_wconf 82' lang='lat' dir='ltr'><strong>In</strong></span> <span class='ocrx_word' id='word_1_532' title='bbox 844 3886 1098 3954; x_wconf 78' lang='lat' dir='ltr'><strong>principio</strong></span> <span class='ocrx_word' id='word_1_533' title='bbox 1145 3885 1266 3954; x_wconf 74' lang='lat' dir='ltr'><strong>fecit</strong></span> <span class='ocrx_word' id='word_1_534' title='bbox 1300 3883 1439 3943; x_wconf 73' lang='lat' dir='ltr'><strong>Deus</strong></span> <span class='ocrx_word' id='word_1_535' title='bbox 1490 3885 1673 3943; x_wconf 64' lang='lat' dir='ltr'><strong>catum</strong></span> <span class='ocrx_word' id='word_1_536' title='bbox 1721 3894 1771 3945; x_wconf 83' lang='lat' dir='ltr'><strong>et</strong></span> <span class='ocrx_word' id='word_1_537' title='bbox 1822 3897 2031 3942; x_wconf 83' lang='lat' dir='ltr'><strong>terram.</strong></span> 
     </span>
    </p>
   </div>
   <div class='ocr_carea' id='block_1_72' title="bbox 505 3974 2036 4043">
    <p class='ocr_par' dir='ltr' id='par_1_72' title="bbox 505 3974 2036 4043">
     <span class='ocr_line' id='line_1_72' title="bbox 505 3974 2036 4043; baseline -0.001 -13"><span class='ocrx_word' id='word_1_538' title='bbox 505 3978 663 4030; x_wconf 81' lang='lat' dir='ltr'><strong>Terra</strong></span> <span class='ocrx_word' id='word_1_539' title='bbox 688 3984 859 4033; x_wconf 75' lang='lat' dir='ltr'><strong>autem</strong></span> <span class='ocrx_word' id='word_1_540' title='bbox 884 3984 995 4031; x_wconf 80' lang='lat' dir='ltr'><strong>erat</strong></span> <span class='ocrx_word' id='word_1_541' title='bbox 1024 3975 1294 4031; x_wconf 70' lang='lat' dir='ltr'><strong>invisibilis</strong></span> <span class='ocrx_word' id='word_1_542' title='bbox 1334 3983 1383 4028; x_wconf 82' lang='lat' dir='ltr'><strong>et</strong></span> <span class='ocrx_word' id='word_1_543' title='bbox 1413 3974 1773 4043; x_wconf 80' lang='lat' dir='ltr'><strong>incomposita,</strong></span> <span class='ocrx_word' id='word_1_544' title='bbox 1802 3985 1851 4029; x_wconf 84' lang='lat' dir='ltr'><strong>et</strong></span> <span class='ocrx_word' id='word_1_545' title='bbox 1900 3986 2036 4039; x_wconf 76' lang='lat' dir='ltr'><strong>tene-</strong></span> 
     </span>
    </p>
   </div>
   <div class='ocr_carea' id='block_1_73' title="bbox 502 4059 2031 4137">
    <p class='ocr_par' dir='ltr' id='par_1_73' title="bbox 502 4059 2031 4137">
     <span class='ocr_line' id='line_1_73' title="bbox 502 4059 2031 4137; baseline 0.001 -20"><span class='ocrx_word' id='word_1_546' title='bbox 502 4066 606 4121; x_wconf 76' lang='lat' dir='ltr'><strong>brte</strong></span> <span class='ocrx_word' id='word_1_547' title='bbox 637 4075 785 4124; x_wconf 79' lang='lat' dir='ltr'><strong>erant</strong></span> <span class='ocrx_word' id='word_1_548' title='bbox 812 4080 964 4133; x_wconf 78' lang='lat' dir='ltr'><strong>super</strong></span> <span class='ocrx_word' id='word_1_549' title='bbox 992 4064 1178 4132; x_wconf 78' lang='lat' dir='ltr'><strong>{aciem</strong></span> <span class='ocrx_word' id='word_1_550' title='bbox 1207 4059 1404 4133; x_wconf 65' lang='lat' dir='ltr'><strong>abyséi,</strong></span> <span class='ocrx_word' id='word_1_551' title='bbox 1444 4075 1495 4124; x_wconf 77' lang='lat' dir='ltr'><strong>et</strong></span> <span class='ocrx_word' id='word_1_552' title='bbox 1527 4066 1745 4137; x_wconf 74' lang='lat' dir='ltr'><strong>spiritus</strong></span> <span class='ocrx_word' id='word_1_553' title='bbox 1791 4065 1889 4119; x_wconf 86' lang='lat' dir='ltr'><strong>Dei</strong></span> <span class='ocrx_word' id='word_1_554' title='bbox 1916 4076 2031 4120; x_wconf 87' lang='lat' dir='ltr'><strong>erat</strong></span> 
     </span>
    </p>
   </div>
   <div class='ocr_carea' id='block_1_74' title="bbox 500 4153 2034 4234">
    <p class='ocr_par' dir='ltr' id='par_1_74' title="bbox 500 4153 2034 4234">
     <span class='ocr_line' id='line_1_74' title="bbox 500 4153 2034 4234; baseline 0.001 -25"><span class='ocrx_word' id='word_1_555' title='bbox 500 4170 651 4223; x_wconf 76' lang='lat' dir='ltr'><strong>super</strong></span> <span class='ocrx_word' id='word_1_556' title='bbox 678 4170 841 4226; x_wconf 73' lang='grc' dir='ltr'><strong>αιιιιαε</strong></span> <span class='ocrx_word' id='word_1_557' title='bbox 871 4155 915 4208; x_wconf 86' lang='grc'><strong>⁸.</strong></span> <span class='ocrx_word' id='word_1_558' title='bbox 959 4153 1062 4223; x_wconf 87' lang='lat' dir='ltr'><strong>Qui</strong></span> <span class='ocrx_word' id='word_1_559' title='bbox 1117 4154 1340 4227; x_wconf 87' lang='lat' dir='ltr'><strong>spiritus</strong></span> <span class='ocrx_word' id='word_1_560' title='bbox 1380 4153 1473 4208; x_wconf 89' lang='lat' dir='ltr'><strong>Dei</strong></span> <span class='ocrx_word' id='word_1_561' title='bbox 1513 4154 1691 4224; x_wconf 87' lang='lat' dir='ltr'><strong>jussu,</strong></span> <span class='ocrx_word' id='word_1_562' title='bbox 1735 4155 1887 4226; x_wconf 89' lang='lat' dir='ltr'><strong>quasi</strong></span> <span class='ocrx_word' id='word_1_563' title='bbox 1920 4158 2034 4234; x_wconf 84' lang='lat' dir='ltr'><strong>ipsa</strong></span> 
     </span>
    </p>
   </div>
   <div class='ocr_carea' id='block_1_75' title="bbox 501 4243 2033 4314">
    <p class='ocr_par' dir='ltr' id='par_1_75' title="bbox 501 4243 2033 4314">
     <span class='ocr_line' id='line_1_75' title="bbox 501 4243 2033 4314; baseline 0.002 -15"><span class='ocrx_word' id='word_1_564' title='bbox 501 4261 693 4300; x_wconf 86' lang='lat' dir='ltr'><strong>manus</strong></span> <span class='ocrx_word' id='word_1_565' title='bbox 738 4243 1056 4307; x_wconf 84' lang='lat' dir='ltr'><strong>conditoris,</strong></span> <span class='ocrx_word' id='word_1_566' title='bbox 1102 4245 1274 4299; x_wconf 89' lang='lat' dir='ltr'><strong>lucem</strong></span> <span class='ocrx_word' id='word_1_567' title='bbox 1325 4247 1595 4314; x_wconf 84' lang='lat' dir='ltr'><strong>separavit</strong></span> <span class='ocrx_word' id='word_1_568' title='bbox 1628 4262 1657 4299; x_wconf 93' lang='lat' dir='ltr'><strong>a</strong></span> <span class='ocrx_word' id='word_1_569' title='bbox 1687 4248 1941 4309; x_wconf 88' lang='lat' dir='ltr'><strong>tenebris,</strong></span> <span class='ocrx_word' id='word_1_570' title='bbox 1979 4256 2033 4302; x_wconf 87' lang='lat' dir='ltr'><strong>et</strong></span> 
     </span>
    </p>
   </div>
   <div class='ocr_carea' id='block_1_76' title="bbox 2140 3154 3601 3238">
    <p class='ocr_par' dir='ltr' id='par_1_76' title="bbox 2140 3154 3601 3238">
     <span class='ocr_line' id='line_1_76' title="bbox 2140 3154 3601 3238; baseline -0.003 -20"><span class='ocrx_word' id='word_1_571' title='bbox 2140 3174 2332 3222; x_wconf 68' lang='lat' dir='ltr'><strong>vestrae</strong></span> <span class='ocrx_word' id='word_1_572' title='bbox 2368 3167 2636 3225; x_wconf 82' lang='lat' dir='ltr'><strong>voluntati</strong></span> <span class='ocrx_word' id='word_1_573' title='bbox 2670 3167 2870 3238; x_wconf 88' lang='lat' dir='ltr'><strong>magis,</strong></span> <span class='ocrx_word' id='word_1_574' title='bbox 2916 3183 3081 3236; x_wconf 89' lang='lat' dir='ltr'><strong>quam</strong></span> <span class='ocrx_word' id='word_1_575' title='bbox 3112 3164 3237 3228; x_wconf 88' lang='lat' dir='ltr'><strong>Dei,</strong></span> <span class='ocrx_word' id='word_1_576' title='bbox 3280 3154 3601 3228; x_wconf 59' lang='lat' dir='ltr'><strong>obtemperetis</strong></span> 
     </span>
    </p>
   </div>
   <div class='ocr_carea' id='block_1_77' title="bbox 2138 3248 3609 3316">
    <p class='ocr_par' dir='ltr' id='par_1_77' title="bbox 2138 3248 3609 3316">
     <span class='ocr_line' id='line_1_77' title="bbox 2138 3248 3609 3316; baseline -0.007 -4"><span class='ocrx_word' id='word_1_577' title='bbox 2138 3257 2397 3312; x_wconf 87' lang='lat' dir='ltr'><strong>contrarii</strong></span> <span class='ocrx_word' id='word_1_578' title='bbox 2426 3258 2543 3312; x_wconf 88' lang='lat' dir='ltr'><strong>sine</strong></span> <span class='ocrx_word' id='word_1_579' title='bbox 2574 3257 2748 3313; x_wconf 91' lang='lat' dir='ltr'><strong>dubio</strong></span> <span class='ocrx_word' id='word_1_580' title='bbox 2779 3265 2834 3312; x_wconf 93' lang='lat' dir='ltr'><strong>et</strong></span> <span class='ocrx_word' id='word_1_581' title='bbox 2865 3257 3076 3312; x_wconf 92' lang='lat' dir='ltr'><strong>inimici</strong></span> <span class='ocrx_word' id='word_1_582' title='bbox 3103 3256 3237 3311; x_wconf 88' lang='lat' dir='ltr'><strong>estis</strong></span> <span class='ocrx_word' id='word_1_583' title='bbox 3264 3251 3495 3311; x_wconf 87' lang='lat' dir='ltr'><strong>voluntati</strong></span> <span class='ocrx_word' id='word_1_584' title='bbox 3520 3248 3609 3316; x_wconf 83' lang='lat' dir='ltr'><strong>ejus</strong></span> 
     </span>
    </p>
   </div>
   <div class='ocr_carea' id='block_1_78' title="bbox 2140 3340 3610 3417">
    <p class='ocr_par' dir='ltr' id='par_1_78' title="bbox 2140 3340 3610 3417">
     <span class='ocr_line' id='line_1_78' title="bbox 2140 3340 3610 3417; baseline -0.004 -14"><span class='ocrx_word' id='word_1_585' title='bbox 2140 3346 2246 3403; x_wconf 88' lang='lat' dir='ltr'><strong>Sed</strong></span> <span class='ocrx_word' id='word_1_586' title='bbox 2273 3348 2453 3403; x_wconf 90' lang='lat' dir='ltr'><strong>dicitis</strong></span> <span class='ocrx_word' id='word_1_587' title='bbox 2482 3348 2751 3403; x_wconf 82' lang='lat' dir='ltr'><strong>fortasse:</strong></span> <span class='ocrx_word' id='word_1_588' title='bbox 2769 3347 2929 3414; x_wconf 87' lang='lat' dir='ltr'><strong>Quod</strong></span> <span class='ocrx_word' id='word_1_589' title='bbox 2961 3348 3176 3405; x_wconf 85' lang='lat' dir='ltr'><strong>confert</strong></span> <span class='ocrx_word' id='word_1_590' title='bbox 3214 3360 3359 3417; x_wconf 70' lang='lat' dir='ltr'><strong>aqua:</strong></span> <span class='ocrx_word' id='word_1_591' title='bbox 3387 3340 3610 3412; x_wconf 69' lang='lat' dir='ltr'><strong>baptism:</strong></span> 
     </span>
    </p>
   </div>
   <div class='ocr_carea' id='block_1_79' title="bbox 2137 3427 3610 3512">
    <p class='ocr_par' dir='ltr' id='par_1_79' title="bbox 2137 3427 3610 3512">
     <span class='ocr_line' id='line_1_79' title="bbox 2137 3427 3610 3512; baseline -0.006 -20"><span class='ocrx_word' id='word_1_592' title='bbox 2137 3440 2205 3493; x_wconf 87' lang='lat' dir='ltr'><strong>ad</strong></span> <span class='ocrx_word' id='word_1_593' title='bbox 2246 3438 2341 3495; x_wconf 89' lang='lat' dir='ltr'><strong>Dei</strong></span> <span class='ocrx_word' id='word_1_594' title='bbox 2390 3439 2636 3493; x_wconf 77' lang='lat' dir='ltr'><strong>cultura?</strong></span> <span class='ocrx_word' id='word_1_595' title='bbox 2685 3437 2877 3497; x_wconf 88' lang='lat' dir='ltr'><strong>Primo</strong></span> <span class='ocrx_word' id='word_1_596' title='bbox 2927 3440 3184 3512; x_wconf 91' lang='lat' dir='ltr'><strong>quidem,</strong></span> <span class='ocrx_word' id='word_1_597' title='bbox 3228 3438 3349 3508; x_wconf 90' lang='lat' dir='ltr'><strong>quia</strong></span> <span class='ocrx_word' id='word_1_598' title='bbox 3398 3431 3518 3503; x_wconf 91' lang='lat' dir='ltr'><strong>quod</strong></span> <span class='ocrx_word' id='word_1_599' title='bbox 3549 3427 3610 3480; x_wconf 77' lang='lat' dir='ltr'><strong>Det</strong></span> 
     </span>
    </p>
   </div>
   <div class='ocr_carea' id='block_1_80' title="bbox 2136 3527 3610 3601">
    <p class='ocr_par' dir='ltr' id='par_1_80' title="bbox 2136 3527 3610 3601">
     <span class='ocr_line' id='line_1_80' title="bbox 2136 3527 3610 3601; baseline -0.009 -19"><span class='ocrx_word' id='word_1_600' title='bbox 2136 3530 2368 3597; x_wconf 89' lang='lat' dir='ltr'><strong>placuit,</strong></span> <span class='ocrx_word' id='word_1_601' title='bbox 2421 3529 2703 3598; x_wconf 87' lang='lat' dir='ltr'><strong>impletur.</strong></span> <span class='ocrx_word' id='word_1_602' title='bbox 2763 3527 3046 3595; x_wconf 79' lang='lat' dir='ltr'><strong>Secundo,</strong></span> <span class='ocrx_word' id='word_1_603' title='bbox 3094 3530 3222 3601; x_wconf 88' lang='lat' dir='ltr'><strong>quia</strong></span> <span class='ocrx_word' id='word_1_604' title='bbox 3273 3530 3546 3596; x_wconf 88' lang='lat' dir='ltr'><strong>regenerato</strong></span> <span class='ocrx_word' id='word_1_605' title='bbox 3579 3533 3610 3570; x_wconf 74' lang='lat' dir='ltr'><strong>Ci</strong></span> 
     </span>
    </p>
   </div>
   <div class='ocr_carea' id='block_1_81' title="bbox 2137 3607 3608 3691">
    <p class='ocr_par' dir='ltr' id='par_1_81' title="bbox 2137 3607 3608 3691">
     <span class='ocr_line' id='line_1_81' title="bbox 2137 3607 3608 3691; baseline -0.009 -19"><span class='ocrx_word' id='word_1_606' title='bbox 2137 3619 2311 3687; x_wconf 83' lang='lat' dir='ltr'><strong>aquis,</strong></span> <span class='ocrx_word' id='word_1_607' title='bbox 2337 3628 2390 3677; x_wconf 91' lang='lat' dir='ltr'><strong>et</strong></span> <span class='ocrx_word' id='word_1_608' title='bbox 2419 3617 2528 3677; x_wconf 83' lang='lat' dir='ltr'><strong>Deo</strong></span> <span class='ocrx_word' id='word_1_609' title='bbox 2560 3628 2780 3683; x_wconf 89' lang='lat' dir='ltr'><strong>renato,</strong></span> <span class='ocrx_word' id='word_1_610' title='bbox 2844 3619 3117 3690; x_wconf 89' lang='lat' dir='ltr'><strong>fragilitas</strong></span> <span class='ocrx_word' id='word_1_611' title='bbox 3146 3617 3340 3691; x_wconf 88' lang='lat' dir='ltr'><strong>prioris</strong></span> <span class='ocrx_word' id='word_1_612' title='bbox 3374 3607 3608 3669; x_wconf 83' lang='lat' dir='ltr'><strong>nativitatis</strong></span> 
     </span>
    </p>
   </div>
   <div class='ocr_carea' id='block_1_82' title="bbox 2134 3709 3607 3785">
    <p class='ocr_par' dir='ltr' id='par_1_82' title="bbox 2134 3709 3607 3785">
     <span class='ocr_line' id='line_1_82' title="bbox 2134 3709 3607 3785; baseline -0.003 -17"><span class='ocrx_word' id='word_1_613' title='bbox 2134 3723 2253 3781; x_wconf 65' lang='lat' dir='ltr'><strong>quae</strong></span> <span class='ocrx_word' id='word_1_614' title='bbox 2290 3709 2445 3767; x_wconf 81' lang='lat' dir='ltr'><strong>vobis</strong></span> <span class='ocrx_word' id='word_1_615' title='bbox 2474 3725 2570 3785; x_wconf 82' lang='lat' dir='ltr'><strong>per</strong></span> <span class='ocrx_word' id='word_1_616' title='bbox 2612 3710 2897 3767; x_wconf 86' lang='lat' dir='ltr'><strong>hominem</strong></span> <span class='ocrx_word' id='word_1_617' title='bbox 2944 3710 3093 3767; x_wconf 87' lang='lat' dir='ltr'><strong>facta</strong></span> <span class='ocrx_word' id='word_1_618' title='bbox 3134 3716 3238 3772; x_wconf 87' lang='lat' dir='ltr'><strong>est,</strong></span> <span class='ocrx_word' id='word_1_619' title='bbox 3282 3710 3607 3775; x_wconf 57' lang='lat' dir='ltr'><strong>amputaturie</strong></span> 
     </span>
    </p>
   </div>
   <div class='ocr_carea' id='block_1_83' title="bbox 2138 3789 3610 3873">
    <p class='ocr_par' dir='ltr' id='par_1_83' title="bbox 2138 3789 3610 3873">
     <span class='ocr_line' id='line_1_83' title="bbox 2138 3789 3610 3873; baseline -0.01 -23"><span class='ocrx_word' id='word_1_620' title='bbox 2138 3798 2211 3850; x_wconf 91' lang='lat' dir='ltr'><strong>ita</strong></span> <span class='ocrx_word' id='word_1_621' title='bbox 2250 3798 2466 3853; x_wconf 85' lang='lat' dir='ltr'><strong>demum</strong></span> <span class='ocrx_word' id='word_1_622' title='bbox 2510 3800 2805 3868; x_wconf 83' lang='lat' dir='ltr'><strong>pervenire</strong></span> <span class='ocrx_word' id='word_1_623' title='bbox 2848 3800 3103 3873; x_wconf 84' lang='lat' dir='ltr'><strong>poteritis</strong></span> <span class='ocrx_word' id='word_1_624' title='bbox 3139 3799 3206 3853; x_wconf 84' lang='lat' dir='ltr'><strong>ad</strong></span> <span class='ocrx_word' id='word_1_625' title='bbox 3245 3798 3488 3853; x_wconf 89' lang='lat' dir='ltr'><strong>salutem:</strong></span> <span class='ocrx_word' id='word_1_626' title='bbox 3515 3789 3610 3841; x_wconf 65' lang='lat' dir='ltr'><strong>alite!</strong></span> 
     </span>
    </p>
   </div>
   <div class='ocr_carea' id='block_1_84' title="bbox 2134 3884 3610 3961">
    <p class='ocr_par' dir='ltr' id='par_1_84' title="bbox 2134 3884 3610 3961">
     <span class='ocr_line' id='line_1_84' title="bbox 2134 3884 3610 3961; baseline -0.005 -22"><span class='ocrx_word' id='word_1_627' title='bbox 2134 3888 2464 3961; x_wconf 82' lang='lat' dir='ltr'><strong>impossibile</strong></span> <span class='ocrx_word' id='word_1_628' title='bbox 2492 3895 2596 3942; x_wconf 90' lang='lat' dir='ltr'><strong>est.</strong></span> <span class='ocrx_word' id='word_1_629' title='bbox 2633 3888 2728 3943; x_wconf 83' lang='lat' dir='ltr'><strong>Sic</strong></span> <span class='ocrx_word' id='word_1_630' title='bbox 2775 3891 2924 3944; x_wconf 85' lang='lat' dir='ltr'><strong>enim</strong></span> <span class='ocrx_word' id='word_1_631' title='bbox 2974 3891 3135 3945; x_wconf 84' lang='lat' dir='ltr'><strong>nobis</strong></span> <span class='ocrx_word' id='word_1_632' title='bbox 3186 3904 3306 3944; x_wconf 88' lang='lat' dir='ltr'><strong>cum</strong></span> <span class='ocrx_word' id='word_1_633' title='bbox 3358 3884 3610 3942; x_wconf 58' lang='lat' dir='ltr'><strong>sacramenti</strong></span> 
     </span>
    </p>
   </div>
   <div class='ocr_carea' id='block_1_85' title="bbox 2132 3978 3608 4047">
    <p class='ocr_par' dir='ltr' id='par_1_85' title="bbox 2132 3978 3608 4047">
     <span class='ocr_line' id='line_1_85' title="bbox 2132 3978 3608 4047; baseline 0.003 -13"><span class='ocrx_word' id='word_1_634' title='bbox 2132 3993 2292 4035; x_wconf 87' lang='lat' dir='ltr'><strong>verus</strong></span> <span class='ocrx_word' id='word_1_635' title='bbox 2335 3978 2599 4047; x_wconf 90' lang='lat' dir='ltr'><strong>propheta</strong></span> <span class='ocrx_word' id='word_1_636' title='bbox 2631 3987 2877 4036; x_wconf 88' lang='lat' dir='ltr'><strong>testatus</strong></span> <span class='ocrx_word' id='word_1_637' title='bbox 2919 3989 3026 4047; x_wconf 90' lang='lat' dir='ltr'><strong>est,</strong></span> <span class='ocrx_word' id='word_1_638' title='bbox 3056 3981 3283 4035; x_wconf 89' lang='lat' dir='ltr'><strong>dicens:</strong></span> <span class='ocrx_word' id='word_1_639' title='bbox 3310 3978 3473 4037; x_wconf 65' lang='lat' dir='ltr'><strong>Amen.</strong></span> <span class='ocrx_word' id='word_1_640' title='bbox 3500 3983 3608 4023; x_wconf 75' lang='grc' dir='ltr'><strong>απιεπ</strong></span> 
     </span>
    </p>
   </div>
   <div class='ocr_carea' id='block_1_86' title="bbox 2131 4068 3610 4139">
    <p class='ocr_par' dir='ltr' id='par_1_86' title="bbox 2131 4068 3610 4139">
     <span class='ocr_line' id='line_1_86' title="bbox 2131 4068 3610 4139; baseline -0.003 -16"><span class='ocrx_word' id='word_1_641' title='bbox 2131 4068 2246 4123; x_wconf 79' lang='lat' dir='ltr'><strong>dico</strong></span> <span class='ocrx_word' id='word_1_642' title='bbox 2283 4068 2441 4131; x_wconf 81' lang='lat' dir='ltr'><strong>vobis,</strong></span> <span class='ocrx_word' id='word_1_643' title='bbox 2477 4070 2580 4121; x_wconf 86' lang='lat' dir='ltr'><strong>nisi</strong></span> <span class='ocrx_word' id='word_1_644' title='bbox 2627 4072 2750 4139; x_wconf 78' lang='lat' dir='ltr'><strong>quis</strong></span> <span class='ocrx_word' id='word_1_645' title='bbox 2791 4073 2965 4128; x_wconf 82' lang='lat' dir='ltr'><strong>denuo</strong></span> <span class='ocrx_word' id='word_1_646' title='bbox 3018 4082 3230 4127; x_wconf 81' lang='lat' dir='ltr'><strong>renatus</strong></span> <span class='ocrx_word' id='word_1_647' title='bbox 3273 4070 3418 4139; x_wconf 73' lang='lat' dir='ltr'><strong>fuerit</strong></span> <span class='ocrx_word' id='word_1_648' title='bbox 3445 4078 3498 4120; x_wconf 62' lang='lat' dir='ltr'><strong>ex</strong></span> <span class='ocrx_word' id='word_1_649' title='bbox 3529 4074 3610 4129; x_wconf 61' lang='lat' dir='ltr'><strong>tu]!t</strong></span> 
     </span>
    </p>
   </div>
   <div class='ocr_carea' id='block_1_87' title="bbox 2132 4157 3610 4233">
    <p class='ocr_par' dir='ltr' id='par_1_87' title="bbox 2132 4157 3610 4233">
     <span class='ocr_line' id='line_1_87' title="bbox 2132 4157 3610 4233; baseline -0.003 -20"><span class='ocrx_word' id='word_1_650' title='bbox 2132 4159 2263 4223; x_wconf 80' lang='lat' dir='ltr'><strong>viva,</strong></span> <span class='ocrx_word' id='word_1_651' title='bbox 2288 4175 2388 4211; x_wconf 82' lang='lat' dir='ltr'><strong>non</strong></span> <span class='ocrx_word' id='word_1_652' title='bbox 2422 4157 2662 4213; x_wconf 79' lang='lat' dir='ltr'><strong>introibit</strong></span> <span class='ocrx_word' id='word_1_653' title='bbox 2694 4167 2750 4214; x_wconf 87' lang='lat' dir='ltr'><strong>in</strong></span> <span class='ocrx_word' id='word_1_654' title='bbox 2783 4180 3003 4233; x_wconf 83' lang='lat' dir='ltr'><strong>regnum</strong></span> <span class='ocrx_word' id='word_1_655' title='bbox 3032 4163 3332 4219; x_wconf 70' lang='lat' dir='ltr'><strong>caelorum’.</strong></span> <span class='ocrx_word' id='word_1_656' title='bbox 3365 4158 3423 4212; x_wconf 85' lang='lat' dir='ltr'><strong>Et</strong></span> <span class='ocrx_word' id='word_1_657' title='bbox 3446 4157 3542 4211; x_wconf 85' lang='lat' dir='ltr'><strong>ideo</strong></span> <span class='ocrx_word' id='word_1_658' title='bbox 3568 4165 3610 4202; x_wconf 72' lang='lat' dir='ltr'><strong>ac</strong></span> 
     </span>
    </p>
   </div>
   <div class='ocr_carea' id='block_1_88' title="bbox 2131 4243 3609 4323">
    <p class='ocr_par' dir='ltr' id='par_1_88' title="bbox 2131 4243 3609 4323">
     <span class='ocr_line' id='line_1_88' title="bbox 2131 4243 3609 4323; baseline -0.004 -21"><span class='ocrx_word' id='word_1_659' title='bbox 2131 4250 2398 4308; x_wconf 79' lang='lat' dir='ltr'><strong>celerate;</strong></span> <span class='ocrx_word' id='word_1_660' title='bbox 2431 4256 2516 4304; x_wconf 90' lang='lat' dir='ltr'><strong>est</strong></span> <span class='ocrx_word' id='word_1_661' title='bbox 2546 4252 2699 4309; x_wconf 83' lang='lat' dir='ltr'><strong>enim</strong></span> <span class='ocrx_word' id='word_1_662' title='bbox 2731 4254 2786 4309; x_wconf 87' lang='lat' dir='ltr'><strong>in</strong></span> <span class='ocrx_word' id='word_1_663' title='bbox 2818 4255 2981 4323; x_wconf 87' lang='lat' dir='ltr'><strong>aquis</strong></span> <span class='ocrx_word' id='word_1_664' title='bbox 3024 4256 3146 4309; x_wconf 89' lang='lat' dir='ltr'><strong>istis</strong></span> <span class='ocrx_word' id='word_1_665' title='bbox 3182 4248 3518 4308; x_wconf 86' lang='lat' dir='ltr'><strong>misericordia</strong></span> <span class='ocrx_word' id='word_1_666' title='bbox 3542 4243 3609 4310; x_wconf 57' lang='lat' dir='ltr'><strong>eju:</strong></span> 
     </span>
    </p>
   </div>
   <div class='ocr_carea' id='block_1_89' title="bbox 502 4333 3609 4429">
    <p class='ocr_par' dir='ltr' id='par_1_89' title="bbox 502 4333 3609 4429">
     <span class='ocr_line' id='line_1_89' title="bbox 502 4333 3609 4429; baseline -0 -38"><span class='ocrx_word' id='word_1_667' title='bbox 502 4343 623 4407; x_wconf 84' lang='lat' dir='ltr'><strong>post</strong></span> <span class='ocrx_word' id='word_1_668' title='bbox 652 4334 781 4390; x_wconf 86' lang='lat' dir='ltr'><strong>illud</strong></span> <span class='ocrx_word' id='word_1_669' title='bbox 809 4333 1078 4392; x_wconf 80' lang='lat' dir='ltr'><strong>invisibile</strong></span> <span class='ocrx_word' id='word_1_670' title='bbox 1110 4334 1305 4393; x_wconf 75' lang='lat' dir='ltr'><strong>omium</strong></span> <span class='ocrx_word' id='word_1_671' title='bbox 1345 4334 1488 4391; x_wconf 81' lang='lat' dir='ltr'><strong>istud</strong></span> <span class='ocrx_word' id='word_1_672' title='bbox 1522 4335 1727 4393; x_wconf 87' lang='lat' dir='ltr'><strong>visibile</strong></span> <span class='ocrx_word' id='word_1_673' title='bbox 1757 4337 2028 4411; x_wconf 79' lang='lat' dir='ltr'><strong>produxit,</strong></span> <span class='ocrx_word' id='word_1_674' title='bbox 2062 4372 2109 4429; x_wconf 58' lang='grc' dir='ltr'>Β</span> <span class='ocrx_word' id='word_1_675' title='bbox 2130 4339 2371 4410; x_wconf 79' lang='lat' dir='ltr'><strong>quaedam</strong></span> <span class='ocrx_word' id='word_1_676' title='bbox 2395 4376 2409 4401; x_wconf 95' lang='lat'><strong>,</strong></span> <span class='ocrx_word' id='word_1_677' title='bbox 2460 4354 2583 4407; x_wconf 81' lang='lat' dir='ltr'><strong>quae</strong></span> <span class='ocrx_word' id='word_1_678' title='bbox 2631 4356 2700 4394; x_wconf 79' lang='lat' dir='ltr'><strong>ex</strong></span> <span class='ocrx_word' id='word_1_679' title='bbox 2753 4344 2912 4396; x_wconf 74' lang='grc' dir='ltr'><strong>ιηὶιὶο</strong></span> <span class='ocrx_word' id='word_1_680' title='bbox 2936 4390 2946 4395; x_wconf 85' lang='grc'><em>,</em></span> <span class='ocrx_word' id='word_1_681' title='bbox 2974 4344 3238 4413; x_wconf 73' lang='lat' dir='ltr'><strong>ferebatur</strong></span> <span class='ocrx_word' id='word_1_682' title='bbox 3278 4358 3417 4411; x_wconf 77' lang='lat' dir='ltr'><strong>super</strong></span> <span class='ocrx_word' id='word_1_683' title='bbox 3461 4351 3556 4397; x_wconf 73' lang='lat' dir='ltr'><strong>eas;</strong></span> <span class='ocrx_word' id='word_1_684' title='bbox 3590 4352 3609 4383; x_wconf 71' lang='grc' dir='ltr'><strong>ε</strong></span> 
     </span>
    </p>
   </div>
   <div class='ocr_carea' id='block_1_90' title="bbox 506 4423 2027 4497">
    <p class='ocr_par' dir='ltr' id='par_1_90' title="bbox 506 4423 2027 4497">
     <span class='ocr_line' id='line_1_90' title="bbox 506 4423 2027 4497; baseline -0.001 -16"><span class='ocrx_word' id='word_1_685' title='bbox 506 4438 560 4481; x_wconf 88' lang='lat' dir='ltr'><strong>ut</strong></span> <span class='ocrx_word' id='word_1_686' title='bbox 604 4426 882 4497; x_wconf 70' lang='lat' dir='ltr'><strong>superiora</strong></span> <span class='ocrx_word' id='word_1_687' title='bbox 917 4424 1131 4495; x_wconf 84' lang='lat' dir='ltr'><strong>quidem</strong></span> <span class='ocrx_word' id='word_1_688' title='bbox 1177 4423 1539 4482; x_wconf 85' lang='lat' dir='ltr'><strong>habitaculum</strong></span> <span class='ocrx_word' id='word_1_689' title='bbox 1580 4424 1778 4480; x_wconf 86' lang='lat' dir='ltr'><strong>faceret</strong></span> <span class='ocrx_word' id='word_1_690' title='bbox 1802 4429 2027 4497; x_wconf 76' lang='lat' dir='ltr'><strong>angelis,</strong></span> 
     </span>
    </p>
   </div>
   <div class='ocr_carea' id='block_1_91' title="bbox 504 4494 2030 4591">
    <p class='ocr_par' dir='ltr' id='par_1_91' title="bbox 504 4494 2030 4591">
     <span class='ocr_line' id='line_1_91' title="bbox 504 4494 2030 4591; baseline 0 -19"><span class='ocrx_word' id='word_1_691' title='bbox 504 4518 755 4574; x_wconf 87' lang='lat' dir='ltr'><strong>inferiora</strong></span> <span class='ocrx_word' id='word_1_692' title='bbox 785 4494 912 4572; x_wconf 64' lang='lat' dir='ltr'><strong>vero</strong></span> <span class='ocrx_word' id='word_1_693' title='bbox 947 4514 1275 4570; x_wconf 88' lang='lat' dir='ltr'><strong>hominibus.</strong></span> <span class='ocrx_word' id='word_1_694' title='bbox 1314 4511 1546 4583; x_wconf 87' lang='lat' dir='ltr'><strong>Propter</strong></span> <span class='ocrx_word' id='word_1_695' title='bbox 1582 4530 1677 4569; x_wconf 90' lang='lat' dir='ltr'><strong>vos</strong></span> <span class='ocrx_word' id='word_1_696' title='bbox 1705 4530 1833 4591; x_wconf 85' lang='lat' dir='ltr'><strong>ergo</strong></span> <span class='ocrx_word' id='word_1_697' title='bbox 1871 4516 2030 4585; x_wconf 87' lang='lat' dir='ltr'><strong>jussu</strong></span> 
     </span>
    </p>
   </div>
   <div class='ocr_carea' id='block_1_92' title="bbox 503 4603 2029 4679">
    <p class='ocr_par' dir='ltr' id='par_1_92' title="bbox 503 4603 2029 4679">
     <span class='ocr_line' id='line_1_92' title="bbox 503 4603 2029 4679; baseline -0.001 -14"><span class='ocrx_word' id='word_1_698' title='bbox 503 4610 620 4675; x_wconf 84' lang='lat' dir='ltr'><strong>Dei,</strong></span> <span class='ocrx_word' id='word_1_699' title='bbox 649 4624 808 4679; x_wconf 91' lang='lat' dir='ltr'><strong>aqua,</strong></span> <span class='ocrx_word' id='word_1_700' title='bbox 850 4620 969 4679; x_wconf 72' lang='lat' dir='ltr'><strong>quae</strong></span> <span class='ocrx_word' id='word_1_701' title='bbox 1004 4612 1121 4662; x_wconf 86' lang='lat' dir='ltr'><strong>erat</strong></span> <span class='ocrx_word' id='word_1_702' title='bbox 1151 4618 1313 4675; x_wconf 83' lang='lat' dir='ltr'><strong>super</strong></span> <span class='ocrx_word' id='word_1_703' title='bbox 1341 4603 1531 4659; x_wconf 92' lang='lat' dir='ltr'><strong>faciem</strong></span> <span class='ocrx_word' id='word_1_704' title='bbox 1564 4612 1742 4670; x_wconf 72' lang='lat' dir='ltr'><strong>terrae,</strong></span> <span class='ocrx_word' id='word_1_705' title='bbox 1785 4609 2029 4674; x_wconf 89' lang='lat' dir='ltr'><strong>secessit,</strong></span> 
     </span>
    </p>
   </div>
   <div class='ocr_carea' id='block_1_93' title="bbox 506 4693 2033 4766">
    <p class='ocr_par' dir='ltr' id='par_1_93' title="bbox 506 4693 2033 4766">
     <span class='ocr_line' id='line_1_93' title="bbox 506 4693 2033 4766; baseline -0.001 -11"><span class='ocrx_word' id='word_1_706' title='bbox 506 4709 565 4755; x_wconf 92' lang='lat' dir='ltr'><strong>ut</strong></span> <span class='ocrx_word' id='word_1_707' title='bbox 590 4708 733 4756; x_wconf 84' lang='lat' dir='ltr'><strong>terra</strong></span> <span class='ocrx_word' id='word_1_708' title='bbox 760 4699 913 4754; x_wconf 85' lang='lat' dir='ltr'><strong>vobis</strong></span> <span class='ocrx_word' id='word_1_709' title='bbox 943 4695 1260 4766; x_wconf 82' lang='lat' dir='ltr'><strong>produceret</strong></span> <span class='ocrx_word' id='word_1_710' title='bbox 1287 4694 1514 4757; x_wconf 84' lang='lat' dir='ltr'><strong>fructus.</strong></span> <span class='ocrx_word' id='word_1_711' title='bbox 1542 4693 1643 4752; x_wconf 82' lang='lat' dir='ltr'><strong>Cui</strong></span> <span class='ocrx_word' id='word_1_712' title='bbox 1660 4695 1819 4750; x_wconf 89' lang='lat' dir='ltr'><strong>etiam</strong></span> <span class='ocrx_word' id='word_1_713' title='bbox 1841 4696 2033 4754; x_wconf 87' lang='lat' dir='ltr'><strong>humo-</strong></span> 
     </span>
    </p>
   </div>
   <div class='ocr_carea' id='block_1_94' title="bbox 508 4781 2031 4863">
    <p class='ocr_par' dir='ltr' id='par_1_94' title="bbox 508 4781 2031 4863">
     <span class='ocr_line' id='line_1_94' title="bbox 508 4781 2031 4863; baseline -0.003 -17"><span class='ocrx_word' id='word_1_714' title='bbox 508 4806 624 4846; x_wconf 87' lang='lat' dir='ltr'><strong>rum</strong></span> <span class='ocrx_word' id='word_1_715' title='bbox 643 4805 805 4846; x_wconf 83' lang='lat' dir='ltr'><strong>venas</strong></span> <span class='ocrx_word' id='word_1_716' title='bbox 826 4789 1055 4846; x_wconf 83' lang='lat' dir='ltr'><strong>latenter</strong></span> <span class='ocrx_word' id='word_1_717' title='bbox 1080 4781 1327 4849; x_wconf 85' lang='lat' dir='ltr'><strong>inseruit,</strong></span> <span class='ocrx_word' id='word_1_718' title='bbox 1354 4792 1413 4845; x_wconf 90' lang='lat' dir='ltr'><strong>ut</strong></span> <span class='ocrx_word' id='word_1_719' title='bbox 1436 4785 1586 4845; x_wconf 87' lang='lat' dir='ltr'><strong>vobis</strong></span> <span class='ocrx_word' id='word_1_720' title='bbox 1614 4800 1680 4839; x_wconf 80' lang='lat' dir='ltr'><strong>ex</strong></span> <span class='ocrx_word' id='word_1_721' title='bbox 1704 4800 1770 4839; x_wconf 90' lang='lat' dir='ltr'><strong>ea</strong></span> <span class='ocrx_word' id='word_1_722' title='bbox 1800 4787 2031 4863; x_wconf 81' lang='lat' dir='ltr'><strong>proflue-</strong></span> 
     </span>
    </p>
   </div>
   <div class='ocr_carea' id='block_1_95' title="bbox 508 4864 2035 4949">
    <p class='ocr_par' dir='ltr' id='par_1_95' title="bbox 508 4864 2035 4949">
     <span class='ocr_line' id='line_1_95' title="bbox 508 4864 2035 4949; baseline -0.001 -15"><span class='ocrx_word' id='word_1_723' title='bbox 508 4888 625 4935; x_wconf 91' lang='lat' dir='ltr'><strong>rent</strong></span> <span class='ocrx_word' id='word_1_724' title='bbox 653 4879 825 4934; x_wconf 87' lang='lat' dir='ltr'><strong>fontes</strong></span> <span class='ocrx_word' id='word_1_725' title='bbox 851 4885 905 4933; x_wconf 90' lang='lat' dir='ltr'><strong>et</strong></span> <span class='ocrx_word' id='word_1_726' title='bbox 932 4875 1170 4933; x_wconf 82' lang='lat' dir='ltr'><strong>flumina.</strong></span> <span class='ocrx_word' id='word_1_727' title='bbox 1192 4874 1419 4949; x_wconf 90' lang='lat' dir='ltr'><strong>Propter</strong></span> <span class='ocrx_word' id='word_1_728' title='bbox 1449 4890 1544 4933; x_wconf 87' lang='lat' dir='ltr'><strong>vos</strong></span> <span class='ocrx_word' id='word_1_729' title='bbox 1575 4864 2035 4949; x_wconf 86' lang='lat' dir='ltr'><strong>producerejussa</strong></span> 
     </span>
    </p>
   </div>
   <div class='ocr_carea' id='block_1_96' title="bbox 508 4956 2035 5035">
    <p class='ocr_par' dir='ltr' id='par_1_96' title="bbox 508 4956 2035 5035">
     <span class='ocr_line' id='line_1_96' title="bbox 508 4956 2035 5035; baseline -0.006 -10"><span class='ocrx_word' id='word_1_730' title='bbox 508 4977 594 5025; x_wconf 85' lang='lat' dir='ltr'><strong>est</strong></span> <span class='ocrx_word' id='word_1_731' title='bbox 614 4968 924 5032; x_wconf 87' lang='lat' dir='ltr'><strong>animantia,</strong></span> <span class='ocrx_word' id='word_1_732' title='bbox 953 4974 1008 5021; x_wconf 90' lang='lat' dir='ltr'><strong>et</strong></span> <span class='ocrx_word' id='word_1_733' title='bbox 1037 4966 1216 5021; x_wconf 85' lang='lat' dir='ltr'><strong>omnia</strong></span> <span class='ocrx_word' id='word_1_734' title='bbox 1253 4956 1371 5035; x_wconf 75' lang='lat' dir='ltr'><strong>quae</strong></span> <span class='ocrx_word' id='word_1_735' title='bbox 1389 4973 1569 5019; x_wconf 87' lang='lat' dir='ltr'><strong>vestro</strong></span> <span class='ocrx_word' id='word_1_736' title='bbox 1600 4968 1719 5027; x_wconf 83' lang='lat' dir='ltr'><strong>usui</strong></span> <span class='ocrx_word' id='word_1_737' title='bbox 1748 4968 2035 5027; x_wconf 64' lang='lat' dir='ltr'><strong>voluntati.</strong></span> 
     </span>
    </p>
   </div>
   <div class='ocr_carea' id='block_1_97' title="bbox 508 5057 2033 5132">
    <p class='ocr_par' dir='ltr' id='par_1_97' title="bbox 508 5057 2033 5132">
     <span class='ocr_line' id='line_1_97' title="bbox 508 5057 2033 5132; baseline 0.001 -21"><span class='ocrx_word' id='word_1_738' title='bbox 508 5076 613 5127; x_wconf 84' lang='lat' dir='ltr'><strong>que</strong></span> <span class='ocrx_word' id='word_1_739' title='bbox 638 5058 914 5125; x_wconf 84' lang='lat' dir='ltr'><strong>servirent.</strong></span> <span class='ocrx_word' id='word_1_740' title='bbox 938 5058 1130 5110; x_wconf 79' lang='lat' dir='ltr'><strong>Annon</strong></span> <span class='ocrx_word' id='word_1_741' title='bbox 1158 5066 1374 5130; x_wconf 89' lang='lat' dir='ltr'><strong>propter</strong></span> <span class='ocrx_word' id='word_1_742' title='bbox 1400 5072 1494 5110; x_wconf 85' lang='lat' dir='ltr'><strong>vos</strong></span> <span class='ocrx_word' id='word_1_743' title='bbox 1532 5057 1675 5114; x_wconf 84' lang='lat' dir='ltr'><strong>venti</strong></span> <span class='ocrx_word' id='word_1_744' title='bbox 1705 5058 1930 5132; x_wconf 86' lang='lat' dir='ltr'><strong>spirant,</strong></span> <span class='ocrx_word' id='word_1_745' title='bbox 1975 5068 2033 5119; x_wconf 67' lang='grc' dir='ltr'><strong>υτ.</strong></span> 
     </span>
    </p>
   </div>
   <div class='ocr_carea' id='block_1_98' title="bbox 513 5144 2033 5216">
    <p class='ocr_par' dir='ltr' id='par_1_98' title="bbox 513 5144 2033 5216">
     <span class='ocr_line' id='line_1_98' title="bbox 513 5144 2033 5216; baseline 0.001 -16"><span class='ocrx_word' id='word_1_746' title='bbox 513 5164 575 5200; x_wconf 66' lang='grc' dir='ltr'><strong>ελ</strong></span> <span class='ocrx_word' id='word_1_747' title='bbox 605 5146 735 5213; x_wconf 88' lang='lat' dir='ltr'><strong>ipsis</strong></span> <span class='ocrx_word' id='word_1_748' title='bbox 762 5146 1071 5214; x_wconf 87' lang='lat' dir='ltr'><strong>concipiens</strong></span> <span class='ocrx_word' id='word_1_749' title='bbox 1102 5144 1310 5205; x_wconf 82' lang='lat' dir='ltr'><strong>fructus</strong></span> <span class='ocrx_word' id='word_1_750' title='bbox 1346 5146 1501 5205; x_wconf 90' lang='lat' dir='ltr'><strong>vobis</strong></span> <span class='ocrx_word' id='word_1_751' title='bbox 1552 5154 1693 5199; x_wconf 83' lang='lat' dir='ltr'><strong>terra</strong></span> <span class='ocrx_word' id='word_1_752' title='bbox 1736 5150 2033 5216; x_wconf 81' lang='lat' dir='ltr'><strong>parturiat?</strong></span> 
     </span>
    </p>
   </div>
   <div class='ocr_carea' id='block_1_99' title="bbox 511 5236 2033 5306">
    <p class='ocr_par' dir='ltr' id='par_1_99' title="bbox 511 5236 2033 5306">
     <span class='ocr_line' id='line_1_99' title="bbox 511 5236 2033 5306; baseline 0.001 -17"><span class='ocrx_word' id='word_1_753' title='bbox 511 5238 697 5289; x_wconf 51' lang='lat' dir='ltr'><strong>Bonae</strong></span> <span class='ocrx_word' id='word_1_754' title='bbox 738 5244 950 5304; x_wconf 90' lang='lat' dir='ltr'><strong>propter</strong></span> <span class='ocrx_word' id='word_1_755' title='bbox 980 5252 1072 5290; x_wconf 91' lang='lat' dir='ltr'><strong>vos</strong></span> <span class='ocrx_word' id='word_1_756' title='bbox 1120 5237 1318 5291; x_wconf 87' lang='lat' dir='ltr'><strong>imbres</strong></span> <span class='ocrx_word' id='word_1_757' title='bbox 1358 5236 1650 5304; x_wconf 85' lang='lat' dir='ltr'><strong>profluunt,</strong></span> <span class='ocrx_word' id='word_1_758' title='bbox 1692 5244 1745 5290; x_wconf 86' lang='lat' dir='ltr'><strong>et</strong></span> <span class='ocrx_word' id='word_1_759' title='bbox 1796 5246 2033 5306; x_wconf 87' lang='lat' dir='ltr'><strong>tempora</strong></span> 
     </span>
    </p>
   </div>
   <div class='ocr_carea' id='block_1_100' title="bbox 510 5322 2029 5399">
    <p class='ocr_par' dir='ltr' id='par_1_100' title="bbox 510 5322 2029 5399">
     <span class='ocr_line' id='line_1_100' title="bbox 510 5322 2029 5399; baseline 0.006 -24"><span class='ocrx_word' id='word_1_760' title='bbox 510 5322 907 5378; x_wconf 63' lang='lat' dir='ltr'><strong>vicissitudines</strong></span> <span class='ocrx_word' id='word_1_761' title='bbox 930 5326 1182 5380; x_wconf 82' lang='lat' dir='ltr'><strong>mutant?</strong></span> <span class='ocrx_word' id='word_1_762' title='bbox 1210 5324 1348 5379; x_wconf 83' lang='lat' dir='ltr'><strong>Num</strong></span> <span class='ocrx_word' id='word_1_763' title='bbox 1369 5334 1586 5399; x_wconf 89' lang='lat' dir='ltr'><strong>propter</strong></span> <span class='ocrx_word' id='word_1_764' title='bbox 1612 5340 1707 5380; x_wconf 85' lang='lat' dir='ltr'><strong>vos</strong></span> <span class='ocrx_word' id='word_1_765' title='bbox 1730 5326 1813 5383; x_wconf 88' lang='lat' dir='ltr'><strong>sol</strong></span> <span class='ocrx_word' id='word_1_766' title='bbox 1836 5328 2029 5394; x_wconf 82' lang='lat' dir='ltr'><strong>oritur,</strong></span> 
     </span>
    </p>
   </div>
   <div class='ocr_carea' id='block_1_101' title="bbox 2128 4422 3609 4505">
    <p class='ocr_par' dir='ltr' id='par_1_101' title="bbox 2128 4422 3609 4505">
     <span class='ocr_line' id='line_1_101' title="bbox 2128 4422 3609 4505; baseline -0.006 -23"><span class='ocrx_word' id='word_1_767' title='bbox 2128 4429 2373 4499; x_wconf 78' lang='lat' dir='ltr'><strong>agnoscit</strong></span> <span class='ocrx_word' id='word_1_768' title='bbox 2399 4442 2493 4481; x_wconf 86' lang='lat' dir='ltr'><strong>eos</strong></span> <span class='ocrx_word' id='word_1_769' title='bbox 2535 4431 2633 4497; x_wconf 89' lang='lat' dir='ltr'><strong>qui</strong></span> <span class='ocrx_word' id='word_1_770' title='bbox 2674 4431 3036 4503; x_wconf 87' lang='lat' dir='ltr'><strong>baptizantur</strong></span> <span class='ocrx_word' id='word_1_771' title='bbox 3068 4437 3173 4489; x_wconf 90' lang='lat' dir='ltr'><strong>sub</strong></span> <span class='ocrx_word' id='word_1_772' title='bbox 3203 4432 3527 4505; x_wconf 86' lang='lat' dir='ltr'><strong>appellatione</strong></span> <span class='ocrx_word' id='word_1_773' title='bbox 3560 4422 3609 4475; x_wconf 78' lang='lat' dir='ltr'><strong>tri</strong></span> 
     </span>
    </p>
   </div>
   <div class='ocr_carea' id='block_1_102' title="bbox 2062 4514 3610 4600">
    <p class='ocr_par' dir='ltr' id='par_1_102' title="bbox 2062 4514 3610 4600">
     <span class='ocr_line' id='line_1_102' title="bbox 2062 4514 3610 4600; baseline -0.001 -28"><span class='ocrx_word' id='word_1_774' title='bbox 2062 4517 2064 4519; x_wconf 70' lang='grc'><em>’</em></span> <span class='ocrx_word' id='word_1_775' title='bbox 2127 4518 2283 4593; x_wconf 86' lang='lat' dir='ltr'><strong>plicis</strong></span> <span class='ocrx_word' id='word_1_776' title='bbox 2324 4520 2691 4584; x_wconf 82' lang='lat' dir='ltr'><strong>sacramenti,</strong></span> <span class='ocrx_word' id='word_1_777' title='bbox 2739 4530 2797 4578; x_wconf 86' lang='lat' dir='ltr'><strong>et</strong></span> <span class='ocrx_word' id='word_1_778' title='bbox 2845 4525 3012 4600; x_wconf 82' lang='lat' dir='ltr'><strong>eripit</strong></span> <span class='ocrx_word' id='word_1_779' title='bbox 3061 4542 3157 4580; x_wconf 76' lang='lat' dir='ltr'><strong>eos</strong></span> <span class='ocrx_word' id='word_1_780' title='bbox 3197 4525 3263 4579; x_wconf 80' lang='lat' dir='ltr'><strong>de</strong></span> <span class='ocrx_word' id='word_1_781' title='bbox 3302 4518 3544 4592; x_wconf 86' lang='lat' dir='ltr'><strong>suppliciis</strong></span> <span class='ocrx_word' id='word_1_782' title='bbox 3566 4514 3610 4565; x_wconf 63' lang='lat' dir='ltr'><strong>fit</strong></span> 
     </span>
    </p>
   </div>
   <div class='ocr_carea' id='block_1_103' title="bbox 2128 4607 3609 4682">
    <p class='ocr_par' dir='ltr' id='par_1_103' title="bbox 2128 4607 3609 4682">
     <span class='ocr_line' id='line_1_103' title="bbox 2128 4607 3609 4682; baseline -0.014 -4"><span class='ocrx_word' id='word_1_783' title='bbox 2128 4608 2286 4670; x_wconf 67' lang='grc' dir='ltr'><strong>ιιιτίεν</strong></span> <span class='ocrx_word' id='word_1_784' title='bbox 2315 4607 2470 4680; x_wconf 68' lang='lat' dir='ltr'><strong>quasi</strong></span> <span class='ocrx_word' id='word_1_785' title='bbox 2504 4607 2719 4666; x_wconf 72' lang='lat' dir='ltr'><strong>donum</strong></span> <span class='ocrx_word' id='word_1_786' title='bbox 2757 4615 3038 4682; x_wconf 76' lang='lat' dir='ltr'><strong>quaddam</strong></span> <span class='ocrx_word' id='word_1_787' title='bbox 3072 4616 3301 4670; x_wconf 72' lang='lat' dir='ltr'><strong>offerens</strong></span> <span class='ocrx_word' id='word_1_788' title='bbox 3344 4614 3442 4668; x_wconf 88' lang='lat' dir='ltr'><strong>Deo</strong></span> <span class='ocrx_word' id='word_1_789' title='bbox 3479 4608 3609 4661; x_wconf 76' lang='lat' dir='ltr'><strong>anima:</strong></span> 
     </span>
    </p>
   </div>
   <div class='ocr_carea' id='block_1_104' title="bbox 2130 4696 3610 4777">
    <p class='ocr_par' dir='ltr' id='par_1_104' title="bbox 2130 4696 3610 4777">
     <span class='ocr_line' id='line_1_104' title="bbox 2130 4696 3610 4777; baseline 0.011 -31"><span class='ocrx_word' id='word_1_790' title='bbox 2130 4710 2227 4767; x_wconf 88' lang='lat' dir='ltr'><strong>per</strong></span> <span class='ocrx_word' id='word_1_791' title='bbox 2278 4696 2610 4777; x_wconf 86' lang='lat' dir='ltr'><strong>baptismum</strong></span> <span class='ocrx_word' id='word_1_792' title='bbox 2682 4714 3073 4761; x_wconf 86' lang='lat' dir='ltr'><strong>consecratas.</strong></span> <span class='ocrx_word' id='word_1_793' title='bbox 3128 4704 3407 4774; x_wconf 84' lang='lat' dir='ltr'><strong>Confugite</strong></span> <span class='ocrx_word' id='word_1_794' title='bbox 3452 4706 3610 4767; x_wconf 53' lang='lat' dir='ltr'><strong>ergo“</strong></span> 
     </span>
    </p>
   </div>
   <div class='ocr_carea' id='block_1_105' title="bbox 2132 4784 3607 4867">
    <p class='ocr_par' dir='ltr' id='par_1_105' title="bbox 2132 4784 3607 4867">
     <span class='ocr_line' id='line_1_105' title="bbox 2132 4784 3607 4867; baseline 0.001 -29"><span class='ocrx_word' id='word_1_795' title='bbox 2132 4800 2301 4861; x_wconf 89' lang='lat' dir='ltr'><strong>aquas</strong></span> <span class='ocrx_word' id='word_1_796' title='bbox 2330 4785 2464 4840; x_wconf 87' lang='lat' dir='ltr'><strong>istas</strong></span> <span class='ocrx_word' id='word_1_797' title='bbox 2489 4805 2501 4840; x_wconf 94' lang='lat'>:</span> <span class='ocrx_word' id='word_1_798' title='bbox 2535 4790 2673 4844; x_wconf 73' lang='lat' dir='ltr'><strong>sola:</strong></span> <span class='ocrx_word' id='word_1_799' title='bbox 2706 4802 2842 4851; x_wconf 83' lang='lat' dir='ltr'><strong>sunt</strong></span> <span class='ocrx_word' id='word_1_800' title='bbox 2871 4796 3044 4856; x_wconf 87' lang='lat' dir='ltr'><strong>enim,</strong></span> <span class='ocrx_word' id='word_1_801' title='bbox 3076 4812 3198 4867; x_wconf 69' lang='lat' dir='ltr'><strong>qua:</strong></span> <span class='ocrx_word' id='word_1_802' title='bbox 3240 4796 3437 4864; x_wconf 89' lang='lat' dir='ltr'><strong>possint</strong></span> <span class='ocrx_word' id='word_1_803' title='bbox 3466 4792 3545 4842; x_wconf 83' lang='lat' dir='ltr'><strong>vim</strong></span> <span class='ocrx_word' id='word_1_804' title='bbox 3574 4784 3607 4835; x_wconf 75' lang='lat' dir='ltr'><strong>fu</strong></span> 
     </span>
    </p>
   </div>
   <div class='ocr_carea' id='block_1_106' title="bbox 2132 4876 3609 4962">
    <p class='ocr_par' dir='ltr' id='par_1_106' title="bbox 2132 4876 3609 4962">
     <span class='ocr_line' id='line_1_106' title="bbox 2132 4876 3609 4962; baseline -0.003 -35"><span class='ocrx_word' id='word_1_805' title='bbox 2132 4876 2237 4929; x_wconf 91' lang='lat' dir='ltr'><strong>turi</strong></span> <span class='ocrx_word' id='word_1_806' title='bbox 2267 4876 2407 4945; x_wconf 89' lang='lat' dir='ltr'><strong>ignis</strong></span> <span class='ocrx_word' id='word_1_807' title='bbox 2436 4879 2800 4950; x_wconf 69' lang='lat' dir='ltr'><strong>exstinguere</strong></span> <span class='ocrx_word' id='word_1_808' title='bbox 2830 4905 2843 4939; x_wconf 89' lang='lat'><strong>:</strong></span> <span class='ocrx_word' id='word_1_809' title='bbox 2879 4886 2948 4939; x_wconf 91' lang='lat' dir='ltr'><strong>ad</strong></span> <span class='ocrx_word' id='word_1_810' title='bbox 2978 4902 3117 4955; x_wconf 86' lang='lat' dir='ltr'><strong>quas</strong></span> <span class='ocrx_word' id='word_1_811' title='bbox 3147 4887 3240 4962; x_wconf 85' lang='lat' dir='ltr'><strong>qui</strong></span> <span class='ocrx_word' id='word_1_812' title='bbox 3280 4891 3496 4939; x_wconf 90' lang='lat' dir='ltr'><strong>moratur</strong></span> <span class='ocrx_word' id='word_1_813' title='bbox 3520 4888 3609 4928; x_wconf 76' lang='lat' dir='ltr'><strong>accc</strong></span> 
     </span>
    </p>
   </div>
   <div class='ocr_carea' id='block_1_107' title="bbox 2129 4967 3610 5034">
    <p class='ocr_par' dir='ltr' id='par_1_107' title="bbox 2129 4967 3610 5034">
     <span class='ocr_line' id='line_1_107' title="bbox 2129 4967 3610 5034; baseline 0.001 -13"><span class='ocrx_word' id='word_1_814' title='bbox 2129 4967 2278 5030; x_wconf 87' lang='lat' dir='ltr'><strong>dere,</strong></span> <span class='ocrx_word' id='word_1_815' title='bbox 2307 4974 2521 5024; x_wconf 83' lang='lat' dir='ltr'><strong>constat</strong></span> <span class='ocrx_word' id='word_1_816' title='bbox 2550 4969 2609 5022; x_wconf 87' lang='lat' dir='ltr'><strong>in</strong></span> <span class='ocrx_word' id='word_1_817' title='bbox 2645 4987 2714 5025; x_wconf 90' lang='lat' dir='ltr'><strong>eo</strong></span> <span class='ocrx_word' id='word_1_818' title='bbox 2749 4975 2937 5033; x_wconf 88' lang='lat' dir='ltr'><strong>adhuc</strong></span> <span class='ocrx_word' id='word_1_819' title='bbox 2983 4977 3318 5032; x_wconf 75' lang='lat' dir='ltr'><strong>infidelitatis</strong></span> <span class='ocrx_word' id='word_1_820' title='bbox 3345 4972 3520 5029; x_wconf 87' lang='lat' dir='ltr'><strong>idolum</strong></span> <span class='ocrx_word' id='word_1_821' title='bbox 3545 4977 3610 5034; x_wconf 65' lang='lat' dir='ltr'><strong>per</strong></span> 
     </span>
    </p>
   </div>
   <div class='ocr_carea' id='block_1_108' title="bbox 2132 5059 3609 5139">
    <p class='ocr_par' dir='ltr' id='par_1_108' title="bbox 2132 5059 3609 5139">
     <span class='ocr_line' id='line_1_108' title="bbox 2132 5059 3609 5139; baseline -0.003 -30"><span class='ocrx_word' id='word_1_822' title='bbox 2132 5070 2369 5118; x_wconf 83' lang='lat' dir='ltr'><strong>manere,</strong></span> <span class='ocrx_word' id='word_1_823' title='bbox 2400 5063 2454 5113; x_wconf 88' lang='lat' dir='ltr'><strong>et</strong></span> <span class='ocrx_word' id='word_1_824' title='bbox 2493 5059 2563 5112; x_wconf 86' lang='lat' dir='ltr'><strong>ab</strong></span> <span class='ocrx_word' id='word_1_825' title='bbox 2605 5060 2731 5129; x_wconf 91' lang='lat' dir='ltr'><strong>ipso</strong></span> <span class='ocrx_word' id='word_1_826' title='bbox 2779 5067 3065 5134; x_wconf 86' lang='lat' dir='ltr'><strong>prohiberi</strong></span> <span class='ocrx_word' id='word_1_827' title='bbox 3098 5069 3166 5123; x_wconf 91' lang='lat' dir='ltr'><strong>ad</strong></span> <span class='ocrx_word' id='word_1_828' title='bbox 3201 5083 3367 5139; x_wconf 84' lang='lat' dir='ltr'><strong>aquas</strong></span> <span class='ocrx_word' id='word_1_829' title='bbox 3407 5070 3609 5136; x_wconf 82' lang='lat' dir='ltr'><strong>properar</strong></span> 
     </span>
    </p>
   </div>
   <div class='ocr_carea' id='block_1_109' title="bbox 2130 5145 3610 5229">
    <p class='ocr_par' dir='ltr' id='par_1_109' title="bbox 2130 5145 3610 5229">
     <span class='ocr_line' id='line_1_109' title="bbox 2130 5145 3610 5229; baseline -0.007 -16"><span class='ocrx_word' id='word_1_830' title='bbox 2130 5161 2249 5213; x_wconf 58' lang='lat' dir='ltr'><strong>qua?</strong></span> <span class='ocrx_word' id='word_1_831' title='bbox 2283 5146 2516 5205; x_wconf 62' lang='grc' dir='ltr'><strong>δαίυιθιη</strong></span> <span class='ocrx_word' id='word_1_832' title='bbox 2556 5151 2886 5214; x_wconf 68' lang='lat' dir='ltr'><strong>conferunt.</strong></span> <span class='ocrx_word' id='word_1_833' title='bbox 2925 5157 3055 5213; x_wconf 86' lang='lat' dir='ltr'><strong>Sive</strong></span> <span class='ocrx_word' id='word_1_834' title='bbox 3084 5160 3229 5214; x_wconf 88' lang='lat' dir='ltr'><strong>enim</strong></span> <span class='ocrx_word' id='word_1_835' title='bbox 3264 5161 3451 5229; x_wconf 87' lang='lat' dir='ltr'><strong>justus,</strong></span> <span class='ocrx_word' id='word_1_836' title='bbox 3477 5154 3564 5207; x_wconf 82' lang='lat' dir='ltr'><strong>sive</strong></span> <span class='ocrx_word' id='word_1_837' title='bbox 3583 5145 3610 5197; x_wconf 82' lang='lat' dir='ltr'><strong>si</strong></span> 
     </span>
    </p>
   </div>
   <div class='ocr_carea' id='block_1_110' title="bbox 2134 5235 3610 5314">
    <p class='ocr_par' dir='ltr' id='par_1_110' title="bbox 2134 5235 3610 5314">
     <span class='ocr_line' id='line_1_110' title="bbox 2134 5235 3610 5314; baseline -0.001 -25"><span class='ocrx_word' id='word_1_838' title='bbox 2134 5235 2392 5303; x_wconf 86' lang='lat' dir='ltr'><strong>injustus,</strong></span> <span class='ocrx_word' id='word_1_839' title='bbox 2432 5236 2751 5305; x_wconf 89' lang='lat' dir='ltr'><strong>baptismus</strong></span> <span class='ocrx_word' id='word_1_840' title='bbox 2792 5245 2845 5297; x_wconf 86' lang='lat' dir='ltr'><strong>ei</strong></span> <span class='ocrx_word' id='word_1_841' title='bbox 2878 5261 2981 5314; x_wconf 89' lang='lat' dir='ltr'><strong>per</strong></span> <span class='ocrx_word' id='word_1_842' title='bbox 3022 5250 3205 5302; x_wconf 76' lang='lat' dir='ltr'><strong>omnia</strong></span> <span class='ocrx_word' id='word_1_843' title='bbox 3235 5256 3534 5303; x_wconf 62' lang='lat' dir='ltr'><strong>necessarius</strong></span> <span class='ocrx_word' id='word_1_844' title='bbox 3557 5243 3610 5290; x_wconf 84' lang='lat' dir='ltr'><strong>est</strong></span> 
     </span>
    </p>
   </div>
   <div class='ocr_carea' id='block_1_111' title="bbox 2133 5323 3610 5411">
    <p class='ocr_par' dir='ltr' id='par_1_111' title="bbox 2133 5323 3610 5411">
     <span class='ocr_line' id='line_1_111' title="bbox 2133 5323 3610 5411; baseline 0.004 -34"><span class='ocrx_word' id='word_1_845' title='bbox 2133 5323 2289 5383; x_wconf 70' lang='lat' dir='ltr'><strong>Iusto</strong></span> <span class='ocrx_word' id='word_1_846' title='bbox 2320 5324 2560 5400; x_wconf 86' lang='lat' dir='ltr'><strong>quidem,</strong></span> <span class='ocrx_word' id='word_1_847' title='bbox 2597 5336 2663 5387; x_wconf 90' lang='lat' dir='ltr'><strong>ut</strong></span> <span class='ocrx_word' id='word_1_848' title='bbox 2704 5332 3081 5406; x_wconf 83' lang='lat' dir='ltr'><strong>adimpleatur</strong></span> <span class='ocrx_word' id='word_1_849' title='bbox 3127 5341 3184 5401; x_wconf 85' lang='lat' dir='ltr'><strong>in</strong></span> <span class='ocrx_word' id='word_1_850' title='bbox 3220 5356 3284 5399; x_wconf 83' lang='lat' dir='ltr'><strong>eo</strong></span> <span class='ocrx_word' id='word_1_851' title='bbox 3327 5333 3561 5411; x_wconf 83' lang='lat' dir='ltr'><strong>perfectio,</strong></span> <span class='ocrx_word' id='word_1_852' title='bbox 3596 5342 3610 5376; x_wconf 71' lang='grc' dir='ltr'>ε</span> 
     </span>
    </p>
   </div>
   <div class='ocr_carea' id='block_1_112' title="bbox 566 5514 3610 5621">
    <p class='ocr_par' dir='ltr' id='par_1_112' title="bbox 566 5514 3610 5621">
     <span class='ocr_line' id='line_1_112' title="bbox 566 5514 3610 5621; baseline 0 0"><span class='ocrx_word' id='word_1_853' title='bbox 566 5514 1513 5621; x_wconf 52' lang='lat' dir='ltr'><strong>ii.§f§‘f£?“i‘i’li’ﬁ3“i§9§1I99?!“</strong></span> <span class='ocrx_word' id='word_1_854' title='bbox 1547 5531 1802 5621; x_wconf 51' lang='lat'><strong>£1316???</strong></span> <span class='ocrx_word' id='word_1_855' title='bbox 1831 5534 2058 5621; x_wconf 59' lang='grc' dir='ltr'><strong>ίρὲθξωη</strong></span> <span class='ocrx_word' id='word_1_856' title='bbox 2088 5555 2246 5621; x_wconf 55' lang='grc' dir='ltr'><strong>δίψη</strong></span> <span class='ocrx_word' id='word_1_857' title='bbox 2289 5543 2599 5621; x_wconf 62' lang='grc' dir='ltr'><strong>ίθηονςηιία</strong></span> <span class='ocrx_word' id='word_1_858' title='bbox 2629 5562 2732 5605; x_wconf 69' lang='grc'><strong>⁸³⁸·</strong></span> <span class='ocrx_word' id='word_1_859' title='bbox 2781 5554 3125 5621; x_wconf 58' lang='grc' dir='ltr'><strong>Ηλιωιιλευε.</strong></span> <span class='ocrx_word' id='word_1_860' title='bbox 3199 5562 3243 5593; x_wconf 85' lang='grc'><strong>’⁸</strong></span> <span class='ocrx_word' id='word_1_861' title='bbox 3269 5560 3395 5619; x_wconf 81' lang='lat' dir='ltr'><strong>Luc.</strong></span> <span class='ocrx_word' id='word_1_862' title='bbox 3427 5543 3610 5621; x_wconf 38' lang='lat' dir='ltr'><strong>mlh“.</strong></span> 
     </span>
    </p>
   </div>
   <div class='ocr_carea' id='block_1_113' title="bbox 494 5581 1627 5713">
    <p class='ocr_par' dir='ltr' id='par_1_113' title="bbox 494 5581 1627 5713">
     <span class='ocr_line' id='line_1_113' title="bbox 494 5581 1627 5661; baseline 0.018 -29"><span class='ocrx_word' id='word_1_863' title='bbox 494 5586 539 5613; x_wconf 66' lang='grc' dir='ltr'><strong>νδ</strong></span> <span class='ocrx_word' id='word_1_864' title='bbox 566 5581 843 5661; x_wconf 64' lang='lat' dir='ltr'><strong>itecognit.</strong></span> <span class='ocrx_word' id='word_1_865' title='bbox 872 5587 1127 5646; x_wconf 85' lang='lat' dir='ltr'><strong>debemus.</strong></span> <span class='ocrx_word' id='word_1_866' title='bbox 1158 5581 1510 5654; x_wconf 51' lang='lat' dir='ltr'><strong>trabalia}?</strong></span> <span class='ocrx_word' id='word_1_867' title='bbox 1548 5581 1627 5633; x_wconf 32' lang='grc' dir='ltr'><strong>⁷¹⁶Ῑ⁰</strong></span> 
     </span>
     <span class='ocr_line' id='line_1_114' title="bbox 496 5652 1627 5713; baseline 0.006 -7"><span class='ocrx_word' id='word_1_868' title='bbox 496 5652 515 5681; x_wconf 81' lang='grc'><em>³</em></span> <span class='ocrx_word' id='word_1_869' title='bbox 548 5653 681 5706; x_wconf 68' lang='lat' dir='ltr'><strong>ben.</strong></span> <span class='ocrx_word' id='word_1_870' title='bbox 716 5668 756 5713; x_wconf 85' lang='lat' dir='ltr'><strong>t.</strong></span> <span class='ocrx_word' id='word_1_871' title='bbox 798 5656 849 5713; x_wconf 82' lang='grc'><strong>1.</strong></span> <span class='ocrx_word' id='word_1_872' title='bbox 922 5657 1228 5713; x_wconf 76' lang='lat' dir='ltr'><strong>&#39;Recoanit.</strong></span> <span class='ocrx_word' id='word_1_873' title='bbox 1257 5680 1330 5713; x_wconf 81' lang='lat' dir='ltr'><strong>vi.</strong></span> <span class='ocrx_word' id='word_1_874' title='bbox 1364 5686 1410 5713; x_wconf 67' lang='grc' dir='ltr'><strong>ρ-</strong></span> <span class='ocrx_word' id='word_1_875' title='bbox 1446 5672 1498 5713; x_wconf 78' lang='lat' dir='ltr'><strong>x-</strong></span> <span class='ocrx_word' id='word_1_876' title='bbox 1574 5671 1592 5703; x_wconf 87' lang='grc'><strong>⁷</strong></span> <span class='ocrx_word' id='word_1_877' title='bbox 1621 5697 1627 5713; x_wconf 64' lang='grc' dir='ltr'><strong><em>ι</em></strong></span> 
     </span>
    </p>
   </div>
   <div class='ocr_carea' id='block_1_114' title="bbox 596 5668 849 5722">
    <p class='ocr_par' dir='ltr' id='par_1_114' title="bbox 596 5668 849 5722">
     <span class='ocr_line' id='line_1_115' title="bbox 596 5668 849 5722; baseline 0.024 -18"><span class='ocrx_word' id='word_1_878' title='bbox 596 5668 681 5706; x_wconf 74' lang='lat' dir='ltr'><strong>en.</strong></span> <span class='ocrx_word' id='word_1_879' title='bbox 716 5668 756 5722; x_wconf 86' lang='lat' dir='ltr'><strong>t,</strong></span> <span class='ocrx_word' id='word_1_880' title='bbox 798 5668 849 5713; x_wconf 78' lang='grc' dir='ltr'><strong>ι.</strong></span> 
     </span>
    </p>
   </div>
   <div class='ocr_carea' id='block_1_115' title="bbox 922 5602 2490 5690">
    <p class='ocr_par' dir='ltr' id='par_1_115' title="bbox 922 5602 2490 5690">
     <span class='ocr_line' id='line_1_116' title="bbox 922 5602 2490 5690; baseline 0.019 -52"><span class='ocrx_word' id='word_1_881' title='bbox 922 5602 1482 5690; x_wconf 42' lang='grc' dir='ltr'><strong>ἰυῗῗῖιὶὲυξξμῖιῖυιμυῗ</strong></span> <span class='ocrx_word' id='word_1_882' title='bbox 1560 5602 1627 5690; x_wconf 53' lang='grc' dir='ltr'><strong>’ξο</strong></span> <span class='ocrx_word' id='word_1_883' title='bbox 1656 5602 1807 5690; x_wconf 62' lang='lat' dir='ltr'><strong>illud.</strong></span> <span class='ocrx_word' id='word_1_884' title='bbox 1886 5604 2196 5690; x_wconf 46' lang='lat' dir='ltr'><strong>’nlilecognit.</strong></span> <span class='ocrx_word' id='word_1_885' title='bbox 2232 5602 2333 5674; x_wconf 72' lang='grc' dir='ltr'><strong>νι,’</strong></span> <span class='ocrx_word' id='word_1_886' title='bbox 2354 5629 2403 5667; x_wconf 87' lang='lat' dir='ltr'><strong>c.</strong></span> <span class='ocrx_word' id='word_1_887' title='bbox 2438 5616 2490 5668; x_wconf 79' lang='lat'><strong>6.</strong></span> 
     </span>
    </p>
   </div>
   <div class='ocr_carea' id='block_1_116' title="bbox 965 5658 2476 5750">
    <p class='ocr_par' dir='ltr' id='par_1_116' title="bbox 965 5658 2476 5750">
     <span class='ocr_line' id='line_1_117' title="bbox 965 5658 2476 5750; baseline 0.017 -36"><span class='ocrx_word' id='word_1_888' title='bbox 965 5658 1228 5732; x_wconf 84' lang='lat' dir='ltr'><strong>Recognit.</strong></span> <span class='ocrx_word' id='word_1_889' title='bbox 1257 5680 1331 5731; x_wconf 81' lang='lat' dir='ltr'><strong>vi,</strong></span> <span class='ocrx_word' id='word_1_890' title='bbox 1364 5686 1411 5724; x_wconf 88' lang='lat' dir='ltr'><strong>c.</strong></span> <span class='ocrx_word' id='word_1_891' title='bbox 1446 5672 1498 5725; x_wconf 86' lang='lat'><strong>8.</strong></span> <span class='ocrx_word' id='word_1_892' title='bbox 1574 5671 1592 5703; x_wconf 96' lang='grc'><strong>⁷</strong></span> <span class='ocrx_word' id='word_1_893' title='bbox 1621 5682 1827 5730; x_wconf 66' lang='lat' dir='ltr'><strong>creatur.</strong></span> <span class='ocrx_word' id='word_1_894' title='bbox 1899 5674 1921 5706; x_wconf 82' lang='grc'>⁸</span> <span class='ocrx_word' id='word_1_895' title='bbox 1955 5658 2219 5750; x_wconf 55' lang='lat' dir='ltr'><strong>liecb&#39;gnit.</strong></span> <span class='ocrx_word' id='word_1_896' title='bbox 2246 5658 2403 5750; x_wconf 65' lang='lat' dir='ltr'><strong>vi,</strong></span> 
     </span>
    </p>
   </div>
   <div class='ocr_carea' id='block_1_117' title="bbox 2573 5620 2884 5689">
    <p class='ocr_par' dir='ltr' id='par_1_117' title="bbox 2573 5620 2884 5689">
     <span class='ocr_line' id='line_1_118' title="bbox 2573 5620 2884 5689; baseline 0.016 -15"><span class='ocrx_word' id='word_1_897' title='bbox 2573 5620 2593 5649; x_wconf 85' lang='grc'><strong><em>²</em></strong></span> <span class='ocrx_word' id='word_1_898' title='bbox 2626 5624 2781 5689; x_wconf 80' lang='lat' dir='ltr'><strong>quid.</strong></span> <span class='ocrx_word' id='word_1_899' title='bbox 2864 5628 2884 5658; x_wconf 88' lang='grc'>³</span> 
     </span>
    </p>
   </div>
   <div class='ocr_carea' id='block_1_118' title="bbox 2928 5614 3610 5713">
    <p class='ocr_par' dir='ltr' id='par_1_118' title="bbox 2928 5614 3610 5713">
     <span class='ocr_line' id='line_1_119' title="bbox 2928 5614 3610 5713; baseline -0.01 -31"><span class='ocrx_word' id='word_1_900' title='bbox 2928 5614 3097 5713; x_wconf 32' lang='grc' dir='ltr'><strong>ςυὶδ*</strong></span> <span class='ocrx_word' id='word_1_901' title='bbox 3114 5614 3140 5664; x_wconf 15' lang='grc' dir='ltr'><strong>ίδ</strong></span> <span class='ocrx_word' id='word_1_902' title='bbox 3169 5614 3424 5701; x_wconf 72' lang='lat' dir='ltr'><strong>Recognit.</strong></span> <span class='ocrx_word' id='word_1_903' title='bbox 3454 5639 3516 5690; x_wconf 75' lang='lat' dir='ltr'><strong>tt,</strong></span> <span class='ocrx_word' id='word_1_904' title='bbox 3542 5632 3576 5675; x_wconf 89' lang='lat' dir='ltr'><strong>c.</strong></span> <span class='ocrx_word' id='word_1_905' title='bbox 3600 5614 3610 5667; x_wconf 63' lang='grc' dir='ltr'>ί</span> 
     </span>
    </p>
   </div>
   <div class='ocr_carea' id='block_1_119' title="bbox 2885 5715 2983 5764">
    <p class='ocr_par' dir='ltr' id='par_1_119' title="bbox 2885 5715 2983 5764">
     <span class='ocr_line' id='line_1_120' title="bbox 2885 5715 2983 5764; baseline -0.01 -11"><span class='ocrx_word' id='word_1_906' title='bbox 2885 5715 2983 5764; x_wconf 78' lang='lat' dir='ltr'><strong>,o.</strong></span> 
     </span>
    </p>
   </div>
  </div>
