3740 6288
174 364 251 419 γωδ
1438 342 1787 399 EPISTOLAE
1820 343 2279 401 DECRETALES.

3324 342 3426 396 506

206 435 532 536 regemt““‘_
562 429 725 536 ἷξδοῖ
752 438 1007 514 iniusto
1039 469 1195 525 vero,
1221 462 1279 509 ut
1315 463 1654 524 peccatorum
1681 472 1802 525 quae
1827 463 1873 519 Α
1900 458 2050 520 illud,
2098 457 2153 509 in
2187 470 2292 524 quo
2323 467 2470 507 utens
2504 451 2834 521 puriﬁcatur,
2868 449 2959 505 sed
3020 444 3161 518 quod
3214 452 3427 517 sequela

242 527 667 620 {ug‘ﬁem'tssio
706 540 1107 599 concedatur.
1137 545 1179 577 ‘°
1209 544 1468 599 Omnibus
1494 560 1621 617 ergo
1650 545 1800 600 festi-

257 639 457 692 uanam
474 631 576 688 est,
598 624 727 681 sine
751 642 925 684 mora
953 636 1181 689 renasci
1207 634 1336 695 Deo.
1358 642 1411 689 et
1436 635 1648 689 demum
1676 649 1803 695 con-

266 728 439 795 signari
477 719 540 774 ab
579 720 891 789 episcopo,
943 723 1003 776 id
1043 733 1130 778 est
1179 724 1537 794 septiformem
1578 724 1801 793 gratiam

259 815 473 886 Spiritus
497 812 671 867 sancti
700 811 1001 881 percipere
1026 813 1264 883 (ὅθ-51),
1303 814 1426 884 quia
1453 815 1691 867 incertus
1718 821 1803 868 est

256 905 668 973 uniuscujusque
718 903 909 958 exitus
940 905 1087 961 vitae.
1119 906 1160 937 “
1191 905 1324 960 Cum
1361 912 1540 959 autem
1584 919 1804 973 regene-

238 1008 394 1053 ratus
424 996 585 1051 fuerit
620 1011 723 1064 per
774 1010 1005 1065 aquam,
1032 1004 1086 1052 et
1118 995 1456 1067 postmodum
1505 995 1801 1064 septiformi

237 1087 477 1157 Spiritus
522 1086 706 1155 gratia
741 1086 813 1139 ab
863 1086 1125 1155 episcopo
1170 1087 1252 1156 (ut
1299 1091 1652 1138 memoratum
1700 1084 1801 1153 est)

235 1179 623 1239 conﬁrmatus,
655 1177 791 1245 quia
834 1177 994 1231 aliter
1027 1176 1294 1247 perfectus
1318 1190 1436 1230 esse
1466 1174 1803 1230 Christianus

228 1282 591 1335 nequaquam
636 1266 868 1335 poterit,
902 1281 1003 1320 nec
1046 1265 1227 1320 sedem
1267 1265 1463 1319 habere
1510 1266 1650 1318 inter
1678 1279 1802 1332 per-

224 1356 428 1417 fectos,
458 1356 507 1410 si
543 1370 668 1409 non
703 1357 1060 1418 necessitate,
1104 1353 1197 1409 sed
1249 1354 1457 1407 incuria
1494 1360 1582 1406 aut
1615 1355 1805 1407 volun-

210 1454 331 1501 tate
374 1447 729 1501 remanserit
776 1446 860 1515 (ut
907 1461 937 1497 a
981 1445 1138 1499 beato
1175 1443 1333 1499 Petro
1378 1446 1710 1513 accepimus,
1753 1451 1805 1499 et

209 1537 407 1590 caeteri
448 1536 644 1590 sancti
693 1536 965 1604 apostoli,
1017 1535 1360 1605 praecipiente
1406 1533 1652 1598 Domino,
1704 1534 1805 1588 do-

204 1628 505 1693 cuerunt),
535 1635 595 1678 et
626 1625 853 1679 demum
877 1640 942 1679 ex
973 1626 1225 1693 operibus
1260 1624 1413 1677 bonis
1461 1624 1707 1677 ostendat
1750 1623 1806 1677 in

205 1732 270 1769 se
297 1716 750 1770 similitudinem
779 1716 922 1783 ejus,
949 1715 1043 1784 qui
1080 1731 1198 1769 eum
1230 1715 1433 1785 genuit,
1458 1713 1652 1769 Patris.
1680 1714 1807 1769 Post

204 1804 333 1859 hac
374 1820 517 1858 vero
556 1812 839 1874 agnoscat
885 1804 1053 1859 Deum
1099 1805 1382 1859 honorare.
1421 1803 1602 1858 Honor
1632 1813 1806 1859 autem

202 1894 340 1962 ejus
379 1902 493 1956 est,
531 1902 597 1946 ut
644 1894 725 1947 ita
779 1893 952 1957 vivat,
998 1894 1139 1947 sicut
1185 1894 1299 1961 ipse
1343 1894 1483 1967 vult;
1510 1896 1623 1947 vult
1668 1894 1811 1948 enim

205 1998 698 2053 unumquemque
735 1982 815 2035 ita
844 1983 1044 2045 vivere,
1078 1993 1134 2035 ut
1158 1983 1504 2036 homicidium
1526 1990 1577 2036 et
1613 1983 1813 2037 adulte-

207 2074 369 2127 rium
404 2074 659 2136 nesciat,
687 2072 879 2126 odium
911 2081 964 2127 et
995 2073 1277 2126 avaritiam
1319 2072 1507 2142 fugiat,
1539 2072 1694 2139 iram,
1726 2090 1814 2128 su-

206 2163 507 2232 perbiam,
537 2163 883 2230 jactantiam
929 2170 1149 2231 respuat
1191 2170 1245 2216 et
1295 2170 1624 2229 exsecretur,
1673 2163 1812 2217 invi-

203 2252 366 2306 diam
414 2269 685 2323 quoque,
729 2260 785 2307 et
834 2259 1029 2306 caetera
1076 2253 1160 2307 his
1194 2252 1419 2315 similia,
1452 2254 1662 2322 penitus
1693 2269 1722 2306 a
1753 2268 1811 2309 se

203 2342 388 2395 ducat
412 2344 649 2397 aliena.
675 2341 775 2396 Est
809 2357 940 2396 sane
974 2342 1191 2411 propria
1226 2342 1465 2411 quaedam
1494 2349 1693 2397 nostrae
1726 2358 1811 2397 reo

210 2433 438 2502 ligionis
471 2431 871 2494 observantia,
897 2446 1017 2499 quae
1049 2445 1157 2483 non
1187 2440 1292 2483 tam
1322 2430 1610 2499 imponitur
1638 2432 1808 2485 homi-

209 2522 402 2587 nibus,
432 2536 627 2591 quam
664 2521 886 2588 proprie
916 2520 985 2573 ab
1028 2534 1351 2589 unoquoque
1383 2519 1548 2573 Deum
1579 2521 1806 2586 colente,

211 2624 391 2666 causa
415 2610 707 2681 puritatis
738 2609 1044 2678 expetitur;
1076 2608 1141 2663 de
1172 2609 1505 2663 castimoniae
1533 2607 1655 2662 dico
1682 2624 1814 2663 cau-

214 2702 351 2765 tela,
388 2702 566 2771 cujus
596 2700 819 2768 species
852 2701 1035 2752 multae
1060 2706 1205 2753 sunt.
1239 2698 1343 2752 Sed
1390 2699 1585 2767 primo,
1628 2709 1686 2751 ut
1714 2698 1809 2752 ob-

218 2800 400 2847 servet
449 2789 891 2857 unusquisque,
937 2804 1007 2842 ne
1058 2795 1401 2843 menstruatte
1454 2789 1665 2843 mulieri
1707 2790 1807 2841 mi-

216 2891 484 2948 sceatur;
545 2884 663 2935 hoc
710 2880 858 2934 enim
904 2878 1234 2933 exsecrabile
1281 2877 1429 2930 ducit
1477 2878 1561 2931 lex
1610 2877 1702 2933 Dei
1741 2879 1803 2934 “.

222 2971 381 3036 Quod
400 2972 451 3026 si
478 2972 578 3025 lex
610 2969 683 3023 de
705 2969 796 3024 his
826 2983 934 3022 non
955 2968 1322 3022 admonuisset
1350 2983 1469 3032 nos,
1496 2975 1554 3021 ut
1580 2968 1742 3023 catuli
1763 2970 1805 3003 ⁸³

1897 547 1967 601 sit
1994 546 2138 599 illius
2165 546 2291 599 boni
2332 544 2452 607 hoc,
2482 544 2536 595 in
2567 559 2672 611 quo
2706 557 2830 595 caro
2859 541 3096 593 diluitur.
3130 537 3220 592 Sic
3262 539 3427 602 enim,

1896 644 1949 688 et
1981 635 2233 703 magister
2263 642 2445 687 noster
2477 632 2738 701 quosdam
2781 630 3173 683 Phariszeorum
3211 638 3263 683 et
3292 628 3428 683 scri-

1900 724 2108 787 barum,
2140 725 2233 792 qui
2262 724 2580 779 videbantur
2607 737 2728 777 esse
2767 722 2974 775 caeteris
3006 720 3275 782 meliores,
3310 727 3363 773 et
3396 733 3427 772 a

1896 814 2056 881 vulgo
2094 816 2346 885 separati,
2384 814 2708 889 increpabat,
2737 812 2920 866 dicens
2960 827 3054 866 eos
3090 811 3427 881 hypocritas;

1899 904 2025 973 quia
2073 918 2133 956 ea
2181 904 2514 957 solummodo
2564 918 2681 972 quae
2724 902 3029 957 hominibus
3088 899 3425 963 videbantur,

1898 992 2279 1059 purificabant;
2313 994 2477 1047 corda
2521 1010 2667 1051 vero.
2699 1010 2815 1064 quae
2859 995 3006 1047 solus
3039 992 3177 1045 Deus
3214 991 3426 1059 aspicit,

1900 1082 2175 1150 inquinata
2231 1084 2602 1153 relinquebant
2649 1094 2702 1138 et
2751 1084 2985 1139 sordida.
3030 1081 3111 1134 Ad
3162 1079 3427 1150 quosdam

1899 1185 2025 1240 ergo
2053 1188 2117 1226 ex
2162 1173 2315 1242 ipsis,
2362 1188 2468 1225 non
2500 1172 2567 1225 ad
2605 1189 2811 1236 omnes,
2863 1173 3115 1227 dicebat:
3156 1171 3243 1224 Va:
3292 1169 3429 1223 vobis

1904 1262 2085 1316 scriba:
2109 1274 2160 1317 et
2196 1264 2453 1316 Phariswi
2486 1264 2787 1334 hypocrita,
2825 1266 2947 1334 quia
2989 1262 3251 1317 mundatis
3293 1261 3428 1329 quod

1900 1352 2091 1420 deforis
2130 1363 2206 1407 est
2234 1354 2411 1407 calicis
2446 1363 2493 1406 et
2538 1354 2847 1421 paropsidis,
2893 1356 3029 1406 intus
3067 1360 3235 1404 autem
3280 1352 3430 1418 plena

1900 1453 2020 1496 sunt
2058 1443 2315 1499 sordibus.
2360 1444 2624 1497 Pltariswe
2664 1461 2824 1507 caece,
2866 1442 3057 1495 munda
3103 1442 3247 1509 prius
3296 1439 3430 1510 quod

1902 1532 2038 1587 intus
2061 1542 2176 1587 est:
2204 1544 2253 1588 et
2280 1534 2417 1605 quod
2441 1533 2633 1601 deforis
2662 1532 2757 1595 eat,
2784 1534 2879 1589 erit
2909 1532 3154 1584 mundum
3180 1530 3221 1560 ¹⁶
3245 1532 3258 1583 !
3294 1528 3432 1584 Vere

1902 1622 2065 1685 enim,
2098 1624 2143 1677 si
2188 1639 2338 1678 mens
2375 1623 2661 1676 mundetur
2702 1624 2819 1677 luce
2861 1622 3116 1684 scientite,
3157 1636 3278 1674 cum
3315 1621 3431 1688 ipsa

1906 1708 2065 1764 fuerit
2116 1713 2312 1765 munda
2354 1728 2416 1764 ac
2452 1712 2750 1781 splendida,
2798 1720 2926 1766 tunc
2962 1713 3121 1767 etiam
3169 1713 3307 1780 ejus,
3340 1709 3432 1777 qui

1912 1800 2112 1856 deforis
2139 1809 2251 1866 est,
2293 1802 2522 1856 hominis
2562 1803 2678 1871 ipsa
2722 1803 3025 1857 necessario
3053 1817 3234 1855 curam
3274 1799 3431 1869 gerit,

1909 1889 1962 1942 id
1990 1898 2072 1944 est
2106 1891 2283 1945 carnis
2314 1907 2442 1954 suae,
2472 1899 2529 1944 ut
2555 1900 2607 1945 et
2632 1893 2745 1964 ipsa
2775 1892 3109 1963 purificetur.
3137 1891 3176 1921 ¹⁷
3206 1889 3303 1943 Ubi
3337 1904 3435 1942 au-

1910 1988 2014 2034 tem
2057 1982 2181 2045 ista,
2222 1998 2339 2051 qua:
2365 1984 2564 2038 deforis
2592 1992 2695 2047 est,
2728 1984 3030 2053 puriﬁcatio
3057 1982 3236 2039 carnis
3268 1980 3436 2054 negli-

1908 2069 2069 2141 gitur,
2095 2080 2298 2127 certum
2326 2080 2408 2127 est
2430 2088 2602 2141 neque
2626 2072 2689 2126 de
2718 2073 2951 2142 puritate
2980 2073 3175 2127 mentis
3201 2088 3261 2125 ac
3285 2086 3438 2124 mun-

1907 2165 2039 2220 ditia
2066 2164 2244 2219 cordis
2271 2179 2452 2217 curam
2496 2165 2628 2233 geri.
2666 2163 2742 2216 lta
2805 2180 2933 2233 ergo
2994 2164 3071 2228 fit,
3124 2173 3182 2218 ut
3244 2165 3289 2219 is
3343 2164 3434 2234 qui

1907 2256 2231 2309 intrinsecus
2253 2255 2481 2308 mundus
2510 2265 2612 2318 est,
2642 2255 3056 2311 mundetursine
3083 2257 3248 2311 dubio
3273 2265 3325 2311 et
3342 2272 3437 2313 ex-

1907 2346 2191 2399 trinsecus.
2219 2343 2334 2397 Non
2372 2360 2579 2412 semper
2609 2356 2784 2399 autem
2818 2346 2884 2409 is,
2913 2347 3004 2416 qui
3034 2348 3324 2405 mundatur
3345 2362 3433 2400 ex.

1905 2436 2194 2498 trinsecus,
2231 2435 2391 2489 etiam
2422 2435 2745 2488 intrinsecus
2773 2435 3006 2489 mundus
3032 2446 3143 2499 est,
3186 2437 3435 2493 videlicet

1905 2540 2028 2579 cum
2067 2524 2176 2595 agit
2210 2524 2342 2586 haec,
2380 2530 2437 2577 ut
2466 2524 2770 2577 hominibus
2800 2525 3026 2592 placeat.
3054 2525 3096 2556 ¹⁸
3128 2524 3229 2579 Sed
3263 2533 3316 2580 et
3344 2525 3435 2581 illa

1905 2614 2110 2684 species
2137 2615 2466 2668 castimonia:
2499 2614 2829 2668 observanda
2869 2623 2973 2677 est,
3013 2615 3088 2667 uti
3125 2631 3193 2669 ne
3234 2616 3434 2685 passim

1903 2710 1956 2757 et
1992 2703 2228 2759 libidinis
2258 2704 2426 2757 solius
2470 2718 2654 2766 causa,
2699 2718 2820 2757 cum
2862 2702 3073 2757 feminis
3112 2713 3261 2759 coeat
3291 2705 3434 2773 quis,

1904 2794 1996 2848 sed
2020 2794 2347 2865 posteritatis
2373 2794 2677 2867 reparandae
2704 2794 2903 2863 gratia;
2941 2810 3057 2863 quae
3097 2796 3436 2853 observantia

1904 2900 2025 2939 cum
2053 2885 2211 2941 etiam
2251 2886 2306 2940 in
2335 2885 2604 2938 nonnullis
2653 2886 2946 2953 pecudibus
2990 2887 3310 2951 inveniatur,
3346 2904 3437 2957 pu-

1902 2976 2049 3029 doris
2097 2984 2212 3038 est,
2257 2974 2303 3029 si
2352 2989 2459 3032 non
2509 2974 2576 3029 ab
2631 2975 2935 3031 hominibus
2986 2978 3337 3033 rationalibus
3381 2987 3435 3035 et

221 3061 458 3117 iibenter
514 3062 881 3116 volveremur
927 3059 982 3111 in
1031 3066 1268 3112 stercore
1303 3059 1364 3111 ιι.
1400 3057 1662 3113 Debemus
1699 3061 1794 3114 ali-
1826 3074 1869 3130 ε
1901 3064 2065 3119 Deum
2096 3065 2390 3119 colentibus
2438 3066 2771 3123 observetur.
2820 3065 2957 3136 Ergo
3006 3084 3193 3124 omnes
3246 3086 3435 3139 pecca-

224 3152 357 3220 cuid
385 3150 647 3220 amplius
679 3149 883 3202 habere
914 3147 1256 3211 animalibus,
1290 3156 1473 3216 utpote
1514 3149 1803 3206 rationales

227 3240 509 3303 homines,
556 3248 619 3295 et
662 3239 970 3293 caelestium
1023 3253 1279 3292 sensuum
1329 3254 1574 3306 capaces,
1607 3241 1802 3309 quibus

228 3345 511 3385 summum
568 3328 822 3384 studium
872 3341 997 3382 esse
1043 3326 1219 3389 debet,
1262 3328 1329 3380 ab
1359 3329 1505 3381 omni
1555 3330 1804 3399 inquina-

200 3472 203 3479 ,
229 3428 409 3474 mento
432 3418 643 3475 cordis
675 3417 1072 3471 conscientiam
1104 3417 1397 3471 custodire.
1425 3418 1467 3449 “
1492 3418 1694 3472 Bonum
1723 3427 1805 3473 est

228 3521 429 3577 autem,
472 3518 536 3564 et
568 3508 802 3577 puritati
832 3506 1189 3565 conveniens,
1221 3505 1379 3557 etiam
1424 3520 1619 3574 corpus
1666 3522 1806 3576 aqua

226 3597 460 3654 diluere.
508 3597 734 3651 Bonum
787 3610 917 3650 vero
967 3594 1114 3655 dico,
1160 3606 1267 3647 non
1318 3594 1470 3661 quasi
1510 3596 1806 3665 principale

1906 3164 2097 3208 verunt
2127 3163 2179 3209 et
2208 3161 2363 3224 egent
2390 3155 2589 3207 auxilio
2610 3154 2699 3209 Dei
2724 3155 2852 3226 (52).
2877 3156 3100 3227 Propter
3122 3161 3284 3229 quod,
3310 3160 3437 3214 cha-

1904 3244 2102 3301 rissimi
2123 3285 2137 3310 ,
2176 3244 2455 3298 sectamini
2507 3261 2715 3313 semper
2765 3248 3108 3311 cbaritatem,
3137 3259 3189 3304 et
3218 3251 3438 3303 aemula-

1907 3334 2037 3387 mini
2084 3335 2303 3388 meliora
2341 3342 2392 3388 et
2436 3336 2753 3403 spiritualia,
2790 3345 2842 3390 et
2874 3336 3121 3405 adjuvate
3162 3355 3258 3392 vos
3294 3339 3434 3392 invi-

1907 3437 2042 3488 cem,
2067 3432 2125 3477 ut
2150 3423 2256 3479 Deo
2284 3440 2491 3494 semper
2530 3425 2583 3477 in
2613 3426 2860 3481 omnibus
2888 3427 3097 3498 placere
3126 3430 3344 3483 valeatis
3368 3430 3430 3483 η.

1909 3510 2098 3567 Amen.

228 3745 2433 3774 Μ

1480 3867 2050 3961 EPISTULA
2118 3875 2232 3963 V.

226 4128 306 4182 De
346 4120 630 4180 communi
675 4119 780 4171 vita
807 4125 856 4170 et
900 4117 1116 4180 reliquis
1161 4115 1354 4176 causis,
1387 4116 1497 4167 suis
1540 4116 1807 4185 discipulis

394 4194 636 4260 scripta,
672 4185 1268 4255 Hierosolymitanisque
1288 4185 1489 4236 directa
1513 4185 1644 4253 (55).

1979 4122 2289 4179 Communis
2307 4127 2351 4157 ⁸ο
2380 4127 2509 4188 vita,
2534 4120 2745 4187 fratres,
2764 4125 3010 4180 omnibus
3028 4128 3328 4182 necessaria
3347 4138 3429 4186 est

1910 4219 1962 4266 et
1990 4214 2219 4267 maxime
2250 4215 2333 4269 his
2371 4218 2462 4284 qui
2493 4215 2599 4269 Deo
2629 4215 3171 4283 irreprehensibiliter
3198 4219 3430 4276 militare

295 4299 705 4361 Dilectissimis
739 4298 1002 4350 fratribus
1035 4304 1090 4350 et
1119 4297 1525 4366 condiscipulis,
1556 4296 1808 4352 Hieroso-
1836 4332 1883 4390 υ
1909 4302 2148 4370 cupiunt,
2175 4310 2228 4357 et
2254 4305 2417 4357 vitam
2459 4306 2843 4374 apostolorum,
2873 4321 3164 4376 eorumque
3193 4310 3432 4380 discipu-

220 4398 390 4468 lymis
431 4408 573 4450 cum
610 4388 942 4443 charissimo
968 4387 1133 4440 fratre
1151 4386 1351 4442 Iacobo
1373 4389 1689 4459 coepiscopo
1717 4390 1809 4443 ha-

220 4486 569 4544 bitantibus,
597 4478 857 4534 ειειιειεε
883 4477 1191 4545 episcopus.

1913 4391 2083 4445 lorum
2119 4393 2315 4447 imitari
2346 4396 2548 4449 volunt.
2575 4398 2616 4426 ¹¹
2643 4396 2954 4451 Communis
2983 4398 3124 4450 enim
3160 4415 3287 4452 usus
3315 4416 3431 4452 om-

1912 4482 2081 4547 nium,
2113 4499 2229 4552 qua:
2263 4494 2387 4538 sunt
2418 4487 2470 4537 in
2512 4486 2612 4539 hoc
2647 4485 2867 4549 mundo,
2899 4487 3145 4539 omnibus
3188 4501 3306 4541 esse
3335 4489 3431 4543 hoc

300 4602 346 4631 ³⁸
372 4595 550 4650 Siric.
583 4606 677 4661 ep.
700 4585 962 4661 i,__i_nitio.
1004 4588 1044 4617 “
1063 4585 1434 4661 Rec_ogn._vt_._c.
1460 4587 1544 4661 1οε
1588 4588 1629 4617 ¹²
1654 4586 1821 4645 Levit.
1859 4606 2030 4661 xvm.
2048 4593 2089 4627 ⁸⁸
2119 4595 2465 4660 cantharides,
2484 4599 2589 4661 imo
2616 4598 2875 4661 canthari,
2904 4606 2961 4651 ut
2988 4598 3119 4652 bene
3136 4598 3430 4657 Turrianus

217 4684 291 4752 se
317 4667 523 4752 Greca
540 4655 1199 4752 °°‘“.°".‘.‘,'.’.:.X:.‘Ei‘i°.?.’f;

216 4738 319 4790 9.5.
397 4738 440 4764 ¹⁷
478 4738 614 4781 Haec
646 4738 715 4778 an
746 4738 1007 4776 "emeron

219 4821 283 4870 q.
318 4802 373 4864 1,
398 4796 685 4853 Dilectiss.
727 4788 1007 4859 fratribus.

218 4871 512 4926 Clemens.
756 4894 759 4897 -

302 4957 551 5021 (⁸50351),
574 4952 656 5006 De
684 4943 1099 5004 confirmatione
1128 4939 1383 5021 loquitur.

301 5007 418 5096 (ἐξ)
438 5007 607 5092 Ego
629 5035 807 5096 omnes
841 5015 1229 5096 peccaverulzt,L
1245 5007 1499 5096 etc.._H':ec
1533 5010 1806 5096 conclusio

217 5075 583 5152 caiuninios'e
629 5075 1050 5155 reprehenditur
1086 5075 1457 5155 abnbaareticis
1492 5095 1504 5129 :
1546 5078 1619 5130 ita
1662 5079 1804 5155 enim

220 5143 753 5220 Enetus—Clemens
785 5155 905 5221 (aut
950 5144 1047 5221 qui
1092 5143 1198 5221 sub
1242 5143 1358 5221 ejus
1405 5160 1631 5221 persona
1672 5146 1808 5199 deli-

222 5213 879 5299 iéé'c'iii'arsumeutai":
906 5235 925 5297 ε.
937 5213 1017 5299 ,δὲ
1035 5213 1478 5299 Eafi‘fl‘i‘i‘irﬂii
1507 5223 1572 5299 ξι,
1589 5215 1671 5299 l9,"
1688 5228 1806 5299 κοί)-

219 5278 584 5356 ié'iiéi'béiﬁh
615 5306 726 5361 non
757 5285 957 5344 sullicit
993 5279 1065 5331 ad
1092 5278 1480 5361 lobseryandatn
1514 5280 1654 5361 hanc
1682 5298 1805 5361 spe-

219 5345 380 5424 3.2;;
396 5345 697 5420 castitatis.
733 5370 897 5425 quam
927 5345 1194 5425 pecudes.
1225 5346 1339 5425 sine
1373 5348 1580 5425 ratione
1612 5359 1662 5402 ει
1690 5345 1805 5425 liae

221 5415 1011 5493 natu-raiﬁinstinctu'servanl.
1041 5421 1096 5465 et
1129 5415 1205 5463 ita
1234 5415 1516 5493 mutabiles
1549 5428 1677 5493 sunt
1707 5415 1805 5493 ho-

221 5486 440 5567 ἱίιῖὶῐέέὲ
470 5490 1564 5567 εείιιιίιμτριηηθεε,Ἒίὲῗδε--99⁰ίίξ¹ἒίῖτεὲξ.εέξ
1607 5486 1805 5564 auxilio

224 5546 678 5639 ﬁneﬁne
727 5561 868 5613 bene
900 5546 1218 5639 vivendum:
1264 5549 1378 5612 Quo
1420 5550 1574 5639 niJhi‘l.
1604 5554 1804 5639 verius,

223 5616 699 5695 ἧιῖίινξιῖὺὶἰιίυς,
744 5639 847 5678 nec
898 5616 965 5671 ad
1019 5627 1142 5668 rem
1186 5618 1650 5676 accommodatius
1696 5616 1807 5677 dici

224 5709 425 5778 potuit.
456 5704 584 5759 Sev.
613 5698 819 5753 Brutus.

1277 4655 1320 4724 ξξ
1344 4654 1501 4724 Deest
1531 4655 1639 4708 haec
1662 4660 1990 4724 comparatio
2019 4660 2075 4712 in
2103 4677 2151 4714 c.
2173 4662 2311 4717 Just.

397 4734 440 4764 ¹⁷
478 4730 614 4801 Haec
646 4726 715 4778 ab
737 4722 1240 4801 fletiterobaptistig
1262 4722 1519 4801 Ebionitis
1547 4726 1744 4801 inserta

1907 4728 2144 4801 'itlentur.
2197 4728 2506 4801 j‘Recogn.
2535 4722 2785 4795 vr,'c.12.
2862 4734 3207 4789 "lComuv.
3285 4722 3426 4801 ηιξ,

1117 4792 1159 4820 ἰ
1202 4788 1578 4845 Faustinianus
1626 4794 1736 4846 hate
1780 4788 1909 4848 dicit
1958 4796 2049 4850 lib.
2092 4813 2144 4849 ιι
2188 4788 2465 4871 ΒεεθςμιῘ,
2528 4788 2753 4869 ρ.’158,
2800 4818 2917 4870 qua:
2971 4802 3161 4856 refellit
3198 4788 3431 4872 ipsemet

2388 4667 2429 4696 ιδ
2472 4660 2774 4728 Ιίεοοθη.νι,
2811 4660 2867 4720 οξ
2907 4667 2989 4719 11.
3068 4667 3313 4721 "Matth.
3338 4670 3428 4732 25,

1978 4950 2086 5030 (ὅςῆ)
2125 4951 2247 5030 ιιζο
2271 4958 2497 5030 epistola
2542 4959 2807 5030 encyclica
2837 4967 2944 5022 est;
2976 4959 3053 5012 sic
3094 4959 3254 5024 dicta,
3287 4964 3428 5030 quod

1907 5021 2155 5098 omnibus
2182 5021 2436 5098 Ecclesiis
2467 5021 2765 5098 communis
2810 5021 2980 5098 esset.
3006 5035 3075 5098 pet
3110 5044 3202 5098 per
3235 5021 3430 5086 manus

1905 5090 2131 5156 singulis
2184 5092 2406 5157 tradita,
2459 5095 2767 5148 universum
2819 5090 3181 5149 Christianum
3242 5101 3427 5153 orbem

1904 5157 2229 5235 circumiret.
2258 5159 2473 5215 Diversa
2504 5169 2783 5235 taLnen‘est
2814 5164 2880 5235 ab
2916 5163 3014 5235 illa,
3033 5166 3322 5235 encyclica,
3370 5167 3426 5221 in

1901 5241 2007 5303 qua
2038 5226 2338 5303 virginitas,
2376 5237 2508 5283 teste
2545 5229 2805 5298 Epiphan.
2832 5231 3018 5303 haeresi
3050 5226 3428 5303 50,'depnedi-

1901 5300 2019 5375 cata
2033 5296 2155 5378 fuit,
2172 5313 2514 5378 qumqueusuo
2531 5296 2785 5378 tempore,
2798 5296 3135 5378 quointegra
3161 5296 3425 5378 exstabat,

1904 5365 1958 5417 in
1986 5365 2481 5435 sancitisiEcclesiis,
2516 5373 2572 5418 ut
2594 5365 2694 5435 ait,
2724 5365 2996 5435 legebatur
3024 5365 3208 5424 {sicut
3250 5379 3301 5425 et
3335 5365 3423 5425 illa

1905 5450 2022 5502 quae
2063 5434 2129 5507 ad
2171 5434 2472 5507 corinthios
2499 5434 2697 5507 scripta
2739 5434 2859 5507 fuit.
2900 5437 3066 5507 Cujus
3094 5448 3267 5493 autem
3304 5439 3425 5493 fidei

1906 5519 1968 5556 ac
1999 5504 2261 5572 lirtiiitatis
2292 5504 2397 5556 sint
2427 5503 2506 5555 hac
2565 5505 2800 5572 quinque
2828 5503 3293 5561 titulo'Clementis
3321 5521 3421 5559 no-

1906 5580 2046 5631 tatie.
2069 5573 2186 5645 vide
2209 5571 2530 5645 Turrianum
2575 5572 2667 5628 lib.
2714 5571 2780 5637 it,
2830 5576 3072 5633 adversus
3105 5573 3421 5645 Magdebur-

1902 5657 2098 5711 gentes.
2133 5639 2252 5700 Sev.
2277 5640 2456 5696 Brutus
