3740 6300
241 4791 253 4827 l

209 333 309 392 507

215 445 451 503 minibus
503 441 727 509 debuit;
772 438 865 497 sed
915 452 1009 510 per
1058 436 1397 506 iniquitatem
1450 434 1589 492 alius

218 554 373 608 suum
403 550 523 589 esse
550 533 700 597 dixit,
731 539 784 587 et
813 530 950 584 alius
971 526 1122 590 illud,
1144 533 1197 580 et
1227 524 1307 579 sic
1331 525 1471 578 inter
1498 525 1752 581 mortales

222 627 360 681 facta
400 624 591 679 divisio
636 630 739 678 est.
783 619 1020 689 Denique
1066 615 1372 671 Grazcorum
1408 612 1624 683 quidam
1667 627 1755 669 sa-

224 715 587 790 pientissimus
607 716 672 781 ",
704 713 815 766 haec
845 711 917 763 ita
942 707 1119 763 sciens
1149 719 1292 768 esse,
1322 701 1756 758 ait-.Communia

221 806 400 863 debere
427 820 536 858 esse
572 803 857 855 amicorum
897 798 1071 852 omnia
1091 795 1161 860 ’³,
1192 803 1240 847 et
1280 794 1413 847 sicut
1459 809 1559 845 non
1587 800 1754 862 potest

226 895 439 970 (inquit)
467 893 627 947 dividi
655 908 765 956 aer,
802 906 959 961 neque
987 884 1226 956 splendor
1267 885 1417 948 solis,
1450 883 1526 937 ita
1556 900 1646 937 nec
1676 900 1756 938 re—

228 992 369 1060 liqua
406 1003 519 1059 qua:
548 983 885 1039 communiter
915 978 969 1033 in
1002 979 1096 1033 hoc
1131 976 1323 1031 mundo
1363 974 1597 1029 omnibus
1632 972 1760 1026 data

228 1089 347 1135 sunt
390 1077 456 1131 ad
495 1072 807 1136 habendum,
834 1070 996 1124 dividi
1040 1067 1241 1131 debere,
1276 1064 1362 1122 sed
1392 1062 1628 1117 habenda
1654 1078 1762 1117 esse

230 1169 539 1223 communia.
572 1164 723 1220 Unde
753 1172 805 1217 et
837 1161 1092 1214 Dominus
1121 1173 1216 1228 per
1243 1156 1557 1226 prophetam
1588 1151 1763 1221 loqui-

231 1270 339 1321 tur,
371 1257 593 1312 dicens:
626 1254 756 1309 Ecce
784 1268 940 1323 quam
982 1250 1168 1303 bonum
1206 1256 1253 1301 et
1289 1262 1445 1317 quam
1474 1241 1764 1314 jucundum

231 1348 465 1402 habitare
493 1346 683 1415 fratres
716 1343 768 1395 in
799 1358 963 1394 unum
985 1341 1051 1395 “.
1092 1338 1254 1393 Istius
1286 1336 1430 1394 enim
1477 1341 1766 1391 consuetu-

232 1440 373 1493 dinis
401 1452 547 1491 more
576 1440 803 1497 retento,
829 1432 988 1485 etiam
1017 1429 1267 1500 apostoli,
1290 1441 1582 1497 eorumque
1608 1421 1767 1480 disci-

234 1529 366 1598 puli,
391 1536 451 1582 ut
479 1524 786 1596 przedictum
842 1528 946 1583 est,
972 1535 1078 1573 una
1107 1520 1386 1573 nobiscum
1408 1526 1459 1572 et
1488 1516 1768 1570 vobiscum

234 1632 571 1675 communem
617 1615 777 1667 vitam
824 1609 1045 1665 duxere.
1092 1608 1244 1664 Unde
1281 1608 1362 1678 (ut
1407 1608 1542 1664 bene
1577 1603 1768 1674 nostis)

235 1718 347 1762 erat
386 1704 731 1760 multitudinis
775 1716 953 1755 eorum
997 1715 1087 1753 cor
1130 1714 1289 1751 unum
1314 1706 1363 1751 et
1410 1697 1588 1750 anima
1622 1707 1769 1748 una:

238 1814 328 1852 nec
361 1797 632 1865 quisquam
662 1807 837 1846 eorum
868 1799 957 1843 aut
984 1797 1238 1851 nostrum,
1263 1786 1324 1840 de
1352 1786 1431 1839 his
1459 1802 1573 1856 qua:
1604 1784 1774 1854 possi-

238 1888 411 1950 debat,
452 1882 648 1953 aliquid
678 1898 830 1936 suum
857 1897 966 1935 esse
995 1878 1218 1942 dicebat,
1258 1876 1346 1932 sed
1383 1878 1556 1931 omnia
1584 1875 1692 1930 illis
1726 1882 1775 1928 et

239 1978 384 2033 nobis
414 1983 562 2031 erant
589 1972 900 2030 communia.
924 1986 1012 2022 nec
1040 1970 1309 2038 quisquam
1330 1983 1479 2037 egens
1508 1974 1620 2019 erat
1646 1966 1779 2018 inter

240 2085 354 2123 nos.
390 2065 576 2121 Omnes
609 2072 801 2125 autem,
828 2060 916 2131 qui
941 2058 1119 2112 domos
1150 2059 1225 2111 vel
1243 2073 1395 2127 agros
1416 2055 1771 2125 possidebant,

242 2154 521 2211 vendebant
551 2169 657 2215 eos,
690 2159 737 2204 et
762 2150 930 2218 pretia
957 2163 1155 2211 eorum,
1182 2157 1230 2200 et
1274 2147 1499 2215 reliquas
1540 2162 1621 2199 res
1650 2162 1779 2215 quas

243 2246 527 2309 habebant,
557 2242 870 2312 offerebant,
906 2248 1145 2309 ponentes
1180 2247 1297 2292 ante
1327 2237 1476 2307 pedes
1521 2234 1783 2305 apostolo-

243 2353 359 2389 rum
378 2334 596 2401 ",sicut
619 2332 897 2387 uobiscum
914 2330 1130 2399 quidam
1144 2337 1383 2382 vestrum
1414 2331 1783 2397 cognoverunt

244 2437 298 2482 et
324 2425 605 2481 viderunt:
636 2431 684 2477 et
705 2420 1001 2475 dividebant
1030 2419 1274 2489 singulis,
1292 2418 1643 2487 proutcuique
1655 2432 1781 2485 opus

243 2525 376 2573 erat.
406 2513 642 2570 Ananias
672 2518 870 2575 autem,
915 2511 998 2563 vir
1031 2516 1309 2569 austerus,
1345 2516 1399 2562 et
1449 2503 1714 2575 Sapphira
1740 2505 1785 2537 "

246 2623 383 2663 uxor
412 2605 531 2675 ejus
553 2604 619 2668 ’⁷,
650 2601 743 2673 qui
792 2598 1000 2654 mentiti
1046 2604 1173 2654 sunt
1204 2595 1463 2666 apostolis
1509 2595 1574 2650 de
1611 2594 1786 2665 pretio

247 2712 498 2770 agrorum
530 2707 771 2759 suorum,
794 2706 930 2761 quos
958 2688 1329 2753 vendiderant,
1360 2686 1518 2741 nobis
1550 2700 1789 2756 praesen-

249 2789 392 2843 tibus
419 2786 494 2851 ’⁸,
526 2785 581 2839 in
626 2788 921 2852 conspectu
966 2778 1210 2833 omnium
1243 2776 1729 2839 circumstantium,
1759 2790 1789 2829 a

248 2882 543 2946 (ῑοηερεοιιι
578 2878 977 2942 apostmorum,
1026 2876 1245 2939 propter
1277 2874 1555 2936 peccatum
1604 2880 1791 2921 eorum

251 2975 306 3023 et
334 2963 673 3020 mendacium
712 2960 856 3032 quod
908 2960 1178 3022 fecerunt,
1222 2958 1420 3012 mortui
1457 2956 1620 3011 delati
1667 2966 1793 3012 sunt

1031 322 1088 378 S.
1122 317 1508 378 CLEMENTIS
1538 320 1559 377 Ι
1593 319 1757 378 ROM.
1791 316 1992 376 PONT.
2028 311 2253 370 OPERA
2309 306 2539 364 DUBIA.

1644 436 1746 490 hoc
1778 442 1821 496 Α,
1852 440 2147 488 vestrarum
2174 425 2428 495 partium,
2455 417 2749 477 secundum
2777 408 3093 483 ingenium
3157 386 3651 496 hcfmif‘u’g:

3470 263 3641 325 508

1850 538 1914 577 ex
1946 522 2033 576 bis
2076 476 2201 586 qua;
2238 516 2456 584 legunt,
2495 502 3018 564 verisimilitudines
3080 482 3327 586 εαιίξυ

2172 476 2201 569 E
2238 516 2456 584 legunt,
2495 502 3018 564 verisimilitudines
3080 482 3451 586 capiunt
3499 491 3521 527 :
3569 476 3649 586 et

1852 613 1972 669 ideo
2008 572 2320 678 diligente;
2334 572 2727 657 observandum
2770 604 2877 657 est,
2922 597 2991 645 ut
3028 586 3162 641 lex

1852 655 1970 669 ’νυν
2011 655 2284 678 “···ὐ“--ν--
2345 655 2358 657 -
2863 655 2869 657 ν
3345 663 3365 676 ,
3589 655 3606 664 .

1852 702 2066 772 legitur,
2116 712 2228 752 non
2261 691 2571 749 secundum
2616 686 2899 760 propriam
2961 668 3262 770 ingenii
3344 655 3655 772 intel‘lf:

1856 745 2087 861 δεξειιίαῶ
2139 787 2348 856 legatur
2396 781 2480 836 vel
2535 745 2818 833 doceatur.
2868 772 3027 827 Sunt
3083 759 3321 861 enirn

1855 833 2019 936 :erba
2058 877 2114 931 in
2153 833 2450 943 SZripturis
2478 868 2709 930 divinis,
2750 878 2877 935 quae
2909 857 3228 931 possunt
3271 839 3501 899 trahi
3554 833 3655 943 ad

1857 969 2055 1033 eum”
2113 933 2370 1027 sensum,
2414 975 2576 1031 quem
2643 933 3291 1018 sibiiunusquisque
3364 933 3655 1003 sponte

1859 1028 2223 1131 praesumpsit,
2265 1052 2357 1109 sed
2391 1028 2507 1106 ﬁeri
2535 1065 2646 1104 non
2689 1049 2934 1116 oportet.
2965 1036 3130 1092 Non
3194 1028 3423 1131 enim
3471 1035 3657 1131 sen-

1860 1117 1978 1206 sum
2003 1117 2162 1218 quem
2183 1144 2522 1199 extrinsecus
2541 1135 2879 1198 adulteretis,
2907 1130 3235 1184 alienum
3272 1122 3357 1174 et
3396 1117 3655 1218 eftra—

1862 1200 2249 1294 neumjdebetis
2272 1245 2534 1302 quaerere,
2565 1234 2659 1281 aut
2687 1220 2980 1295 quomodo
3005 1219 3065 1249 ”
3110 1216 3397 1283 ipsum
3439 1200 3658 1302 ξανξ-

1864 1336 2143 1400 pturarum
2199 1321 2520 1378 auctoritate
2578 1314 2966 1377 conﬁrmetis;
3034 1304 3182 1361 sed
3258 1312 3362 1355 ex
3461 1292 3656 1367 ipsis

1866 1390 2163 1488 'Scripturis
2194 1428 2410 1469 sensum
2441 1423 2637 1479 capere
2662 1403 2945 1461 veritatis.
2984 1396 3067 1451 Et
3106 1392 3299 1449 ideo
3344 1390 3659 1488 oportet

1866 1511 1934 1568 ab
1962 1478 2026 1564 eo
2056 1505 2461 1575 intelligentiam
2487 1478 2700 1554 discere
2731 1494 3271 1575 Scripturarnrn,
3308 1478 3653 1575 qui-eam

1868 1615 1900 1654 a
1943 1567 2276 1667 majoribus,
2322 1589 2620 1647 secundum
2674 1587 2973 1641 veritatem
3037 1574 3199 1634 sibi
3287 1567 3657 1624 traditam

1869 1658 2105 1746 servavit
2144 1693 2209 1742 ut
2245 1658 2299 1741 et
2329 1684 2447 1754 ipse
2494 1679 2670 1752 possit
2696 1691 2784 1742 ea,
2826 1689 2960 1746 qua:
3003 1677 3225 1727 recte
3278 1658 3653 1754 suscepit,

1875 1783 2241 1851 competenter
2272 1750 2540 1829 asserere.
2583 1768 2723 1826 Cum
2766 1766 2921 1821 enim
2954 1777 3037 1817 ex
3092 1756 3398 1814 divinis
3450 1750 3657 1806 Scri—

1874 1840 2047 1942 pturis
2093 1868 2354 1937 integram
2385 1861 2511 1931 quis
2551 1866 2608 1915 et
2654 1857 2875 1911 ﬁrmam
2904 1852 3240 1923 regulam
3309 1840 3656 1900 veritatis

1876 1936 2194 2027 susceperit,
2222 1936 2530 2009 absurdum
2567 1963 2681 2005 non
2711 1946 2844 2010 erit,
2869 1944 2921 1998 si
2955 1938 3250 2011 aliquid
3289 1936 3527 1991 etiam
3565 1948 3654 1989 ex

1877 2049 2180 2106 eruditione
2226 2042 2501 2099 communi
2548 2054 2616 2095 ac
2663 2035 3007 2093 liberalibus
3071 2029 3378 2088 studiis
3409 2065 3435 2095 ,
3494 2039 3654 2097 qua:

1877 2142 2016 2197 forte
2063 2141 2118 2194 in
2164 2135 2396 2210 pueritia
2445 2131 2656 2203 attigit,
2692 2130 2763 2184 ad
2815 2126 3283 2183 assertionem
3322 2119 3488 2174 veri
3524 2118 3653 2172 do-

1880 2230 2072 2304 gmatis
2099 2209 2370 2293 conferat;
2416 2224 2492 2277 ita
2538 2229 2746 2285 tamen,
2776 2226 2842 2274 ut
2894 2217 3006 2272 ubi
3066 2228 3270 2269 vera
3346 2209 3650 2273 didicit,

1881 2301 2015 2376 l‘alsa
2049 2327 2101 2374 et
2147 2316 2399 2371 simulata
2456 2312 2718 2367 declinet.
2758 2309 2807 2341 ³⁵
2852 2306 3209 2362 Incertum
3280 2310 3405 2358 est
3463 2301 3653 2356 enim

1880 2414 2041 2467 etiam
2065 2407 2355 2478 juvenibus
2383 2404 2510 2458 vitae
2557 2410 2800 2471 tempus,
2850 2397 3134 2453 senibus
3207 2401 3468 2448 autem
3504 2391 3655 2460 jam

1883 2519 1983 2559 nec
2011 2502 2275 2554 incertum
2306 2502 2421 2561 est;
2455 2508 2565 2547 non
2589 2491 2739 2546 enim
2771 2488 3141 2552 dubitatur,
3187 2485 3381 2557 quin
3422 2499 3656 2554 quan-

1886 2603 2215 2660 tumcunque
2248 2595 2333 2644 est
2372 2584 2519 2656 quod
2550 2588 2777 2653 putatur
2808 2593 3219 2650 superesse,
3263 2578 3496 2633 breve
3535 2576 3651 2631 sit.

1885 2684 1952 2739 Et
1994 2683 2115 2738 ideo
2142 2689 2252 2735 tam
2283 2677 2515 2748 juvenes
2556 2688 2721 2744 quam
2752 2687 2925 2728 senes
2959 2678 3266 2741 oportet
3330 2670 3426 2726 de
3483 2684 3655 2725 con-

1887 2774 2134 2831 versione
2159 2777 2212 2825 et
2240 2767 2554 2839 poenitentia
2584 2764 2744 2822 valde
2780 2778 2913 2821 esse
2946 2762 3348 2827 sollicitos,
3390 2767 3464 2817 et
3503 2767 3617 2816 sat
3638 2788 3658 2800 ο

1889 2863 2131 2937 agere”,
2175 2869 2233 2915 ut
2260 2860 2327 2915 de
2368 2858 2577 2928 reliquo
2620 2862 2823 2910 ornent
2853 2854 3155 2908 animam
3202 2869 3420 2909 suam
3453 2868 3659 2908 orna-

1893 2954 2089 3014 mentis
2118 2950 2472 3022 dignissimis,
2499 2947 2554 3003 id
2580 2957 2664 3003 est
2690 2946 3083 3016 dogmatibus
3130 2945 3509 3007 veritatis,
3546 2944 3663 3000 de-

256 3056 435 3110 ambo.
468 3054 779 3122 Caeteraque
818 3065 938 3121 qua:
963 3048 1031 3104 de
1060 3048 1259 3103 talibus
1281 3048 1325 3080 "
1357 3046 1713 3116 cognovimus
1741 3053 1794 3099 et
1822 3074 1863 3130 ε
1895 3059 2020 3102 core
2046 3042 2333 3113 pudicitiae,
2364 3038 2652 3109 splendore
2676 3036 2939 3105 justit‘iaa,
2965 3037 3309 3093 candore
3339 3037 3656 3109 pietatis,

255 3144 520 3208 vidimus,
573 3156 672 3197 nec
724 3139 1131 3203 recordatione,
1181 3152 1280 3192 nec
1336 3134 1793 3190 demonstratione

259 3234 421 3304 digna
467 3239 612 3288 sunt.
644 3229 979 3300 Quapropter
1020 3228 1136 3282 hanc
1166 3227 1319 3282 vobis
1361 3225 1599 3280 cavenda
1644 3239 1797 3278 man—

261 3316 474 3385 damus,
504 3328 557 3375 et
583 3318 843 3374 doctrinis
872 3325 925 3372 et
951 3317 1211 3387 exemplis
1258 3315 1624 3385 apostolorum
1669 3314 1801 3370 obe~

263 3412 380 3468 dire
410 3409 779 3482 praecipimus;
811 3408 937 3478 quia
970 3407 1024 3461 hi
1052 3408 1145 3476 qui
1168 3406 1418 3459 mandata
1446 3420 1633 3461 eorum
1658 3411 1804 3473 post-

263 3506 491 3571 ponunt,
514 3514 621 3553 non
645 3498 817 3553 solum
846 3496 944 3560 rei,
971 3496 1064 3551 sed
1091 3502 1334 3550 extorres
1365 3493 1516 3548 ﬁunt.
1541 3493 1670 3559 Quae
1692 3509 1800 3548 non

268 3590 439 3648 solum
473 3589 627 3645 vobis
654 3586 912 3651 cavenda,
956 3586 1049 3641 sed
1090 3594 1143 3641 et
1184 3572 1433 3640 omnibus
1464 3584 1801 3655 praedicanda

267 3689 415 3737 sunt.
439 3679 483 3711 ³⁸
511 3677 756 3732 Relatum
792 3684 875 3731 est
912 3676 1072 3730 etiam
1103 3674 1280 3738 nobis,
1311 3675 1454 3743 quod
1500 3674 1717 3743 quidam
1746 3674 1803 3727 in

266 3770 464 3825 vestris
512 3769 755 3838 partibus
796 3772 1223 3828 commorantes,
1266 3765 1617 3819 adversantur
1656 3764 1805 3820 sanis

271 3859 550 3923 doctrinis,
574 3868 628 3913 et
657 3857 839 3928 (prout
867 3856 947 3911 eis
972 3853 1205 3925 videtur)
1236 3869 1344 3908 non
1370 3854 1669 3911 secundum
1694 3860 1809 3907 tra-

274 3951 532 4004 ditionem
559 3948 736 4003 Patris
760 3948 826 4012 “,
863 3947 956 4002 sed
980 3946 1133 4016 juxta
1164 3961 1382 4001 sensum
1412 3960 1573 4001 suum
1611 3947 1808 4001 docere
1838 3958 1851 3965 ‘

276 4041 543 4095 videntur.
570 4041 613 4071 ³³
660 4039 852 4094 Multas
896 4039 1039 4093 enim
1091 4035 1307 4107 quidam
1349 4037 1439 4108 (ut
1484 4034 1808 4091 audivimus‘

363 4226 407 4255 “
452 4225 724 4277 Platonem
792 4222 1058 4291 intelligit.

284 4364 336 4417 1.
409 4362 455 4393 ’⁸
484 4363 602 4413 Act.
643 4375 714 4420 iv,
750 4360 837 4414 54.
903 4359 947 4390 ²⁶

1030 4375 1076 4415 s.
1125 4357 1375 4429 Zaphira.
1466 4361 1509 4391 ’⁷
1559 4359 1679 4414 Act.
1724 4375 1775 4413 ν.

285 4447 465 4508 938318.
511 4430 728 4508 "alioue
775 4427 1078 4508 Romanus,
1104 4423 1435 4508 guiplures
1475 4436 1597 4508 post
1626 4441 1797 4508 annos
1827 4423 2487 4508 iidemlsuscepitaVer-‘ba
2516 4423 2907 4508 Latmiiﬂnotis
2950 4423 3221 4500 nostri;

758 4512 839 4550 ua:
880 4497 1031 4550 talia.
1102 4497 1147 4529 ³⁰
1188 4496 1315 4552 DiSt.
1362 4499 1449 4560 '57,
1477 4496 1729 4550 Relatum
1765 4505 1866 4550 est.

290 4561 635 4648 ’Περίοθηξξη
674 4561 746 4648 ad
769 4580 939 4621 suum.
976 4564 1098 4648 llaec
1126 4565 1784 4648 quoquemnexdllardu‘ino
1828 4565 2106 4648 desumpta
2137 4569 2283 4618 sunt.
2358 4563 2403 4595 “
2439 4572 2497 4617 ut
2525 4572 2927 4637 quoquomodo.

1282 4636 1572 4700 ,Dilectiss.
1598 4632 1870 4703 fratribus.
1944 4632 1990 4664 ³⁸
2019 4632 2154 4687 inter
2180 4649 2286 4686 vos.

287 4500 331 4536 ”
361 4499 457 4555 Ms.
486 4507 692 4561 caetera,

284 4652 341 4692 c.
381 4637 471 4693 43.
543 4634 589 4667 ³⁸
611 4634 912 4703 satisagere.
987 4634 1031 4668 ⁸⁷
1060 4634 1124 4700 2,
1144 4634 1208 4707 il.

282 4295 296 4308 ⁸
363 4226 407 4255 ’⁸
440 4225 724 4308 Platonem
764 4222 1117 4308 Wintelligit.‘
1160 4222 1205 4308 ξ’
1238 4222 1297 4277 In
1336 4238 1448 4308 ius.
1510 4229 1674 4290 atque
1727 4219 1890 4308 editis
1946 4219 2152 4308 Me‘rlini
2192 4228 2254 4308 et‘
2289 4217 2486 4308 Crabbi
2513 4232 2739 4308 ‘paucan
2766 4222 3150 4283 inseruntur

282 4295 337 4349 in
368 4295 527 4347 notis.
565 4291 635 4344 Ea
681 4291 872 4345 Surius
910 4272 1120 4359 etopost
1137 4306 1271 4359 eum
1302 4272 1804 4354 alii'res'ecjuerunt,
1848 4272 1985 4359 cum
1999 4272 2219 4359 :tamen
2240 4288 2487 4356 legantur
2513 4272 2551 4343 Ιῖ
2591 4272 2663 4359 εξ
2679 4272 3180 4359 iacebit-.311

1899 3136 2130 3203 aliisque
2157 3132 2431 3195 omnibus,
2462 3130 2662 3198 quibus
2705 3135 3007 3197 comptam
3043 3127 3274 3185 decet
3310 3144 3505 3186 esse
3548 3144 3660 3184 ra-

1898 3226 2152 3281 tionalem
2199 3231 2456 3277 mentem.
2482 3221 2523 3251 ³⁷
2552 3218 2741 3283 Unde,
2786 3217 3142 3273 consilium
3208 3220 3502 3286 dantes,
3543 3236 3658 3278 ve-

1899 3325 2063 3371 stram
2093 3311 2433 3383 prudentiam
2465 3311 2774 3371 hortamur,
2819 3315 2884 3361 ut
2930 3290 3011 3364 ab
3060 3312 3514 3380 apostolicis
3553 3327 3660 3368 rc-

1898 3406 2038 3479 gulis
2065 3418 2174 3458 non
2216 3401 2504 3466 recedatis,
2548 3399 2644 3456 sed
2681 3414 3069 3455 communem
3109 3403 3357 3460 vitam
3398 3405 3659 3463 ducen-

1902 3505 2003 3561 tes,
2030 3503 2085 3551 et
2111 3493 2425 3563 Scripturas
2464 3506 2656 3547 sacras
2707 3497 2865 3546 recte
2917 3491 3451 3566 intelligentes,
3510 3514 3660 3569 qua

1902 3586 2131 3641 Domino
2159 3584 2403 3647 vovistis,
2446 3581 2749 3651 adimplere
2776 3586 3116 3653 satagatis.
3167 3587 3264 3645 Ει
3300 3605 3472 3647 cum
3511 3607 3659 3647 οη.

1904 3677 2052 3733 tione
2086 3674 2304 3730 assidua
2361 3673 2452 3727 Dei
2507 3674 2743 3743 gratiam
2808 3674 3107 3732 obtinere
3203 3685 3655 3748 merueritis,

1906 3774 2057 3831 tunc,
2082 3766 2200 3822 sine
2229 3763 2537 3833 suspicione
2570 3764 2701 3816 mali
2726 3763 3011 3822 interitus
3040 3769 3131 3835 ³⁸,
3181 3783 3357 3829 vota
3392 3778 3663 3848 possint

1907 3856 2168 3913 celebrari
2207 3854 2416 3910 festiva.
2460 3852 2604 3909 Deus
2648 3860 2839 3909 autem
2880 3858 3065 3925 pacis
3126 3864 3235 3919 sit
3286 3882 3458 3923 cum
3518 3886 3662 3925 om.

1910 3949 2068 4007 nibus
2094 3947 2265 4002 vobis.
2292 3945 2483 4001 Amen.

3046 4237 3343 4330 P353?
3404 4246 3661 4330 ειη-ιω

3147 4302 3209 4357 Ρ
3213 4310 3356 4388 €5.31.-
3392 4302 3659 4388 ciu";

3069 4380 3464 4439 exstitisse
3513 4380 3661 4445 Cle'.

1964 4464 2340 4584 23:94:52};
2355 4464 3659 4584 Lb??ﬁ3§3"““"3§3c53éiif'sali”???

3011 4574 3067 4609 ³³
3128 4574 3506 4659 Βρσοξιηῖἱ,
3558 4574 3653 4665 ';;

1877 4357 1922 4443 ξε
1969 4357 2086 4410 Non
2135 4355 2350 4443 videtin;
2392 4363 2537 4443 tunc.
2591 4355 3009 4443 Hierosolymis
