3838 6396
975 291 1573 361 CONSTITUTIONES
1600 286 2078 352 APOS'I‘OLICE.
2119 319 2186 331 --
2222 284 2587 344 PBOG‘IMIA.

3286 282 3389 341 M0

287 465 3384 507 MM

1272 636 2315 771 FRAGMENTA.

583 1130 648 1171 EX
688 1130 935 1175 υεεκετο
970 1128 1251 1172 ϐΒΔΤΙΑΝΙο

268 1213 350 1284 (De
376 1224 645 1273 consecr.,
680 1208 813 1265 dist.
839 1207 1188 1263 Saccrdotum
1218 1204 1603 1275 aliorumque.)

183 1346 367 1415 Quando
406 1344 696 1400 celebratur
741 1346 926 1409 missa,
968 1344 1352 1415 presbyterium
1402 1342 1573 1397 laicus
1625 1343 1712 1396 in-

626 1415 773 1486 gredi
803 1432 908 1470 non
935 1423 1247 1485 praesumat.

237 1506 601 1574 Sacerdotum,
657 1508 1001 1578 aliorumque
1058 1507 1388 1562 clericorum
1449 1504 1714 1565 Ecclesia:

182 1601 487 1655 servientium
516 1600 779 1667 honores,
819 1615 849 1653 a
881 1599 1149 1654 laicorum
1195 1599 1316 1653 loco
1346 1598 1582 1654 discrete
1617 1613 1711 1669 ap-

176 1706 333 1761 parere
372 1692 647 1748 convenit.
674 1691 1045 1757 Quamobrem
1074 1691 1208 1745 nulli
1242 1690 1509 1745 laicorum
1556 1690 1715 1747 liceat

188 1784 229 1837 in
253 1800 309 1838 eo
333 1784 465 1846 loco.
494 1784 591 1839 ubi
639 1784 957 1841 sacerdotes
998 1790 1053 1841 et
1093 1783 1287 1854 reliqui
1318 1782 1504 1839 clerici
1533 1783 1717 1837 consi-

174 1883 299 1929 stunt
344 1875 504 1947 (quod
568 1877 971 1946 presbyterium
1036 1875 1446 1947 nuncupatur),
1495 1874 1716 1945 quando

176 1967 312 2021 missa
347 1969 652 2023 celebratur
689 1969 1010 2031 consistere,
1037 1975 1097 2023 ut
1135 1968 1303 2023 libere
1332 1982 1395 2021 ac
1421 1966 1718 2022 honoriﬁce

175 2058 349 2127 possint
372 2074 526 2115 sacra
553 2058 731 2114 ofﬁcia
759 2075 1019 2115 exercere
1046 2058 1384 2132 ﬁelebrari].

891 2193 957 2251 ll.

174 2302 243 2359 Et:
279 2308 624 2363 vetustissimo
680 2308 859 2364 codice
922 2309 1144 2365 Lucensi
1191 2325 1453 2364 annorum
1507 2308 1719 2363 circiter

279 2377 409 2431 mille
437 2395 504 2432 ea:
533 2380 761 2448 epistola
795 2380 859 2435 Β.
890 2379 1173 2438 Clementis
1204 2381 1272 2434 ad
1300 2379 1583 2435 Iacobum.

232 2466 275 2520 l.
299 2466 595 2541 Episcopus
625 2470 1119 2542 irreprehensibilis
1141 2473 1358 2530 sit.non
1379 2471 1712 2542 ﬁdeijussor,

1737 1001 1787 1060 Α
1812 1008 1914 1051 nec
1942 990 2241 1046 advocatus
2280 989 2481 1054 litium,
2532 1004 2633 1045 nec
2675 988 2999 1059 aliiseuris
3046 989 3391 1060 negotiorum

1814 1083 2174 1140 mundialium
2209 1082 2521 1152 perplexus.
2545 1079 2838 1151 Presbyter
2864 1082 3118 1151 pudicus,
3142 1096 3395 1138 carceres

1819 1178 2035 1239 visitet,
2069 1182 2124 1231 et
2154 1176 2475 1245 peregrinos
2527 1173 2826 1243 suscipiat,
2871 1180 3107 1230 stateras
3156 1176 3395 1245 aequales

1812 1269 2032 1323 habeat.

1883 1359 1938 1417 2.
1981 1358 2210 1413 Diaconi
2243 1367 2505 1430 tanquam
2533 1356 2679 1412 oculi
2703 1366 2755 1412 et
2784 1372 2949 1413 aures
2983 1356 3229 1429 episcopi
3261 1357 3389 1413 sint.

1813 1452 2212 1509 Catechumeni
2243 1454 2612 1509 instruantur.

2180 1547 2259 1602 De
2284 1545 2631 1616 perceptione,
2663 1544 2814 1613 cujus
2842 1559 3024 1613 supra.

1887 1646 1940 1700 '5.
1986 1642 2409 1698 Sacramentum
2441 1653 2567 1691 cum
2597 1636 2747 1690 omni
2779 1635 2975 1690 timore
3019 1632 3115 1690 Dei
3146 1642 3396 1690 servetur

1816 1751 1846 1793 tt
1882 1733 2240 1809 presbyteris,
2263 1728 2589 1785 diaconibus
2616 1734 2670 1782 et
2699 1726 2989 1784 ministris.

1886 1829 1940 1883 4.
1982 1823 2316 1881 Communio
2366 1822 2423 1877 in
2473 1819 2776 1876 crastinum
2832 1834 2943 1874 non
2992 1830 3261 1888 servetur,
3301 1822 3395 1875 sed

1816 1934 1941 1974 cum
1972 1917 2173 1971 timore
2204 1915 2299 1969 Dei
2331 1922 2611 1979 sumatur;
2641 1927 2705 1966 ac
2737 1911 2972 1967 clericus
3016 1928 3119 1967 nec
3147 1913 3400 1967 celeriter

1816 2011 1972 2066 cibos
2003 2008 2260 2080 accipiat.

1887 2103 1940 2158 5.
1981 2100 2124 2159 Vasa
2153 2099 2405 2163 sacrarii,
2443 2099 2529 2154 vel
2566 2099 2684 2153 vela
2712 2105 2932 2153 vetusta
2984 2097 3314 2162 ustulentur,
3345 2103 3401 2152 et

1816 2194 1873 2249 in
1907 2209 2068 2249 sacro
2099 2194 2247 2248 fonte
2279 2193 2456 2264 pulvis
2486 2192 2769 2246 obruatur.

1891 2286 1945 2341 6.
1990 2286 2063 2342 De
2095 2287 2239 2357 palla
2288 2286 2473 2339 nullus
2522 2293 2773 2337 mortuus
2821 2282 3109 2347 obruatur,
3142 2299 3244 2338 nec
3281 2282 3401 2337 diu-

1747 2347 1791 2406 Β
1821 2394 1995 2434 conus
2028 2347 2294 2449 imponat,
2326 2378 2445 2432 vela
2505 2384 2559 2430 et
2587 2375 2761 2447 pallas
2791 2374 3166 2431 subdiaconus
3208 2376 3262 2429 in
3308 2390 3401 2431 sa—

1821 2472 2003 2526 crario
2031 2472 2194 2527 lavet.

197 2636 3393 2675 Μ

420 2790 1827 3029 CONS’l‘l’l‘ll’l‘l0NliS
1998 2794 3103 3029 APOS’I‘MJCM.

1246 3316 2379 3501 PBO(EMIA.

725 3802 846 3927 J.
912 3802 1052 3925 B.
1138 3799 1985 3929 COTELERII
2043 3800 2791 3931 JUDICIUM

571 4101 717 4189 DE
797 4096 1996 4192 CONSTITUTIONIBUS
2069 4097 2845 4191 APOSTOLICIS

1068 4287 1282 4361 (Patres
1314 4289 1621 4361 apostolici,
1652 4297 1692 4343 t.
1720 4288 1765 4354 Ι,
1791 4287 1883 4346 ed.
1914 4288 2235 4351 Amsttelod.
2266 4287 2467 4362 172$.)

1758 4448 1833 4467 ο..

218 4580 289 4637 Ex
314 4580 536 4642 multis,
584 4591 711 4647 quae
754 4575 829 4632 de
862 4576 1365 4634 Constitutionibus
1414 4579 1733 4649 apostolicis
1759 4590 1802 4649 (ι
1836 4581 2065 4638 stolicas
2085 4593 2216 4634 vero
2236 4578 2517 4647 διαταγὰς,
2535 4576 2836 4635 Clementis
2858 4578 3208 4650 quidem,sed
3222 4589 3408 4650 postea

162 4677 294 4732 rario
337 4675 645 4730 doctorum
685 4685 939 4728 sermone
977 4669 1277 4739 jactantur,
1308 4687 1436 4728 vera
1485 4674 1734 4743 quaedam

160 4776 293 4831 sunt,
324 4769 435 4822 alia
471 4766 642 4827 falsa,
683 4771 879 4819 caetera
914 4761 1216 4830 ejusmodi,
1251 4770 1312 4816 ut
1349 4763 1634 4820 veritatem
1666 4780 1738 4819 an

160 4856 439 4914 lalsitatem
466 4857 819 4921 contineant,
843 4862 991 4909 certa
1012 4861 1247 4923 nequeat
1266 4855 1739 4925 argumentatione

160 4950 370 5020 percipi.
403 4949 484 5003 Ea
519 4951 570 5005 si
612 4948 669 5003 in
714 4946 989 5018 principio
1033 4945 1460 5001 Adnotationum
1502 4947 1736 5003 istarum

161 5044 581 5109 secreverimus,
612 5054 794 5110 opera:
831 5039 1067 5109 pretium
1090 5052 1192 5093 nos
1220 5037 1467 5095 facturos
1488 5054 1599 5095 non
1634 5055 1736 5097 ne-

163 5131 380 5191 Scimus.

223 5222 408 5294 Itaque
435 5240 639 5280 verum
668 5231 779 5290 est,
804 5221 1276 5280 Constitutionum
1308 5221 1739 5293 apostolicarum

160 5314 493 5386 ὀκτάϐιϐλον,
528 5335 671 5390 opus
697 5334 823 5375 esse
858 5318 1233 5389 apocryphum
1261 5324 1317 5373 et
1347 5316 1740 5387 pseudepigra-

162 5412 342 5481 phum,
368 5416 441 5471 ab
473 5414 746 5485 apostolis
770 5429 885 5468 non
906 5411 1217 5483 profectum
1240 5452 1257 5477 ,
1286 5424 1390 5465 nec
1418 5410 1488 5464 ab
1509 5416 1737 5477 aposto-

162 5502 262 5560 lico
319 5506 632 5564 Clemente.
693 5504 943 5570 Scilicet,
991 5503 1244 5574 quamvis
1278 5509 1473 5556 auctor
1508 5499 1739 5556 canonis

165 5598 328 5651 ultimi
355 5598 677 5669 apostolici,
708 5598 756 5653 si
798 5597 1052 5652 diversus
1080 5602 1164 5650 est
1193 5594 1265 5649 ab
1293 5606 1359 5648 eo
1384 5592 1452 5648 de
1481 5606 1590 5662 quo
1620 5591 1739 5663 agi.

163 5703 298 5756 mus,
327 5691 498 5747 aliter
528 5698 766 5757 statuat;
797 5689 1053 5760 quamvis
1077 5688 1208 5743 illos
1236 5685 1617 5757 apostolorum
1639 5699 1735 5739 ca-

165 5794 330 5839 lones
349 5800 519 5841 veros
546 5799 768 5845 censere
791 5782 1194 5857 δωρειαί-(ἱηοὶ
1220 5779 1577 5854 posteriores.
1595 5792 1730 5853 3P0-

1837 4672 2205 4738 adulteratas;
2238 4671 2490 4741 quamvis
2537 4670 2827 4741 Ethiopes
2872 4688 2903 4726 a
2955 4671 3156 4727 Grmcis
3205 4673 3383 4728 edocti

1836 4765 2194 4837 apostolicam
2225 4762 2575 4821 Octabiblum
2603 4772 2663 4819 ut
2704 4779 2919 4819 sacram
2960 4772 3014 4819 et
3047 4764 3287 4818 divinam
3318 4781 3385 4821 ve

1837 4865 2102 4912 nerentur
2122 4874 2138 4924 ;
2160 4857 2414 4926 quamvis
2440 4855 2496 4911 S.
2523 4855 2863 4934 Epiphanius
2887 4856 3081 4910 haeresi
3114 4855 3203 4921 80,
3225 4856 3389 4926 cap.7

1837 4958 1894 5005 et
1915 4948 2201 5004 Cedrenus
2230 4947 2447 5003 duobus
2486 4948 2543 5002 in
2590 4949 2750 5016 locis,
2791 4948 2931 5002 inter
2960 4945 3217 5001 Veterum
3256 4948 3415 5002 testi-

1839 5042 2025 5097 monia
2070 5040 2293 5104 relatis,
2353 5040 2495 5095 θεῖον
2545 5040 2703 5109 λόγον
2756 5040 3079 5095 Diataxibus
3137 5038 3419 5108 tribuant;

1838 5138 2081 5189 attamen
2112 5131 2323 5201 liquido
2335 5137 2575 5199 constat,
2597 5131 2664 5186 ad
2692 5130 2972 5201 apostolos
2993 5137 3049 5185 et
3076 5128 3419 5189 Clementem.

1840 5238 1950 5278 non
1985 5223 2262 5293 pertinere
2290 5221 2595 5294 σύνταγμα,
2622 5224 2766 5294 quod
2797 5223 2971 5293 prima
2998 5223 3254 5279 Ecclesiae
3275 5230 3415 5279 tem-

1839 5333 1977 5389 pora
2001 5317 2182 5381 latuit,
2213 5315 2361 5388 quod
2395 5331 2426 5369 a
2459 5323 2539 5371 tot
2565 5316 2776 5371 sanctis
2805 5301 3058 5370 Patribus‘
3101 5316 3417 5386 ignoratum

1842 5408 1971 5475 fuit,
2026 5416 2123 5464 aut
2172 5409 2511 5479 neglectum,
2560 5409 2705 5479 quod
2748 5408 3001 5480 plurimis
3042 5410 3421 5480 suspicionem.

1846 5503 2017 5558 movit
2066 5501 2499 5573 suppositionis,
2543 5502 2794 5572 plurimis
2834 5503 3215 5558 certitudinem
3265 5501 3419 5558 dedit

1845 5594 2141 5661 falsitatis;
2168 5593 2314 5663 quod
2346 5593 2617 5648 catholica
2649 5592 2897 5650 Ecclesia
2929 5609 2960 5649 a
3005 5608 3222 5649 canone
3260 5592 3417 5647 Scri-

1846 5694 2131 5757 pturarum
2161 5684 2472 5739 divinarum
2500 5685 2779 5753 excludit;
2822 5685 2969 5756 quod
3012 5687 3249 5757 denique
3291 5699 3417 5741 sex-

1842 5787 2003 5837 senta
2032 5778 2414 5850 complectitur
2450 5794 2576 5835 cum
2606 5781 2853 5841 veritate.
2893 5795 3018 5837 cum
3040 5776 3418 5835 verisimilitu-
