3838 6354
432 286 539 346 511

1291 276 1351 334 S.
1384 273 1778 335 CLEMENTIS
1812 273 1833 327 ι
1869 270 2036 331 ROM.
2072 267 2277 327 PONT.
2313 268 2542 371 ΟΡξῘΒΑ
2576 270 2801 329 DUBIA.

3583 275 3688 333 513

429 407 560 463 dine
590 402 917 477 pugnantia,
965 398 1271 456 recentiora
1304 394 1644 466 temporibus
1673 391 2013 463 apostolicis,
2045 398 2091 450 Α
2123 404 2231 443 ιιοιι
2264 400 2372 445 tam
2405 405 2560 445 suam
2581 429 2596 453 ,
2625 405 2789 458 quam
2816 386 3037 444 Eusebii
3073 388 3327 459 proponit
3348 389 3688 451 opinionem.

429 506 598 569 atque
628 496 699 551 ab
732 491 1038 565 apostolico
1067 490 1389 544 charactere
1413 484 1802 540 remotissima.

500 590 613 646 Nec
653 589 836 643 minus
887 598 1077 639 verum
1126 588 1231 643 est,
1284 579 1539 649 antiquas
1587 574 2009 633 constitutiones

430 687 607 742 dictas
629 680 1019 751 apostolorum,
1041 681 1160 745 post
1181 673 1631 741 compositionem
1661 684 1814 725 suam
1841 669 2011 722 inter-

429 777 794 853 polatricibus
818 770 1071 826 manibus
1114 764 1482 833 subjacuisse.
1514 761 1571 816 ld
1599 763 1754 819 .clare
1781 761 2010 815 demon-

433 881 613 931 strant
649 871 769 924 loca
795 866 962 918 citata
1009 877 1040 914 a
1092 860 1153 914 Β.
1212 855 1541 928 Epiphanio,
1589 860 1641 909 et
1698 869 1729 907 a
1784 860 2008 923 parente

432 959 619 1031 Operis
661 956 951 1028 imperfecti
995 957 1049 1011 in
1094 953 1439 1010 Matthwum;
1482 959 1718 1015 quorum
1748 944 2007 1013 pleraque

431 1066 579 1107 nunc
609 1047 809 1119 partim
840 1058 953 1098 non
995 1047 1255 1103 exstant,
1288 1038 1487 1109 partim
1516 1052 1642 1091 cum
1670 1050 1865 1105 magna
1895 1034 1995 1089 dif-

431 1142 661 1197 ferentia
693 1137 985 1193 verborum
1011 1141 1066 1187 et
1098 1146 1357 1187 sensuum
1387 1129 1659 1198 leguntur.
1709 1125 1886 1195 Atque
1936 1125 2005 1179 ob

427 1252 549 1292 earn
583 1228 1017 1301 interpolationis
1050 1226 1251 1279 famam
1280 1222 1451 1276 Graeci
1471 1221 1524 1274 in
1555 1219 1743 1273 Trullo
1776 1232 2007 1287 congre-

428 1329 540 1399 gati
572 1324 919 1395 profitentur,
957 1312 1752 1379 canone2,Constitutionibus
1784 1318 2004 1379 aposto-

427 1424 603 1477 lorum
626 1414 983 1473 Clementinis
1002 1411 1254 1484 jamolim
1267 1410 1336 1463 ab
1366 1408 1640 1463 haereticis
1667 1406 1775 1460 vim
1804 1405 2001 1458 factam

428 1530 526 1586 per
545 1509 806 1567 nonnulla
832 1506 1083 1574 malaque
1101 1501 1492 1557 additamenta.
1510 1499 1616 1553 Sed
1634 1497 1778 1567 quod
1807 1496 2003 1550 merito

426 1602 910 1669 mirere,Photius,
936 1593 1390 1665 diligentissimus
1412 1587 1790 1659 hujuscemodi
1818 1602 2001 1642 rerum

430 1696 813 1765 investigator,
874 1704 1054 1759 neque
1113 1685 1542 1758 depravationis,
1587 1695 1765 1751 neque
1808 1678 2001 1749 judicii

430 1787 679 1845 Trullani
704 1782 1036 1840 mentionem
1086 1779 1239 1842 facit,
1271 1776 1477 1831 nostris
1513 1774 1795 1839 διαταγαῖς
1845 1769 2008 1824 beni-

426 1882 607 1954 gnior,
630 1872 1089 1949 quemadmodum
1126 1878 1181 1925 et
1223 1870 1441 1923 Nicetas
1478 1866 1799 1921 Pectoratus
1841 1871 2008 1933 atquc

430 1970 698 2043 Georgius
722 1966 1025 2022 Cedrenus.
1054 1962 1264 2032 Quippe
1294 1961 1385 2032 qui
1408 1968 1614 2015 sextam
1655 1971 1811 2012 suam
1838 1970 2005 2025 syno-

429 2064 560 2120 dum
626 2060 916 2117 videantur
956 2054 1233 2126 sprevisse
1259 2093 1273 2117 ,
1316 2062 1369 2108 et
1418 2052 1474 2106 in
1520 2046 2007 2105 constitutionibus

429 2155 637 2210 nullam
667 2151 956 2223 agnovisse
988 2146 1417 2217 corruptionem.

499 2243 657 2313 Quod
679 2243 1161 2307 δυιειιιΔιαταγαῖς
1181 2237 1286 2290 τῶν
1306 2232 1618 2288 ἀποστόλων
1645 2229 1733 2287 διὰ
1760 2230 1875 2301 Κλή
1885 2246 2009 2300 μεν-

429 2354 522 2401 τος
554 2336 698 2391 favet
721 2334 975 2394 Photius,
1003 2347 1169 2385 causa
1200 2345 1307 2383 non
1336 2334 1421 2382 est
1449 2327 1635 2381 odium
1666 2326 1720 2379 in
1752 2324 2005 2390 Latinos;

431 2428 633 2500 quibus
662 2427 884 2495 iniquus
922 2424 977 2477 in
998 2420 1367 2493 Μυριοόίϐλῳ
1386 2434 1494 2472 ιιοιι
1525 2425 1752 2487 apparet
1777 2456 1790 2476 ,
1820 2422 2009 2485 utpote

431 2528 567 2576 tunc
590 2518 929 2575 orthodoxus
950 2522 1005 2569 et
1028 2512 1367 2577 catholicus;
1393 2525 1518 2565 cum
1545 2517 1737 2563 contra
1761 2506 2009 2561 Trullani

430 2611 700 2684 episcopi,
726 2609 933 2664 Latina:
960 2606 1218 2662 Ecclesia:
1241 2604 1427 2658 hostes
1456 2600 1600 2655 haud
1614 2599 1786 2661 dubii,
1817 2598 2009 2653 iisdem

430 2702 939 2771 διατάξεσιηὶειιιιιι
988 2687 1140 2755 theta
1171 2696 1522 2768 praeﬁxerint.
1548 2693 1727 2749 Causa
1757 2697 1861 2754 est,
1884 2690 2010 2744 libri

431 2795 770 2869 praestantia,
801 2801 855 2848 et
886 2792 1024 2847 forte
1049 2788 1339 2860 Epiphanii
1377 2787 1705 2843 encomium.
1737 2782 1897 2838 Certe
1938 2782 2008 2847 si,

433 2886 897 2961 quemadmodum
926 2882 1223 2938 verisimile
1266 2880 1344 2947 lit,
1385 2876 1717 2933 existimavit
1755 2873 2007 2936 Photius,

432 2979 873 3037 Constitutiones
935 2990 1076 3044 Opus
1121 2988 1244 3028 esse
1295 2978 1452 3025 vetus
1490 2985 1553 3023 ac
1598 2968 1853 3037 probum,
1907 2965 2010 3020 sub

434 3072 657 3127 nomine
686 3068 1058 3141 apostolorum
1082 3076 1135 3121 et
1156 3063 1454 3120 Clementis
1479 3063 1797 3123 conlictum,
1831 3059 2008 3113 tribus
2038 3060 2082 3123 C

433 3162 954 3235 reprehensionibus
969 3161 1143 3230 iisque
1157 3175 1263 3212 non
1277 3154 1664 3212 insolubilibus
1685 3152 2005 3216 obnoxium,

433 3255 866 3318 κακοπλαστεας,
898 3252 1354 3309 contumeliarum
1389 3244 1813 3307 Deuteronomio
1839 3243 2013 3298 facta-

436 3366 583 3415 rum,
615 3356 671 3405 et
692 3346 1021 3411 Arianismi;
1051 3360 1159 3398 non
1192 3341 1432 3411 intelligo
1459 3356 1558 3394 cur
1583 3338 1719 3392 adeo
1741 3334 2011 3406 culpanda

434 3448 662 3513 putetur
694 3439 843 3494 illius
870 3438 1085 3492 critica.
1122 3433 1198 3489 Ita
1235 3433 1393 3487 fateri
1427 3432 1516 3485 ille
1548 3429 1745 3500 poterit
1772 3425 1917 3496 quod
1955 3426 2010 3479 in

434 3550 497 3591 re
518 3544 623 3601 est,
654 3534 723 3588 ab
761 3532 989 3600 antiquo
1021 3529 1240 3583 homine
1270 3541 1377 3580 non
1409 3524 1650 3585 indocto,
1692 3530 1746 3574 at
1776 3518 2012 3590 ﬁngendi

435 3626 571 3682 satis
604 3623 880 3693 imperito,
912 3637 1014 3676 nec
1036 3634 1251 3690 semper
1292 3616 1497 3680 veraci,
1527 3616 1583 3669 in
1614 3614 1791 3667 lucem
1823 3611 2010 3681 prola-

435 3728 521 3773 tos
560 3715 733 3771 fuisse
766 3722 889 3785 post
918 3712 1279 3783 apostolicum
1313 3707 1572 3763 saeculum
1614 3704 1783 3758 libros
1832 3701 2010 3771 pluri-

434 3810 541 3865 mis
591 3806 1063 3877 inconsequentiis
1092 3819 1155 3858 ac
1201 3798 1703 3860 inconsiderantiis,
1729 3794 2011 3852 nonnullis

435 3902 723 3958 erroribus
750 3914 1057 3970 respersos,
1089 3898 1157 3952 de
1189 3893 1611 3952 Deuteronomio
1654 3892 1892 3955 incaute,
1942 3889 2011 3946 de

436 4003 630 4057 sancta
659 4002 713 4049 et
740 3991 1023 4047 individua
1056 3987 1328 4043 Trinitate
1370 3984 1673 4055 periculose
1700 3982 2009 4051 loquentes.

438 4087 511 4144 Ut
537 4102 668 4143 vero
701 4085 951 4155 suspicer
966 4080 1407 4140 Constitutiones
1439 4092 1471 4130 a
1510 4075 1706 4131 Photio
1734 4090 1843 4128 non
1887 4088 2011 4131 esse

437 4180 732 4235 attributas
763 4176 1011 4232 Romano
1039 4172 1347 4235 Clementi,
1386 4170 1515 4225 facit
1540 4178 1649 4223 tum
1683 4168 1862 4238 magni
1897 4167 2010 4221 Ma-

441 4272 602 4343 gistri
633 4268 988 4331 existimatio,
1013 4274 1127 4323 tum
1158 4264 1304 4335 quod
1336 4264 1526 4319 eodem
1555 4263 1659 4318 loci
1696 4278 1803 4318 non
1836 4267 2009 4335 magis

439 4364 719 4435 abjudicat
758 4359 1059 4430 apostolico
1120 4357 1549 4431 Recognitiones,
1599 4372 1737 4426 quas
1778 4356 2009 4413 refertas

438 4458 599 4514 docet
631 4454 908 4517 absurdis,
932 4459 985 4506 et
1007 4450 1336 4512 Arianismo,
1361 4464 1523 4518 quam
1536 4450 1966 4506 Constitutiones
1990 4468 2005 4505 :

438 4552 565 4623 quis
596 4556 777 4604 autem
808 4545 997 4601 credat
1031 4544 1106 4598 ita
1155 4544 1361 4598 sentire
1407 4543 1585 4597 virum
1629 4543 2009 4598 doctissimum

438 4652 494 4701 et
521 4640 1029 4715 prudentissimum,
1058 4646 1115 4692 ut
1143 4636 1251 4691 tale
1274 4637 1538 4706 scriptum
1557 4651 1668 4690 non
1701 4643 1848 4706 putet
1870 4635 2011 4691 falso

438 4736 686 4794 auctoris
721 4734 881 4788 titulo
911 4730 1083 4786 fuisse
1111 4729 1403 4785 donatum?
1449 4737 1561 4783 tum
1607 4728 1841 4798 denique
1884 4727 2012 4797 quia

440 4829 583 4885 idem
610 4828 665 4881 in
693 4823 1021 4883 Prml‘atione
1050 4823 1117 4878 ad
1148 4820 1588 4876 Nomocanonem
1640 4820 1893 4890 ambigue
1944 4821 2012 4877 de

440 4921 818 4991 apostolorum
869 4914 1173 4970 canonibus
1200 4913 1443 4978 disserit,
1477 4921 1537 4967 ut
1578 4921 1631 4968 et
1678 4914 1734 4967 in
1762 4914 1848 4969 his
1877 4914 2011 4984 ipsis

438 5012 793 5067 Bibliotheca:
821 5008 1105 5064 codicibus
1146 5019 1281 5075 cxn,
1306 5019 1460 5061 cxut.
1488 5006 1756 5070 Quocirca
1811 5022 2012 5061 secun-

439 5105 569 5160 dum
621 5111 867 5159 nostram
921 5099 1335 5169 suspicionem,
1384 5097 1678 5153 Clementis
1704 5097 2011 5175 dictaosunt

438 5194 635 5251 Photio
655 5212 719 5251 ea
743 5194 851 5249 duo
876 5194 1112 5263 Scripta,
1135 5191 1394 5261 quoniam
1423 5189 1765 5245 Clementino
1791 5192 2013 5248 nomine

439 5288 703 5357 inscripta
734 5285 1064 5341 ferebantur.
1095 5282 1441 5353 Quanquam,
1467 5289 1524 5336 ut
1551 5281 1728 5337 dicam
1754 5283 2007 5354 ingenue,

439 5384 731 5434 contextus
789 5377 1073 5442 orationis,
1130 5382 1184 5431 et
1229 5389 1464 5430 censura
1511 5389 1635 5429 cum
1690 5375 2011 5444 posterioris

439 5470 686 5541 epistolae
734 5470 1054 5534 Clementis,
1112 5478 1229 5522 tum
1270 5466 1656 5547 disputationis
1697 5466 1845 5523 Petri
1883 5483 2010 5523 cum

438 5565 671 5635 Apione,
701 5580 809 5618 non
842 5564 1172 5618 mediocrem
1219 5562 1440 5630 pariunt
1466 5559 1865 5615 difficultatem.
1897 5561 2011 5615 Cur

444 5656 589 5711 enim
623 5670 728 5709 non
764 5656 877 5725 pari
904 5655 1064 5709 modo
1098 5653 1421 5724 proscripsit
1451 5651 1918 5707 Corlstitutionum
1950 5667 2013 5706 ac

444 5741 881 5819 Iierognitiouum
918 5748 1085 5806 libros
1098 5791 1112 5819 ,
1139 5748 1241 5806 nisi
1262 5746 1401 5803 forte
1414 5746 1540 5819 quia
1560 5745 1613 5804 in
1627 5745 1878 5804 censuris
1891 5746 2003 5803 illis

2115 477 2221 535 Sed
2238 481 2304 537 de
2324 479 2519 536 Photio
2549 480 2833 535 hactenus.
2865 478 2976 534 Suo
2994 482 3225 551 quisque
3240 488 3427 535 utatur
3438 482 3695 539 arbitrio?

2185 612 2431 671 Veritate
2460 614 2648 681 etiam,
2679 615 2823 669 sicut
2859 623 2912 669 et
2936 616 3282 680 auctoritate,
3309 617 3566 671 nituntur
3594 634 3693 672 va-

2110 706 2206 760 ria:
2229 706 2396 776 hujus
2417 707 2714 778 apocryphi
2742 708 3150 777 appellationes.
3175 708 3518 779 διατάγματα
3558 710 3694 772 ἀπο-

2110 801 2308 853 στόλων
2338 816 2433 855 seu
2456 799 2806 863 ἀποστολικά,
2823 800 2930 852 τῶν
2954 800 3262 853 ἀποστόλων
3288 818 3383 856 seu
3407 802 3695 857 ἀποπολιυ

2108 892 2202 945 καὶ
2213 891 2479 956 διατάξεις
2491 891 2864 959 θυιδιαταγαί,
2887 890 3138 960 διαταγαὶ
3161 892 3522 957 νειδιατάξεις
3545 893 3692 966 Κλή-

2110 1000 2299 1055 μεντος
2311 984 2426 1039 sive
2436 983 2521 1036 διὰ
2534 984 2867 1054 Κλήμεντος,
2881 983 2987 1036 τῶν
3009 984 3315 1037 ἀποστόλων
3327 984 3411 1037 διὰ
3435 986 3554 1055 Κλή
3565 1002 3693 1054 μεν-

2103 1092 2197 1138 τος
2224 1074 2489 1138 διατάξεις
2504 1083 2597 1127 aut
2616 1074 2889 1142 διαταγαί,
2913 1082 2966 1128 et
2985 1074 3303 1138 ὀκτάϐιϐλος
3326 1075 3645 1145 Κλήμεντος
3677 1096 3688 1130 :

2105 1165 2233 1220 item
2271 1164 2528 1228 διάταξις,
2567 1164 2907 1229 διδασκαλία,
2938 1165 3196 1237 καθολικὴ
3232 1166 3547 1219 διδασκαλία
3572 1206 3587 1229 ,
3641 1175 3695 1221 et

2106 1256 2327 1319 κανόνες
2350 1257 2465 1313 sive
2496 1256 2619 1311 libri
2652 1254 2927 1309 Cananum
2953 1254 3333 1325 apostolorum.
3360 1258 3533 1328 Cujus
3559 1274 3691 1329 pos-

2106 1347 2515 1402 treminominis
2544 1349 2747 1402 mentio
2771 1364 3009 1419 quoque,
3026 1349 3170 1419 apud
3183 1347 3603 1413 (Bcumenium,
3626 1351 3695 1404 ad

2102 1441 2362 1496 Actorum
2385 1442 2556 1504 rx,10,
2573 1441 2676 1495 hoc
2699 1440 2880 1506 modo,
2910 1444 3004 1493 καὶ
3030 1436 3185 1503 οὗτος
3204 1442 3232 1493 ὁ
3249 1442 3494 1505 Ἀνανίας
3518 1442 3700 1495 διάκο-

2103 1550 2193 1596 νος
2215 1529 2281 1606 ἧν
2312 1532 2387 1595 ὡς
2407 1532 2569 1595 αὐτὸς
2590 1532 2801 1595 Παῦλος
2833 1536 3099 1604 μαρτυρεῖ
3125 1534 3182 1585 ὲν
3210 1536 3321 1596 τοῖς
3349 1532 3558 1588 κανόσι.
3584 1533 3695 1588 Sed

2104 1640 2228 1681 cum
2254 1624 2418 1693 hujus
2438 1624 2695 1679 editionis
2712 1625 2853 1695 typis
2875 1633 3117 1679 veterum
3138 1624 3448 1679 testimonia
3466 1624 3699 1678 manda-

2038 1730 2080 1785 Β
2111 1726 2327 1782 rentur,
2363 1717 2608 1772 nondum
2632 1725 2950 1774 occurrerat
2979 1719 3161 1785 locus;
3186 1716 3254 1772 de
3282 1734 3391 1788 quo
3419 1718 3542 1773 vide
3571 1735 3697 1788 quae

2110 1809 2381 1864 adnotabo
2404 1810 2471 1863 ad
2495 1810 2616 1863 libri
2635 1826 2707 1863 vn
2753 1818 2915 1880 caput
2942 1810 3031 1864 ιδ.
3060 1809 3327 1865 Caeterum
3350 1826 3419 1864 an
3449 1809 3696 1867 Joannes

2108 1898 2480 1957 Damascenus
2506 1900 2832 1957 Orthodoxw
2845 1903 2971 1968 ﬁdei
2990 1902 3083 1956 lib.
3106 1918 3178 1963 Iv,
3212 1885 3330 1971 cap.
3362 1903 3450 1965 18,
3470 1903 3698 1972 quando

2109 2006 2352 2047 canones
2399 1994 2776 2063 apostolorum
2829 2009 2925 2063 per
2972 1994 3306 2049 Clementem
3351 1996 3530 2049 editos
3565 2009 3696 2049 cum

2108 2081 2308 2138 divinis
2350 2083 2721 2139 voluminibus
2754 2092 3102 2150 annumerat,
3127 2086 3577 2149 constitutiones,
3612 2087 3696 2141 vel

2108 2174 2376 2229 duntaxat
2406 2191 2648 2232 canones
2690 2177 3181 2232 constitutionibus
3223 2178 3501 2233 subnexos
3532 2178 3697 2233 intel-

2108 2264 2264 2336 ligat,
2298 2268 2470 2337 quazri
2504 2278 2701 2339 potest.
2736 2267 2918 2322 Malim
2951 2270 3201 2339 accipere
3244 2268 3310 2325 de
3355 2269 3491 2325 solis
3523 2285 3697 2323 cano-

2109 2360 2274 2415 nibus
2298 2379 2312 2427 ;
2334 2376 2442 2430 quo
2472 2361 2665 2431 majori
2695 2370 2850 2431 parte
2878 2361 3083 2416 erroris
3109 2361 3191 2414 vir
3222 2371 3448 2417 sanctus
3478 2371 3535 2415 et
3595 2362 3697 2415 do-

2110 2461 2233 2508 ctus
2268 2454 2611 2521 sublevetur;
2663 2463 2717 2510 et
2755 2456 2881 2525 quia
2914 2455 3091 2508 rarior
3121 2456 3295 2524 prima
3324 2454 3616 2523 acceptio;
3644 2463 3699 2509 et

2113 2556 2337 2616 propter
2352 2546 2646 2602 Trullanos
2657 2547 2868 2613 Patres,
2883 2563 3113 2617 quorum
3136 2548 3460 2602 sententiam
3477 2546 3694 2602 videtur

2113 2647 2357 2693 secutus.
2393 2638 2546 2694 Adde
2573 2639 2719 2709 quod
2748 2640 2991 2709 ejusdem
3024 2640 3146 2693 libri
3186 2654 3305 2709 cap.
3346 2640 3433 2703 15,
3484 2655 3696 2693 morem

2112 2730 2379 2785 adorandi
2407 2731 2472 2785 ad
2504 2730 2779 2787 Orientem
2808 2731 2975 2787 refert
2997 2732 3065 2786 ad
3087 2732 3438 2785 traditionem
3466 2739 3694 2800 aposto-

2113 2822 2291 2876 lorum
2323 2839 2433 2878 non
2474 2825 2770 2894 scriptam;
2820 2839 2944 2877 cum
2976 2832 3158 2878 tamen
3198 2826 3245 2880 is
3282 2839 3402 2879 mos
3447 2826 3699 2894 scriptus

2113 2918 2417 2984 reperiatur
2444 2918 2497 2971 in
2521 2916 3039 2973 Constitutionibus.

2183 3027 2302 3082 Jam
2334 3045 2463 3084 vero
2484 3037 2683 3100 praeter
2712 3045 2877 3100 supra
2918 3028 3081 3083 dictis
3117 3026 3258 3082 veris
3286 3025 3567 3096 opposita,
3599 3024 3699 3082 falo

2113 3136 2233 3176 sum
2256 3123 2420 3177 etiam
2449 3130 2553 3189 est,
2588 3131 2866 3178 auctorem
2890 3122 3365 3177 Constitutionum
3394 3127 3563 3189 atque
3598 3118 3700 3174 Re-

2108 3212 2463 3281 cognitionum
2512 3214 2763 3268 eumdem
2815 3230 2964 3269 esse.
3008 3212 3284 3268 llabemus
3315 3210 3497 3265 Photii
3538 3208 3697 3279 judi-

2111 3302 2280 3365 cium,
2306 3302 2400 3371 qui
2425 3305 2843 3374 praerogativam
2887 3304 3105 3374 quidem
3156 3303 3393 3359 sanioris
3424 3300 3701 3355 doctrina

2110 3393 2303 3445 tribuit
2337 3396 2511 3463 primo
2538 3396 2725 3465 operi;
2753 3405 2808 3449 at
2837 3394 3185 3465 eloquentim,
3230 3409 3290 3447 ac
3336 3391 3699 3465 ‘polymathic

2110 3484 2423 3552 posteriori.
2451 3485 2516 3539 Et
2541 3487 2664 3556 quis
2712 3502 2821 3541 non
2855 3488 2999 3541 videt
3047 3486 3196 3540 illius
3252 3485 3586 3553 scriptorem
3619 3484 3697 3537 vi-

2110 3589 2232 3628 rum
2261 3576 2433 3632 fuisse
2465 3586 2783 3633 sanctarum
2807 3579 3230 3649 ‘Scripturarum
3258 3576 3581 3644 rituumque
3610 3590 3695 3630 cc-

2110 3667 2547 3724 clesiasticorum
2605 3671 3073 3737 scientissimum;
3136 3669 3301 3738 hujus
3337 3707 3353 3733 ,
3410 3668 3701 3723 hominem

2109 3759 2164 3814 in
2206 3761 2272 3817 iis
2324 3762 2646 3818 rudiorem?
2703 3763 2819 3818 lluc
2858 3762 3072 3817 accedit
3115 3762 3261 3832 quod
3315 3779 3425 3817 non
3475 3776 3700 3832 semper

2109 3856 2445 3910 conveniunt
2485 3855 2743 3926 dogmata
2792 3858 3100 3929 utriusque.
3147 3857 3310 3913 Verbi
3340 3855 3521 3927 gratia
3555 3854 3702 3911 Con-

2109 3946 2311 4006 ειὶιιιι..
2345 3947 2441 4002 lib.
2473 3963 2594 4013 vnr,
2624 3964 2744 4018 cap.
2786 3947 2855 4003 46
2877 3989 2891 4014 ,
2932 3950 3073 4007 inter
3111 3953 3354 4007 inanima
3396 3963 3703 4004 recensen-

2111 4044 2200 4090 tur
2227 4038 2333 4101 sol,
2369 4039 2517 4106 luna,
2543 4040 2734 4104 stellae;
2752 4049 2945 4095 contra
2979 4044 3249 4118 Recognit.
3270 4044 3363 4098 lib.
3390 4056 3445 4106 v,
3470 4041 3698 4111 capJG.

2112 4128 2206 4184 Sic
2241 4130 2368 4202 (alia
2391 4134 2677 4204 praetereo)
2704 4135 3019 4199 Ehioniticaa
3059 4134 3504 4204 Ἀναγνωρισμοῦ
3536 4134 3702 4189 lotio-

2109 4237 2230 4287 nes,
2272 4223 2327 4277 in
2357 4223 2616 4297 καθολικῇ
2635 4225 2951 4296 διδασκαλίᾳ
2972 4226 3429 4281 condemnantur.

2188 4356 2481 4426 Perperam
2537 4350 2757 4430 qdoque
2811 4359 3225 4414 confunduntur
3260 4359 3705 4415 Constitutiones

2114 4463 2239 4501 cum
2278 4450 2639 4509 Clementinis.
2666 4450 3144 4522 Apertesiquidem
3168 4467 3234 4506 ac
3262 4459 3484 4507 exserte
3505 4453 3703 4507 distin-

2111 4542 2229 4611 guit
2294 4540 2640 4611 Nicephorus
2704 4542 2961 4598 Historia:
3014 4544 3395 4600 ecclesiastica
3450 4545 3548 4599 lib.
3613 4560 3696 4608 ιιι,

2113 4648 2238 4702 cap.
2274 4634 2363 4688 18.
2396 4632 2506 4689 Nec
2552 4635 2686 4689 sinit
2744 4636 2999 4692 hmsitare
3050 4652 3291 4707 praesens
3338 4638 3534 4704 editio,
3580 4654 3701 4709 quze

2112 4737 2407 4797 utrumque
2442 4726 2801 4799 σύγγραμμα,
2848 4744 2912 4783 ac
2947 4730 3221 4799 posterius
3268 4747 3417 4786 nunc
3457 4733 3702 4802 primum

2112 4820 2517 4889 complectitur.
2549 4819 2709 4873 Errat
2756 4820 2941 4875 itidem
2990 4820 3326 4878 Humbertus
3360 4822 3700 4889 Cardinalis,

2113 4912 2241 4966 dum
2256 4912 2644 4967 Ordinationes
2658 4928 2751 4967 seu
2772 4911 3230 4978 Constitutiones,
3246 4930 3276 4967 a
3294 4912 3484 4969 Niceta
3502 4914 3703 4971 Pecto-

2114 5012 2235 5059 rato
2263 5005 2532 5069 laudatas,
2568 5004 2636 5057 ad
2675 5003 3021 5059 ltinerarium
3049 5004 3195 5060 Petri
3244 5007 3481 5077 apostoli
3515 5016 3703 5062 trans-

2115 5098 2240 5161 fert,
2273 5113 2399 5152 cum
2430 5113 2541 5167 quo
2564 5097 2699 5151 nihil
2730 5113 3018 5153 connnune
3041 5099 3259 5162 habent,
3285 5099 3447 5170 longe
3476 5099 3549 5155 de
3577 5100 3704 5155 aliis

2114 5191 2278 5246 rebus
2298 5206 2460 5261 quam
2490 5189 2559 5245 de
2590 5188 2735 5244 Petri
2769 5190 3299 5260 peregrinationibus
3332 5190 3700 5246 disserentes.

2112 5282 2317 5338 Ansam
2340 5281 2550 5337 erroris
2584 5280 2884 5336 llumberto
2912 5281 3062 5337 dedit
3099 5282 3370 5353 ignoratio
3405 5283 3705 5352 utriusque

2114 5375 2437 5447 apocryphi,
2478 5375 2704 5444 solaque
2736 5374 2932 5429 notitia
2965 5374 3130 5443 hujus
3160 5373 3437 5430 Gelasiani
3463 5371 3701 5435 decreti,

2116 5467 2462 5523 ltinerarium
2489 5467 2695 5521 nomine
2724 5466 2873 5520 Petri
2910 5466 3159 5535 apostoli,
3202 5466 3341 5536 quod
3397 5466 3706 5533 appellatur

2113 5560 2285 5615 sancti
2313 5558 2596 5613 Clementis
2634 5557 2757 5611 libri
2786 5555 2962 5612 decem
2994 5556 3094 5627 (ita
3132 5558 3339 5613 rectius
3366 5556 3542 5611 dubio
3573 5572 3704 5627 pro-

2115 5652 2202 5707 cul
2234 5652 2472 5720 antiqua:
2493 5650 2783 5711 editiones,
2803 5665 2966 5719 quam
2992 5649 3328 5706 recentiores
3356 5660 3478 5704 octo
3503 5651 3587 5705 vel
3615 5666 3705 5701 no-

2112 5744 2241 5817 vem)
2263 5741 2637 5815 apocrypltttm.
2669 5740 2952 5798 Creditum
2978 5740 3278 5810 Cardinali,
3303 5740 3535 5799 Graecos
3563 5738 3705 5797 nihil
