3740 6296
95 328 183 436 ά

196 292 261 365 45

376 434 632 542 “inﬁmi
663 447 1016 542 gementis
1040 477 1419 537 praenotatum,
1455 474 1605 522 extra
1629 470 1798 530 Itine-

154 565 189 616 τί

193 519 367 623 ﬂint“!
397 519 556 582 Petri
588 542 651 589 et
676 538 959 607 Canones
988 519 1385 623 apostolorum.-

260 606 361 723 ξω
400 622 458 671 et
497 627 743 686 veritati
788 606 1160 710 adversatur,
1189 647 1634 704 Constitutionum
1669 666 1799 722 apo.

216 709 522 784 amicarum
546 728 1008 791 compositorem
1041 752 1233 793 nomen
1254 739 1537 794 Clementis
1570 739 1795 799 Romani

238 805 324 868 sibi
369 823 482 865 non
532 821 952 889 assumpsisse.
996 826 1155 891 Quod
1199 846 1389 885 nomen
1431 838 1484 885 et
1530 832 1581 885 in
1620 832 1796 890 fronte

243 901 517 962 voluminis
544 906 839 977 praiﬁxum
855 917 1188 981 cernitur,et
1199 928 1490 974 assertores
1506 922 1794 978 habetcum

245 999 557 1063 canonibus,
590 1002 976 1068 apostolorum
1000 1007 1211 1071 ultimo,
1234 1016 1287 1062 et
1309 1008 1560 1064 Trullano
1579 1011 1634 1073 2,
1663 1010 1798 1067 Pho-

241 1084 385 1149 tium,
420 1087 672 1143 Nicetam
698 1089 1076 1160 Pectoratum,
1109 1096 1388 1163 Zonaram,
1410 1100 1650 1154 Alexium
1674 1103 1795 1157 Ari-

233 1177 458 1243 stinum,
493 1180 906 1249 Balsamonem,
954 1185 1260 1243 Matthzeum
1290 1190 1603 1258 Blastarem,
1639 1192 1795 1250 Nice-

224 1267 462 1333 phorum
494 1269 737 1336 Callisti,
763 1272 1014 1327 Nicetam
1044 1275 1378 1343 Serronium,
1408 1289 1536 1346 etc.,
1558 1283 1794 1354 refraga-

219 1363 397 1412 torem
433 1368 625 1415 autem
670 1377 736 1416 ex
790 1364 1034 1432 antiquis
1074 1369 1363 1424 neminem.
1393 1368 1501 1424 Nec
1523 1371 1714 1424 mirum
1745 1374 1795 1427 si

212 1450 299 1517 qui
332 1452 734 1519 apostolorum
772 1453 1025 1510 Diataxes
1073 1456 1378 1525 scribebat,
1432 1461 1790 1527 apostolorum

208 1554 527 1607 personam
566 1542 844 1609 induerit;
891 1542 1220 1600 Clementem
1252 1562 1403 1612 vero,
1441 1549 1541 1603 hoc
1577 1556 1680 1614 est,
1733 1559 1793 1604 ut

203 1633 360 1685 credi
389 1635 652 1698 volebat,
680 1650 762 1697 se,
806 1637 1077 1703 putaverit
1118 1637 1173 1691 in
1207 1637 1330 1692 libri
1356 1652 1580 1708 corpore
1609 1642 1791 1695 occul-

197 1723 472 1777 tandum.

268 1812 347 1866 At
394 1813 515 1868 ista
542 1814 685 1868 mihi
715 1815 967 1886 ambigua
993 1825 1140 1882 sunt,
1173 1834 1280 1888 quo
1306 1820 1532 1889 primum
1554 1830 1790 1893 tempore

194 1901 332 1957 libri
397 1902 883 1959 Constitutionum
947 1907 1563 1978 pseudoaposlolicarum
1615 1914 1785 1969 lucem

198 1995 648 2063 conspexerint,
682 1996 903 2065 quando
927 1998 1230 2067 interpolati
1260 2000 1386 2065 sint,
1410 2017 1565 2070 quem
1589 2003 1787 2059 habue-

199 2085 314 2138 rint
347 2095 686 2153 parentem,
723 2102 881 2156 quem
913 2096 1301 2158 corruptorem,
1327 2099 1380 2145 et
1408 2093 1601 2161 quibus
1624 2094 1676 2147 in
1711 2095 1790 2148 lo—

203 2177 283 2230 cis
309 2176 540 2231 fuerint
569 2175 877 2246 depravati.
904 2176 1065 2232 Certo
1088 2180 1232 2240 novi,
1255 2180 1397 2248 quod
1427 2182 1632 2249 primus
1656 2183 1789 2237 scri-

205 2276 335 2337 ptor
360 2275 501 2336 post
534 2275 787 2336 tempora
821 2269 1120 2335 apostolica
1156 2276 1210 2323 et
1263 2277 1384 2324 ante
1432 2269 1787 2341 Epiphanium

210 2357 455 2421 vixerit;
499 2356 603 2410 sed
638 2371 710 2408 an
741 2358 963 2425 propior
985 2356 1092 2412 illis
1114 2360 1195 2412 vel
1221 2358 1367 2425 huic,
1397 2361 1554 2428 plane
1580 2363 1786 2419 nescio.

211 2445 424 2515 Nempe
450 2444 690 2498 Patrum
736 2447 973 2521 secundi!
1008 2460 1070 2500 ac
1102 2449 1239 2502 tertii
1288 2450 1468 2503 saeculi
1519 2451 1785 2506 silentium

215 2552 329 2589 non
359 2544 449 2591 est
483 2546 624 2590 nota
654 2536 903 2599 indubia,
953 2551 1061 2591 non
1105 2539 1371 2594 exstitisse
1399 2556 1583 2595 eorum
1629 2551 1786 2598 aetate

213 2624 481 2681 Diataxes
510 2645 524 2679 :
547 2623 990 2695 quandoquidem
1009 2629 1307 2698 apocrypha
1337 2629 1426 2683 diu
1451 2630 1781 2699 ignorantur,

215 2716 432 2770 diutius
472 2722 943 2781 contemnuntur;
976 2718 1117 2771 unde
1144 2718 1349 2772 incerta
1390 2720 1561 2773 solent
1588 2721 1786 2777 habere

216 2805 518 2875 principia.
555 2804 758 2858 Utrum
791 2806 953 2859 etiam
981 2805 1028 2859 is
1057 2806 1109 2859 in
1138 2808 1321 2861 eodem
1351 2823 1413 2861 ac
1437 2808 1596 2864 Arius
1618 2813 1786 2866 haere-

217 2910 349 2948 seos
404 2895 523 2948 luto
577 2894 803 2948 hzeserit
834 2934 849 2957 ,
894 2910 1085 2958 necne,
1146 2896 1324 2950 dicere
1380 2913 1486 2951 non
1540 2914 1779 2967 possum.

1013 348 1594 414 CONSTITUTIONES
1625 356 2100 427 APOSTOLICE.
2131 402 2198 411 —
2232 373 2587 435 ΡΒΟἝΜΙΔ.

3310 390 3414 448 5η

1821 484 1868 540 Α
1894 480 2091 538 inloco
2130 491 2387 557 praeponit
2425 492 2922 561 pseudo-Clemens,
2980 497 3035 552 in
3086 499 3207 555 aliis
3234 506 3420 562 multis

1894 577 2184 642 poStponit.
2226 578 2581 636 thnicenne
2618 586 2846 653 patriam
2875 589 3172 644 habuerunt
3194 594 3422 661 quicun-

1896 675 1999 728 que
2040 663 2228 719 iisdem
2269 670 2529 724 mensium
2568 674 2875 731 nominibus
2901 679 2985 733 usi
3052 680 3415 751 inveniuntur,

1893 752 2088 818 quibus
2121 755 2385 823 διαταγεῖς
2404 763 2611 816 nostri?

1958 841 2039 895 Ad
2080 844 2218 910 haec,
2259 848 2444 903 dubito
2478 852 2739 909 aﬂirmare
2779 871 2902 909 cum
2927 858 3058 912 viris
3090 860 3280 926 doctis,
3310 866 3418 920 τῶν

1893 932 2192 989 ἀποστόλων
2244 938 2455 1009 ama;
2508 960 2599 998 seu
2651 946 2883 1017 διδαχήν,
2929 951 3067 1017 apud
3128 952 3413 1009 Eusebium

1894 1023 2035 1079 Hist.
2067 1027 2161 1082 lib.
2191 1043 2274 1092 ru,
2302 1045 2418 1099 cap.
2445 1032 2534 1095 25,
2564 1034 2912 1089 Athanasium
2955 1039 3007 1092 in
3032 1039 3265 1110 Epistola
3306 1045 3415 1099 fes-

1891 1112 1980 1164 ιειί
2009 1112 2097 1178 59,
2121 1122 2174 1169 et
2202 1115 2253 1168 in
2286 1113 2509 1186 Synopsi
2540 1137 2702 1174 sacrm
2727 1121 3025 1191 Scriptum,
3057 1128 3101 1181 si
3132 1129 3273 1184 illius
3306 1142 3408 1195 est,

1890 1195 2241 1268 Nicephorum
2267 1204 2903 1277 Constantinpolitanum
2937 1212 2987 1265 in
3013 1217 3407 1284 Στιχομετρίᾳ,

1890 1286 2002 1355 (ubi
2031 1289 2189 1359 vulgo
2231 1292 2420 1361 legitur
2457 1296 2660 1367 διδαχή,
2690 1315 2808 1352 cum
2845 1317 2948 1355 ms.
2973 1305 3159 1370 codex,
3193 1307 3237 1359 si
3278 1308 3409 1362 ﬁdes

1892 1373 2081 1432 ἰοειηηί
2126 1377 2319 1445 Croio,
2372 1398 2487 1451 cap.
2539 1387 2563 1438 1
2620 1386 3042 1443 Observationum
3098 1396 3155 1445 in
3204 1395 3408 1449 Novum

1895 1461 2302 1536 Testamentum,
2352 1475 2599 1529 exhibeat
2642 1477 2903 1546 διαδοχαί,
2945 1484 3227 1537 manifesto
3262 1488 3407 1538 arbi-

1889 1568 2021 1622 tror,
2045 1561 2174 1614 vitio
2201 1577 2299 1630 pro
2318 1563 2544 1632 διδαχαί)
2560 1570 2612 1617 et
2626 1563 2977 1633 Nicephorum
2990 1565 3192 1621 Callisti
3212 1567 3412 1624 Eccles.

1890 1647 2055 1713 Hist,
2085 1650 2178 1704 lib.
2208 1666 2267 1712 ιι,
2292 1665 2409 1719 cap.
2435 1651 2523 1714 46,
2547 1653 2812 1706 diversum
2868 1669 2987 1709 esse
3028 1672 3162 1724 opus
3202 1672 3231 1709 a
3269 1658 3413 1711 Con-

1888 1740 2255 1796 stitutionibus
2275 1744 2603 1810 apostolicis,
2619 1742 3009 1801 siveCa'tholica
3033 1746 3294 1800 doctrina.
3320 1748 3416 1802 Zo-

1888 1844 2046 1884 naras
2075 1831 2216 1884 enim
2260 1831 2327 1883 ad
2356 1848 2477 1885 mox
2534 1834 2729 1887 dictam
2774 1836 3049 1890 Athanasii
3096 1837 3412 1907 Epistolam,

1888 1918 2135 1973 laudatus
2162 1921 2228 1973 ab
2247 1921 2608 1975 eruditissimo
2638 1908 2703 1976 ac
2735 1924 3141 1993 diligentissimo
3167 1927 3409 1992 Usserio,

1889 2007 1944 2061 in
1975 2006 2368 2078 Prolegomenis
2398 2012 2741 2081 epistolarum
2772 2013 3186 2082 lgnatianarum,
3218 2033 3336 2086 cap.
3361 2018 3414 2083 7,

1886 2098 2083 2166 quique
2102 2107 2276 2153 exstat
2296 2100 2453 2154 etiam
2478 2101 2530 2154 in
2557 2117 2686 2155 mss.
2711 2103 2833 2165 277,
2858 2103 2978 2158 507.
3002 2103 3133 2173 Reg.
3160 2106 3413 2163 Biblioth.

1885 2187 2121 2256 loquitur
2143 2191 2206 2243 ad
2242 2191 2384 2243 hunc
2418 2192 2632 2244 modum
2667 2211 2679 2245 :
2704 2192 2808 2262 Τὴν
2835 2194 2887 2245 δὲ
2915 2195 3126 2265 διδαχὴν
3152 2197 3257 2249 τῶν
3286 2200 3419 2250 ἀπο-

1886 2279 2101 2341 στόλων,
2129 2281 2268 2342 me;
2295 2280 2534 2346 λέγουσιν
2569 2276 2704 2334 εἶναι
2742 2283 2838 2342 τὰς
2873 2284 2957 2336 διὰ
2990 2285 3081 2337 τοῦ
3111 2286 3419 2356 Κλήμεντος

1883 2370 2179 2438 γραφείσας
2202 2370 2306 2422 τῶν
2339 2370 2641 2423 ἀποστόλων
2671 2370 2949 2435 διατάξεις,
2988 2374 3051 2435 ἃς
3084 2376 3115 2444 ἡ
3156 2374 3416 2445 λεγομένη

1883 2458 2010 2527 ἕκτη
2041 2459 2246 2521 σύνοδος
2269 2458 2718 2525 ἀναγινώσκεσθαι
2746 2461 2805 2512 οὐ
2836 2467 3114 2531 συγχωρεῖ,
3143 2463 3215 2524 ὡς
3240 2464 3419 2515 νοθευ-

1884 2547 2061 2609 θείσας
2081 2550 2170 2601 καὶ
2193 2549 2629 2619 παραφθαρείσας
2642 2550 2757 2590 ³⁹ο⁵⁸
2789 2549 2889 2602 ὑπὸ
2907 2551 3203 2621 αἱρετικῶν.
3217 2550 3413 2605 Conci-

1882 2639 2066 2707 nitque
2093 2639 2370 2693 Matthaeus
2397 2639 2702 2718 Blastares,
2719 2642 2971 2695 collector
2992 2641 3265 2695 Canonum
3295 2644 3413 2696 iue-

1881 2728 2045 2790 ditus,
2095 2729 2150 2782 in
2198 2730 2482 2783 multorum
2531 2730 2866 2785 bibliothecis
2918 2732 3107 2794 latens,
3154 2732 3326 2786 littera
3358 2732 3411 2801 β,

1880 2834 1997 2887 cap.
2029 2819 2111 2881 Η,
2140 2820 2228 2873 ubi
2259 2819 2325 2873 de
2348 2820 2404 2872 S.
2428 2820 2704 2874 Athanasii
2734 2822 2870 2881 loco,
2894 2821 2978 2875 his
3008 2822 3219 2876 verbis-2
3250 2822 3415 2886 ’Ἐξω-

1881 2909 1968 2961 Θεν
2005 2910 2060 2962 δὲ
2108 2910 2213 2961 τῶν
2248 2910 2663 2979 κανονιζομὲνων
2708 2905 2842 2961 εἷναί
2891 2927 3039 2980 φησι,
3080 2911 3174 2981 τὴν
3220 2912 3413 2980 Σοφίαν

217 2982 285 3037 S.
308 2983 651 3052 Epiphanius
673 2983 887 3037 laudem
916 2985 1247 3038 orthodoxia:
1273 2986 1319 3038 ei
1343 2987 1563 3054 tribuit;
1589 2996 1642 3042 et
1666 3005 1782 3058 quae

1889 3000 2231 3069 Σολομῶντος,
2260 3009 2387 3062 etc.,
2406 3001 2493 3051 τὸν
2522 3000 2773 3069 Ποιμένα,
2806 3000 2897 3052 καὶ
2942 3001 3036 3071 τὴν
3073 3001 3281 3071 διδαχὴν
3308 3002 3414 3054 τῶν

217 3072 281 3125 in
325 3088 487 3141 opere
519 3070 731 3123 Ariana
764 3072 1036 3136 videntur,
1061 3073 1196 3128 forte
1230 3075 1592 3144 interpolatori
1620 3081 1780 3133 tribui

1889 3090 2043 3156 ἁγίων
2071 3090 2389 3143 ἀποστόλων·
2412 3090 2607 3158 ταύτην
2633 3091 2687 3141 δὲ
2711 3092 2743 3159 ἡ
2766 3090 2893 3159 ἕκτη
2915 3090 3119 3153 σύνοδος
3138 3091 3410 3159 ἡθέτησεν.

218 3162 444 3226 debent,
480 3171 544 3217 ut
570 3177 599 3214 a
625 3160 902 3217 Trullanis
927 3172 1206 3231 censetur;
1225 3166 1361 3221 forte
1383 3168 1615 3238 ἀρχαῖκὰ
1635 3181 1779 3235 sunt,

217 3250 480 3308 haeretica
513 3267 631 3305 non
663 3262 813 3315 sunt,
854 3252 1168 3322 depellique,
1202 3256 1322 3309 licet
1358 3272 1495 3327 aegre
1518 3298 1532 3319 ,
1558 3270 1782 3327 possunt

1945 3177 2047 3232 Sed
2074 3189 2260 3232 contra
2307 3181 2384 3234 sic
2419 3188 2876 3248 argumentantur.
2924 3179 3124 3245 Primo,
3171 3180 3413 3235 Athana-

1882 3266 2227 3340 εῖυέΔιδαχὴν
2264 3269 2368 3321 τῶν
2414 3269 2717 3321 ἀποστόλων
2740 3270 2880 3323 inter
2905 3284 2997 3323 eos
3029 3270 3192 3323 libros
3222 3286 3414 3324 numev

216 3348 385 3429 juxta
416 3351 663 3400 mentem
707 3339 909 3399 Photii.
960 3341 1097 3406 Quid
1139 3353 1317 3399 tamen
1352 3348 1397 3401 Si
1427 3347 1782 3417 Epiphanium
1877 3365 1961 3411 rat
1981 3359 2069 3427 qui
2093 3339 2488 3413 catechumeuis
2509 3360 2712 3429 legendi
2742 3368 2947 3424 essent;
2990 3376 3108 3413 cum
3133 3361 3252 3414 libri
3280 3361 3417 3415 Con-

218 3438 509 3506 deceperit
564 3435 803 3489 titulus?
857 3432 905 3489 si
953 3433 1272 3490 catholicum
1312 3440 1593 3505 putaverit,
1643 3442 1784 3510 quod

219 3529 598 3597 apostolicum
613 3526 961 3589 autumabat,
987 3541 1088 3581 nec
1110 3527 1470 3584 inexcusabile
1488 3531 1787 3586 videbatur?

218 3617 351 3670 Jam
393 3615 843 3685 interpolationis
890 3623 1144 3670 centones
1184 3618 1350 3685 ignoti
1407 3618 1621 3672 fuerunt
1662 3619 1786 3690 Epi-

217 3704 457 3770 phanio,
485 3710 541 3756 et
570 3700 827 3770 scriptori
855 3699 1037 3767 Operis
1058 3702 1340 3770 imperfecti
1369 3707 1420 3756 in
1445 3705 1742 3762 Matthwum
1759 3727 1779 3773 ;

224 3793 350 3846 noti
394 3790 693 3845 Anastasio
733 3789 1069 3843 Antiocheno
1092 3790 1442 3855 Quwstionum
1461 3812 1521 3847 ac
1549 3797 1776 3866 Respon-

220 3884 442 3936 sionum
490 3879 750 3934 auctori:
795 3892 904 3945 quo
950 3887 1123 3932 autem
1169 3888 1403 3949 tempore
1443 3887 1670 3950 primum
1716 3902 1780 3941 ex

216 3973 394 4027 otiosi
419 3971 666 4025 hominis
695 3970 916 4024 ofﬁcina
938 3972 1291 4035 manaverint,
1315 3973 1559 4028 similiter
1586 3992 1693 4030 non
1719 3980 1785 4032 li-

217 4071 381 4133 quet.
405 4061 724 4117 Obscurum
754 4068 1010 4130 praaterea
1042 4062 1182 4130 quod
1207 4062 1375 4123 aiunt.
1399 4063 1487 4116 alii
1514 4064 1581 4116 ab
1601 4068 1782 4120 eadem

211 4169 396 4208 manu
424 4150 768 4207 mutationes
792 4152 844 4204 in
864 4172 867 4175 ν
887 4150 1091 4220 lgnatio
1118 4161 1171 4206 et
1207 4152 1263 4204 in
1302 4151 1784 4213 Constitutionibus

219 4245 530 4315 prodiisse,
580 4243 674 4295 alii
698 4258 728 4295 a
766 4240 1059 4294 Diataxeon
1095 4241 1527 4296 consarcinatore
1553 4246 1784 4312 pseudo-

212 4336 503 4404 ignatium
540 4334 721 4387 solere
755 4328 1033 4400 compilari
1088 4332 1241 4399 quasi
1289 4332 1372 4386 vel
1408 4348 1510 4386 non
1556 4337 1785 4402 potuerit

1881 3449 2218 3503 stitutiouum
2253 3449 2522 3517 episcOpis
2550 3450 2657 3503 sint
2686 3448 2869 3508 dicati.
2906 3463 3097 3516 resque
3128 3450 3190 3501 ad
3233 3450 3417 3507 Eccle-

1880 3538 1974 3591 sia:
1998 3539 2232 3606 regimen
2282 3545 2582 3605 spectantes
2630 3545 2884 3599 tractent,
2927 3545 2979 3592 et
3027 3539 3128 3590 alia
3174 3541 3413 3607 qutedam

1883 3627 2250 3697 μυστικώτερα
2278 3667 2293 3690 ,
2324 3643 2442 3696 quat
2474 3627 2676 3681 idcirco
2708 3642 2913 3681 canone
2945 3630 3307 3696 apostolorum
3339 3630 3416 3683 ul-

1881 3716 2012 3771 timo
2060 3717 2114 3769 in
2150 3718 2339 3785 vulgus
2382 3716 2554 3771 ell‘erri
2607 3725 2873 3770 vetantur.
2923 3716 3186 3781 Secundo,
3210 3715 3411 3791 διδαχή,

1878 3806 2018 3875 apud
2062 3804 2414 3875 Nicephorum
2459 3806 3144 3876 Constantinopolitanum,
3192 3808 3413 3877 ejuSQue

1882 3895 2254 3965 στιχομετρίας
2293 3897 2637 3963 interpretem
2676 3896 3016 3950 Anastasium
3059 3896 3413 3951 Bibliotheca-

1879 3984 2040 4046 rium,
2071 3985 2352 4039 versiculis
2403 3985 2527 4049 200,
2578 3985 2912 4039 solummodo
2960 3994 3207 4053 constat;
3248 3988 3413 4057 longe

1880 4084 2053 4127 autem
2104 4074 2419 4143 prolixiores
2475 4079 2600 4127 sunt
2630 4075 3070 4131 Constitutiones.
3108 4074 3307 4136 Tertio,
3356 4077 3409 4129 in

1880 4159 2272 4230 Scripturarum
2313 4162 2567 4225 indiculo,
2588 4164 2852 4217 Anastasii
2881 4162 3077 4217 Nicaini
3104 4157 3413 4222 Quaestioni-

1885 4258 1977 4311 bus
2007 4253 2268 4321 subjecto,
2312 4253 2367 4306 in
2392 4253 2604 4321 publica
2636 4251 2955 4307 Oxoniensis
2981 4248 3282 4303 Academiae
3324 4248 3411 4300 Bi-

1879 4341 2500 4411 bliotheca,-At6axai=6w
2526 4342 2825 4394 ἀποστόλων
2853 4348 2906 4394 et
2924 4338 3240 4391 Διδασκαλίαι
3269 4338 3413 4406 Κλή-

220 4429 289 4483 B.
308 4426 504 4499 lgnatii
534 4424 863 4492 depravator
884 4436 945 4474 ex
965 4419 1234 4475 Catholica
1247 4421 1483 4474 doctrina
1511 4426 1785 4492 complura
1815 4411 1861 4468 D
1894 4450 2096 4501 μεντος,
2142 4439 2202 4485 ιιι
2245 4432 2497 4485 distincta
2540 4446 2721 4499 opera,
2763 4430 3065 4499 pariterque
3110 4426 3412 4495 apocrypha

220 4518 511 4581 mutuari;
546 4515 633 4569 vel
672 4530 778 4567 non
821 4512 1130 4571 credibilius
1162 4513 1270 4576 ﬁat,
1311 4527 1405 4566 sua
1448 4527 1510 4565 ex
1559 4512 1787 4579 pseudo-

218 4607 601 4664 Clementinis
654 4603 967 4658 Diataxibus
1014 4601 1229 4655 auxisse
1269 4599 1784 4670 pseudoolgnatium;

220 4702 394 4770 cujus
413 4695 869 4766 interpolationes
892 4709 1047 4747 verus
1066 4692 1300 4761 lgnatius
1328 4690 1786 4747 manifestissimas

225 4792 399 4852 facit;
433 4802 569 4842 cum
600 4785 1056 4839 Constitutionum
1094 4780 1411 4846 corruptela:
1441 4788 1629 4847 prmter
1655 4798 1789 4849 μευ-

224 4881 495 4935 cissimas
517 4873 909 4929 occultissime
938 4872 1079 4926 sint?
1106 4870 1256 4923 Mitto
1284 4869 1383 4920 viri
1410 4869 1550 4921 docti
1572 4869 1787 4926 Davidis

225 4967 507 5024 Blondelli
535 4965 594 5017 in
618 4978 851 5018 censura
874 4962 1111 5032 epistola:
1139 4960 1324 5028 prima:
1347 4958 1628 5014 decretalis
1654 4962 1792 5016 “Cie-

228 5060 409 5115 menti
440 5056 702 5124 ascripta:
730 5054 1110 5107 divinationem
1147 5069 1159 5102 :
1193 5045 1348 5111 Quod
1396 5049 1483 5115 qui
1537 5049 1793 5117 διαταγὰς

131 5161 135 5166 “
228 5150 486 5220 scripsit,
519 5147 745 5201 natione
777 5144 938 5198 fuerit
965 5139 1283 5194 Palaestinus
1314 5144 1403 5187 aut
1427 5136 1668 5200 Phrenix,
1704 5151 1792 5194 ιη-

229 5255 363 5315 pote
392 5241 491 5314 qui
517 5239 777 5291 thronum
827 5226 1365 5297 Hierosolymitanum
1397 5224 1619 5315 reliquis
1653 5243 1796 5295 pra}-

230 5313 399 5393 ierat,
417 5313 532 5385 lib.
561 5343 684 5388 vm,
707 5339 826 5393 cap.
852 5322 937 5381 10,
966 5327 1017 5373 et
1034 5314 1253 5371 nomina
1277 5313 1546 5366 mensibus
1571 5315 1796 5374 inventa

232 5440 264 5477 ε
294 5423 486 5494 Tyriis
518 5421 780 5487 imponat.
806 5411 921 5464 Non
948 5409 1117 5476 agitur
1147 5402 1215 5454 de
1237 5400 1521 5494 eminentia
1550 5407 1789 5494 sedium.

232 5515 328 5567 ubi
345 5488 650 5581 'episcopus
672 5498 1058 5558 Alexandrinus
1080 5488 1412 5561 prieteritur.
1441 5489 1702 5548 Jacobum
1725 5514 1794 5553 eo

310 5664 442 5705 u_u
471 5663 555 5717 ΑΙ.
587 5649 1041 5723 παραγραφείσας.

1889 4528 2271 4586 recensentur;
2301 4528 2355 4573 at
2376 4521 2708 4583 διδασκαλίας
2739 4521 2947 4572 titulum
2972 4516 3257 4586 praeferunt
3290 4513 3414 4565 Dia-

1888 4618 2038 4665 taxes
2061 4628 2075 4675 ;
2108 4610 2287 4679 itaque
2302 4610 2516 4679 Διδαχαὶ
2537 4626 2565 4663 a
2588 4607 3075 4664 Constitutionibus
3102 4603 3308 4656 secerni
3326 4601 3413 4654 de-

1887 4700 2032 4753 bent.
2076 4698 2295 4764 Quarto,
2344 4713 2373 4750 a
2413 4699 2632 4769 εμπορδὶ
2675 4697 3031 4750 Athanasiana
3050 4689 3243 4757 Διδαχὴ
3281 4690 3415 4742 ἀπο-

1892 4791 2085 4843 στόλων
2125 4798 2178 4844 ct
2219 4789 2522 4859 Κλημέντια
2547 4789 2690 4842 velut
2718 4787 2824 4839 duo
2859 4783 2980 4837 libri
3011 4785 3410 4842 memorantur;

1891 4881 1946 4933 in
1974 4878 2319 4933 Clementinis
2357 4885 2532 4932 autem
2579 4877 2918 4930 continentur
2970 4867 3412 4925 Constitutiones,

1888 4971 2080 5038 quippe
2107 4983 2225 5037 quae
2267 4968 2554 5022 Clementis
2597 4980 2788 5019 nomen
2840 4961 3146 5032 praeferunt.
3194 4958 3416 5020 Quinto,

1889 5074 2049 5127 agens
2078 5057 2141 5112 de
2166 5058 2455 5112 Clementis
2498 5056 2747 5124 Operibus
2804 5049 3068 5104 Eusebius
3089 5082 3103 5104 ,
3131 5042 3425 5096 Doctrinas

1890 5150 2248 5219 apostolorum
2275 5149 2492 5201 omittit.
2519 5145 2700 5203 Sexto,
2731 5142 2970 5193 codicem
2997 5133 3428 5201 apostolicarum

1891 5237 2339 5291 Constitutionum
2368 5236 2534 5289 multa
2575 5233 2771 5285 Ariana
2811 5226 3301 5294 complectentem,
3340 5231 3441 5270 nec

1890 5326 2075 5380 Ariani
2112 5342 2207 5396 pro
2251 5323 2649 5381 conﬁrmatione
2695 5318 2777 5371 sui
2808 5316 3020 5369 erroris
3068 5307 3448 5396 adduxerunt.

1895 5431 1993 5471 nec
2045 5393 2325 5470 adductum
2368 5411 2692 5468 Athanasius
2738 5404 2998 5473 expendit
3032 5418 3049 5452 :
3085 5410 3209 5464 quo
3260 5393 3325 5443 tit
3381 5396 3460 5446 ut,

1896 5512 2135 5561 exstante
2162 5503 2541 5561 Athanasianis
2565 5495 2898 5566 temporibus
2929 5481 3357 5558 Apostolorum
3380 5475 3479 5525 Do-
