3740 6254
364 315 468 372 M9

1207 308 1264 364 s.
1300 302 1692 363 CLEMENTIS
1724 301 1746 357 1
1776 301 1942 358 non.
1974 297 2171 357 rom.
2206 294 2427 353 ornas
2457 250 2684 347 nucis.

3514 267 3621 323 520

365 437 490 485 ante
518 426 701 491 dictis,
732 425 1061 496 probabilius
1097 422 1307 477 censeri
1335 417 1548 489 διδαχὴν
1575 418 1714 472 inter
1740 423 1794 470 et
1832 414 1907 468 δι·
1932 420 1981 478 Α
2008 414 2193 468 limine
2215 409 2839 478 Conciliorumvponere;
2887 412 2999 469 quo
3041 391 3116 450 de
3162 388 3382 446 ultimo
3425 392 3627 439 auctor

365 519 655 572 δασκαλίαν
684 532 747 571 ac
771 515 1003 577 διάταξιν
1032 513 1164 565 nihil
1202 509 1529 563 intercedere
1552 505 1898 561 discriminis.

438 609 661 677 Reliqua
686 606 752 659 ad
772 604 1193 660 Constitutiones
1223 599 1545 669 apostolicas
1564 596 1902 665 pertinentia,

369 700 454 754 vel
484 700 598 754 visa
629 704 755 751 sunt
792 695 989 749 leviora
1020 707 1081 745 ac
1116 691 1347 750 tritiora,
1383 688 1466 741 vel
1521 686 1658 740 infra
1686 685 1741 738 in
1769 680 1903 739 locis

372 788 754 850 controversis,
792 784 1198 853 explicabuntur
1229 778 1581 834 commodius.
1618 775 1733 829 Non
1770 789 1908 844 prae-

372 883 543 936 teribo
565 888 738 933 tamen
762 890 877 944 quae
899 873 1036 926 inter
1056 870 1335 925 scribenda
1357 870 1468 922 hinc
1493 866 1673 920 didici.
1702 862 1744 919 1.
1767 863 1908 917 Non-

374 972 521 1025 nulla
582 970 767 1021 harum
811 963 1267 1016 Constitutionum
1325 957 1559 1027 capitula
1608 954 1794 1009 referri
1852 953 1907 1005 in

376 1058 637 1129 principio
667 1057 825 1109 trium
852 1051 1233 1107 Collectionum
1264 1061 1526 1101 canonum
1544 1060 1705 1098 manu
1725 1057 1914 1097 exara-

377 1146 683 1213 tarumReg.
706 1143 956 1197 Bibliotb.
980 1141 1136 1194 unius
1167 1138 1424 1200 Arabica,
1452 1135 1753 1189 Graecarum
1783 1132 1915 1184 alia—

378 1252 517 1291 rum.
546 1234 604 1288 ll.
629 1232 875 1288 Solemne
899 1248 1018 1288 esse
1046 1228 1427 1291 Orientalibus,
1452 1226 1633 1281 eadem
1663 1220 1838 1293 capita
1860 1221 1915 1274 in

2006 502 2139 558 mihi
2170 500 2439 553 Abraham
2468 477 2837 550 Ecchellensis
2867 491 2922 543 in
2952 486 3121 541 Notis
3166 481 3243 535 ad
3283 477 3624 544 Catalogum

2008 591 2311 659 Hebedjesu
2340 604 2392 657 p.
2425 586 2550 648 167,
2597 594 2704 639 etc.
2751 581 2883 635 Nam
2920 579 2989 632 de
3032 580 3220 629 totius
3259 569 3458 638 operis
3488 566 3629 618 Ara-

2005 684 2126 738 bica
2156 680 2401 735 versione
2424 678 2760 745 exploratum
2786 671 3086 728 habebam,
3122 677 3255 718 eam
3290 662 3352 713 in
3377 672 3493 711 non
3520 670 3627 709 una

2010 767 2339 824 Bibliotheca
2387 744 2611 821 servari.
2660 759 2746 826 lll,
2790 759 3033 825 denique
3085 764 3254 820 spem
3300 745 3455 810 dari,
3504 744 3631 798 Cle—

2011 860 2277 916 mentinas
2300 854 2713 912 conStitutiones
2742 865 2865 903 cum
2892 845 3071 901 variis
3103 837 3511 910 apostolorum
3538 849 3630 887 ca-

2008 949 2241 1003 nonibus
2266 946 2494 1014 aliisque
2515 938 2840 1008 Ethiopicis
2867 934 3104 1003 scriptis
3141 926 3313 983 brevi
3361 926 3422 979 in
3453 925 3629 978 lucem

2010 1037 2342 1109 prodituras.
2368 1012 2499 1089 cura
2525 1039 2579 1086 et
2598 1029 2780 1084 studio
2805 1021 3101 1079 Vanslebii
3136 1012 3458 1071 clarissimi
3482 1012 3632 1065 illius

2030 1104 2226 1197 linguae
2255 1126 2466 1197 peritia,
2495 1125 2553 1178 in
2572 1119 3003 1176 Praedicatorum
3035 1108 3264 1165 familia
3296 1102 3572 1175 theologi.

387 1372 3609 1452 _____________________________________.___________.._

1449 1549 2050 1642 FBANCISCI
2128 1543 2391 1631 PAGI

892 1759 980 1813 DE
1012 1744 1676 1812 CONSTITUTIONIBUS
1711 1736 1798 1794 ET
1829 1731 2221 1795 CANONIBUS
2252 1724 2695 1785 APOSTOLICIS
2726 1715 3092 1776 JUDICIUM.

806 1911 914 1979 (Ex
949 1908 1437 1966 breviarioCestorio
1466 1901 1775 1967 Pontiﬁcum
1810 1895 2178 1953 Romanorum,
2209 1889 2264 1940 in
2299 1886 2418 1938 Vita
2443 1880 2743 1943 Clementis,
2781 1877 2809 1948 ᾗ
2836 1875 2881 1930 V
2913 1884 2964 1929 et
2989 1870 3173 1943 seqq.)

458 2210 553 2264 llic
580 2204 767 2278 paucis
797 2200 1056 2271 agendum
1081 2196 1145 2250 de
1162 2187 1645 2249 Constitutionibus
1675 2192 1726 2237 et
1749 2178 1925 2234 Cano-

2068 2191 2190 2245 Lderi
2215 2186 2422 2243 scribit.
2455 2182 2611 2237 Ratio
2648 2180 2856 2252 prioris
2892 2184 3005 2236 est,
3050 2175 3196 2245 quia
3230 2160 3632 2229 Constantinus

386 2301 546 2356 nibus
574 2294 933 2367 apostolorum
962 2288 1176 2342 nomine
1204 2280 1511 2349 inscriptis;
1542 2288 1766 2343 quarum
1793 2270 1926 2322 dua.

386 2401 506 2443 rum
530 2356 898 2441 collectionum
944 2376 1099 2430 multi
1138 2379 1409 2425 auctorem
1455 2366 1655 2417 faciunt
1698 2360 1755 2413 S.
1802 2356 1923 2410 Cle-

387 2487 651 2541 mentem;
688 2474 812 2543 quia
841 2468 969 2523 licct
1001 2465 1168 2520 amba:
1210 2462 1349 2513 inter
1393 2453 1695 2525 apocrypha
1738 2462 1926 2503 recen-

388 2573 627 2627 seantur,
646 2531 877 2616 Cdnones
900 2564 1073 2607 tamen
1100 2546 1450 2617 apostolorum
1477 2540 1630 2605 vulgo
1656 2535 1785 2588 dicti
1813 2531 1927 2585 sin-

386 2655 560 2726 gulari
597 2652 822 2721 quadam
854 2643 1105 2699 Ecclesiae
1147 2637 1432 2692 Priniitivzc
1464 2627 1706 2682 doctrina
1744 2618 1926 2675 referti

388 2711 536 2800 sunt.
564 2711 985 2796 constitutiones
1014 2731 1229 2802 quidem
1261 2740 1358 2779 vui
1396 2721 1547 2775 libris
1585 2711 1927 2782 comprehen—

390 2846 481 2889 sas
525 2831 749 2885 Carolus
792 2825 1007 2885 Bovius,
1063 2814 1381 2873 Ostunensis
1428 2809 1730 2877 episcopus,
1786 2811 1928 2853 anno

393 2925 532 2981 1575
558 2923 612 2974 in
637 2922 806 2973 lucem
836 2914 1033 2974 emisit,
1063 2918 1116 2963 et
1140 2923 1171 2961 e
1209 2907 1394 2958 Graeco
1438 2901 1491 2953 in
1526 2896 1771 2949 Latinum
1812 2903 1929 2943 ser-

391 3026 602 3068 monem
633 3006 923 3061 transtulit.
949 3003 1051 3054 Eas
1074 3006 1257 3068 postea
1286 2992 1607 3047 Franciscus
1630 2982 1927 3038 Turrianus

393 3101 581 3157 Latine
610 3101 984 3164 interpretatus
1005 3099 1106 3149 est,
1133 3096 1184 3140 et
1203 3078 1601 3139 commentariis
1621 3068 1923 3127 illustravit.

394 3189 591 3243 Verum
616 3184 809 3239 harum
840 3177 1292 3234 Constitutionum
1323 3178 1507 3223 auctor
1547 3180 1653 3219 non
1690 3168 1773 3216 est
1810 3158 1929 3211 Cle-

396 3295 549 3335 mens
594 3275 886 3334 Romanus,
926 3269 1053 3338 quia
1104 3262 1388 3322 Eusebius,
1434 3258 1527 3311 lib.
1558 3270 1640 3318 ιιι,
1676 3267 1725 3307 c.
1757 3250 1842 3311 15,
1875 3254 1929 3302 et

398 3370 754 3435 Hieronymus
790 3361 860 3415 De
894 3337 1229 3427 scriptoribus
1256 3344 1615 3404 ecclesiasticis
1636 3386 1651 3409 ,
1693 3353 1815 3392 cum
1863 3337 1930 3391 de

399 3428 617 3525 scriptis
647 3452 705 3507 S.
741 3447 1029 3504 Clementis
1066 3449 1249 3513 agunt,
1282 3452 1442 3492 unam
1486 3435 1745 3487 duntaxat
1784 3428 1929 3481 illius

400 3547 467 3600 ad
496 3516 801 3599 Corinthios
832 3532 1119 3606 Epistolam
1142 3534 1439 3585 recensent.
1471 3522 1734 3576 Praeterea
1770 3516 1928 3569 llum-

400 3564 467 3600 au
496 3564 801 3599 horlllllllus
832 3564 1119 3606 Dplatumus
1143 3564 1439 3585 αλιι-σω...
1472 3564 1493 3576 .-
1517 3564 1658 3575 ..η-ν.
1674 3564 1734 3573 ν..
1771 3564 1905 3569 -_._-__

399 3640 585 3694 bertus
615 3632 937 3695 Cardinalis,
959 3628 1241 3695 episcopus
1285 3618 1442 3672 Silvae
1481 3613 1751 3673 Candidas,
1795 3608 1929 3661 Leo-
1953 3564 1996 3621 ϐ

400 3730 487 3783 nis
505 3721 595 3789 ιχ,
618 3725 759 3793 apud
788 3694 1286 3781 ConstantinOpolin
1328 3710 1554 3777 legatus,
1595 3703 1792 3756 Nicetse
1832 3694 1931 3752 Pe~

402 3826 628 3879 ctorato,
644 3811 1095 3867 Constitutionum
1120 3799 1531 3871 apostolicarum
1552 3794 1670 3846 loca
1690 3788 1930 3859 quazdam

402 3918 589 3966 contra
619 3902 838 3958 Sabbati
863 3897 1146 3967 jejunium,
1177 3886 1470 3958 objicienti,
1518 3883 1602 3937 his
1639 3880 1816 3935 verbis
1847 3892 1929 3931 re-

404 3999 669 4071 spondet:
705 3995 815 4047 Hoc
851 4003 1076 4044 asserere
1107 3982 1309 4038 conaris
1346 3993 1408 4032 eo:
1437 3972 1751 4044 Apocryphis
1786 3967 1930 4021 libris

403 4058 454 4143 ei
481 4085 783 4145 canonibus,
812 4080 928 4149 pari
960 4074 1212 4129 sententia
1243 4070 1342 4126 SS.
1368 4067 1587 4121 Patrum
1617 4058 1933 4130 repudiatis;

405 4191 459 4238 et
502 4178 658 4249 paulo
688 4147 853 4244 post:
889 4169 1029 4223 Unde
1065 4182 1155 4217 nos
1181 4175 1374 4231 quoque
1405 4172 1549 4210 omne
1575 4147 1934 4220 Apocrypltum

410 4240 706 4335 abjicientes
732 4260 1068 4325 dedignamur
1102 4250 1281 4303 audire
1317 4260 1492 4301 eorum
1526 4240 1790 4311 fabulosus
1823 4244 1936 4287 tra-

407 4358 647 4413 ditiones,
693 4351 814 4422 quia
870 4362 970 4400 non
1019 4351 1137 4397 sunt
1179 4348 1235 4391 ut
1276 4338 1357 4390 lea:
1405 4333 1631 4388 Domini.
1671 4328 1939 4399 Citaverat

407 4450 580 4494 autem
605 4414 814 4490 Nicetas
849 4433 1093 4501 quintum
1122 4433 1175 4481 et
1195 4424 1474 4492 septimum
1498 4420 1690 4472 librum
1715 4414 1942 4468 Ordina-

406 4532 635 4590 tionum,
667 4541 760 4581 seu
786 4518 1237 4578 Constitutionum
1261 4512 1694 4582 apostolicarum.
1728 4505 1805 4559 Ex
1836 4517 1942 4573 qua

410 4617 689 4674 ilumberti
711 4612 1058 4680 responsione
1085 4603 1425 4660 Christianus
1461 4600 1660 4669 Lupus,
1690 4614 1744 4667 p.
1777 4612 1837 4659 ιι,
1874 4594 1941 4647 ad

409 4711 677 4763 Canonem
705 4721 742 4758 ιι
770 4703 1105 4760 Trullanum,
1143 4693 1348 4762 colligit
1382 4687 1783 4745 Constitutiones
1824 4684 1942 4737 illas

411 4798 741 4869 apocrypbas
760 4808 899 4855 esse,
932 4791 1096 4844 fuisse
1116 4783 1430 4841 sententiam
1456 4780 1597 4833 sedis
1616 4774 1938 4843 apostolicte,

2022 2283 2150 2349 imp.
2182 2294 2264 2347 ep.
2296 2277 2331 2329 2
2357 2274 2421 2328 ad
2444 2272 2732 2327 Eusebium
2762 2279 2816 2322 et
2845 2264 3259 2319 Antiochenos
3291 2262 3435 2315 citat
3477 2276 3636 2315 cano-

2022 2385 2142 2424 nem
2175 2368 2257 2427 13,
2287 2381 2353 2419 ex
2378 2377 2485 2431 quo
2507 2360 2739 2420 eruitur,
2769 2371 2869 2411 eos
2895 2368 3162 2408 canones
3196 2358 3336 2405 ante
3365 2349 3632 2404 Nicamam

2025 2458 2287 2528 synodum
2335 2452 2581 2520 cognitos
2632 2448 2821 2501 fuisse.
2873 2445 2989 2498 Eos
3030 2458 3183 2497 vero
3242 2442 3427 2495 fuisse
3464 2447 3637 2509 poste.

2024 2550 2194 2601 riores
2234 2559 2377 2597 anno
2414 2541 2540 2605 258,
2572 2555 2640 2594 ex
2682 2552 2747 2593 eo
2777 2534 3037 2598 deducit,
3077 2534 3242 2603 quod
3288 2530 3638 2585 Firmilianus

2024 2638 2282 2692 Caesareae
2303 2634 2590 2702 episcopus
2619 2628 2688 2682 iis
2716 2641 2851 2681 usus
2874 2634 2964 2679 est
2992 2624 3067 2677 ad
3111 2622 3475 2693 probandam
3516 2633 3641 2672 con-

2027 2725 2387 2785 suetudinem,
2438 2735 2558 2790 quae
2608 2718 2827 2788 vigebat
2876 2717 2936 2769 in
2988 2713 3272 2775 Oriente,
3322 2708 3638 2780 repudiandi

2026 2814 2398 2869 bzereticorum
2426 2807 2702 2877 baptismi,
2735 2819 2860 2858 cum
2896 2812 3100 2857 tamen
3166 2801 3282 2871 ipsi
3325 2806 3515 2870 aperte
3558 2797 3637 2851 fa-

2025 2911 2230 2959 verent.
2262 2901 2447 2956 Canon
2479 2897 2623 2950 enim
2655 2896 2725 2949 4'5
2754 2894 2836 2948 sic
2874 2901 3213 2961 conceptus
3237 2898 3329 2946 est
3374 2910 3387 2942 :
3424 2889 3637 2958 Episcod

2024 3011 2144 3063 pum
2182 2994 2257 3045 vel
2299 2990 2675 3058 presbyterum,
2722 2985 2811 3054 qui
2847 2984 3257 3036 hwreticorum
3306 2982 3638 3050 baptismum,

2026 3085 2102 3137 uel
2128 3081 2448 3149 sacri/icium
2480 3077 2774 3133 admiserit,
2811 3073 3011 3141 deponi
3054 3073 3361 3141 jubemus.
3409 3072 3539 3138 Qua:
3572 3080 3643 3123 est

2025 3178 2163 3229 enim
2189 3170 2451 3225 conventio
2487 3166 2685 3221 Christi
2732 3180 2852 3217 cum
2890 3163 3138 3218 Belial?
3211 3164 3312 3217 Vel
3365 3179 3482 3233 quae
3529 3175 3641 3229 pars

2024 3273 2100 3318 est
2125 3261 2268 3330 ﬁdeli
2294 3275 2409 3312 cum
2440 3256 2681 3325 inﬁdeli?
2738 3253 2803 3307 Et
2832 3268 3025 3306 canon
3047 3253 3134 3307 46
3183 3273 3198 3308 :
3238 3253 3536 3321 Episcopus
3575 3252 3642 3304 vel

2024 3349 2287 3420 presbyter
2306 3364 2443 3409 eum,
2482 3346 2571 3414 qui
2600 3359 2713 3397 vere
2740 3342 2897 3395 habet
2937 3343 3325 3410 baptismum,
3358 3344 3406 3396 si
3438 3342 3500 3395 de
3522 3342 3642 3394 inte-

2026 3458 2119 3512 gro
2154 3435 2525 3507 baptizauerit;
2558 3433 2632 3487 vel
2678 3434 2723 3485 si
2761 3448 2905 3495 eum,
2939 3433 3039 3500 qui
3075 3433 3156 3485 ab
3206 3434 3395 3502 impiis
3424 3432 3639 3499 pollutus

2026 3542 2126 3595 est,
2155 3547 2256 3584 non
2279 3526 2636 3587 baptizauerit,
2661 3522 2988 3589 deponatur,
3024 3533 3089 3575 ut
3134 3525 3235 3594 qui
3266 3522 3494 3577 irrideat
3514 3537 3642 3575 mor-

2031 3630 2133 3674 tem
2162 3629 2211 3673 et
2233 3632 2435 3670 crucem
2463 3614 2697 3675 Domini,
2732 3622 2782 3665 et
2812 3628 2919 3664 non
2952 3612 3260 3668 discernat
3294 3613 3587 3668 sacerdotes
3613 3628 3641 3662 α

2030 3709 2181 3778 falsis
2207 3702 2586 3760 sacerdotibus.
2613 3700 2749 3755 Cum
2778 3701 2972 3768 itaque
2993 3699 3390 3756 Firmilianus
3415 3702 3471 3755 in
3492 3700 3639 3770 epist.

2030 3800 2096 3853 ad
2132 3796 2463 3866 Cyprianum
2497 3798 2685 3846 contra
2732 3790 3154 3846 haereticorum
3229 3794 3513 3864 baptisma
3550 3791 3642 3844 mi-

2029 3888 2214 3948 litans,
2244 3884 2691 3939 consuetudinem
2721 3897 2751 3935 a
2794 3882 3094 3951 Stephano
3132 3885 3301 3956 Papa
3349 3888 3638 3947 laudatam,

2030 3977 2170 4045 stylo
2200 3975 2426 4035 acriore,
2453 3988 2613 4042 quam
2648 3975 2944 4042 oportebat
2980 3975 3399 4033 Christianum
3445 3980 3643 4047 episco-

2031 4078 2179 4132 pum,
2211 4060 2484 4129 excipiens
2512 4074 2656 4113 anno
2681 4060 2789 4113 256
2821 4069 2918 4113 aut
2941 4062 3062 4116 257
3091 4081 3222 4135 quo
3252 4084 3383 4121 eam
3415 4066 3642 4136 scripsit,

2046 4165 2282 4204 canones
2333 4148 2618 4218 praedictos
2661 4165 2770 4201 non
2819 4151 3117 4220 allegarit,
3157 4172 3231 4210 ex
3265 4157 3396 4225 ejus
3441 4156 3645 4212 silentio

2034 4242 2284 4309 colligere
2331 4249 2435 4306 est,
2478 4240 2784 4309 incognitas
2829 4256 2895 4295 ea
2939 4250 3119 4300 aetate
3179 4246 3365 4303 fuisse
3422 4261 3645 4301 canones

2036 4331 2380 4400 apostolicos.

2107 4487 2212 4541 Eos
2235 4499 2493 4546 canones,
2525 4492 2651 4551 post
2676 4482 2902 4539 concilii
2932 4482 3170 4545 Nicaeni
3239 4499 3517 4563 tempora,
3550 4500 3642 4545 tam

2042 4580 2095 4633 in
2125 4578 2343 4631 Oriente
2365 4588 2528 4643 quam
2579 4575 2634 4626 in
2692 4573 3025 4641 Occidente,
3062 4584 3227 4650 apud
3261 4584 3534 4653 quosdam
3552 4584 3644 4637 Ca-

2040 4671 2293 4730 tholicos,
2334 4665 2686 4735 praevaluisse
2722 4663 2902 4734 (varia
2958 4675 3171 4726 tamen
3231 4674 3307 4728 de
3337 4688 3529 4728 eorum
3556 4686 3645 4724 nu-

2041 4774 2189 4815 mero
2220 4755 2455 4826 fortuna)
2478 4757 2606 4810 licet
2635 4757 2901 4827 colligere
2930 4774 3001 4812 ex
3040 4765 3467 4833 antiquissima
3497 4776 3645 4816 cano-

413 4891 566 4956 cujus
596 4887 909 4956 legationem
962 4879 1281 4933 Humbertus
1316 4872 1549 4942 gerebat.
1595 4867 1791 4919 Praeter
1834 4862 1941 4915 Lu-
1972 4885 2015 4938 ι)
2044 4866 2170 4956 {tum
2191 4849 2527 4956 collectione,
2556 4862 2678 4916 qua:
2705 4849 2953 4917 primum
2983 4849 3049 4904 in
3103 4852 3352 4911 Oriente
3398 4869 3430 4909 a
3460 4854 3646 4909 Grauis

414 4953 559 5046 pum,
585 4953 788 5043 legendi
820 4973 977 5026 etiam
1018 4964 1394 5022 Schelstratius
1430 4961 1482 5012 in
1516 4975 1567 5027 p.
1606 4971 1647 5008 ιι
1682 4953 1936 5021 Antiquit.

429 5065 722 5122 illustrant,
750 5062 961 5115 dissert.
986 5059 1042 5118 ‘2,
1067 5072 1115 5111 c.
1138 5053 1418 5118 2;Natalis
1440 5046 1736 5102 Alexander
1754 5058 1863 5098 sec.
1887 5044 1939 5106 1,

419 5155 630 5222 aliique,
655 5154 742 5220 qui
766 5152 916 5219 plura
943 5150 1007 5203 de
1040 5149 1188 5201 hisce
1222 5139 1698 5198 constitutionibus
1721 5136 1937 5189 habent.

486 5240 636 5297 Ouod
672 5241 859 5292 attinet
888 5240 951 5291 ad
982 5236 1371 5294 collectionem,
1407 5245 1525 5299 qua:
1559 5228 1658 5282 sub
1704 5224 1940 5294 ejusdem

420 5331 707 5386 Clementis
747 5329 960 5381 nomine
998 5325 1405 5384 circumfertur,
1456 5320 1546 5388 qui
1582 5315 1943 5385 apostolorum

422 5433 656 5473 canones
678 5430 896 5469 numero
915 5416 1001 5478 85,
1032 5416 1087 5468 in
1115 5430 1277 5468 unum
1309 5426 1502 5480 corpus
1531 5409 1782 5463 collectas
1818 5404 1945 5457 lide-

425 5512 565 5565 libus
587 5507 925 5577 proposuisse
952 5505 1280 5573 perhibetur,
1308 5516 1425 5556 eam
1446 5500 1634 5555 Petrus
1671 5498 1736 5550 de
1766 5496 1942 5549 Marca

422 5598 675 5656 Concord.
696 5595 966 5649 sacerdotii
985 5605 1030 5645 et
1052 5595 1271 5660 imperii,
1296 5594 1387 5647 lib.
1418 5608 1497 5652 lit,
1521 5606 1552 5644 c
1591 5590 1646 5652 ‘2,
1682 5603 1735 5641 ιι.
1767 5588 1818 5647 5,
1844 5600 1937 5637 an-

419 5701 670 5747 teriorem
696 5685 896 5756 synodo
919 5684 1151 5747 Nicaena,
1172 5683 1263 5738 sed
1289 5682 1634 5751 posteriorem
1670 5691 1808 5731 anno
1834 5676 1937 5730 258

2044 4940 2144 4993 fuit
2184 4934 2459 4999 confecta,
2512 4944 2567 4990 et
2627 4944 2754 4991 ante
2801 4944 3069 5007 tempora
3102 4942 3399 5017 gDionysii
3470 4941 3645 5011 Exigui

2043 5028 2266 5086 exstitit.
2304 5024 2458 5081 Unde
2501 5027 2650 5096 quod
2687 5025 2944 5085 Gelasius
2972 5045 3131 5102 papa
3166 5036 3227 5089 in
3265 5035 3518 5091 Romana
3553 5048 3646 5087 tu

2045 5122 2415 5189 episcoporum
2448 5119 2657 5189 synodo
2677 5120 3081 5188 posuit:Liber
3123 5142 3411 5180 canonum
3452 5135 3648 5195 aposto-

2048 5210 2267 5263 licorum
2301 5208 2658 5277 apocryplms.
2713 5211 3015 5264 commodo
3046 5228 3236 5270 sensu
3270 5217 3432 5271 venit
3462 5214 3646 5269 intelli-

2047 5292 2299 5363 gendum.
2344 5293 2712 5364 Praeterquam
2768 5296 2919 5350 enim
2970 5302 3131 5367 quod
3186 5303 3316 5358 haec
3349 5306 3520 5359 verba
3547 5317 3644 5357 non

2045 5382 2312 5437 habentur
2340 5384 2397 5439 in
2418 5386 2542 5441 cod.
2572 5385 2788 5444 Justeili
2806 5427 2822 5451 ,
2852 5388 2965 5444 dici
2992 5399 3189 5461 potest
3226 5395 3286 5448 id
3319 5411 3352 5449 a
3374 5396 3522 5466 Papa
3550 5393 3644 5447 Ge-

2046 5473 2179 5576 lasio
2209 5473 2436 5576 dictum,
2466 5480 2595 5549 quia
2631 5480 2689 5536 bi
2711 5495 2955 5537 canones
2985 5493 3282 5539 non'sunt
3315 5488 3390 5541 ab
3439 5491 3644 5556 aposto-

2049 5565 2137 5625 lis,
2166 5564 2262 5618 sed
2294 5567 2365 5622 ab
2390 5570 2516 5626 aliis
2573 5573 2812 5640 collecti,
2846 5571 2997 5628 unde
3046 5584 3205 5629 recte
3242 5575 3438 5629 Marca
3470 5573 3644 5629 lauda—

2046 5660 2135 5708 tus
2158 5670 2313 5712 num.
2346 5660 2378 5713 7
2413 5682 2428 5718 ι
2463 5660 2641 5724 Varia
2693 5677 2813 5727 sunt
2868 5665 3067 5720 classes
3105 5662 3547 5736 aoocrppltonin
3595 5666 3642 5715 in
