1919 3189
98 213 184 242 Νοιὸιίσ
200 210 309 247 Celadi,
334 219 364 242 ut
387 215 559 245 observarunt
580 218 630 245 uiri
650 217 765 251 eruditi,
789 226 850 246 cum
864 222 888 250 Α

96 265 241 287 nutantum
264 261 389 296 ﬁgmenta
412 262 597 290 haereticorum
619 264 722 291 ueniant
745 265 852 292 initum:

95 313 190 338 mum,
203 304 247 332 sed
261 306 340 333 etiam
366 305 503 339 Opuscula
518 313 703 341 tractatorum,
719 310 747 336 in
757 309 851 344 quious

94 355 142 377 sunt
162 351 222 377 navi
242 351 360 386 quidam.
387 352 443 380 Nec
467 354 522 381 alio
546 356 673 390 exemplo
697 355 851 390 indigemus

94 404 157 431 quam
170 396 272 425 Eusebii
286 397 417 431 Historia,
432 407 514 434 quam
533 400 698 436 apocrypbis
723 404 851 428 accenset

91 442 204 474 Gelasius,
226 450 287 470 cum
311 447 401 471 tamen
415 445 497 479 paulo
514 450 595 473 antea
622 454 682 473 eam
696 447 851 482 suscipien-

90 490 139 518 dam
151 490 301 524 statuisset;
317 493 401 526 quod,
416 492 556 524 nimirum,
568 493 634 520 velit
648 493 699 521 hos
714 493 850 522 Historia-

89 544 136 563 rum
149 536 225 563 libros
239 537 323 565 naevis
347 538 510 573 quibusdam
525 539 682 574 permistos,
713 537 784 572 licet,
807 540 849 568 iu-

88 582 143 616 quit,
156 586 254 616 propter
280 591 369 609 rerum
393 584 515 610 notitiam
541 584 713 619 singularem,
737 593 795 619 qua!
812 585 848 613 ad

88 627 262 654 instructionem
281 628 428 662 psrtinent,
458 637 640 664 usquequaque
660 638 712 656 non
736 629 848 658 dicimus

86 672 217 699 mirandas.
233 672 318 705 Idem,
334 673 423 708 inquit
435 673 633 702 Sclielstratius
648 674 776 703 laudatus
784 683 846 710 cap.

89 717 244 749 l,dicendum
265 718 301 746 de
318 719 476 747 (Iunonibus
499 720 697 755 apostolorum,
714 721 847 756 singulari

85 763 180 798 quadam
197 762 327 791 Ecclesia:
352 764 498 800 primitivte
513 765 637 792 doctrina
652 764 771 798 refertis,
784 766 847 794 licet

85 810 183 842 aliunde,
193 810 227 838 ob
234 805 327 839 certos
339 818 443 843 naevos,
456 811 527 839 inter
539 811 693 847 apocrypha
707 818 722 838 a
738 811 847 841 Gelasio

83 855 212 884 recensitis.

106 899 185 935 Neque
199 901 233 928 ab
261 902 396 937 antiquis,
421 906 479 929 tam
503 901 606 930 Graecis
636 910 719 937 quam
735 901 842 931 Latinis

81 947 248 981 scriptoribus,
265 948 359 975 subdit
370 947 442 975 idem
458 947 665 980 Schelstratius,
678 948 707 975 hi
724 956 844 977 canones

81 991 142 1020 luere
153 993 253 1027 rcjecti,
272 997 303 1021 ut
323 998 399 1029 patet
415 1001 449 1022 ex
463 1002 480 1022 ι.
493 995 648 1022 canonibus
662 994 764 1029 ubique
778 994 842 1022 olim

80 1040 185 1074 receptis,
200 1043 226 1067 et
239 1041 388 1069 conﬁrmat
402 1044 463 1076 post
488 1040 625 1068 Gelasium
640 1039 766 1068 collectio
778 1039 843 1067 Dio-

78 1084 133 1119 nysii
152 1083 255 1120 Exigui.
272 1084 338 1113 Post
364 1085 525 1121 Dionysium
549 1085 726 1117 Cresconius,
750 1086 844 1114 nescio

78 1130 141 1164 cujus
153 1131 270 1159 civitatis
291 1131 320 1158 in
331 1131 422 1158 Alrica
439 1132 595 1167 episcopus.
617 1131 664 1167 qui
685 1131 713 1159 in
725 1139 775 1160 sua
786 1132 845 1159 col-

77 1175 181 1209 lectione,
195 1185 287 1213 usque
299 1178 334 1206 ad
349 1185 364 1205 ι.
382 1184 502 1206 canones
517 1179 702 1213 apostolorum
730 1187 844 1207 enume-

77 1225 109 1249 rat
120 1226 143 1250 et
156 1223 186 1251 ad
197 1224 296 1251 titulos
323 1231 389 1252 suos
412 1224 631 1259 comprobandos
645 1224 767 1253 adducit.
784 1224 843 1252 Me-

77 1268 140 1295 minit
149 1273 173 1297 et
189 1269 355 1297 Anastasius
370 1269 598 1298 Bibliothecarius
614 1270 748 1306 Stephani
766 1277 843 1305 papa!

75 1314 110 1347 Π.
126 1324 168 1343 seu
178 1317 271 1352 potius
286 1316 330 1349 Ill,
345 1316 392 1351 qui
406 1316 433 1344 in
443 1316 542 1352 synod.
566 1316 757 1349 Lateranensi,
770 1324 843 1344 anno

75 1361 123 1393 769,
137 1363 228 1390 statuit
257 1362 364 1391 action.
379 1362 415 1390 IV
428 1371 436 1390 :
453 1362 516 1390 Non
530 1363 646 1396 amplius
662 1363 843 1398 suscipiantur

75 1407 241 1441 Apostolorum
256 1408 376 1443 prolata,
391 1417 437 1444 per
450 1408 480 1436 S.
500 1407 674 1440 Clementem,
695 1409 748 1436 nisi
764 1415 781 1436 ι.
795 1417 842 1435 ca-

71 1454 124 1486 pita,
137 1463 191 1490 qua:
204 1455 324 1490 suswpit
337 1461 430 1482 sancta
445 1455 495 1482 Dei
517 1455 648 1482 catholica
662 1454 782 1482 Romana
791 1454 844 1482 Ec-

70 1500 145 1528 tltsia.
159 1501 315 1529 Publicavit
330 1501 382 1529 hoc
402 1502 550 1529 concilium
568 1502 725 1529 Holstenius
738 1505 765 1529 et
780 1501 842 1528 lau-

486 157 783 187 CONSTiTllTlONES
800 159 1038 190 ΑΡοετοιιιειΕ.
1054 178 1088 182 -
1107 162 1289 192 ΡιιοοεωΑ.

1631 168 1684 196 522

903 221 1023 255 synodos
1051 221 1229 258 approbante,
1252 227 1279 251 et
1300 223 1402 258 ubique
1433 223 1492 251 fere
1523 222 1684 259 recipiente.

937 267 973 294 At
987 267 1070 296 latius
1089 276 1150 296 sese
1162 269 1284 297 extendit
1308 268 1427 298 Orientis
1451 269 1586 303 Ecclesia,
1598 270 1628 299 in
1641 278 1687 299 re-

901 312 1036 347 cipiendis
1054 315 1244 349 apostolorum
1255 315 1419 347 canonibus,
1428 323 1498 350 quos
1516 322 1616 350 txuv,
1629 323 1686 344 om-

900 359 976 386 nium
993 360 1098 395 primus
1115 369 1172 389 suae
1186 369 1202 389 ι.
1230 362 1376 389 titulorum
1390 361 1553 398 collectioni
1569 361 1686 389 inseruit

899 403 1019 433 Joannes
1030 405 1227 441 Scholasticus,
1243 411 1273 435 ut
1292 411 1369 435 notat
1382 406 1514 435 Justellus
1530 407 1558 434 in
1573 406 1684 435 Praeiat.

899 450 934 478 ad
949 454 1016 479 tom.
1034 451 1056 478 Il
1078 452 1204 480 Biblioth.
1222 452 1299 481 luris
1318 452 1452 483 canonici,
1476 456 1504 480 et
1518 452 1589 481 idem
1600 452 1686 481 Joan-~

899 503 949 524 nes
978 496 1154 524 Antiochenaa
1183 496 1312 524 Ecclesia:
1334 497 1497 533 presbyter,
1524 504 1559 524 ex
1588 497 1686 525 ordine

899 539 1133 570 Scholasicorum
1147 543 1195 577 qui
1211 543 1239 570 in
1254 542 1412 577 praefatione
1426 543 1466 570 ait
1478 552 1486 571 :
1513 542 1564 571 SS.
1578 543 1686 571 Domini

897 588 1022 623 discipuli
1040 593 1065 616 et
1082 588 1197 622 apostoli
1210 596 1298 616 uxxv
1313 597 1437 622 canones,
1452 589 1592 618 Clementis
1606 598 1686 625 opera

897 634 1046 662 ediderunt.
1062 634 1127 666 Eos,
1149 638 1213 670 post
1226 635 1297 663 hanc
1310 635 1426 664 Joannis
1441 636 1629 664 collectionem
1641 644 1686 665 re-

897 680 970 715 cepit
985 684 1013 707 et
1027 680 1152 716 probavit
1165 681 1288 717 synodus
1303 680 1444 713 Trullana,
1459 689 1522 709 can.
1537 681 1566 713 3,
1581 686 1608 710 et
1621 688 1685 717 post

896 733 957 753 eam
975 726 1097 761 Synodus
1109 726 1247 762 generalis
1262 726 1289 759 7,
1302 734 1362 762 quae
1376 728 1484 754 actione
1497 727 1524 758 i,
1544 727 1685 755 consensit

895 778 912 799 e
934 770 1102 802 Bibliotheca
1131 772 1293 807 patriarchii
1324 772 1602 807 Constantinopoleos
1627 776 1684 800 tam

896 824 1031 844 canonum
1047 816 1098 845 SS.
1116 818 1321 853 apostolorum,
1342 827 1423 854 quam
1448 818 1498 845 SS.
1517 818 1684 854 synodorum

896 861 983 889 libros
998 862 1025 889 in
1042 861 1163 889 medium
1190 862 1280 889 allerri
1294 872 1301 890 :
1318 863 1352 890 Et
1386 864 1505 892 notarius
1529 864 1683 892 tunerobilis

900 907 1059 943 patriarcltii
1072 907 1150 943 legit:
1161 907 1253 937 Ganon
1268 908 1321 936 SS.
1331 909 1518 944 Apostolorum
1532 918 1581 937 Llll
1597 912 1681 946 (nunc

893 952 955 989 ut).
967 952 1000 981 Si
1013 954 1071 988 quis
1094 953 1230 989 presbyter
1255 961 1326 985 eum,
1345 956 1390 989 qui
1412 956 1572 982 conuertitur
1584 963 1601 982 α
1622 963 1683 990 pec—

893 1004 963 1033 cato,
975 1008 1027 1027 non
1042 1000 1199 1035 susceperit,
1222 1000 1267 1028 sed
1292 1000 1427 1034 abjecerit,
1454 994 1610 1036 deponatur,
1626 1006 1670 1030 etc

894 1043 987 1081 Usque
1002 1046 1036 1073 ad
1051 1053 1154 1077 tum,
1173 1050 1298 1074 recenset
1322 1046 1437 1074 Alexius
1454 1047 1612 1080 Aristenus.
1630 1047 1682 1075 Ec-

893 1090 984 1119 clesia
1003 1090 1312 1126 Constantinopolitanae
1334 1091 1486 1126 diaconus,
1506 1093 1536 1121 in
1565 1092 1680 1128 Synopsi

893 1144 1034 1169 canonum,
1051 1143 1111 1171 quae
1130 1136 1249 1171 primum
1270 1137 1409 1172 publicata
1429 1141 1471 1164 est
1495 1142 1563 1166 tom.
1587 1137 1607 1165 ll
1628 1137 1677 1165 Bi-

894 1181 986 1209 blioth.
1000 1181 1076 1209 luris
1092 1181 1229 1214 Canonici,
1246 1181 1292 1209 ubi
1315 1186 1378 1217 post
1397 1182 1554 1210 Aristenum
1578 1183 1678 1211 subne-

893 1227 976 1255 ctitur
991 1226 1111 1262 Epitome
1132 1235 1261 1254 canonum
1286 1226 1421 1256 Simeonis
1438 1228 1558 1264 Magistri
1575 1235 1602 1257 et
1624 1229 1678 1256 Lo-

893 1271 1018 1306 gotheue,
1037 1270 1065 1298 in
1088 1278 1141 1306 qua
1164 1271 1326 1299 exhibentur
1345 1280 1464 1300 canones
1491 1274 1676 1308 apostolorum

893 1322 996 1343 Lxxxtt.
1021 1314 1198 1343 Subnectitur
1220 1320 1247 1343 et
1268 1314 1396 1351 Synopsis
1418 1325 1549 1344 canonum
1574 1318 1677 1345 Arlenii

893 1360 1036 1394 monachi,
1050 1360 1097 1397 qui
1118 1361 1152 1388 ad
1174 1369 1234 1397 cap.
1252 1362 1279 1394 4,
1298 1362 1391 1390 subdit
1407 1372 1414 1391 :
1433 1362 1483 1390 SS.
1498 1355 1677 1398 apostolorum

893 1415 1004 1434 canones
1024 1415 1123 1440 uuv,
1143 1411 1170 1435 et
1193 1408 1264 1436 alios
1279 1409 1465 1443 apostolorum
1482 1417 1601 1438 canones
1615 1418 1679 1445 pas-

893 1453 946 1482 sim
972 1453 1082 1482 exhibet
1112 1458 1140 1481 ut
1166 1462 1255 1484 uxxv
1275 1462 1395 1483 canones
1420 1456 1454 1483 ab
1481 1463 1515 1484 eo
1543 1456 1679 1484 admissos

893 1503 1015 1531 constet;
1032 1506 1102 1533 quos
1116 1503 1143 1525 et
1154 1498 1213 1532 diu,
1228 1504 1292 1527 ante
1308 1500 1368 1527 illos
1384 1499 1553 1535 collectores,
1569 1501 1680 1529 admisit

71 1546 145 1574 datam
160 1555 191 1575 ex
205 1556 238 1576 eo
251 1548 423 1576 decisionem
436 1547 581 1575 conﬁrmat
593 1547 760 1575 Humbertus
773 1546 843 1574 Leo-
853 1552 877 1582 ε
893 1541 1023 1575 Pholius.
1042 1543 1070 1570 in
1098 1542 1301 1578 Nomocanone,
1327 1545 1360 1573 ad
1386 1553 1466 1581 quem
1484 1546 1555 1574 edita
1580 1545 1679 1581 praefa-

70 1592 104 1620 nis
114 1592 145 1620 IX
159 1593 279 1629 legatus,
305 1593 333 1621 in
349 1594 526 1628 responsione
553 1593 586 1620 ad
604 1593 703 1620 librum
726 1592 839 1624 Nicetae,

70 1639 201 1675 presbyteri
231 1644 260 1667 et
285 1639 424 1671 monachi,
452 1642 549 1666 contra
575 1637 689 1666 Latinos
711 1637 841 1667 editum:

68 1681 191 1712 Clementis
203 1685 315 1717 librum,
331 1685 358 1711 id
368 1688 408 1712 est
435 1683 510 1711 Petri
525 1682 640 1718 apostoli
669 1681 842 1710 ltinerarium

67 1731 86 1752 et
95 1727 283 1763 Apostolorum
295 1735 416 1755 canones
434 1732 571 1755 numerant
587 1727 683 1755 Patres
693 1727 762 1754 inter
774 1735 840 1762 apo-

65 1773 163 1806 cryplm,
200 1774 319 1807 exceptis
349 1780 365 1800 ι.
399 1773 543 1808 capitulis,
582 1781 641 1808 quis
670 1773 839 1800 decreverant

66 1818 200 1846 orthodoxa:
238 1819 305 1853 ﬁdei
343 1818 520 1854 adjungenda.
551 1819 585 1846 Et
625 1819 683 1846 haec
728 1819 838 1854 quidem

64 1862 90 1889 de
109 1863 227 1892 Ecclesia
253 1864 424 1893 Occidentali
451 1871 467 1891 ι.
498 1865 683 1899 apostolorum
717 1871 838 1892 canones

63 1916 106 1937 non
131 1911 316 1947 improbante,
348 1911 395 1939 sed
424 1911 534 1939 demum
562 1918 610 1946 per
643 1910 789 1944 pontiﬁces
809 1916 837 1939 et

893 1587 977 1620 tione,
992 1588 1088 1616 scribit
1101 1598 1108 1616 :
1123 1589 1254 1623 Canones,
1269 1591 1314 1626 qui
1328 1590 1379 1619 SS.
1394 1591 1574 1627 apostolorum
1586 1591 1681 1619 dicun-

894 1638 948 1665 tur,
964 1632 1106 1662 Clementis
1127 1644 1205 1669 opera
1221 1636 1324 1664 collecti
1344 1646 1444 1665 unv.
1467 1638 1501 1666 Et
1524 1637 1626 1675 quibus
1639 1639 1682 1666 vi-

890 1682 955 1710 dere
970 1682 1033 1709 licet
1047 1681 1200 1710 Orientales
1213 1683 1313 1717 passim
1326 1689 1422 1709 omnes
1443 1689 1532 1710 μην
1555 1688 1676 1708 canones

890 1727 1046 1760 admisisse,
1077 1728 1123 1762 qui
1139 1729 1173 1755 de
1200 1728 1283 1758 tacto,
1298 1731 1360 1763 post
1373 1728 1514 1755 decretum
1542 1727 1677 1759 Gratiani,

890 1772 969 1807 jussu
1000 1773 1122 1807 Gregorii
1151 1773 1208 1800 Xlll
1239 1774 1353 1805 editum,
1381 1773 1566 1808 reperiuntur,
1596 1771 1635 1798 uti
1653 1776 1681 1798 et

891 1819 993 1852 passim
1009 1819 1036 1845 in
1051 1819 1181 1846 omnibus
1198 1819 1386 1846 Conciliorum
1403 1817 1581 1846 editionibus.
1599 1816 1680 1843 Plura

892 1863 1088 1893 Schelstratius
1103 1865 1231 1892 laudatus
1257 1869 1285 1893 et
1309 1864 1414 1892 Natalis
1428 1862 1584 1891 Alexander
1608 1861 1678 1889 diss.

891 1911 935 1943 i7,
955 1911 1048 1939 seculi
1066 1921 1075 1941 ι
1102 1911 1241 1940 Ecclesiae.

64 2028 1662 2044 ψ

330 2137 391 2181 ΙΝ
432 2135 960 2184 CONSTITUTIONES
993 2133 1399 2182 APOSTOLICAS

461 2232 702 2263 ADNOTATIO
721 2232 881 2264 CRITICA
896 2233 948 2263 ET
972 2231 1306 2265 CHRONOLOGICA.

434 2312 543 2349 (MANSI,
573 2312 690 2346 Concil.,
716 2314 738 2346 Ι,
766 2313 841 2346 25‘;
871 2312 1026 2348 Florentia,
1044 2313 1125 2347 1759,
1150 2313 1179 2342 in
1213 2313 1304 2347 lolio.)

78 2394 311 2428 Constitutiones,
332 2402 402 2431 quas
423 2399 523 2424 vocant
549 2395 715 2431 ap0stolicas
726 2416 734 2429 ,
758 2403 829 2431 opus
848 2398 870 2426 D
885 2395 979 2432 populi
997 2395 1138 2431 praemissa
1150 2394 1352 2426 tantummodo,
1368 2396 1396 2421 et
1410 2395 1506 2427 sponte
1520 2390 1673 2424 oll'erenda,

50 2449 102 2468 esse
114 2442 255 2477 spurium,
267 2441 303 2469 ab
315 2441 359 2474 iis,
372 2441 472 2477 quibus
485 2442 672 2474 ascribuntur,
686 2443 831 2477 apostolis,

50 2490 98 2514 tum
111 2493 138 2515 et
151 2488 187 2515 ab
205 2488 270 2523 ipsa
284 2488 471 2523 apostolorum
486 2491 566 2515 aetate
578 2488 687 2523 penitus
698 2488 829 2520 alienum,

48 2540 118 2560 nemo
130 2534 281 2569 theologus
294 2534 376 2561 modo
389 2534 497 2569 ignorat
513 2534 555 2561 vel
573 2533 712 2563 dillitetur.
725 2534 831 2567 Quibus

48 2579 83 2605 vel
102 2580 255 2607 silentibus
269 2580 311 2607 vel
328 2579 578 2612 dissimulantibus,
595 2588 639 2608 res
659 2584 750 2608 tamen
771 2580 831 2615 ipsa

46 2632 88 2659 per
102 2634 130 2653 se
143 2628 319 2662 loqueretur,
334 2635 397 2654 cum
413 2627 503 2662 operis
519 2627 593 2655 illius
607 2631 704 2655 auctor
720 2627 830 2662 ineptus

45 2672 76 2698 sit
92 2673 159 2700 adeo
178 2673 332 2705 interdum,
356 2677 387 2700 ut
408 2674 443 2701 ab
465 2673 662 2708 apostolorum,
682 2680 765 2707 quam
788 2672 830 2700 ai-

45 2717 136 2749 iectat,
162 2720 304 2754 gravitate
325 2727 356 2747 se
377 2719 487 2754 penitus
508 2719 669 2753 degenerem
689 2718 826 2746 ostendat.

43 2763 160 2793 Celebris
172 2771 219 2793 est
232 2766 396 2798 similitudo,
410 2774 464 2802 qua
476 2765 529 2793 Deo
537 2764 627 2797 Patri,
640 2764 720 2797 Filio,
732 2769 759 2792 et
770 2765 830 2800 Spi-

44 2809 102 2836 ritui
118 2816 219 2839 sancto
238 2812 409 2847 episcopum,
432 2812 621 2847 presbyterum
637 2814 665 2840 et
682 2810 828 2839 disceum

43 2863 179 2892 comparat
206 2858 259 2885 lib.
278 2866 309 2890 ll,
324 2866 384 2894 cap.
399 2859 446 2887 9.6.
465 2858 520 2887 Nec
541 2858 633 2886 minus
652 2857 750 2892 ineptit
764 2865 827 2885 cum

44 2900 87 2929 lib.
101 2911 138 2936 vi,
155 2912 221 2939 cap.
243 2905 292 2936 20,
308 2911 397 2932 vetera
413 2906 547 2941 sacriﬁcia
569 2910 632 2933 ante
646 2904 826 2934 idololatriam

130 2952 277 2982 Parnou.
301 2952 385 2998 (Ἐκ.)

885 2442 932 2470 sed
947 2443 1047 2478 populo
1061 2441 1169 2470 demum
1199 2441 1228 2469 in
1250 2441 1355 2469 crimen
1376 2439 1504 2476 prolapso
1516 2458 1524 2470 ,
1546 2441 1576 2467 ut
1587 2437 1675 2465 sacri-

885 2488 955 2516 ﬁciis
983 2495 1085 2515 numen
1117 2490 1277 2523 agnosceret
1306 2486 1365 2520 lege
1398 2484 1552 2519 injunctum
1587 2482 1673 2510 fuisse

884 2536 991 2562 statuit.
1008 2534 1146 2562 Privatam
1171 2533 1301 2560 ultionem
1325 2539 1374 2567 per
1394 2538 1424 2558 se
1439 2529 1549 2566 quidem
1567 2529 1671 2565 justam

883 2581 1018 2618 agnoscit,
1035 2588 1117 2617 quam
1134 2580 1195 2608 ideo
1211 2579 1296 2607 vetuit
1308 2578 1391 2610 Deus,
1407 2577 1455 2609 ait,
1472 2583 1505 2604 eo
1518 2577 1591 2611 quod
1606 2575 1672 2602 tole-

882 2630 1001 2656 rantiam
1045 2627 1149 2655 ultione
1166 2624 1377 2660 prastantiorem
1399 2623 1541 2658 agnoverit
1562 2622 1610 2650 lib.
1623 2629 1669 2655 vr,

881 2681 942 2708 cap.
956 2673 1002 2701 25.
1018 2672 1046 2700 Si
1058 2673 1218 2709 scriptorem
1235 2672 1308 2699 hunc
1323 2669 1437 2703 audias,
1453 2667 1582 2696 Afrorum
1603 2675 1670 2695 con-

881 2719 998 2748 suetudo
1022 2717 1057 2746 de
1080 2717 1281 2755 rebaptizandis
1309 2715 1454 2747 haereticis.
1480 2714 1668 2743 Romanorum

881 2765 1036 2800 disciplina,
1063 2771 1124 2801 quae
1145 2767 1347 2793 sacramentum
1370 2761 1437 2790 illud
1463 2769 1478 2788 a
1502 2768 1668 2797 quocunque

881 2811 990 2840 tandem
1011 2811 1140 2839 collatum
1168 2810 1285 2838 admittit
1298 2813 1329 2838 et
1349 2809 1473 2844 suscipit,
1495 2810 1572 2835 tanto
1598 2814 1668 2842 prte-

880 2859 998 2886 stanlior
1011 2861 1065 2891 est,
1077 2861 1180 2893 quanto
1195 2857 1297 2885 veritas
1311 2864 1434 2884 errorem
1449 2854 1588 2891 praecedit.
1599 2852 1668 2881 Vide

880 2905 929 2933 lib.
944 2913 982 2939 vt,
995 2913 1057 2941 cap.
1070 2905 1114 2933 l5.
1126 2904 1246 2933 ditatem
1258 2904 1339 2932 etiam
1354 2904 1439 2932 multo
1451 2911 1506 2939 prae
1517 2899 1667 2937 apostolica

1480 2950 1516 2979 17
