3740 6312
427 313 528 367 5ξῖ

1288 314 1342 367 S.
1376 310 1758 367 CLEMENTIS
1790 310 1809 363 l
1842 310 2003 367 ROM.
2040 311 2237 366 PONT.
2271 310 2490 365 OPERA
2532 309 2761 364 DUBIA.

3553 296 3659 351 524

426 426 779 482 recentiorem
809 428 985 497 prodit
1013 425 1348 481 consuetudo
1378 424 1468 477 illa
1493 422 1817 492 templorum
1845 422 1951 476 ritu
1980 428 2029 485 Α
2054 423 2154 487 dit,
2190 438 2249 477 se
2292 421 2515 476 delinire
2562 420 2699 473 nihil
2750 430 3035 478 ausurum.
3093 425 3231 467 cum
3290 408 3547 463 Romani
3594 411 3663 464 ad

421 515 745 573 Christianis
791 520 1047 588 peculiari
1082 517 1460 581 excitatorum,
1508 513 1666 581 cujus
1712 514 1953 567 meminit

420 612 609 659 auctor
635 607 726 661 lib.
766 622 826 669 ll,
856 622 975 676 cap.
1013 607 1098 661 57.
1142 605 1364 674 Templa
1397 606 1540 659 enim
1571 620 1602 657 a
1629 604 1952 660 Christianis

420 696 617 749 sarculo
637 696 850 750 demum
871 695 1107 749 secundo
1138 696 1368 764 primum
1397 695 1529 765 erigi
1560 695 1796 765 cepisse
1817 696 1951 749 mihi

416 784 703 839 admodum
734 786 1011 853 probatur.
1039 784 1172 838 Cum
1197 786 1484 855 episcopos
1514 786 1579 839 ad
1607 786 1788 841 varias
1803 786 1951 841 orbis

416 877 672 931 ecclesias
699 875 993 931 destinatos
1024 884 1284 938 recenset,
1314 890 1408 929 eos
1433 884 1831 938 commemorat,
1856 876 1949 944 qui

416 966 509 1020 diu
541 974 661 1036 post
683 966 952 1035 apostolos
983 966 1252 1019 vixerunt.
1284 964 1419 1018 Vide
1452 965 1544 1021 lib.
1578 980 1677 1031 vlt,
1713 982 1832 1035 cap.
1858 967 1947 1022 47.

415 1054 554 1120 Quin
601 1064 653 1109 et
683 1056 965 1125 scriptoris
994 1056 1138 1109 illius
1170 1064 1327 1109 aetate
1371 1054 1611 1110 Ecclesia
1638 1055 1839 1111 Christi
1869 1066 1951 1112 to-

412 1153 525 1197 tum
550 1160 643 1213 per
670 1146 852 1199 orbem
878 1144 1095 1211 dill'usa,
1120 1146 1395 1199 catholica:
1420 1160 1614 1199 nomen
1636 1146 1741 1200 sibi
1758 1146 1949 1200 merito

412 1234 737 1296 vindicabat,
764 1250 871 1303 quo
900 1235 1044 1288 illam
1072 1235 1248 1304 elogio
1272 1235 1412 1289 idem
1443 1244 1633 1288 auctor
1652 1250 1760 1288 non
1781 1235 1947 1289 semel

412 1331 628 1377 mactat.
658 1322 715 1377 ld
754 1340 883 1378 vero
912 1339 1073 1392 quam
1101 1324 1369 1378 immerito
1397 1324 1739 1388 deEcclesia,
1772 1324 1946 1393 qualis

410 1422 523 1467 erat
548 1415 910 1484 apostolorum
940 1421 1094 1468 aetate
1124 1412 1496 1477 alIirmaretur,
1530 1428 1687 1468 nemo
1723 1428 1833 1467 non
1863 1415 1948 1467 in-

408 1504 620 1573 telligit.
665 1503 741 1557 Ex
788 1504 874 1559 his
912 1504 1162 1559 omnibus
1202 1504 1484 1573 probatum
1527 1504 1761 1557 arbitror
1792 1505 1946 1557 lucu-

406 1594 704 1655 brationem
742 1596 886 1649 hanc
929 1596 1292 1664 apostolorum
1328 1601 1536 1649 atatem
1583 1609 1683 1649 nec
1723 1608 1941 1663 sapere,

410 1700 508 1739 nec
537 1685 805 1754 przel‘erre.

481 1742 555 1827 At.
579 1775 735 1843 cujus
764 1776 976 1829 demum
1012 1774 1184 1829 aetatis
1210 1789 1343 1843 opus
1381 1774 1511 1828 illud
1538 1774 1942 1843 judicaremus?
1970 1742 2011 1797 Β

405 1865 509 1917 Alii
561 1866 714 1918 aliter
741 1865 977 1932 sapiunt.
1026 1864 1136 1934 Ego
1163 1879 1292 1919 vero
1335 1878 1456 1918 cum
1506 1866 1559 1920 in
1602 1865 1697 1919 lib.
1733 1879 1771 1927 ι,
1816 1880 1935 1934 cap.

406 1954 496 2017 23,
528 1963 658 2017 etc.,
703 1954 835 2009 adeo
879 1955 1063 2009 multis
1110 1955 1538 2010 commendatam
1582 1955 1797 2025 legerim
1826 1957 1940 2026 cpi-

408 2046 587 2113 scopis
628 2060 756 2115 erga
792 2045 1174 2114 resipiscentes
1218 2045 1399 2100 fideles
1444 2046 1845 2115 benignitatem,
1886 2053 1939 2102 et

407 2135 770 2200 clementiam;
802 2150 923 2187 cum
953 2150 1139 2190 omnes
1168 2136 1540 2205 cujuscunque
1583 2137 1799 2191 tandem
1832 2137 1939 2191 cri-

406 2224 569 2278 minis
597 2239 741 2288 reos,
773 2224 1073 2278 idololatria
1113 2227 1328 2294 quidem
1365 2234 1607 2297 excepta,
1656 2227 1719 2280 ad
1763 2229 1939 2296 pinni-

408 2313 629 2365 tentiam
662 2323 715 2367 et
759 2330 943 2383 pacem
964 2355 978 2376 ,
1014 2315 1275 2383 siquidem
1305 2317 1514 2369 veniam
1562 2318 1935 2386 poposcerint,

405 2402 613 2454 admitti
641 2422 653 2457 :
683 2404 914 2471 scriptor
940 2405 1029 2458 ille
1057 2406 1305 2471 mandet;
1338 2406 1390 2459 id
1430 2420 1528 2475 ego
1564 2406 1778 2476 quidem
1808 2423 1939 2463 con-

403 2501 483 2545 tra
530 2492 879 2548 Montanistas
919 2494 1121 2548 dictum
1154 2497 1420 2565 suspicor,
1454 2512 1681 2566 quorum
1719 2498 1937 2554 haeresis

403 2582 601 2636 smculo
647 2583 860 2638 labente
908 2585 1144 2639 secundo
1188 2588 1427 2641 emersit.
1474 2586 1551 2641 Ex
1597 2601 1703 2657 quo
1745 2588 1936 2642 conﬁci

402 2687 561 2740 posse
612 2687 809 2728 censeo
849 2674 1271 2731 lucubrationem
1330 2678 1472 2731 hanc
1534 2678 1729 2732 saeculo
1782 2679 1937 2732 tertio

402 2761 626 2828 procudi
659 2763 814 2817 facile
842 2766 1103 2832 potuisse.
1147 2764 1252 2819 Sed
1286 2774 1341 2820 et
1383 2766 1557 2821 medio
1582 2768 1798 2823 circiter
1838 2782 1939 2822 saa-

402 2852 525 2904 culo
552 2852 644 2905 illo
672 2853 834 2906 tertio
871 2854 1084 2908 evoluto
1117 2853 1174 2909 S.
1220 2854 1507 2927 Dionysius
1541 2856 1936 2912 Alexandrinus

405 2953 434 2991 a
466 2939 699 2994 Basilide
725 2942 980 3011 episcopo
1012 2945 1294 2999 consultus
1320 2955 1483 3014 quota
1510 2947 1686 3001 noctis
1716 2946 1844 3001 hora
1862 2948 1939 3017 je-

2054 513 2179 586 galli
2208 519 2426 565 cantum
2458 511 2592 563 illud
2626 523 2920 579 prorogare
2961 502 3411 567 consueverint,
3448 500 3551 553 alii
3585 502 3669 553 ci-

2050 606 2160 660 tius
2187 604 2464 659 solverint.
2500 601 2559 654 ld
2586 600 2829 669 profecto
2858 598 3223 652 demonstrat
3256 593 3570 661 ignoratas
3601 591 3673 644 ab

2048 695 2142 748 illo
2173 694 2342 749 fuisse
2382 692 2709 763 apostolicas
2739 687 3208 747 constitutiones,
3263 697 3404 736 cum
3463 681 3525 733 in
3558 681 3672 735 illis

2050 785 2144 838 lib.
2176 801 2229 847 v,
2266 798 2387 850 cap.
2424 782 2511 844 18,
2545 780 2613 834 ad
2643 780 2982 850 gallicinium
3030 770 3491 844 prorogandum
3526 770 3675 827 Sab-

2046 875 2158 929 bati
2187 874 2348 942 hujus
2374 873 2639 941 jejunium
2671 870 2939 924 edicatur.
2966 865 3114 919 Cum
3149 872 3386 925 tamen,
3410 868 3478 914 ut
3504 877 3677 929 supra

2047 966 2253 1029 monui,
2280 972 2436 1019 aetate
2457 965 2547 1017 illa
2575 962 2769 1016 vixerit
2790 966 3007 1020 auctor,
3038 968 3158 1024 qua
3193 952 3476 1007 Ecclesia
3496 960 3678 1007 totum

2047 1055 2155 1109 late
2195 1070 2290 1125 per
2333 1054 2519 1108 orbem
2572 1051 2790 1105 tandem
2843 1046 3260 1118 promulgata,
3316 1050 3381 1097 et
3438 1042 3682 1099 dilatata

2045 1153 2194 1210 erat;
2241 1145 2402 1213 idque
2430 1143 2645 1197 demum
2690 1148 2849 1194 aetate
2879 1133 3264 1193 Constantini
3311 1133 3682 1191 obtinuerit:

2045 1235 2166 1290 ideo
2194 1232 2537 1289 Constantini
2572 1238 2734 1285 aetate
2764 1228 3156 1298 antiquiorem
3195 1239 3326 1278 non
3383 1224 3689 1279 existima-

2043 1324 2227 1379 verim.
2255 1323 2464 1377 Rursus
2488 1330 2668 1376 autem
2702 1320 2908 1375 saeculo
2937 1323 3162 1387 quarto
3197 1317 3478 1380 ineunte,
3512 1330 3689 1382 anno,

2042 1422 2300 1483 quantum
2331 1413 2565 1467 arbitror
2590 1412 2721 1475 509,
2755 1409 3062 1464 concilium
3099 1406 3554 1461 Eliberitanum
3599 1422 3692 1462 ce-

2043 1504 2305 1557 lebratum
2332 1512 2434 1565 est,
2468 1502 2626 1571 cujus
2660 1502 2876 1571 primus
2904 1514 3101 1554 canon
3140 1497 3390 1551 admitti
3420 1496 3585 1553 vetat
3624 1498 3695 1553 ad

2042 1595 2470 1649 communionem
2500 1594 2642 1657 illos,
2676 1593 2769 1662 qui
2801 1607 2831 1645 a
2864 1591 2975 1647 ﬁde
2999 1591 3074 1644 ad
3103 1590 3535 1645 idololatriam
3560 1606 3699 1661 apo-

2044 1685 2379 1748 stataverint,
2411 1694 2895 1754 quantumcunque
2924 1684 2998 1738 de
3035 1683 3314 1737 crimine
3339 1683 3485 1738 dein
3515 1686 3701 1754 μειιί-

2039 1777 2259 1839 tuerint,
2292 1775 2452 1845 idque
2479 1775 2693 1830 demum
2718 1789 3040 1844 repugnare
3066 1774 3330 1828 videtur
3363 1776 3704 1844 apostolica:

2039 1866 2116 1919 illi
2143 1865 2536 1929 constitutioni,
2581 1866 2741 1933 cujus
2774 1879 2948 1933 supra
2979 1864 3226 1917 mentio
3266 1864 3439 1918 facta
3471 1873 3605 1933 est;
3636 1882 3707 1922 ex

2038 1972 2142 2025 qua
2171 1957 2478 2026 conjectura
2504 1956 2768 2010 docemur
2790 1955 3305 2010 constitutionem
3342 1956 3514 2011 illam
3560 1974 3709 2013 non-

2037 2048 2162 2101 dum
2189 2062 2329 2101 anno
2358 2047 2450 2101 illo
2488 2046 2821 2100 innotuisse.
2864 2044 3157 2099 Vicissim
3198 2062 3359 2101 vero
3394 2055 3613 2102 auctor
3641 2050 3711 2105 de

2036 2136 2172 2192 Filio
2201 2136 2293 2191 Dei
2336 2137 2410 2191 ita
2441 2136 2642 2206 passim
2688 2145 2743 2191 et
2772 2135 3118 2205 frequenter
3154 2137 3474 2207 loquitur,
3513 2156 3713 2209 quem-

2037 2228 2320 2284 admodum
2366 2228 2699 2282 Anteuicaani
2754 2226 2958 2281 Patres
3017 2227 3317 2282 scribere
3382 2245 3713 2285 consueve-

2036 2326 2183 2382 runt,
2212 2326 2265 2372 et
2291 2333 2423 2373 voce
2452 2319 2746 2386 omousion,
2787 2332 3139 2386 quanquam
3179 2334 3359 2389 saepe
3395 2336 3500 2376 res
3534 2329 3595 2377 et
3623 2338 3718 2376 oc-

2036 2410 2184 2463 casio
2208 2408 2581 2477 postulaverit,
2612 2412 2901 2477 nunquam
2933 2409 3163 2473 utitur,
3193 2427 3331 2480 quo
3368 2422 3718 2483 argumento

2036 2499 2251 2568 probari
2272 2513 2428 2567 posse
2456 2499 2693 2552 arbitror
2717 2497 2924 2552 Νίσιωηί
2947 2502 3222 2570 (εοῐιίῑὶιίἱ⁵
3234 2504 3721 2561 celebrationem

2036 2588 2325 2657 opusidem
2340 2589 2706 2657 praecessisse.
2735 2588 2871 2654 Quia:
2895 2590 2945 2644 si
2972 2591 3384 2661 conjectum
3410 2597 3724 2652 admittan-

2034 2685 2145 2743 tur,
2165 2678 2304 2731 intra
2320 2681 2553 2747 spatium
2582 2679 2737 2741 illud,
2754 2681 2905 2749 quod
2929 2696 3096 2737 anno
3115 2685 3249 2740 309
3273 2694 3341 2741 et
3355 2688 3482 2744 525
3495 2691 3729 2744 conclu-

2034 2766 2201 2833 ditur,
2216 2769 2551 2838 vulgaturum
2578 2771 3061 2826 constitutionum
3095 2776 3298 2833 sedes
3334 2778 3581 2849 ﬁgenda
3617 2792 3725 2837 est.

2103 2857 2385 2929 Utcunque
2430 2874 2519 2915 res
2568 2859 2772 2914 habeat
2838 2878 2994 2930 sese,
3054 2868 3232 2923 utile
3294 2878 3401 2926 est
3454 2888 3615 2943 opus
3661 2876 3731 2929 ad

2034 2950 2220 3011 multa,
2245 2957 2297 3003 et
2330 2950 2637 3019 dogmatum
2656 2959 2994 3008 nostrorum
3030 2962 3354 3016 vetustati
3389 2966 3729 3020 astruenda;

401 3029 613 3099 junium
646 3032 783 3086 solvi
812 3032 994 3088 liceret
1026 3032 1262 3090 Sabbato
1291 3037 1676 3106 antepaschali,
1706 3052 1932 3109 respon-
1960 3050 2009 3114 ο
2037 3039 2274 3111 apprime
2304 3040 2694 3095 necessarium.

446 3183 3705 3232 ._____.___________________________________

908 3311 1047 3460 Illi
1151 3313 2207 3471 GONS’l‘l'l‘U’l‘10NlBUS
2314 3319 3094 3487 APOS'1‘0LIGIS

1901 3549 2077 3588 EDITIS

1249 3644 1348 3702 ΑΒ
1380 3642 1832 3703 HIPPOLYTO
1870 3644 2247 3707 EPISCOPO
2288 3648 2763 3727 PORTUENSI,

398 3760 522 3831 (ίθε
553 3760 2876 3884 t:fs.ﬁb§t?s::&.ﬁ'zza:.§°tantum
2902 3781 3212 3884 ίῑεξκίη
3252 3790 3480 3881 ωηο).
3518 3798 3579 3853 εει
3615 3798 3738 3856 ms-

873 3826 1163 3886 Sertatioue
1212 3826 1286 3884 De
1326 3831 1442 3885 Vita
1470 3841 1519 3884 et
1545 3830 1766 3903 Scriptis
1806 3830 2159 3902 S..Hippolyti
2189 3837 2414 3906 episcopi
2449 3826 3212 3927 Ροτεαέιιδὶεῗίιίίέῖῖ)η.
3254 3826 3480 3881 Wl‘wh

887 4050 1113 4106 CAPUT
1145 4049 1435 4109 pmMUM,
1955 4054 2000 4110 Ι)
2027 4053 2231 4150 primus
2273 4072 2499 4150 manum
2550 4060 2824 4131 admovit,
2869 4074 3274 4150 caeterisque
3315 4087 3497 4145 viam
3544 4097 3738 4150 ιιηνίι

1955 4054 2000 4110 Ι)
2027 4053 2231 4150 primus
2273 4072 2499 4150 manum
2550 4060 2824 4131 admovit,
2869 4074 3274 4150 ueterisque
3315 4087 3497 4145 viam

400 4182 675 4256 Titulusin
701 4182 1189 4256 Copstitutiorﬁbus
1219 4188 1529 4256 apostolicis
1555 4197 1826 4256 corruptus
1848 4205 1929 4242 re-
2030 4143 2560 4256 fff‘,“‘_‘{'f“‘,‘,°l’“s
2600 4153 3316 4256 DOVis,_acce§Si°nib“3
3364 4178 3738 4254 ιοειιριειευ-

465 4252 987 4325 stituitur._Clemen_s
1029 4252 1290 4309 Romanus
1336 4266 1385 4309 et
1412 4252 1719 4325 Hippolytus
1761 4259 1814 4310 in
1849 4257 1929 4310 his

465 4323 765 4389 colligendis
803 4323 1117 4392 edendisque,
1155 4323 1553 4381 adlaborarunt.
1601 4323 1802 4380 Paulus
1826 4325 1929 4380 Sa-

466 4401 761 4445 mosatenus
789 4391 1245 4446 Constitutionutn
1270 4404 1557 4463 corruptor.

372 4510 387 4523 '
466 4501 509 4559 Ι.
545 4503 687 4558 Inter
706 4506 997 4559 vetustiora
1019 4520 1185 4560 sacrae
1206 4508 1535 4576 antiquitatis
1561 4516 1924 4575 monumenta,

396 4609 553 4663 quem
583 4594 757 4648 locum
787 4593 891 4648 sibi
921 4594 1192 4649 vindicent
1220 4594 1621 4651 Constitutiones
1656 4598 1923 4667 apostolo-

396 4700 534 4748 rum,
590 4699 745 4739 nemo
794 4686 1026 4756 ignorat,
1078 4687 1321 4755 quamvis
1371 4694 1578 4750 auctor,
1633 4702 1926 4757 earumque

395 4774 568 4829 editor
612 4775 915 4844 ignoretur;
953 4776 1395 4845 quemadmodum
1430 4787 1481 4834 et
1509 4785 1789 4848 corruptor
1829 4778 1920 4848 qui

395 4878 488 4919 eas
520 4864 857 4933 interpolavit
899 4864 1158 4920 hactenus
1199 4865 1427 4921 delituit.
1477 4866 1658 4937 Neque
1701 4868 1842 4921 enim
1872 4868 1920 4922 si

397 4965 589 5005 nomen
615 4952 907 5008 Clementis
937 4952 1160 5007 Romani
1195 4954 1570 5023 praesel‘erunt,
1618 4955 1719 5023 ipsi
1755 4954 1921 5009 tribui

400 5048 642 5107 possunt,
667 5044 758 5112 qui
790 5051 914 5097 ante
942 5044 1095 5107 vixit,
1124 5059 1281 5112 quam
1309 5045 1460 5112 plura
1489 5043 1542 5097 in
1575 5043 1919 5099 Constitutio-

408 5129 809 5184 nibusenarrata
826 5131 1000 5183 locum
1052 5130 1327 5184 haberent.
1385 5128 1444 5183 ln
1490 5129 1748 5183 editorem
1791 5144 1919 5184 vero

397 5214 701 5267 earumdem
756 5216 1229 5282 Constitutionum,
1284 5220 1375 5290 qui
1431 5220 1709 5273 tussicula
1761 5220 1914 5286 vixit,

400 5301 705 5367 hujusmodi
727 5321 951 5363 censura
977 5324 1084 5363 non
1106 5310 1267 5374 cadit,
1299 5308 1512 5380 quando
1545 5309 1669 5362 huic
1695 5310 1916 5377 tempori

395 5390 574 5443 omnia
619 5391 727 5446 fere
773 5401 1125 5464 conveniunt,
1167 5415 1284 5470 quae
1327 5401 1411 5456 his
1453 5398 1917 5454 Conslitutionibus

395 5479 756 5534 continentur.
825 5484 979 5545 Hunc
1046 5489 1301 5544 editorem
1364 5490 1533 5545 fuisse
1582 5487 1917 5558 Hippolytum

396 5567 571 5636 palam
616 5567 889 5642 faciemus,
936 5578 1031 5648 qui
1075 5594 1183 5633 non
1231 5580 1399 5635 levem
1449 5579 1517 5634 ob
1554 5592 1792 5644 causam,
1825 5581 1920 5635 sed

396 5655 784 5725 BraViSSimam:
820 5662 1068 5724 Ecclesia:
1101 5665 1369 5722 Canomtm
1409 5668 1630 5725 editioni
1680 5668 1918 5726 omnium

2027 4234 2316 4333 dumpq‘uo
2332 4233 2417 4333 in
2441 4254 2635 4333 cpere,
2678 4246 2894 4313 quibus
2954 4252 3307 4322 institutis
3358 4233 3738 4333 aevi-763B;

2130 4324 2288 4424 initio
2332 4325 2600 4424 Ecclesia_
2631 4347 2734 4387 usa
2792 4336 3001 4407 fuerit,
3072 4324 3738 4424 appareret.—deui

2024 4412 2212 4513 titul‘u‘s
2233 4417 2543 4513 earumdem
2559 4418 3045 4513 Constitutionum
3081 4412 3196 4495 εἶιῖ
3228 4412 3521 4510 ειιξξεξξξε

2024 4498 2223 4566 prodit,
2262 4508 2345 4555 est
2387 4503 2532 4557 enim
2574 4506 2897 4575 hujusmodi
2943 4534 2959 4569 :
