3740 6290
90 424 273 519 quibus
298 424 639 519 hujusmodi
673 443 1022 511 appellatio
1053 464 1315 519 nusquam
1340 453 1580 505 occurrit
1608 455 1714 508 nisi

95 535 153 587 ίιι
172 514 406 618 Homiliis
426 529 483 575 et
508 522 1075 618 Constitutionibus,
1101 514 1260 609 idque
1282 549 1386 593 tam
1414 542 1558 595 nulla
1584 543 1706 608 ﬁde,

103 618 163 675 ﬁt
184 614 475 666 etiamnum
502 614 577 670 de
607 617 956 683 Clementis
988 631 1163 698 patria
1185 631 1457 698 disputent
1489 632 1706 688 eruditi.

115 700 569 762 ὓοιιειίῑυιῖοῐιιιιῐι
596 706 819 780 itaque
865 716 1062 773 titulus
1084 720 1184 774 hoc
1213 721 1371 774 modo
1398 736 1457 776 se
1486 722 1705 775 habuit:

127 791 357 857 Διαταγαὶ
399 793 513 849 τῶν
561 797 753 865 ἁγίων
804 804 1128 862 ἀποστόλων
1165 810 1248 862 διὰ
1274 811 1578 882 Κλήμεντος
1616 810 1708 864 τοῦ

140 882 396 950 Ῥωμαίων
445 885 803 955 ἐπισκόπου,
859 896 960 949 καὶ
1018 899 1340 963 Ἱππολύτου,
1384 902 1415 970 ὴ
1459 899 1708 970 καθολικὴ

138 973 463 1032 διδασκαλίαι
502 977 959 1042 Constitutiones
1011 999 1305 1043 sanctorum
1359 992 1708 1058 apostolorum

148 1079 221 1134 per
249 1062 568 1119 Clementem
589 1065 978 1126 Romanorum
1019 1076 1330 1142 episcopum,
1366 1086 1415 1129 et
1439 1076 1708 1145 Hippolyti

158 1153 411 1211 Catholica
449 1155 727 1214 doctrina.
759 1160 942 1227 Quam
986 1162 1140 1218 facile
1176 1179 1372 1219 nomen
1406 1165 1707 1219 Ἱππολύτου

154 1247 205 1299 in
232 1246 373 1299 aliud
400 1246 495 1299 τοῦ
526 1246 775 1311 πολίτου,
818 1249 1087 1319 Hippolyti
1112 1251 1169 1305 in
1206 1253 1329 1304 civis
1372 1253 1707 1307 immutatum

152 1336 239 1398 sit,
270 1336 501 1404 quisque
534 1336 713 1400 videt,
751 1354 973 1408 unaque
1016 1349 1236 1409 apparet
1263 1342 1449 1409 quanti
1492 1343 1561 1396 sit
1596 1341 1709 1396 haec

148 1425 470 1479 emendatio.
532 1424 682 1479 Nam
731 1427 937 1482 diserte
988 1429 1116 1496 quid
1165 1428 1458 1493 Clementi,
1513 1430 1708 1500 quidve

147 1514 436 1585 Hippolyto
493 1516 860 1570 tribuendum
916 1518 973 1570 in
1026 1516 1534 1579 Constitutionibus,
1591 1518 1708 1586 ipso

145 1606 299 1658 titulo
341 1606 745 1675 distinguitur;
785 1615 841 1661 et
879 1604 1139 1661 Clementi
1186 1608 1401 1676 quidem
1443 1606 1708 1661 Constitu-

145 1693 303 1744 tiones
328 1691 713 1758 apostolorum
734 1731 749 1755 ,
776 1692 892 1747 sive
912 1708 1094 1746 earum
1119 1694 1366 1752 collectio
1392 1695 1701 1751 ascribitur:

142 1780 432 1851 Hippolyto
473 1790 668 1835 autem
704 1779 983 1835 Catholica
1012 1780 1284 1841 Doctrina.
1320 1781 1581 1835 haereticis
1608 1795 1703 1850 0p-

142 1870 334 1939 pnsita.
394 1869 578 1924 Recte
626 1877 809 1922 autem
856 1868 1123 1922 Baronius
1167 1870 1363 1938 aliique
1407 1870 1704 1925 doctissimi

141 1962 236 2013 viri
307 1965 665 2014 censuerunt
724 1973 833 2012 uno
882 1958 1177 2027 eodemque
1229 1969 1389 2027 opere
1439 1959 1709 2013 contineri

140 2050 508 2118 apostolorum
556 2048 995 2112 Constitutiones,
1033 2055 1087 2102 et
1115 2047 1414 2110 Doctrinas,
1452 2046 1704 2115 διαταγὰς

140 2142 225 2194 καὶ
249 2139 634 2201 διδασκαλίας,
670 2138 815 2207 quod
842 2153 977 2207 opus
1018 2137 1194 2191 critici
1226 2137 1424 2206 alioqui
1466 2137 1704 2191 solertis-

140 2229 253 2284 simi
297 2229 357 2282 in
389 2228 512 2281 duo
540 2227 893 2281 dissecarunt
915 2225 1046 2295 (54).
1092 2224 1273 2293 Neque
1300 2226 1440 2279 enim
1468 2226 1535 2278 ab
1572 2225 1703 2293 ipsis

140 2317 591 2371 animadversum
619 2323 725 2379 est,
756 2329 822 2369 ex
852 2314 1003 2368 hisce
1028 2312 1490 2368 Constitutionibus
1519 2329 1704 2369 excer-

139 2416 224 2475 pta
268 2407 533 2476 quaedam
595 2411 812 2459 exstare
858 2404 1102 2459 breviora
1148 2403 1232 2457 vel
1280 2404 1586 2474 prolixiora,
1642 2412 1704 2457 ut

135 2494 330 2562 cuique
379 2488 747 2546 commodum
779 2488 913 2554 fuit;
950 2502 1008 2542 ea
1048 2504 1174 2543 vero
1205 2496 1456 2558 excerpta
1497 2488 1703 2544 criticis

136 2583 553 2653 imposuerunt,
579 2580 741 2649 quasi
780 2579 846 2633 ad
878 2594 1012 2647 Opus
1049 2579 1192 2633 aliud
1218 2580 1564 2649 pertinerent.

199 2675 264 2729 ll.
309 2674 430 2729 Cur
461 2688 657 2726 nomen
688 2669 961 2739 Hippolyti
988 2680 1243 2723 servolum
1263 2671 1331 2723 sit
1359 2670 1413 2722 in
1444 2684 1537 2722 vm
1568 2668 1705 2723 Con-

133 2763 232 2819 stit.
262 2758 731 2815 libro.—Mansit
760 2773 888 2811 vero
918 2757 1287 2825 incorruptum
1315 2756 1585 2826 Hippolyti
1609 2771 1704 2811 no-

132 2864 249 2905 men
306 2858 521 2903 octavo
564 2847 709 2900 libro
755 2845 1063 2900 earumdem
1093 2843 1548 2908 Constitutionum,
1596 2847 1706 2900 sive

128 2938 247 3005 quia
282 2937 340 2991 is
361 2936 509 2990 liber
542 2933 842 3002 aliquando
870 2933 1077 3001 primus
1106 2932 1236 2998 fuit;
1262 2934 1372 2987 sive
1391 2934 1516 3002 quia
1545 2948 1575 2986 a
1603 2948 1706 2987 cae-

124 3028 255 3081 teris
293 3025 544 3078 avulsus
560 3022 833 3091 Hippolyti
858 3034 1050 3075 nomen
1072 3022 1437 3075 tantummodo
1461 3022 1702 3078 retinuit.

127 3112 206 3169 Est
240 3122 451 3169 autem
477 3110 772 3179 inscriptio
808 3110 968 3177 hujus
996 3111 1168 3164 octavi
1194 3110 1499 3181 librizllepl
1530 3128 1705 3182 χειρο-

120 3206 317 3258 τονιῶν
342 3203 438 3255 διὰ
465 3200 787 3255 Ἱππολύτου
805 3218 819 3254 :
835 3200 912 3253 De
935 3198 1341 3253 ordinationibus
1361 3215 1449 3268 per
1467 3200 1712 3271 Hippoly-

120 3304 225 3349 tum
246 3295 408 3365 ('55),
453 3300 555 3345 aut
604 3291 772 3344 etiam
825 3288 1132 3342 Ἱππολύτου
1173 3289 1388 3352 κανόνες
1427 3290 1711 3360 ἐκκλησια-

119 3386 300 3437 στικοὶ
338 3383 477 3451 περὶ
505 3379 806 3447 ἀπαρχῶνε
844 3377 1107 3447 Hippolyti
1135 3393 1351 3431 canones
1377 3378 1709 3432 ecclesiastici

116 3474 181 3527 de
212 3474 496 3543 primitiis
537 3469 679 3540 (36),
710 3476 871 3537 prout
919 3468 1169 3520 nimirum
1212 3468 1315 3522 sibi
1355 3468 1585 3536 quisque
1610 3469 1707 3521 de-

118 3569 444 3636 scripserat
470 3562 560 3616 vel
585 3566 753 3628 caput
773 3565 1022 3626 quartum
1057 3558 1200 3626 quod
1227 3565 1309 3612 est
1335 3554 1397 3609 de
1420 3556 1709 3609 ordinatio-

118 3654 305 3716 nibus,
341 3651 433 3705 vel
467 3648 815 3703 tricesimum
856 3645 918 3699 de
938 3645 1182 3712 primitiis
1220 3660 1287 3699 ex
1314 3645 1463 3698 hisce
1498 3641 1705 3698 Consti-

122 3740 456 3795 tutianibus.
489 3735 545 3789 Is
576 3741 728 3788 certe
756 3733 895 3787 liber
922 3746 1021 3786 vni
1051 3733 1105 3785 in
1129 3733 1308 3786 varias
1337 3731 1560 3784 lacinias
1588 3730 1703 3783 dis-

118 3838 359 3900 cerptus
407 3833 521 3889 est,
561 3823 798 3890 indeque
838 3820 930 3874 alii
962 3821 1193 3875 confecti
1233 3820 1418 3882 libelli,
1448 3818 1707 3888 quemad-

119 3922 358 3976 modum
404 3917 628 3985 Πέτρου
672 3912 766 3964 καὶ
792 3911 1001 3965 Παύλου
1043 3912 1149 3964 τῶν
1177 3909 1342 3978 ἁγίων
1379 3908 1705 3963 Ἀποστὸλων

116 4008 431 4072 διατάξεις,
461 4005 555 4058 vel
590 4001 814 4061 κανόνες
851 4000 1124 4071 διάφοροιε
1160 3999 1302 4052 Petri
1328 4008 1377 4051 et
1417 3999 1571 4052 Pauli
1602 3997 1701 4052 SS.

118 4093 509 4161 apostolon
547 4086 946 4140 constitutiones
984 4086 1066 4139 vel
1104 4102 1323 4138 canones
1355 4084 1541 4138 diversi
1571 4084 1701 4155 (57).

116 4179 318 4251 Neque
363 4188 585 4233 temere
626 4182 822 4230 octavo
860 4174 987 4227 huic
1022 4174 1161 4228 libro
1200 4172 1466 4243 Hippolyti
1510 4188 1702 4227 nomen

112 4270 394 4340 pmmitti
441 4268 760 4327 consuevit,
794 4264 1007 4333 quando
1036 4264 1248 4316 initium
1276 4263 1439 4317 sumit
1464 4278 1529 4316 ex
1569 4277 1704 4331 opu-

113 4363 286 4415 sculo
340 4359 489 4428 Περὶ
536 4353 912 4425 χαρισμάτων,
962 4352 1038 4406 De
1091 4352 1519 4414 charismotibus,
1560 4352 1701 4420 quod

110 4452 451 4507 certissime
496 4446 795 4514 Hippolyto
833 4443 1073 4498 vindicat
1122 4443 1401 4512 inscriptio
1442 4442 1706 4496 cathedrae

114 4553 500 4600 marmoreae,
560 4535 619 4587 in
665 4549 769 4602 qua
822 4534 1013 4602 legitur
1062 4530 1221 4586 ΠΕΡΙ
1271 4532 1706 4585 ΧΑΡΙΟΜΑΤΩΝ

108 4647 191 4685 ac
239 4629 449 4684 deinde
512 4624 769 4693 sequitur
821 4623 1261 4676 AIIOCTOAIKH
1314 4621 1702 4675 IIAPAAOCIC.

106 4722 286 4788 Quod
321 4733 465 4775 sane
511 4718 837 4783 argumento
876 4718 978 4774 est,
1007 4719 1255 4764 octavum
1297 4710 1490 4763 librum
1540 4711 1707 4767 fuisse

105 4812 352 4867 initium
385 4803 721 4875 Apostolico:
764 4799 1064 4853 traditionis
1094 4806 1257 4866 atque
1284 4798 1416 4853 adeo
1441 4798 1701 4853 Constitu-

107 4901 361 4963 tionum,
414 4907 565 4963 quas
602 4889 853 4944 Clemens
892 4889 1204 4955 collegerat,
1236 4882 1550 4953 Hippolytus
1577 4902 1706 4942 vero

101 4989 175 5042 in
215 4988 415 5054 vulgus
439 4978 655 5036 emisit.
687 4976 820 5030 Aliis
841 4983 1019 5028 autem
1046 4971 1203 5025 libris
1231 4985 1301 5023 vn
1334 4972 1707 5028 continebatur

98 5080 145 5147 ἡ
167 5068 477 5138 Καθολικὴ
490 5066 806 5122 διδασκαλία
832 5064 895 5117 δι’
936 5058 1247 5116 Ἱππολύτου
1268 5072 1281 5108 :
1307 5056 1573 5112 Catholica
1596 5062 1706 5115 Do-

198 5307 320 5376 (54)
349 5302 548 5376 ῌεεθτ.
568 5298 775 5376 [fro-leg.
801 5295 853 5347 in
870 5293 965 5361 Ep.
986 5290 1196 5358 Ignat.,
1218 5300 1333 5353 cap.
1356 5288 1403 5352 7;
1419 5287 1701 5360 Pearson.,

114 5366 315 5433 Vind:
360 5373 548 5433 Ignat.
586 5366 629 5431 Ι,
660 5367 712 5419 4.
758 5432 763 5433 ν
828 5428 856 5433 _
1312 5428 1351 5433 η
1393 5420 1451 5433 ,η

230 5390 303 5428 ια.
360 5390 388 5425 ι
431 5390 548 5423 nat.
586 5390 629 5431 ι,
660 5390 712 5419 ιι.
1440 5421 1451 5433 _

230 5442 323 5509 ss)
364 5390 640 5509 ciam;
669 5432 803 5509 ερας.
824 5420 1624 5509 Baaoccr,§.x".','3...*3‘_Frider-

231 5487 324 5576 Ξῖῑῖ
364 5487 596 5576 item:
614 5504 673 5576 in
688 5499 876 5553 Collat.
898 5489 1151 5562 Synodic.
1180 5487 1409 5556 Bevereg.
1431 5491 1699 5558 ap.Woll‘.

97 5579 335 5717 A736?!
364 5570 858 5705 spicit.
893 5629 931 5695 ι,
958 5644 1011 5697 p.
1041 5622 1134 5676 85.

984 333 1565 393 CONSTITUTIONES
1595 340 2060 400 APOSTOLICE.
2091 377 2157 386 —-
2183 344 2537 402 PROCEMIA.

3227 355 3330 411 526

1742 461 1786 514 A
1812 459 1982 511 ctrina
2034 474 2123 527 per
2153 460 2517 529 Hippolytum,
2570 460 2626 513 in
2671 474 2777 529 qua
2823 460 3120 530 colligenda
3170 470 3335 532 atque

1807 548 2101 602 ordinanda
2131 550 2311 604 nescio
2366 565 2432 603 an
2470 551 2590 618 plus
2626 565 2800 619 opem
2839 560 3026 607 auctor
3068 555 3328 621 posuerit,

1807 650 1965 704 quam
2007 636 2063 689 in
2103 638 2310 691 caeteris
2346 639 2623 707 operibus,
2658 654 2776 709 qua:
2804 639 2941 695 bene
2973 641 3138 693 multa
3169 650 3221 695 et
3251 642 3331 694 la-

1806 725 2022 779 boriosa
2049 725 2299 781 coniecit.

1876 812 1963 870 ill.
2006 814 2071 867 In
2109 815 2316 869 Oriente
2363 817 2468 884 fere
2512 816 2696 887 ubique
2742 822 3025 886 permansit
3065 818 3332 888 Hippolyti

1806 901 2435 967 nomen.—Quatnobrem
2489 906 2545 959 in
2580 905 2795 961 Oriente
2846 908 2933 961 ubi
2988 908 3161 961 locum
3221 924 3329 962 non

1806 990 1991 1044 habuit
2036 991 2127 1044 illa
2155 992 2461 1059 depravatio
2512 995 2748 1049 nominis
2778 994 3068 1064 Hippolyti,
3109 1003 3327 1049 contra-

1807 1079 1945 1132 rium
1978 1080 2234 1148 contigit;
2265 1084 2461 1135 extrito
2498 1082 2747 1136 nimirum
2773 1083 3061 1138 Clementis
3089 1083 3327 1147 nomine,

1806 1167 1934 1221 illud
1969 1166 2236 1239 Hippolyti
2275 1171 2412 1238 apud
2441 1169 2737 1225 Orientales
2783 1170 2894 1225 fere
2924 1172 3236 1239 permansit,
3273 1172 3328 1224 in

1805 1273 1959 1327 quem
1984 1260 2144 1313 veluti
2188 1259 2435 1314 Ecclesia:
2478 1260 2654 1329 legum
2707 1260 3037 1314 conditorem
3094 1260 3329 1316 universi

1804 1347 2116 1416 respiciunt.
2162 1345 2405 1417 Namque
2440 1350 2493 1402 in
2524 1347 2780 1419 Syrorum
2809 1350 3193 1404 vetustissimis
3236 1365 3330 1404 co-

1804 1438 2012 1493 dicibus
2038 1444 2159 1491 ante
2186 1439 2436 1492 saeculum
2467 1453 2564 1491 vm
2591 1438 2823 1491 exaratis
2848 1444 3137 1492 occurrunt

1895 1557 2403 1684 ,ποιέω-,1
2454 1597 2597 1674 ,κο
2635 1550 2959 1666 LS4»:
2997 1554 3334 1686 μορε-ἐ

1805 1686 2204 1740 Constitutiones
2256 1688 2607 1755 apostolorum
2662 1702 2750 1754 per
2810 1685 3146 1755 Hippolytum
3195 1685 3328 1757 (58).

1734 1759 1775 1812 Β
1802 1774 1975 1843 Atque
2022 1775 2076 1827 in
2112 1775 2279 1829 sacris
2307 1775 2540 1828 Arabum
2569 1775 2950 1838 voluminibus,
2979 1776 3063 1828 vel
3089 1775 3329 1843 Coptita—

1802 1877 1917 1916 rum
1954 1864 2132 1930 potius
2169 1862 2421 1917 Ecclesia:
2468 1861 2858 1925 Alexandrinae,
2909 1875 3098 1915 eorum
3148 1864 3332 1933 lingua

1799 1954 2059 2005 utentium
2170 1972 2173 1975 η
2885 1974 2889 1979 ·
3162 1944 3167 1951 ’

2228 2031 2467 2132 tua,»
3157 2035 3333 2147 διξαὶ

2629 2155 2734 2216 δεμ
2775 2123 2990 2227 σιω
3018 2123 3326 2228 ὀυδεέδρενί

1802 2252 1902 2306 Isti
1941 2262 2059 2306 sunt
2108 2270 2323 2307 canones
2371 2253 2631 2317 Ecclesiae,
2674 2255 2922 2307 mandata
2965 2270 3078 2323 qua:
3128 2253 3332 2319 scripsit

1803 2339 2112 2410 Hippolytus
2139 2380 2154 2403 ,
2208 2358 2298 2409 per
2336 2359 2479 2412 quem
2510 2342 2759 2412 loquitur
2812 2342 2831 2413 [
2861 2343 3097 2397 Ecclesia
3125 2341 3145 2412 ]
3198 2342 3330 2411 (59).

1804 2430 2083 2500 Ᾱίιιιίορθε
2123 2440 2299 2486 autem
2344 2447 2372 2484 a
2405 2432 2597 2500 priscis
2644 2434 2967 2501 temporibus
3006 2440 3126 2501 post
3163 2432 3334 2486 Cono-

1801 2537 1886 2574 nes
1933 2522 2278 2588 apostolorum
2311 2539 2434 2590 quos
2478 2537 2652 2575 cxxvn
2681 2532 2969 2587 numerant,
2998 2530 3252 2574 recensent

1802 2602 2069 2691 ἡ»ίῖὪὴ
2108 2648 2130 2690 s
2182 2611 2597 2702 HZH‘MH
2653 2651 2675 2691 :
2727 2610 2871 2702 Λ,φ
2918 2650 2939 2690 :
2997 2598 3248 2691 22ἡῷ
3304 2647 3328 2688 ε

1802 2726 2017 2813 ΗΕθΖ
2034 2766 2056 2807 ι
2083 2732 2245 2802 ιηὲξ

1803 2869 1935 2940 (40).
1961 2868 2194 2924 Canones
2220 2869 2484 2939 Hippolyti
2503 2870 2727 2924 doctoris
2746 2885 2893 2938 popa:
2914 2869 3086 2923 Roma:
3108 2882 3331 2924 xxxvut.

1803 2956 2053 3025 Quinimo
2103 2958 2371 3029 Hippolyti
2402 2975 2593 3014 nomen
2622 2960 2759 3029 apud
2785 2958 3065 3028 Ethiopes
3095 2958 3227 3013 adeo
3250 2959 3333 3012 in-

1732 3054 1772 3111 c
1804 3050 1989 3112 valuit,
2020 3058 2081 3102 ut
2114 3062 2212 3117 pro
2238 3063 2370 3102 voce
2392 3047 2618 3103 Cononis
2656 3058 2934 3118 acceptum
2985 3048 3058 3102 sit
3103 3065 3116 3101 :
3161 3064 3335 3117 neque

1808 3138 1951 3192 enim
1995 3137 2211 3192 aliunde
2252 3147 2490 3207 repetere
2534 3139 2658 3193 licet
2691 3139 2954 3193 dictiones
2980 3138 3198 3201 Abtelis,
3226 3138 3335 3191 Ab-

1807 3228 1972 3291 seltis,
2013 3234 2067 3282 et
2091 3227 2317 3280 Betelsat
2372 3227 2565 3296 quibus
2622 3228 2911 3283 secundam
2968 3228 3334 3282 collectionem

1806 3318 2089 3387 appellant,
2111 3330 2269 3384 quam
2288 3317 2353 3370 ab
2383 3317 2497 3385 ipso
2524 3316 2794 3380 Abulides,
2828 3317 3044 3371 nomine
3073 3332 3178 3386 quo
3205 3316 3336 3385 Hip-

1806 3408 2042 3476 polytum
2085 3404 2293 3467 dicunt,
2338 3405 2482 3458 varie
2531 3404 2724 3459 inﬂexo
2776 3413 2828 3459 et
2865 3414 3136 3474 corrupto.
3194 3404 3332 3458 Cum

1804 3497 1946 3551 enim
1974 3496 2027 3549 in
2056 3510 2152 3548 sua
2180 3495 2361 3563 lingua
2391 3509 2496 3547 non
2523 3494 2753 3548 habeant
2783 3495 2992 3547 illarum
3015 3494 3330 3559 dictionum,

1804 3586 1998 3655 quibus
2047 3599 2144 3653 pro
2190 3584 2362 3637 titulis
2405 3592 2650 3648 utuntur,
2704 3584 2992 3652 originem;
3043 3584 3193 3635 aiunt
3234 3583 3332 3636 hos

1802 3675 1986 3729 titulos
2010 3673 2204 3727 Abtelis
2242 3688 2335 3726 seu
2357 3670 2582 3725 Betelsot
2610 3668 2901 3723 etAbseltis
2946 3670 3122 3738 lingua
3152 3667 3333 3723 Graeca

1803 3763 2103 3832 signiﬁcare
2131 3759 2387 3815 Cononem
2417 3759 2547 3831 (41),
2571 3760 2713 3828 quod
2740 3756 2932 3813 falsum
2961 3773 3082 3813 esse
3110 3773 3172 3812 ac
3200 3760 3332 3813 alie-

1803 3870 1930 3908 num
1960 3868 2117 3907 nemo
2144 3867 2249 3911 non
2280 3851 2440 3905 videt.
2470 3849 2778 3918 Ludolphus
2810 3849 3116 3918 hujusmodi
3144 3866 3333 3905 corru-

1804 3941 2015 4011 ptiones
2060 3938 2221 3992 tribui
2287 3937 2490 3991 mavult
2548 3935 2815 4005 Coptitis;
2877 3936 2985 3990 imo
3031 3952 3158 3991 vero
3208 3953 3331 3992 cum

1800 4043 2013 4083 omnem
2064 4027 2361 4081 doctrinam
2412 4026 2478 4079 ab
2528 4026 2660 4094 ipsis
2708 4026 3011 4095 acceperint
3032 4025 3329 4097 Ethiopes,

1802 4132 2022 4173 necesse
2051 4132 2158 4170 non
2181 4122 2262 4171 est
2292 4115 2482 4169 menda
2506 4115 2666 4169 etiam
2702 4116 2994 4185 accepisse.
3029 4131 3093 4171 ac
3122 4117 3331 4173 facilius

1803 4210 1870 4262 ab
1900 4207 2119 4270 ultimis,
2156 4206 2259 4260 nisi
2288 4207 2356 4261 ab
2382 4207 2639 4275 utrisque,
2662 4205 2712 4260 id
2744 4221 2936 4261 nomen
2957 4207 3198 4262 vitiatum
3227 4219 3328 4265 est.

1805 4299 1926 4355 illnc
1954 4306 2131 4355 autem
2182 4300 2254 4353 ita
2303 4315 2360 4355 se
2398 4300 2596 4354 habere
2653 4299 2844 4354 titulus
2889 4300 3003 4368 ipse
3052 4303 3331 4356 conﬁrmat

1733 4364 1774 4416 θ
1807 4391 1969 4453 hujus
1996 4389 2216 4443 alterius
2247 4388 2589 4443 Collectionis

1811 4480 2074 4559 ἯζἨΓ
2139 4519 2159 4559 ε
2238 4468 2643 4563 ωιωεοψ
2713 4518 2733 4560 :
2812 4479 3233 4560 ir'ﬂt’tA’Pt‘t
3306 4519 3328 4559 ε

1811 4596 2000 4677 (Ριῗίὶ
2054 4636 2076 4677 .-.
2123 4594 2507 4677 unum”
2545 4634 2565 4675 :

1807 4712 2204 4782 Reprwsentotio
2233 4697 2281 4767 et
2305 4712 2566 4765 ordinatio
2582 4711 2809 4765 Absaltis
2841 4712 3107 4767 Cononum
3124 4710 3332 4764 Domini

1806 4805 1989 4858 nostri.
2020 4803 2120 4858 Ubi
2165 4812 2384 4872 apparet
2423 4817 2523 4856 suo
2544 4801 2811 4863 Canones,
2845 4816 2907 4854 ac
2942 4816 3042 4854 suo
3069 4800 3331 4855 Collecto-

1804 4904 1915 4945 rem
1947 4892 2197 4960 appellari
2225 4890 2440 4959 proprio
2476 4889 2712 4950 nomine,
2745 4888 2885 4957 quod
2926 4886 3071 4940 aliud
3112 4902 3219 4941 non
3246 4897 3330 4943 est

1805 4978 1872 5032 ab
1902 4978 1992 5032 illo
2020 4976 2307 5047 Hippolyti.
2339 4976 2472 5030 Cum
2496 4990 2621 5030 vero
2649 4976 2879 5044 plurium
2914 4988 3137 5029 numero
3166 4977 3327 5030 etiam

1804 5076 2020 5123 utantur
2048 5069 2114 5122 ad
2142 5084 2257 5121 eam
2287 5066 2654 5121 collectionem
2684 5064 3109 5134 signiﬁcandam,
3141 5080 3332 5136 nempe

1874 5304 1984 5373 ('58)
2023 5303 2152 5373 Mss.
2191 5303 2312 5373 cod.
2339 5301 2487 5373 Vat_._,
2520 5318 2575 5356 n.
2609 5302 2730 5373 lli'i.

1875 5305 1963 5373 ('58
2023 5304 2152 5357 Mss.
2191 5304 2312 5356 cod.
2339 5304 2487 5363 Vat.,
2520 5318 2575 5356 n.
2609 5304 2730 5356 107.

1875 5304 1986 5442 ('59;
2025 5372 2101 5424 Ex
2130 5371 2249 5442 cod.
2279 5385 2408 5442 mss.
2438 5370 2653 5442 maeuii
2683 5368 3015 5442 presb.__Vid.
3045 5366 3330 5426 Asseman.

1803 5438 2104 5495 B.'0.’tom.
2130 5438 2169 5497 l.
2199 5454 2251 5507 p.
2276 5438 2376 5491 619
2406 5447 2458 5492 et
2478 5438 2567 5501 ill,
2599 5454 2651 5507 p.
2688 5438 2729 5500 ἰ,
2760 5438 2923 5507 p.15.

1872 5509 1981 5647 (to;
2016 5509 2114 5576 Ap.
2152 5507 2407 5628 Ludolph.
2448 5507 2588 5560 Ηίει.
2611 5504 2867 5577 mam,
2886 5506 2949 5570 ιι,
2975 5523 3030 5576 p.
3054 5502 3176 5558 σοι.

1870 5580 1953 5648 (ιι
2017 5575 2301 5643 Ludolph.,
2359 5614 2372 5628 .
2405 5590 2478 5641 c.,
2512 5576 2710 5645 p.330.

2063 5590 2301 5643 uuorpn.,
2333 5590 2372 5628 ι.
2405 5590 2478 5641 c.,
2512 5591 2563 5645 p.
