3838 6378
426 325 535 380 5ἳ7

1285 322 1344 378 S.
1378 321 1777 380 CLEMENTIS
1810 323 1829 377 Ι
1863 320 2031 377 ΒΟΜ.
2068 320 2272 377 ΡΟΝΤ.
2307 320 2537 377 OPERA
2565 319 2800 376 DUBIA.

3572 321 3679 377 528

914 472 938 517 ³
966 445 1245 510 Amph-8a,,
1278 448 1613 503 collectanea
1639 446 1723 501 νει
1751 446 2007 502 mandata
2036 439 2080 492 A
2108 430 2373 487 Clementi
2418 426 2778 494 vindicamus.
2819 431 3127 524 communis
3160 437 3360 524 tamen
3403 430 3584 503 aliqua
3611 449 3679 488 ex

436 558 748 628 llippolytea
778 558 1109 629 intelligunt.
1144 558 1193 612 ls
1226 557 1365 612 liber
1391 572 1634 612 canones
1666 572 1829 611 um
1860 570 2009 612 com-

431 649 737 720 prehcndit,
770 664 911 720 quos
938 655 992 705 et
1020 648 1397 717 Apostolorum
1428 648 1638 704 dicunt.

500 763 589 820 IV.
646 764 729 817 Au
780 772 915 817 recte
951 761 1366 818 Constitutiones
1428 762 1775 833 prceseferant
1822 779 2009 818 nomen

430 853 713 910 Clementis
727 853 1343 910 Rom—Verumtamen
1355 853 1687 911 Clementem
1703 852 2009 909 Romanum

429 948 675 1001 omnium
734 947 970 1016 primum
1024 945 1153 1001 huic
1196 948 1351 1017 operi
1400 963 1621 1001 manum
1679 948 2011 1014 admovisse,

429 1055 538 1093 non
564 1038 722 1093 video
750 1053 855 1109 qua
887 1038 1102 1093 ratione
1134 1037 1368 1092 inliciari
1400 1038 1526 1110 quis
1561 1039 1757 1109 possit.
1804 1038 2011 1111 Super-

430 1139 559 1184 sunt
598 1129 777 1185 adhuc
824 1130 879 1184 in
906 1128 1387 1185 Constitutionibus
1422 1139 1702 1200 utcunque
1738 1132 2013 1201 corruptis

432 1221 657 1291 vestigia
688 1221 787 1275 aevi
821 1236 931 1292 quo
960 1220 1267 1289 compilatie
1296 1220 1532 1291 primum
1574 1218 1815 1275 fuerunt.
1848 1218 2015 1275 Nam-

430 1330 536 1384 que
580 1313 670 1368 ubi
714 1313 951 1384 plurium
985 1310 1356 1367 Ecclesiarum
1408 1311 1467 1365 fit
1510 1312 1737 1378 mentio,
1781 1328 1902 1383 quae
1946 1314 2014 1367 ab

432 1406 699 1476 apostolis
743 1406 994 1478 proprios
1034 1404 1322 1475 episcopos
1376 1403 1659 1459 ordinatos
1708 1403 2011 1467 habebant,

435 1513 544 1552 non
597 1499 741 1552 ultra
798 1498 1016 1553 tertiam
1078 1497 1485 1552 successionem
1551 1495 2010 1567 progrediuntur;

432 1592 601 1647 veluti
631 1607 759 1646 cum
787 1590 992 1645 dicitur
1018 1589 1089 1645 de
1115 1588 1456 1661 Smyrnensi.
1498 1589 1750 1663 Σμύρνης
1777 1590 1833 1644 δὲ
1874 1589 2018 1662 Ἀρί-

435 1701 574 1739 στων
596 1685 834 1757 πρῶτος,
864 1683 981 1755 μεθ’
1009 1684 1069 1737 ὃν
1092 1684 1395 1755 Στραταίας
1417 1685 1445 1738 ὁ
1471 1682 1694 1748 Λώῖδος,
1722 1685 1816 1739 καὶ
1837 1683 2017 1755 τρίτος

446 1773 740 1843 Ἀρίστωνι
769 1772 1009 1843 Smyrna:
1038 1772 1218 1828 Aristo
1254 1773 1479 1842 primus,
1522 1782 1640 1843 post
1682 1790 1833 1844 quem
1861 1771 2020 1828 Stra-
2052 1781 2093 1836 Β

435 1877 564 1920 tteas
604 1864 784 1920 Loidis
820 1866 987 1936 ﬁlius,
1021 1882 1081 1919 ac
1112 1867 1299 1920 tertius
1331 1865 1510 1919 Aristo
1542 1865 1675 1936 (42).
1727 1863 1886 1919 Nulla
1932 1865 2023 1919 hic

432 1955 748 2029 Polycarpi,
784 1957 1025 2027 ejusque
1067 1957 1380 2012 decessoris
1428 1955 1652 2019 Bucoli,
1692 1954 1750 2010 iit
1794 1956 2020 2021 mentio,

434 2048 676 2119 adeoque
703 2047 1008 2104 Cotelerius
1042 2047 1322 2102 adnotavit
1356 2064 1368 2099 :
1408 2046 1540 2101 Post
1575 2046 1861 2102 secundum
1899 2048 2025 2101 Ari-

434 2152 635 2196 stonem
668 2158 945 2197 numerare
975 2139 1090 2195 licet
1121 2140 1398 2209 Bucolum,
1430 2139 1648 2210 indeque
1675 2138 2023 2210 Polycarpum

437 2231 501 2284 ab
545 2232 783 2301 apostolo
812 2229 1019 2285 Joanne
1043 2229 1333 2299 Smyrna'is
1375 2231 1738 2300 prwpqsitum,
1777 2231 2022 2301 inquiunt

436 2332 648 2387 veteres,
680 2324 867 2394 quique
903 2322 1019 2376 ideo
1047 2330 1254 2391 poterat
1282 2321 1377 2377 hoc
1415 2322 1528 2376 loco
1573 2324 1857 2377 memorari
1869 2338 1887 2385 ,'
1923 2338 2023 2394 pus

436 2427 578 2473 terat
607 2419 825 2489 quidem
856 2418 925 2471 ab
965 2416 1073 2471 alio
1099 2432 1263 2487 quam
1287 2414 1567 2472 Clemente
1604 2418 1917 2481 memorari,
1949 2417 2026 2473 si-

437 2508 657 2577 quidem
684 2523 805 2577 quze
838 2506 1060 2577 scripsit
1091 2505 1397 2562 Catelerius
1429 2507 1685 2577 expedita
1730 2515 1858 2563 sunt
1888 2508 2021 2581 (4'5).

435 2598 690 2655 Clemens
733 2599 917 2668 itaque
952 2612 1062 2653 non
1102 2598 1244 2653 ultra
1276 2612 1395 2653 eam
1430 2597 1833 2654 successionem
1865 2606 2026 2669 atque

438 2687 786 2746 traditionem
816 2690 1072 2762 progredi
1114 2691 1311 2759 potuit,
1336 2707 1495 2761 quam
1540 2699 1661 2745 ante
1705 2691 1885 2745 oculos
1927 2691 2025 2745 Ita-

437 2784 573 2847 buit,
626 2792 688 2837 ut
735 2783 918 2838 verbis
964 2790 1092 2837 utar
1134 2782 1342 2837 lrenmi.
1399 2781 1534 2835 Nam
1586 2781 1643 2838 S.
1676 2783 1870 2838 doctor
1897 2798 2023 2839 cum

440 2874 778 2944 argumentis
821 2889 852 2927 a
880 2874 1176 2930 traditione
1227 2874 1412 2944 petitis
1468 2881 1713 2928 uteretur
1760 2874 2023 2932 adversus

439 2964 728 3019 haereticos
757 3004 772 3027 .
842 2965 1114 3034 praecipue
1178 2963 1244 3018 ad
1301 2964 1636 3019 Clementem
1713 2974 2019 3035 provocat:

438 3054 619 3125 Τρίτῳ
666 3054 816 3125 τόπῳ
868 3055 976 3108 ἀπὸ
1031 3055 1141 3108 τῶν
1191 3054 1505 3108 ἀποστόλων
1578 3056 1677 3129 τὴν
1720 3057 2023 3130 ἐπισκοπὴν

394 3186 401 3199 μ
439 3144 735 3218 κληροῦται
771 3145 1032 3218 Κλήμης,
1068 3147 1097 3199 ὁ
1123 3144 1216 3199 καὶ
1264 3144 1525 3219 ἑωρακὼς
1562 3148 1690 3211 τοὺς
1725 3149 2027 3221 μακαρίους

438 3237 800 3303 ἀποστόλους,
832 3237 928 3292 καὶ
961 3236 1357 3309 συμϐεϐληκὼς
1394 3239 1609 3303 αὐτοῖς,
1640 3239 1734 3293 καὶ
1763 3239 1841 3293 ἔτι
1871 3239 2028 3294 ἐναυ-

440 3331 529 3384 λον
557 3331 619 3385 τὸ
647 3331 909 3403 κήρυγμα
932 3329 1056 3403 τῶν
1087 3331 1420 3395 ἀποστόλων,
1452 3331 1545 3385 καὶ
1586 3331 1687 3404 τὴν
1730 3333 2028 3405 παράδοσιν

443 3423 550 3495 πρὸ
576 3422 869 3496 ὀφθαλμῶν
898 3423 1058 3495 ἔχων,
1089 3441 1142 3478 κ.
1165 3442 1215 3479 τ.
1239 3423 1289 3478 λ.
1326 3422 1503 3479 Tertio
1532 3424 1646 3479 loco
1676 3425 1740 3478 ab
1771 3425 2026 3496 apostolis

441 3515 801 3584 episcopatum
833 3516 1057 3569 sortitur
1087 3513 1350 3581 Clemens,
1373 3515 1465 3587 qui
1498 3525 1546 3570 et
1569 3516 1695 3570 vidit
1737 3518 1878 3586 ipsos
1901 3533 2026 3587 apo-

442 3605 629 3669 stolos,
663 3615 713 3660 et
742 3605 965 3660 contulit
994 3621 1113 3658 cum
1143 3606 1241 3671 eis,
1265 3614 1313 3659 et
1345 3622 1463 3659 cum
1493 3604 1668 3660 adhuc
1697 3606 2025 3661 insonantem

443 3698 876 3766 pradicationem
945 3700 1342 3769 apostolorum,
1401 3710 1450 3756 et
1502 3701 1839 3757 traditionem
1909 3714 2029 3757 ante

444 3788 628 3842 oculos
654 3788 933 3845 haberet...
958 3791 1282 3845 annuntians
1310 3808 1467 3863 quam
1501 3791 1554 3844 in
1580 3792 1774 3846 recenti
1803 3789 1868 3845 ab
1900 3809 2028 3862 apo-

444 3878 595 3932 stolis
640 3890 909 3947 acceperat
949 3880 1309 3936 traditionem.
1362 3880 1669 3937 Traditione
1713 3884 1875 3955 igitur
1914 3902 2029 3956 qute

442 3978 523 4025 est
564 3970 629 4023 ab
675 3972 927 4038 apostolis
962 3973 1039 4026 sic
1068 3989 1121 4028 se
1157 3972 1376 4029 habente
1424 3976 1478 4029 in
1503 3968 1789 4041 Ecclesia,
1814 3978 1877 4031 et
1910 3993 2030 4047 per-

445 4071 688 4116 manente
722 4062 864 4131 apud
904 4076 1022 4127 nos,
1068 4070 1392 4118 revertamur
1438 4066 1507 4119 ad
1546 4072 1812 4138 eumqure
1859 4076 1937 4122 est
1965 4084 2029 4122 ex

447 4153 736 4221 Scripturis
777 4157 1122 4209 ostensionem
1148 4156 1281 4229 (44).
1314 4152 1431 4212 Hoc
1471 4148 1615 4212 idem
1650 4146 2025 4228 argumentum

448 4254 478 4293 a
521 4242 818 4299 traditione
881 4244 1186 4300 derivatum
1250 4246 1596 4301 commendat
1673 4246 1912 4303 lrenarus
1974 4249 2025 4302 in

449 4333 771 4402 praefatione
809 4334 934 4389 libri
969 4336 1115 4390 tertii
1164 4335 1230 4390 ad
1277 4338 1537 4401 amicum,
1579 4352 1739 4408 quem
1773 4341 2028 4408 superius

448 4440 559 4479 non
588 4424 752 4478 alium
784 4422 953 4479 fuisse
986 4426 1053 4480 ab
1084 4424 1374 4499 Hippolyto
1405 4426 1804 4485 indicavimus:
1834 4428 2023 4484 Evenit
2063 4465 2104 4520 Β

449 4522 626 4590 itaque
659 4536 821 4589 neque
852 4518 1140 4589 Scripturis
1170 4520 1311 4590 jam,
1358 4537 1521 4591 neque
1570 4521 1848 4575 traditioni
1896 4539 2024 4575 con-

448 4613 644 4666 sentire
672 4629 781 4665 eos.
810 4611 1074 4666 Adversus
1107 4610 1237 4666 tales
1276 4622 1539 4667 certamen
1570 4613 1717 4667 nobis
1744 4624 1842 4678 est,
1884 4632 1913 4669 ο
1943 4614 2028 4668 di-

449 4702 749 4756 lectissime.
768 4702 955 4757 irenaei
976 4717 1105 4773 ergo
1135 4710 1381 4774 tempore
1410 4709 1532 4772 post
1562 4701 1878 4775 Scripturas
1910 4712 2027 4760 erat

450 4794 507 4849 in
544 4793 791 4849 Ecclesia
839 4800 989 4848 certa
1032 4792 1278 4862 quaedam
1323 4792 1571 4855 traditio,
1611 4791 1677 4846 de
1721 4807 1830 4862 qua
1866 4808 2029 4849 nemo

450 4887 555 4942 nisi
584 4887 873 4942 haereticus
897 4886 1188 4941 dubitaret.
1224 4884 1375 4939 Hanc
1406 4883 1651 4939 eamdem
1675 4884 2027 4939 traditionem

450 4979 736 5035 collectam
763 4993 887 5033 esse
932 4992 963 5031 a
997 4975 1274 5032 Clemente
1325 4975 1461 5030 satis
1508 4973 1718 5029 indicat
1766 4972 2026 5038 lrenams,

451 5084 615 5140 quam
646 5068 703 5123 in
730 5067 970 5122 Archivo
999 5064 1260 5121 Ecclesia:
1289 5063 1550 5119 Romanae
1579 5063 1903 5136 depositam,
1935 5072 2029 5121 aut

451 5170 598 5217 certe
635 5161 835 5215 alicubi
865 5167 1139 5216 servatam
1171 5157 1414 5229 vulgavit
1443 5156 1793 5229 Hippolytus.
1819 5157 2024 5224 Quam-

452 5253 535 5308 vis
580 5253 726 5325 enim
774 5268 885 5308 non
933 5251 986 5306 id
1037 5251 1203 5306 modo
1240 5263 1463 5320 agamus
1513 5257 1572 5303 ut
1613 5248 2026 5304 Constitutiones

525 5454 637 5524 (42)
677 5454 903 5524 Constit.
930 5471 1027 5517 vn,
1052 5454 1121 5509 46

525 5522 636 5593 (45)
676 5523 742 5579 ν.
776 5524 849 5580 Le
878 5523 1074 5592 Quien,
1111 5524 1205 5580 0r.
1232 5522 1383 5592 Chr.,
1414 5522 1456 5588 Ι,
1491 5523 1594 5579 740

524 5593 637 5663 (44)
681 5594 739 5665 S.
768 5594 937 5661 lren.,
965 5594 1053 5665 ill,
1080 5597 1113 5650 5
1140 5604 1193 5649 et
1222 5595 1275 5650 5.

526 5665 637 5735 (45)
676 5664 903 5722 Constit.
935 5681 1019 5733 ap.
1054 5682 1113 5731 ιι,
1148 5666 1237 5730 57,
1268 5665 1358 5729 48,
1392 5673 1444 5721 et
1476 5680 1598 5730 vm,
1625 5665 1676 5719 5.
1715 5663 1778 5719 ν.
1810 5663 2023 5719 Tertul-

455 5736 585 5790 lian.
620 5736 695 5790 De
719 5753 787 5789 an
821 5776 833 5790 .
864 5752 940 5790 ιι.
978 5738 1030 5790 9.
1630 5770 1634 5775 -

480 5752 585 5791 Ian.
620 5752 695 5790 ue
719 5753 787 5789 an
821 5776 833 5802 ,
864 5752 940 5801 ιι,
978 5752 1030 5790 υ.
1630 5770 1634 5775 -

2110 533 2263 596 parte
2304 532 2390 580 est
2426 539 2594 579 causa
2640 524 2817 595 ipsius
2873 530 2929 577 et
2978 522 3277 595 Hippolyti,
3322 538 3448 578 cum
3500 525 3681 595 operis

2110 615 2293 673 eximii
2325 614 2793 671 constructionem
2831 613 2923 668 ille
2950 613 3333 679 delineaverit,
3366 614 3472 670 iste
3503 614 3686 687 perle-

2110 709 2268 763 cerit.
2304 706 2545 778 Uterque
2574 714 2759 763 autem
2791 705 2979 762 Graece
3021 706 3265 774 scripsit,
3298 707 3394 761 sed
3425 708 3688 762 alteruter

2112 799 2361 854 Latinam
2406 800 2647 869 aliquam
2690 798 2987 854 dictionem
3032 797 3283 851 adhibuit
3323 799 3487 869 vulgo
3524 814 3689 854 usur-

2113 902 2315 964 patam,
2342 891 2798 961 quemadmodum
2829 891 2923 945 ubi
2951 889 3027 943 ait
3054 909 3067 943 :
3098 889 3278 942 Ἔστω
3297 889 3354 943 δέ
3374 889 3484 943 τῶν
3507 890 3687 943 τόπων

2112 984 2355 1057 προνοῶν
2402 985 2432 1037 ὁ
2468 983 2736 1047 διάκονος,
2785 984 2850 1037 ἶν’
2892 983 3120 1046 ἕκαστος
3160 982 3268 1036 τῶν
3295 982 3691 1054 εἰσερχομένυιν

2114 1077 2193 1140 εἰς
2220 1076 2309 1128 τὸν
2352 1074 2482 1128 ῐδιον
2508 1073 2673 1128 τόπον
2699 1074 2867 1145 ὁρμᾷ,
2902 1074 2997 1128 καὶ
3026 1073 3101 1146 μὴ
3130 1072 3285 1145 παρὰ
3310 1073 3372 1128 τὸ
3386 1074 3695 1141 Ἰντρόττον

2114 1164 2478 1229 καθέζωνται.
2516 1165 2790 1219 Diaconus
2822 1173 2997 1218 autem
3036 1165 3165 1220 locis
3194 1165 3482 1235 provideat,
3511 1174 3568 1218 ut
3598 1166 3689 1219 in-

2114 1255 2464 1328 gredientium
2492 1257 2710 1328 quisque
2755 1256 2927 1311 locum
2970 1273 3124 1310 suum
3155 1265 3319 1326 petat,
3367 1265 3419 1310 et
3460 1272 3610 1311 nemo
3633 1257 3692 1310 in

2116 1346 2343 1402 lntroitu
2373 1347 2620 1402 resideat.
2653 1346 2842 1403 Prodit
2863 1346 3062 1403 ibidem
3089 1362 3150 1402 se
3169 1354 3380 1412 auctor,
3409 1355 3692 1400 mutuatus

2116 1438 2177 1492 τὸ
2206 1439 2500 1508 ὶντρόῑτον
2526 1439 2595 1494 ab
2618 1438 2852 1501 Latinis,
2884 1454 3024 1509 quos
3069 1439 3213 1493 inter
3253 1438 3493 1501 vivebat,
3545 1437 3687 1491 alio-

2118 1533 2212 1603 qui
2253 1533 2321 1586 ab
2359 1532 2580 1588 usitatis
2624 1532 2771 1603 apud
2794 1532 3016 1587 Graecos
3062 1531 3401 1586 dictionibus
3447 1545 3556 1585 non
3600 1546 3694 1584 re-

2118 1625 2398 1681 cessisset.
2432 1623 2755 1695 Hujusmodi
2798 1633 2883 1679 est
2913 1624 3075 1680 etiam
3116 1623 3456 1695 πρόσρησις,
3483 1621 3698 1676 Latinis

2123 1717 2412 1781 adlocutio,
2477 1726 2531 1772 et
2587 1715 2941 1788 προσλαλεῖν,
3005 1715 3226 1785 alloqui,
3282 1722 3342 1767 ut
3392 1713 3697 1768 Romanam

2123 1809 2573 1864 consuetudinem
2599 1814 2793 1863 auctor
2806 1807 3137 1878 exprimeret
3165 1805 3346 1876 potius
3360 1819 3525 1875 quam
3553 1804 3702 1858 Grae-

2124 1915 2245 1956 cam
2271 1902 2404 1971 (45).
2440 1901 2549 1957 Sed
2589 1908 2643 1954 et
2680 1914 2788 1955 non
2810 1914 2984 1970 pauca
3025 1897 3271 1965 invenire
3310 1897 3458 1959 licet,
3490 1911 3613 1966 quze
3636 1901 3701 1949 ut

2123 1992 2386 2049 Romana;
2432 1993 2768 2048 conveniunt
2799 1990 3076 2057 Ecclesia,
3105 1989 3482 2044 itaincertum
3514 1996 3599 2042 est
3626 2001 3699 2039 an

2124 2085 2248 2139 aliis
2278 2087 2625 2147 conveniant,
2654 2083 2759 2138 sub
2788 2082 3005 2136 initium
3035 2096 3097 2134 ιιι
3126 2072 3311 2135 saeculi
3344 2079 3482 2151 (46).
3522 2078 3705 2148 Atque

2124 2176 2242 2230 haec
2295 2176 2468 2230 invito
2517 2175 2761 2245 pessimo
2811 2172 3093 2240 haeretica,
3143 2172 3237 2242 qui
3281 2170 3699 2226 Constitutiones

2125 2266 2475 2330 adulteravit,
2508 2275 2910 2333 remanserunt,
2943 2265 3011 2320 de
3058 2279 3168 2335 quo
3210 2264 3393 2334 aliqua
3432 2270 3566 2318 sunt
3617 2261 3701 2317 di-

2124 2360 2318 2415 cendo.

2741 2491 2972 2549 CAPUT
3011 2491 3077 2548 ll.

2334 2650 2465 2718 Quis
2492 2651 2694 2719 primus
2717 2649 3165 2706 Constitutionum
3197 2657 3498 2718 corruptor.

2195 2787 2235 2844 Ι.
2279 2787 2436 2844 Hunc
2484 2788 2759 2843 hominem
2814 2788 2872 2842 in
2917 2774 3141 2842 Oriente
3193 2787 3396 2842 vixisse
3455 2784 3706 2841 indicant

2125 2881 2394 2937 mensium
2423 2881 2665 2944 nomina,
2696 2895 2820 2950 qua:
2840 2879 3059 2950 prapria
3091 2880 3246 2934 fuere
3281 2877 3709 2949 Syro-llacedo-

2125 2987 2279 3038 num,
2309 2971 2562 3026 Xanthici
2594 2987 2810 3042 nempe,
2846 2970 3049 3042 Dystri,
3079 2970 3329 3040 Gorpiwi,
3370 2970 3708 3041 llyperbere-

2129 3064 2262 3118 twi:
2296 3072 2411 3119 tum
2438 3079 2656 3136 quoque
2696 3063 3002 3119 Antiochia:
3046 3064 3128 3119 vel
3180 3062 3235 3117 iu
3278 3077 3345 3117 eo
3394 3071 3575 3117 tractu
3621 3061 3711 3115 di—

2129 3168 2404 3215 versatum
2447 3175 2571 3215 esse
2610 3158 2819 3213 indicat
2865 3156 3126 3213 solemnis
3179 3154 3416 3210 formula
3476 3157 3716 3226 publica

2127 3249 2461 3323 precationis
2505 3249 2561 3305 in
2589 3264 2698 3320 qua
2727 3249 3019 3320 episcOpus
3044 3247 3449 3302 Alexandrinus
3479 3255 3713 3317 praeter-

2127 3342 2405 3397 mittitur:
2449 3341 2620 3414 ’Υπὲρ
2656 3341 2750 3394 τοῦ
2782 3340 3079 3394 ἐπισκόπου
3127 3339 3284 3411 ἡμῶν
3324 3339 3587 3393 Ἰακώϐου
3617 3340 3715 3394 καὶ

2125 3430 2234 3484 τῶν
2262 3429 2565 3501 παροικιῶν
2605 3428 2771 3483 αὑτοῦ
2812 3427 3111 3498 δεηθῶμεν.
3154 3426 3323 3497 ’Υπὲρ
3351 3425 3448 3479 τοῦ
3485 3424 3711 3479 ἐπισκόσ

2126 3536 2231 3574 που
2255 3519 2411 3590 ἡμῶν
2439 3518 2757 3591 Κλήμεντος
2783 3517 2878 3571 καὶ
2905 3517 3013 3571 τῶν
3045 3515 3347 3588 παροικιῶν
3388 3515 3559 3569 αὑτοῦ
3590 3514 3715 3585 δεη-

2129 3611 2327 3684 οῶμεν.
2372 3611 2542 3682 Ὑπὲρ
2568 3610 2665 3664 τοῦ
2695 3609 2994 3663 ἐπισκόπου
3035 3607 3191 3680 ἡμῶν
3220 3607 3441 3662 Εὑοδίου
3478 3608 3578 3661 καὶ
3604 3607 3716 3659 τῶν

2127 3700 2433 3773 παροικιῶν
2462 3698 2626 3753 αὐτοῦ
2654 3697 2953 3771 δεηθῶμεν.
2989 3696 3099 3754 Pro
3132 3698 3370 3767 episcopo
3401 3708 3589 3752 nostra
3611 3696 3715 3750 Ja-

2128 3793 2255 3848 cobo
2287 3801 2337 3847 et
2367 3791 2607 3862 paraeciis
2649 3789 2761 3859 ejus
2805 3804 3035 3845 oremus.
3083 3786 3193 3841 Pro
3240 3788 3481 3856 episcopo
3527 3796 3716 3840 nostro

2128 3884 2392 3940 Clemente
2413 3898 2474 3935 ac
2487 3881 2731 3951 parwciis
2751 3879 2864 3949 ejus
2888 3894 3116 3933 oremus.
3134 3876 3242 3931 Pro
3264 3878 3505 3946 episcopo
3529 3888 3717 3931 nostro

2131 3975 2355 4039 Evodio,
2400 3984 2447 4027 et
2481 3972 2721 4041 parwciis
2756 3970 2869 4040 ejus
2908 3985 3121 4024 oremus
3154 3968 3288 4040 (47).
3320 3966 3453 4034 Qua:
3482 3975 3717 4038 pramer-

2128 4063 2323 4118 missio
2353 4062 2421 4117 ad
2446 4069 2686 4116 veterem
2717 4060 3054 4116 simultatem
3078 4057 3336 4113 Ecclesia:
3351 4057 3735 4113 Antiochena:

2130 4167 2255 4207 cum
2294 4150 2661 4215 Alexandrina
2705 4147 2993 4204 referenda
3032 4154 3119 4203 est
3161 4147 3298 4219 (48).
3341 4155 3562 4202 auctam
3618 4164 3717 4203 re-

2129 4245 2273 4300 centi
2304 4243 2432 4299 odio
2460 4244 2723 4299 adversus
2755 4241 3074 4312 Dionysium
3110 4240 3180 4295 Μ.
3206 4240 3552 4296 Alexandria:
3593 4240 3722 4309 cpi-

2131 4353 2376 4407 scopum.
2405 4334 2553 4397 Nihil
2581 4334 2726 4389 enim
2748 4341 2915 4398 vetat,
2966 4332 3074 4386 imo
3118 4332 3274 4400 plura
3307 4330 3548 4385 suadent
3580 4344 3719 4383 cor-

2130 4440 2409 4500 ruptorem
2438 4426 2888 4483 Constitutionum
2930 4423 3101 4478 fuisse
3124 4421 3352 4475 Paulum
3392 4419 3715 4476 Samosata-

2130 4536 2285 4585 num,
2323 4520 2453 4573 dum
2498 4517 2601 4573 sibi
2632 4516 2946 4587 praesidium
2975 4530 3040 4569 ex
3073 4528 3140 4567 eo
3174 4512 3364 4568 codice
3413 4526 3526 4567 non
3575 4527 3717 4566 con-

2129 4611 2432 4667 temnendae
2464 4608 2809 4664 auctoritatis
2849 4606 3219 4677 polliceretur.
3262 4604 3404 4659 llinc
3453 4605 3545 4659 illa
3587 4620 3718 4675 qua:

2129 4704 2497 4758 Arianismum
2537 4701 2778 4772 sapiunt,
2822 4713 2983 4755 nemo
3029 4698 3216 4767 utique
3257 4696 3326 4751 ad
3369 4696 3718 4751 Clementem

2129 4806 2183 4851 et
2203 4794 2577 4866 Hippolytum,
2610 4806 2856 4848 summos
2888 4790 3193 4855 divin'uatis
3227 4787 3433 4843 Christi
3466 4796 3719 4842 asserto—

2130 4904 2240 4952 res,
2280 4888 2553 4958 pertinere
2598 4882 2974 4938 arbitrabitur.
3024 4880 3208 4935 Facile
3247 4886 3427 4933 autem
3456 4878 3723 4933 Samosa-

2130 4986 2257 5034 teno
2305 4977 2495 5046 ejusve
2548 4973 2776 5029 asseciis
2825 4971 2993 5025 tribui
3044 4975 3312 5041 possunt;
3366 4968 3499 5022 dum
3550 4970 3718 5037 plura

2130 5072 2383 5126 inserunt
2441 5081 2471 5120 a
2523 5064 3003 5120 Constitutionibus
3064 5062 3271 5126 aliena,
3326 5069 3382 5115 et
3432 5060 3723 5114 catholico

2128 5161 2366 5233 dogmati
2408 5174 2637 5230 prorsus
2678 5155 2935 5219 inimica;
2966 5154 3033 5209 de
3061 5152 3263 5223 quibus
3286 5150 3519 5206 Plautius
3548 5171 3563 5206 :
3600 5152 3722 5204 Καὶ

2128 5251 2208 5305 ἔτι
2271 5247 2622 5322 Ἀριανισμῷ,
2646 5246 2781 5317 ὅπερ
2820 5246 2885 5300 ἄν
2938 5260 3022 5307 τις
3068 5242 3162 5295 καί
3213 5241 3404 5312 βιαίως
3455 5241 3722 5313 διακρού-

2198 5448 2625 5571 (46)“ι]υλωβοὶ,
2680 5445 3022 5529 υποδιάκονοι
3047 5485 3062 5509 ,
3100 5442 3458 5524 κοιμητήρια,
3487 5459 3545 5495 κ.
3577 5458 3632 5493 τ.

2198 5522 2362 5571 tiam.
2388 5519 2483 5571 sub
2526 5534 2719 5571 iacent.
2755 5525 3069 5571 mmeterta.
3102 5513 3195 5568 ubi
3211 5521 3516 5568 conventus
3539 5511 3717 5568 Chr»

2129 5511 2362 5583 ostiarii,
2388 5511 2719 5584 subdiaconi,
2755 5516 3069 5578 mmeteria,
3102 5511 3516 5568 ubi‘conv'entus
3539 5511 3717 5568 Chriv

2130 5599 2458 5647 stianorum.
2598 5646 2605 5656 ,

2199 5661 2312 5731 (47)
2351 5658 2579 5731 Constit.
2609 5657 2776 5731 v,_l4.
2802 5656 2867 5731 l7
2888 5654 2943 5731 et
2967 5655 3059 5720 20,
3101 5661 3307 5731 et_c_an.

2199 5661 2312 5796 (47)
2353 5661 2579 5714 Constit.
2609 5674 2664 5723 γ,
2690 5661 2776 5719 Ην,
2802 5661 2867 5711 i7
2888 5663 2943 5711 ct
2967 5661 3059 5720 20,
3101 5661 3154 5710 et
3182 5669 3307 5712 can.
3330 5661 3420 5709 30.

2199 5732 2289 5799 (48
2350 5728 2414 5783 V.
2447 5726 2840 5793 Petav.,TIieol.
2869 5726 3069 5798 dogmt.,
3095 5736 3135 5782 t.
3163 5724 3251 5793 IV,
3282 5741 3336 5798 p.
3365 5724 3489 5778 “2.
