3838 6370
212 368 295 419 Μ)

924 360 1525 417 CONSTITUTIONES
1564 357 2044 415 APOSTOLICJ‘Z.
2074 388 2141 399 --
2172 356 2535 413 PROUSMIA.

3307 354 3414 412 550
3436 374 3441 378 ‘

207 482 351 531 οαιτο.
389 473 563 525 Adhuc
607 481 906 542 arguuntur
949 474 1246 530 Arianismi
1296 475 1543 539 crimine,
1590 490 1716 545 quoa

1832 471 2150 542 Πνεύματος
2177 469 2490 543 τετιμήσθω
2518 471 2667 541 ὑμῖν,
2695 469 2857 539 μηδὲν
2884 470 3017 522 ἄνευ
3042 467 3138 523 τοῦ
3165 469 3415 525 διακόνου

202 564 381 624 nonnisi
407 562 645 617 violenter
664 562 778 633 quis
800 564 993 630 poterit
1017 564 1270 633 depellere
1294 564 1430 637 (49).
1460 564 1729 630 Quoniam

204 672 309 713 vero
344 661 551 711 constat
594 654 650 708 in
679 654 904 710 Oriente
934 654 1143 711 vixisse
1183 663 1560 726 corruptorem
1590 655 1732 711 Con-

205 748 496 803 stitutionum
520 784 537 810 ,
586 744 753 807 alium
789 760 820 799 a
846 743 1018 801 Paulo
1049 744 1407 803 Samosateno
1450 748 1731 817 assignare

203 852 290 898 non
328 852 625 910 possumus.
669 836 811 893 Huic
854 838 1038 894 omnia
1084 839 1440 904 conveniunt,
1492 838 1732 895 maxime

202 945 297 999 quae
322 929 525 999 sapiunt
548 926 910 992 Judaismum,
942 930 1112 985 veluti
1140 937 1225 986 est
1252 931 1559 1001 exaequatio
1590 928 1729 985 Sab-

200 1023 287 1076 hsti
327 1036 442 1076 cum
483 1020 572 1075 die
600 1019 882 1077 Dominico
924 1022 1038 1093 (50)
1081 1038 1206 1079 cum
1250 1023 1368 1093 ipse
1412 1024 1469 1077 in
1499 1022 1728 1093 gratiam

198 1114 364 1185 regina:
387 1110 830 1185 Palmyrenorum
872 1113 1127 1171 Zenobiae
1165 1116 1221 1170 in
1257 1124 1535 1186 comperto
1567 1115 1731 1170 fuerit

193 1208 457 1277 judaizsns.
529 1205 724 1263 Patres
792 1214 943 1263 certe
994 1209 1089 1278 qui
1143 1209 1338 1264 ultimo
1390 1210 1731 1264 Antiocheno

194 1300 391 1355 concilio
419 1299 681 1356 adversus
718 1298 1138 1356 Samosatenum
1179 1302 1567 1365 interfuerunt,
1618 1316 1729 1355 non

195 1404 343 1444 mores
390 1390 785 1451 tantummodo.
814 1390 909 1444 sed
950 1401 1005 1445 et
1038 1392 1278 1461 spuriam
1315 1392 1578 1444 damnant
1623 1389 1730 1459 fal-

193 1492 373 1549 samque
398 1476 692 1532 doctrinam
713 1494 733 1533 :
773 1480 946 1534 Ὅπου
988 1477 1047 1532 δὲ
1084 1478 1328 1543 ἀποστὰς
1372 1477 1466 1532 τοῦ
1507 1479 1730 1542 κανόνος

194 1569 267 1620 ἐπὶ
290 1568 496 1639 κίδδηλα
523 1569 622 1623 καὶ
656 1568 785 1623 νόθα
829 1569 1131 1641 διδάγματα
1173 1568 1550 1641 μετελήλυθεν,
1578 1568 1729 1623 οὐδὲν

187 1658 254 1712 ἅτ
272 1658 353 1712 τοῦ
380 1659 478 1724 ἔξω
505 1660 662 1725 ὄντος
687 1661 785 1725 τὰς
812 1661 1040 1733 πράξεις
1066 1660 1291 1732 κρίνειν.
1343 1659 1447 1715 Sed
1477 1660 1728 1730 quoniam

190 1750 338 1821 σῇδεὶ
366 1751 540 1822 regula
582 1752 854 1816 recedens,
892 1751 962 1807 ad
1005 1753 1246 1823 spuriam
1284 1760 1335 1805 et
1373 1751 1727 1806 adulterinum

1832 563 2148 634 πράττουσα
2166 602 2182 626 ,
2227 562 2263 633 ἢ
2309 561 2677 632 φθεγγομένη,
2716 560 2796 624 ὡς
2835 561 2957 614 οὐδὲ
3000 563 3030 614 ὁ
3060 560 3416 632 Παράκλητος

1829 655 1921 723 ἀφ’
1946 654 2148 709 ἑαυτοῦ
2175 671 2230 708 τι
2258 653 2428 718 λαλεῖ,
2458 654 2492 724 ἢ
2530 656 2695 717 ποιεί,
2733 651 2872 708 ἀλλὰ
2896 651 3136 717 δοξάζων
3161 652 3253 705 τὸν
3282 654 3416 723 Χρι-

1832 746 1956 800 στὸν
2000 745 2286 818 περιμένει
2327 745 2404 798 τὸ.
2434 744 2645 798 ἐκείνου
2691 743 2921 814 θέλημα.
2983 742 3089 809 Qui
3136 744 3413 813 episcopus

1828 848 2027 894 est.....
2061 836 2144 891 hic
2171 837 2408 906 princeps
2445 844 2497 889 et
2524 834 2639 888 dux
2669 844 2835 889 uester
2864 849 2883 888 :
2914 834 2997 888 hic
3036 845 3206 889 vester
3234 850 3328 889 rea:
3360 846 3412 890 et

1828 929 2078 1001 dynastes
2101 946 2120 985 :
2144 927 2228 983 hic
2275 927 2421 982 vobis
2460 938 2579 996 post
2616 926 2787 981 Deum
2835 936 3075 981 terrenus
3112 927 3275 990 Deus,
3327 929 3415 981 cui

1830 1020 2081 1075 honorem
2116 1029 2374 1091 prastare
2401 1018 2694 1074 debetis....
2729 1018 2905 1089 Igitur
2949 1020 3223 1087 episcopus
3267 1018 3411 1073 vobis

1832 1112 2119 1181 praesideat
2192 1120 2444 1183 tanquam
2509 1110 2609 1165 Dei
2674 1110 2933 1181 dignitate
2992 1110 3368 1166 condecoratus
3393 1150 3410 1175 ,

1831 1206 1896 1262 ob
1936 1220 2097 1274 quam
2145 1203 2284 1258 clero
2326 1210 2540 1272 praest,
2584 1210 2634 1256 et
2676 1201 2814 1270 plebi
2857 1203 3117 1257 universa:
3165 1205 3408 1272 imperat.

1830 1293 2100 1348 Diaconus
2130 1304 2306 1348 autem
2334 1294 2575 1361 episcopo
2605 1295 2846 1357 assistat,
2881 1303 2937 1346 ut
2958 1292 3206 1349 Christus
3230 1295 3409 1361 Patri,

1830 1383 2030 1454 ipsique
2066 1384 2123 1437 in
2154 1382 2396 1439 omnibus
2437 1382 2705 1451 inculpata
2744 1383 3030 1446 ministret,
3060 1385 3409 1454 quemadmo-

1828 1472 1956 1527 dum
1986 1473 2258 1541 Christus,
2299 1473 2434 1527 nihil
2472 1490 2505 1527 a
2541 1489 2596 1528 se
2628 1475 2740 1542 ipso
2780 1473 3003 1539 faciens,
3051 1491 3170 1545 qua:
3214 1476 3430 1545 placita:

1827 1575 1950 1620 sunt
1979 1565 2131 1621 Patri
2177 1582 2380 1636 semper
2428 1575 2696 1635 operatur.
2745 1567 2815 1621 At
2846 1567 3153 1624 diaconissa
3200 1588 3233 1623 a
3264 1570 3423 1627 vobis

1828 1655 1885 1710 in
1930 1657 2161 1727 ﬁguram
2205 1659 2378 1713 sancti
2418 1656 2652 1727 Spiritus
2703 1656 3008 1726 honoretur,
3053 1677 3170 1731 qute
3216 1662 3410 1734 absque

1827 1745 2052 1803 diacono
2081 1748 2213 1803 nihil
2236 1758 2381 1820 agat,
2412 1758 2506 1803 aut
2528 1748 2796 1822 loquatur,
2823 1751 2960 1804 sicut
2984 1768 3075 1806 nec
3092 1750 3406 1813 Paracletus

188 1838 447 1893 doctrinam
478 1855 532 1894 ce
565 1841 864 1905 transtulit,
915 1841 1145 1895 hominis
1188 1840 1253 1894 ab
1277 1839 1517 1895 Ecclesia
1563 1842 1726 1896 alieni
1755 1843 1798 1899 B
1828 1857 1863 1894 a
1904 1856 1959 1893 se
1996 1839 2284 1910 quidquam
2337 1840 2571 1910 loquitur
2620 1848 2715 1894 aut
2772 1839 2904 1910 facit
2928 1879 2947 1906 ,
3000 1842 3091 1897 sed
3135 1841 3408 1898 Christum

188 1939 311 1984 actus
349 1932 655 1987 examinare
704 1932 838 1986 nihil
882 1933 1073 1987 attinet
1113 1931 1247 2001 (5i).
1304 1931 1503 1987 Nostra
1558 1932 1726 2003 igitur

187 2022 446 2090 accusatio,
486 2037 615 2094 qua
670 2029 781 2077 tam
824 2023 1090 2092 praeclaro
1147 2022 1340 2078 nititur
1386 2021 1722 2087 testimonio,

187 2112 354 2184 alioqui
392 2121 500 2168 tam
551 2114 690 2171 levis
735 2123 823 2171 est
868 2116 917 2170 si
975 2131 1102 2171 cum
1150 2117 1367 2171 caneris
1406 2114 1726 2171 conferatur

186 2202 486 2261 Samosateni
531 2205 898 2271 criminibus,
945 2215 1005 2261 ut
1056 2206 1245 2261 haberi
1294 2221 1396 2276 pro
1443 2205 1722 2261 calumnia

186 2307 274 2347 non
297 2296 477 2363 possit.
524 2294 792 2362 Quamvis
821 2304 1006 2352 autem
1043 2312 1155 2351 non
1184 2296 1323 2352 adeo
1349 2296 1722 2368 reprehenda-

1836 1930 2181 2001 gloriﬁcans,
2226 1940 2491 1999 exspectat
2521 1931 2666 1985 illius
2699 1931 3019 1987 voluntatem
3060 1934 3194 2007 (55).
3250 1934 3408 1995 Haud

1826 2020 2036 2079 frustra
2083 2022 2198 2077 haec
2244 2022 2410 2093 impie
2456 2023 2681 2093 scripsit
2713 2022 3130 2093 Samosatenus,
3176 2042 3300 2081 cum
3343 2043 3406 2083 ea

1823 2130 1947 2186 quas
1999 2115 2184 2170 animo
2241 2114 2525 2169 volutabat
2571 2114 2846 2179 effecerit,
2906 2122 3071 2187 atque
3130 2116 3407 2175 Anomaeis

1821 2222 1942 2263 eam
1976 2206 2265 2275 puritatem
2316 2205 2644 2274 reliquerit:
2691 2206 2879 2277 Ἡμεῖς
2927 2207 3158 2281 λέγομεν
3188 2209 3407 2281 Πατέρα

1820 2294 1915 2347 καὶ
1942 2293 2070 2346 Υίὺν
2102 2292 2198 2347 καὶ
2225 2292 2381 2363 ἆγιον
2410 2293 2655 2365 Πνεῦμα,
2686 2294 2762 2359 ὡς
2800 2295 3121 2361 ἐπίσκοπον,
3151 2297 3245 2351 καὶ
3272 2315 3408 2370 πρε-

184 2390 254 2437 tur
277 2394 414 2443 vetus
438 2386 529 2441 illa
559 2388 924 2454 consuetudo,
958 2387 1193 2445 illustria
1215 2388 1465 2461 quaedam
1498 2388 1716 2445 nomina

1822 2381 2102 2455 σὸύτερον,
2146 2383 2241 2437 καὶ
2286 2382 2533 2439 διάκονον
2566 2402 2581 2441 :
2612 2384 2727 2441 Nos
2778 2387 3007 2443 dicimus
3054 2388 3306 2459 Patrem,
3354 2401 3406 2445 et

184 2477 497 2543 praemittendi
534 2479 701 2535 novis
740 2479 1021 2550 operibus,
1059 2495 1125 2536 ac
1160 2481 1438 2536 statuendi
1465 2488 1718 2537 auctores
1819 2470 2059 2539 Filium,
2107 2482 2157 2526 et
2187 2471 2449 2543 Spiritum
2506 2486 2751 2531 sanctum
2794 2495 2911 2533 esse
2961 2481 3136 2534 instar
3176 2484 3407 2552 episcopi

183 2563 295 2617 inter
324 2581 379 2621 se
422 2568 839 2637 colloquentes;
892 2568 1137 2639 profecto
1178 2585 1243 2625 ea
1280 2570 1428 2626 ﬁctio
1456 2581 1716 2643 perpetua
1815 2572 1866 2617 et
1890 2563 2182 2634 presbyteri
2209 2574 2259 2618 et
2282 2564 2494 2620 diaconi
2515 2564 2649 2639 (54).
2683 2566 2761 2624 Ac
2787 2584 2977 2625 revera
3007 2569 3403 2629 Samosatenus

181 2653 433 2714 inducendi
487 2661 774 2731 apostolos
824 2660 1006 2716 adhuc
1049 2662 1226 2727 vivos,
1282 2677 1447 2734 quam
1488 2663 1715 2719 Photius
1818 2671 1917 2726 pro
1957 2657 2215 2727 episcopo
2239 2657 2637 2714 Antichristum
2685 2660 2743 2714 in
2771 2663 3066 2733 semetipso
3112 2665 3385 2731 exhibuit.

179 2749 545 2805 κακοπλαστίαν
601 2752 931 2823 appellavit,
981 2753 1247 2825 duxitque
1299 2757 1713 2813 accusationum

1817 2746 1967 2803 homo
2010 2749 2230 2815 peccati,
2276 2749 2422 2819 ﬁlius
2466 2748 2801 2819 perditionis,
2845 2754 2936 2822 qui
2983 2753 3298 2810 adversatur
3344 2769 3397 2812 et

176 2850 276 2893 esse
317 2839 667 2910 levissimam,
718 2842 868 2897 illico
914 2842 1139 2913 planum
1192 2844 1465 2900 hominem
1507 2846 1709 2915 prodit,

177 2941 228 2982 ac
262 2932 679 3000 ineptissimum,
734 2934 831 3004 qui
882 2934 1154 3000 absurda,
1200 2935 1358 3005 plura
1409 2942 1465 2991 et
1522 2951 1710 2992 secum

176 3024 433 3089 pugnantia
481 3038 551 3079 eo
605 3024 867 3079 narrandi
925 3025 1091 3080 modo
1140 3040 1201 3081 se
1253 3026 1543 3083 admittere
1598 3043 1710 3083 non

177 3112 388 3177 pervidit.
419 3113 579 3181 Quod
614 3130 747 3170 sane
768 3115 963 3171 vitium
992 3114 1155 3172 facile
1183 3118 1370 3172 sanari
1405 3125 1606 3188 potest,
1633 3119 1703 3185 si,

172 3218 223 3257 ea
249 3205 448 3261 ﬁctione
494 3207 741 3272 sublata,
787 3223 898 3263 non
941 3208 999 3266 in
1041 3216 1313 3264 conventu
1355 3210 1541 3280 aliquo
1572 3225 1706 3282 apo.

1811 2837 2086 2892 extollitur
2134 2853 2298 2907 supra
2349 2855 2499 2893 omne
2541 2839 2679 2909 quod
2708 2839 2903 2893 dicitur
2935 2840 3096 2909 Deus,
3130 2854 3223 2897 aut
3257 2846 3398 2916 quod

1810 2928 2038 2993 colitur,
2086 2929 2168 2982 ita
2214 2938 2273 2981 ut
2314 2929 2370 2983 in
2420 2929 2610 2998 templo
2650 2928 2748 2985 Dei
2790 2930 2967 2987 sedeat
3018 2933 3297 2989 ostendens
3344 2956 3400 2994 se

1811 3026 2063 3087 tanquam
2086 3019 2159 3073 sit
2181 3017 2321 3073 Deus
2346 3018 2479 3088 (55).
2526 3022 2685 3093 Βῆμα
2716 3022 2814 3092 μὲν
2843 3024 2938 3076 καὶ
2978 3023 3166 3096 θρόνον
3198 3026 3400 3099 ὑψηλὸν

1810 3110 1987 3183 ἑαυτῷ
2015 3111 2638 3182 κατασκευασάμενος...
2687 3115 2801 3176 τοῖς
2829 3112 2885 3167 δὲ
2913 3114 2989 3177 ὡς
3018 3115 3077 3168 ὲν
3104 3117 3237 3188 οἴκῳ
3265 3117 3399 3171 Θεοῦ

1811 3202 2204 3275 σεμνοπρεπῶς
2232 3202 2327 3256 καὶ
2354 3202 2631 3267 εὐτάκτως
2655 3203 2966 3268 ἀκούουσιν,
3009 3206 3279 3278 ἐπιτιμῶν
3306 3211 3402 3265 καὶ

173 3294 401 3349 stolorum
429 3298 593 3368 quasi
629 3297 930 3353 viventium
961 3300 1160 3364 oratio,
1189 3308 1244 3354 at
1289 3300 1408 3370 ipsa
1439 3300 1708 3358 referatur

1817 3294 2172 3366 ἐνυϐρίζων...
2206 3294 2705 3367 μεγαλορῤημονῶν
2735 3298 2864 3369 περὶ
2910 3299 3105 3353 ἑαυτοῦ
3150 3300 3402 3377 καθάπερ

171 3383 399 3453 traditio;
454 3386 918 3457 quemadmodum
969 3403 1081 3443 non
1136 3388 1451 3446 dubitamus
1508 3391 1708 3449 fecisse

1817 3385 1905 3439 30x
1931 3386 2250 3451 ἐπίσκοπος,
2281 3386 2418 3440 ἀλλὰ
2450 3387 2709 3459 σοφιστὴς
2739 3388 2834 3442 καὶ
2861 3390 3014 3461 γόης.
3044 3390 3311 3463 Ψαλμοὺς
3344 3393 3402 3449 δὲ

171 3470 465 3533 Clementem
520 3485 695 3548 atque
730 3476 1116 3551 Hippolytum,
1163 3482 1521 3551 gravissimos
1559 3484 1706 3540 viros

1817 3478 1931 3541 τοὺς
1962 3478 2060 3549 μὲν
2089 3479 2168 3542 είς
2194 3479 2286 3531 τὸν
2314 3478 2518 3550 Κύριον
2565 3480 2720 3550 ἡμῶν
2764 3480 2969 3552 Ἰησοῦν
2996 3483 3233 3555 Χριστὸν
3260 3485 3401 3539 παύ-

169 3565 616 3622 etsanetissimos.
665 3564 753 3620 Au
785 3582 916 3621 vero
958 3566 1195 3623 adhibito
1230 3570 1475 3624 examine
1520 3571 1706 3626 critico

1817 3584 1972 3633 σας...
2006 3571 2086 3633 είς
2114 3570 2305 3624 ἑαυτὸν
2333 3570 2389 3624 δὲ
2420 3572 2477 3623 ὲν
2509 3571 2651 3645 μέσῃ
2679 3573 2745 3643 τῇ
2777 3571 3045 3645 ἐκκλησία
3085 3578 3152 3646 τῇ
3187 3576 3400 3653 μεγάλῃ

169 3656 558 3720 accuratissima,
590 3658 795 3725 possint
821 3658 1161 3726 supposititia
1189 3676 1223 3712 a
1250 3660 1489 3730 genuinis
1517 3660 1708 3716 distin-

1817 3659 1901 3713 τοῦ
1931 3659 2123 3742 Πάσχα
2163 3662 2348 3734 ἡμέρᾳ
2386 3661 2695 3733 ψαλμῳδείν
2741 3666 3005 3731 γυναῖκας
3048 3668 3399 3737 παρασκευά-

168 3748 268 3815 gli,
293 3759 340 3803 et
360 3751 439 3804 sic
471 3750 631 3805 nobis
662 3758 957 3819 appareant
983 3750 1154 3804 multa
1183 3753 1412 3821 genuina
1441 3752 1709 3821 apostolo-

170 3854 265 3892 rum
292 3852 646 3907 monumenta,
689 3844 839 3913 quod
885 3843 991 3899 sibi
1039 3844 1215 3898 suasit
1241 3842 1348 3898 hoc
1396 3846 1599 3900 saeculo
1625 3845 1709 3899 vir

171 3932 512 4002 antiquitatem
549 3932 1008 3991 Constitutionum
1058 3935 1205 3988 ultra
1246 3949 1412 4004 quam
1454 3950 1554 4004 par
1590 3942 1709 3991 erat

166 4024 419 4091 extollens,
459 4026 517 4082 id
554 4025 870 4097 huiusmodi
909 4024 1089 4081 critici
1119 4026 1359 4081 viderint
1411 4028 1710 4083 accuratis-

168 4113 268 4168 simi
288 4116 415 4189 (52).
1366 4178 1369 4179 ,

221 4204 275 4262 ll.
311 4206 511 4264 Paulus
535 4208 919 4266 Samosatenus
949 4225 1054 4263 non
1082 4224 1187 4263 uno
1217 4207 1332 4263 loco
1360 4224 1416 4263 se
1441 4209 1620 4279 prodit
1653 4210 1709 4263 in

170 4293 890 4354 Constitutionibus.—Nobis
928 4296 1381 4353 Constitutionum
1415 4306 1708 4369 corrupto-

170 4401 260 4440 rem
283 4398 359 4443 sat
372 4390 765 4455 estindicasse,
780 4404 939 4458 quem
969 4389 1134 4444 etiam
1156 4389 1466 4459 loquentem
1497 4389 1705 4456 audire,

166 4489 216 4529 ac
229 4492 382 4550 prope
409 4479 588 4534 oculis
613 4478 812 4533 intueri
829 4476 876 4532 si
899 4477 1024 4547 quis
1066 4478 1195 4532 velit
1230 4478 1286 4532 in
1318 4478 1432 4532 haec
1466 4479 1710 4533 animad-

168 4576 332 4625 vertat.
366 4570 422 4623 '0
454 4558 867 4631 ἐπίσκοπος.....
890 4560 1047 4631 οὗτος
1073 4567 1258 4639 ἄρχων
1287 4569 1382 4622 καὶ
1409 4568 1709 4641 ἡγούμενος

166 4656 307 4727 ὑμῶν.
350 4651 519 4725 Οὗτος
563 4660 717 4731 ὑμῶν
760 4659 1014 4731 βασιλεὺς
1058 4659 1153 4713 καὶ
1199 4658 1486 4732 δυνάστης.
1542 4656 1710 4727 Οὗτος

164 4747 289 4818 ὑμῶν
324 4751 565 4821 ἐπίγειος
590 4751 722 4815 Θεὸς
763 4750 903 4823 μετὰ
928 4750 1081 4815 Θεὸν,
1112 4749 1172 4814 ὃς
1200 4751 1401 4819 ὀφείλει
1438 4753 1537 4824 τῆς
1576 4756 1707 4826 παρ’

162 4842 289 4912 ὑμῶν
324 4847 487 4918 τιμῆς
528 4845 933 4900 ἀπολαύειν.....
962 4846 992 4898 ὁ
1020 4842 1133 4916 γὰρ
1171 4844 1469 4908 ἐπίσκοπος
1494 4862 1707 4917 προκα-

162 4932 369 4998 θεζέσθω
394 4938 569 5009 ὑμῶν,
599 4939 675 5002 ὡς
699 4937 834 4991 Θεοῦ
873 4936 1001 5009 ἀξίᾳ
1038 4935 1421 5009 τετιμημένος,
1450 4930 1486 5011 ᾖ
1516 4939 1709 5009 κρατεῖ

162 5026 238 5080 τοῦ
272 5030 490 5103 κλήρου,
520 5032 614 5085 καὶ
648 5030 743 5084 τοῦ
772 5030 903 5085 λαοῦ
946 5028 1149 5092 παντὸς
1168 5029 1362 5101 ἄρχει.
1406 5030 1463 5083 '0
1498 5028 1555 5082 δὲ
1592 5029 1709 5084 διά-

163 5134 294 5184 κονος
332 5122 505 5195 τούτῳ
540 5122 897 5196 παριστάσθω
938 5122 1015 5186 ὡς
1055 5123 1084 5175 ὁ
1110 5120 1346 5194 Χριστὸς
1387 5119 1465 5193 τῷ
1506 5122 1702 5195 Πατρὶ,

163 5210 241 5264 καὶ
272 5212 642 5288 λειτουργείτω
683 5214 834 5286 αὐτῷ
880 5214 940 5267 ὲν
986 5214 1152 5267 πᾶσιν
1197 5212 1525 5284 ἀμέμπτως,
1573 5214 1650 5277 ὡς
1675 5217 1705 5268 ὁ

165 5299 366 5370 Χριστὸς
392 5307 485 5376 ἀφ’
514 5307 703 5360 ἑαυτοῦ
734 5305 904 5360 ποιῶν
930 5304 1103 5370 οὐδὲν,
1125 5302 1194 5357 τὰ
1220 5303 1427 5376 ἀρεστά
1454 5308 1602 5358 ποιεί
1625 5305 1704 5377 τῷ

164 5390 315 5465 Harp).
338 5397 583 5453 πάντοτε.
620 5400 690 5453 Ἦ
722 5398 780 5453 δὲ
814 5397 1059 5461 διάκονος
1103 5398 1184 5459 εἰς
1224 5393 1394 5449 τύπον
1421 5394 1516 5449 τοῦ
1546 5396 1701 5465 ἁγίου

243 5530 325 5598 49)
360 5532 545 5598 Phot.,
569 5536 690 5591 cod.
716 5550 872 5590 cxm.

247 5599 328 5668 50)
364 5604 586 5659 Constit.
604 5622 739 5668 'vm,
772 5606 860 5660 '53.

248 5669 326 5744 ξι)
363 5674 461 5744 Ap.
498 5674 691 5730 Euseb.
732 5673 897 5744 H._E.
936 5694 1034 5738 vn,
1062 5676 1149 5730 '50.

168 5740 326 5863 2825.2)
362 5740 650 5809 Barattcr.,
685 5745 759 5800 De
787 5742 967 5802 Const.
1006 5755 1173 5813 upost.
1209 5744 1432 5800 dissert.
1478 5746 1531 5800 2.
1573 5759 1693 5814 pag.

1810 3746 1947 3815 ζων,
1978 3745 2052 3805 ὧν
2080 3752 2176 3806 καὶ
2202 3751 2445 3814 ἀκούσας
2472 3754 2535 3807 ἄν
2564 3770 2647 3816 τις
2678 3750 2935 3824 φρίξειεν.
2970 3752 3113 3808 Nam
3139 3767 3190 3809 et
3220 3757 3396 3811 tribu-

1809 3843 1901 3897 nal
1916 3853 1966 3896 et
1980 3843 2256 3899 sublimem
2285 3844 2528 3898 thronum
2547 3844 2645 3898 sibi
2666 3845 2775 3912 ipse
2790 3847 3154 3902 construxit...
3166 3888 3180 3904 .
3198 3865 3286 3903 eos
3303 3851 3395 3919 qui

1811 3950 1929 3988 cum
1953 3937 2209 4005 gravitate
2243 3952 2305 3990 ac
2330 3937 2588 3991 modestia
2629 3939 2764 3991 sicut
2792 3938 2847 3991 in
2891 3936 3047 3991 domo
3083 3938 3182 3993 Dei
3220 3940 3393 4008 decet,

1810 4023 2076 4094 audirent,
2106 4027 2411 4097 increpabat
2441 4037 2489 4081 et
2522 4028 2851 4082 contumeliis
2895 4029 3219 4100 aﬂiciebat...
3243 4031 3307 4087 de
3339 4050 3395 4089 se

1811 4126 1985 4171 autem
2020 4118 2133 4187 ipso
2174 4119 2453 4189 magniﬁce
2490 4119 2801 4189 loquebatur
2839 4137 2944 4175 non
2994 4130 3054 4174 ut
3097 4125 3391 4193 episcopus,

1808 4211 1899 4266 sed
1927 4223 1986 4265 ut
2014 4213 2249 4281 sophista
2282 4223 2330 4268 et
2362 4214 2638 4283 impostor.
2684 4215 2824 4281 Quin
2867 4216 3026 4270 etiam
3070 4218 3303 4287 psalmos
3334 4221 3391 4274 in

1809 4306 2056 4360 honorem
2080 4305 2297 4361 Domini
2337 4308 2505 4360 nostri
2529 4305 2658 4361 Iesu
2681 4306 2887 4362 Christi
2927 4308 3246 4367 abolevit....
3274 4328 3392 4365 mu-

1812 4397 1964 4452 lieres
2005 4414 2123 4453 nero
2173 4399 2228 4452 in
2272 4398 2441 4452 medio
2493 4369 2732 4454 ecclesiae
2793 4416 2984 4470 magno
3030 4401 3255 4456 Pascha!
3308 4403 3392 4459 die

1810 4489 2044 4557 psalmos
2084 4487 2347 4559 quosdam
2397 4506 2586 4546 canere
2623 4490 2692 4544 ad
2721 4491 2805 4544 sui
2845 4492 3012 4560 ipsius
3047 4493 3258 4547 laudem
3306 4496 3392 4549 in-

1809 4579 2023 4645 stituit,
2074 4579 2213 4651 quod
2257 4578 2467 4651 quidem
2511 4580 2846 4636 audientibus
2893 4570 3161 4637 horrorem
3205 4586 3391 4639 merito

1809 4670 2112 4727 incusserit.
2183 4669 2313 4729 Haec
2363 4672 2553 4730 Patres
2604 4675 2680 4728 illi
2735 4676 3047 4746 gravissimi
3100 4687 3391 4746 postremas

1806 4761 2157 4819 Antiochense
2194 4763 2386 4836 synodi
2417 4763 2679 4819 damnare
2708 4773 2943 4836 pergunt
2995 4766 3051 4820 in
3082 4765 3254 4820 Paulo
3286 4765 3389 4820 Sa-

1808 4854 2249 4925 mosateno;(56),
2292 4870 2415 4925 quae
2463 4855 2591 4910 licet
2625 4856 2878 4925 protrita,
2931 4871 3110 4926 opera:
3144 4858 3383 4927 pretium

1806 4943 1897 4999 hic
1925 4943 2032 4999 fuit
2054 4944 2294 5013 referre;
2324 4952 2385 4999 ut
2412 4961 2478 5001 eo
2507 4946 2681 5015 magis
2716 4961 2843 5000 vera
2877 4945 3380 5016 deprehendantur,

1806 5033 2098 5106 lucemque
2171 5036 2446 5105 accipiant
2507 5052 2571 5092 ex
2618 5037 2989 5106 praemeditato
3040 5035 3383 5094 Samosateni

1805 5123 2038 5181 consilio
2054 5164 2071 5190 ,
2120 5140 2231 5196 quo
2262 5126 2316 5180 in
2340 5126 2819 5181 Constitutionibus
2840 5127 3203 5194 apostolorum
3224 5142 3384 5183 suum

1802 5216 1956 5271 virus
2016 5218 2355 5273 occuluerst.
2422 5216 2609 5288 Neque
2658 5217 2806 5273 enim
2856 5218 3160 5274 Ecclesiam
3232 5220 3383 5276 illam

1804 5304 2267 5363 ﬂorentissimam
2353 5317 2478 5379 post
2556 5307 2958 5364 Demetriannm
3032 5324 3385 5382 corrumpere

1802 5397 1938 5454 adeo
1965 5397 2259 5469 potuisset,
2300 5408 2360 5453 ut
2388 5400 2572 5469 plures
2613 5399 2840 5455 haberet
2882 5400 3047 5456 etiam
3088 5402 3381 5473 episcbpos

1872 5531 1984 5600 (53)
2022 5531 2248 5587 Constit.
2296 5549 2379 5597 ap.
2416 5550 2454 5587 ιι
2477 5573 2491 5595 ,
2516 5532 2605 5587 26.

1871 5601 1983 5676 (54)
2022 5602 2265 5676 Antoniae.
2319 5603 2676 5676 arian._Dial.
2726 5604 2763 5661 l,
2824 5605 2893 5657 De
2923 5606 3069 5660 Trm.
3133 5608 3233 5662 int.
3284 5623 3375 5676 op.

1802 5671 1858 5725 S.
1890 5671 2042 5742 Max:
2064 5673 2209 5742 conf.
2257 5681 2298 5727 t.
2334 5673 2399 5735 ll’,
2434 5690 2484 5742 p.
2516 5673 2639 5728 406.

1894 5740 1984 5809 55)
2024 5740 2067 5793 ΙΙ
2101 5741 2296 5809 Thess.
2322 5759 2380 5805 ιι,
2414 5740 2465 5796 lt.

1894 5748 1984 5809 55)
2024 5748 2067 5793 ll
2101 5748 2143 5794 Τ
2186 5759 2296 5797 ess.
2322 5759 2380 5805 ιι,
2414 5748 2465 5796 lt.

1871 5748 1985 5881 E56)
2025 5811 2127 5882 Ap.
2152 5748 2359 5869 [Euseb
2393 5813 2441 5866 Il
2501 5812 2564 5868 Ε.
2598 5826 2694 5877 vn,
2722 5815 2811 5869 50.
