3740 6292
1062 345 1644 405 CONSTITUTIONES
1673 346 1752 401 AP

1897 348 2137 405 OLICJE-
2160 381 2223 390 —
2251 350 2583 406 PROGSMIA
3329 358 3429 412 554

144 426 655 534 éﬁoonvtobat
700 438 1027 534 Petavius
1072 460 1416 530 (64);jurene
1461 474 1529 512 an
1572 458 1807 527 injuria,
1836 466 1882 522 Α
1907 461 2465 528 collecti.—Quoniam
2499 478 2625 518 vero
2642 469 2965 531 postremum
2995 462 3427 521 Conslitutionum

168 523 979 621 ξςξλσθῗδξξερὶείεῃόυω
1029 550 1158 604 erit.
1213 551 1351 615 Quin
1400 550 1557 605 etiam
1596 549 1808 618 liturgia
1907 551 2123 615 librant,
2167 553 2256 621 qui
2305 560 2528 608 octavus
2555 560 2658 617 est,
2712 553 3024 607 nominatim
3075 555 3128 608 in
3156 556 3431 612 codicibus

185 605 308 711 (ςγδξῆ
383 605 690 713 exhibent
747 605 1486 702 Constitutionesrﬂomana
1532 646 1636 702 est,
1690 605 1809 706 qua

219 731 363 781 «me
416 717 485 760 ιιι
521 715 853 787 Pervigilio
899 722 1200 783 Paschalis
1242 727 1502 796 praecipua
1538 727 1623 781 sui
1660 735 1810 794 parte

220 814 481 874 εει-νεωτ-
511 800 664 861 Nam
714 818 777 866 et
822 812 1096 874 Justinus
1138 819 1337 889 Martyr
1375 818 1610 872 eamdem
1656 818 1806 871 litur-

226 910 347 982 giam
395 894 681 967 ὐεεῑεηιι,
714 916 787 957 ac
811 902 1017 962 Romae
1063 909 1303 964 scribens
1342 922 1448 962 non
1474 908 1629 960 aliam
1668 907 1808 961 indi-

194 996 435 1053 amt.
481 986 757 1054 Quamvis
811 1002 1008 1050 autem
1044 998 1101 1050 in
1129 1011 1197 1059 eo
1220 998 1552 1051 consentiant
1591 996 1804 1059 eruditi,

242 1086 379 1154 quod
423 1077 628 1135 lustini
675 1090 731 1137 et
773 1082 1229 1139 Constitutionum
1270 1101 1375 1139 una
1412 1086 1485 1140 sit
1517 1085 1808 1154 eademque

242 1170 489 1241 liturgia,
541 1170 907 1227 nihilominus
951 1174 1244 1227 Romanam
1281 1173 1445 1228 fuisse
1481 1181 1695 1244 negant,
1727 1181 1808 1226 at-

238 1277 350 1331 que
379 1261 452 1315 ab
493 1259 717 1315 Oriente
762 1269 1041 1331 repetunt.
1090 1260 1243 1326 Quod
1291 1276 1510 1316 necesse
1556 1276 1662 1314 non
1701 1269 1803 1325 est,

223 1365 365 1405 cum
422 1350 483 1404 in
515 1349 819 1406 Occidente
868 1351 1051 1420 potius
1094 1352 1148 1404 in
1190 1366 1289 1405 usu
1332 1350 1523 1413 fuerit,
1572 1350 1807 1418 adeoque

221 1437 419 1492 Graeci
442 1453 573 1492 eam
602 1438 931 1507 plerumque
953 1439 1250 1493 omiserunt
1286 1439 1339 1491 in
1365 1439 1477 1493 suis
1509 1438 1803 1493 codicibus.

208 1527 467 1582 Accedit
525 1526 586 1582 S.
607 1526 789 1582 Procli
822 1528 1401 1597 Constantinopolitani
1446 1528 1805 1583 testimonium

213 1617 482 1687 insigne,
514 1617 615 1686 qui
647 1617 895 1671 omnium
924 1618 1147 1686 primam
1177 1633 1293 1672 eam
1321 1618 1587 1686 liturgiam
1622 1633 1807 1672 recen-

205 1716 309 1761 set
337 1726 355 1760 :
388 1708 457 1759 Ὀ
488 1723 554 1758 τε
600 1706 874 1776 μακάριος
914 1706 1138 1776 Κλήμης
1157 1744 1172 1768 ,
1215 1707 1243 1758 ὁ
1270 1705 1360 1758 τοῦ
1388 1706 1675 1775 κορυφαίου
1701 1706 1805 1759 τῶν

203 1797 560 1849 ἀποστόλων
605 1796 858 1866 μαθητὴς
892 1796 986 1849 καὶ
1038 1796 1291 1864 διάδοχος,
1323 1795 1467 1865 αὐτῷ
1503 1797 1607 1848 τῶν
1650 1796 1803 1865 ἱερῶν

204 1884 560 1937 ἀποστόλων
615 1884 1107 1955 ὑπαγορευσάντων
1136 1900 1151 1935 :
1196 1884 1385 1938 Beatus
1419 1884 1661 1937 nimirum
1689 1883 1805 1938 Cle-

205 1990 379 2027 mens
409 1975 622 2028 summi
663 1975 812 2028 illius
847 1974 1198 2041 apostolorum
1239 1974 1482 2042 principis
1520 1973 1803 2041 discipulus

202 2073 262 2116 et
296 2080 620 2128 successor,
644 2066 736 2133 qui
763 2063 930 2116 sacris
959 2064 1205 2130 apostolis
1243 2064 1290 2117 ei
1316 2064 1628 2117 distantibus
1658 2064 1802 2118 illam

203 2154 399 2207 edidit
426 2149 576 2225 (65).
626 2153 745 2207 Hoc
770 2153 1083 2209 testimonio
1112 2167 1233 2206 cum
1263 2160 1572 2222 premantur
1599 2154 1691 2221 qui
1719 2156 1803 2209 ni-

208 2244 404 2297 mium
437 2260 502 2297 se
535 2243 738 2297 faciles
773 2243 842 2297 ad
865 2242 1178 2311 ejurandam
1224 2243 1501 2298 veritatem
1547 2244 1799 2313 praebent.

211 2341 439 2401 negant
510 2332 573 2388 S.
599 2331 787 2386 Procli
838 2346 989 2397 esse;
1042 2332 1239 2399 quique
1284 2332 1417 2386 adeo
1470 2333 1677 2388 ratione
1723 2334 1800 2387 uti

210 2421 517 2487 nolentes,
553 2420 873 2476 dimittendi
904 2425 1050 2474 sunt.
1100 2413 1359 2483 Quoniam
1395 2434 1523 2474 vero
1559 2421 1802 2475 animad-

214 2514 530 2575 vertimus,
567 2510 931 2579 Hippolytum
979 2508 1399 2580 παρονομασίαις
1443 2510 1523 2566 vel
1566 2512 1800 2565 annomi-

213 2603 545 2657 nationibus
569 2601 904 2655 delectatum
933 2613 1073 2661 esse,
1098 2597 1402 2666 hujusmodi
1439 2598 1708 2668 ingenium
1743 2600 1799 2654 in

218 2689 728 2748 Constitutionibus
772 2702 989 2757 quoque
1031 2701 1089 2741 se
1129 2686 1325 2754 prodit,
1355 2687 1445 2741 ubi
1475 2701 1797 2756 paganorum

217 2779 592 2834 sacriﬁculos
625 2791 737 2830 non
767 2775 1083 2837 sacerdotes,
1112 2774 1306 2844 ἱερέας,
1338 2775 1562 2843 appellat
1589 2783 1794 2838 auctor,

220 2870 325 2925 sed
360 2868 637 2939 μηιερὲας
664 2864 937 2933 profanos,
969 2862 1353 2931 immundosque
1390 2861 1500 2931 (66)
1544 2861 1797 2930 quemad-

222 2955 456 3009 modum
498 2962 556 3008 et
594 2951 862 3021 Sibyllam
893 2949 1151 3002 Ἀὸυλλαν
1180 2950 1313 3003 dixit
1340 2949 1491 3017 quasi
1546 2948 1793 3020 ἀϐούλην,

218 3045 598 3099 inconsultam
635 3056 702 3094 ac
725 3041 1030 3094 dementem.
1063 3037 1166 3093 Sed
1194 3046 1247 3093 et
1268 3037 1530 3107 Hippolyti
1554 3037 1794 3092 doctrina
1821 3060 1864 3120 ρ

224 3137 421 3192 eadem
456 3136 567 3190 fuit
612 3135 669 3188 in
697 3129 1167 3188 Constitutionibus
1197 3129 1423 3197 aliisque
1468 3130 1580 3183 suis
1618 3130 1795 3197 operi-

221 3226 354 3290 bus,
386 3226 660 3280 nimirum
694 3221 961 3275 catholica
993 3235 1005 3270 :
1039 3218 1367 3288 Epiphanius
1395 3225 1540 3273 certe
1566 3218 1631 3272 de
1659 3218 1794 3272 Con-

222 3317 580 3369 stitutionum
609 3312 803 3367 codice
824 3310 986 3363 verba
1030 3306 1248 3369 faciens,
1273 3308 1326 3360 in
1347 3321 1502 3375 quem
1530 3321 1634 3359 non
1662 3307 1794 3361 adeo

1833 1763 1875 1819 Β

224 3407 599 3475 depravatum
637 3400 929 3461 inciderat,
957 3398 1058 3451 hoc
1085 3397 1346 3465 judicium
1368 3396 1615 3464 protulit:
1642 3397 1793 3448 Πᾶσα

220 3495 338 3565 γὰρ
367 3497 428 3547 ὲν
460 3492 616 3561 αὐτῷ
645 3488 903 3558 κανονικὴ
931 3486 1078 3550 τάξις
1104 3486 1411 3556 ἐμφέρεται,
1442 3486 1532 3538 καὶ
1560 3484 1672 3537 οὐδὲ
1698 3486 1794 3554 τῆς

220 3581 704 3653 ὲκκλησιαστικῆς
768 3577 1108 3646 διοικήσεως,
1156 3575 1247 3627 καὶ
1294 3574 1508 3637 κανόνος
1560 3575 1651 3626 καὶ
1706 3573 1794 3625 πί-

222 3691 423 3735 στεως.
459 3671 652 3726 Omnis
676 3669 862 3738 quippe
889 3666 1166 3718 canonicus
1194 3666 1319 3717 ordo
1350 3666 1402 3717 in
1429 3664 1537 3732 ipso
1567 3665 1792 3718 contine—

222 3769 334 3824 tur,
372 3769 425 3813 et
460 3756 601 3811 nihil
629 3773 663 3809 a
690 3754 795 3823 [ide
830 3753 1088 3814 alienum,
1138 3750 1600 3819 adulteratumque,
1637 3764 1793 3819 neque

220 3868 257 3905 α
279 3848 641 3917 confessione,
673 3857 834 3911 neque
862 3840 926 3893 ab
953 3838 1301 3893 ecclesiastica
1323 3836 1788 3899 administratione,

218 3949 272 3992 et
298 3953 527 4001 canone,
576 3949 639 3986 ac
675 3930 801 3999 ﬁde.
840 3928 982 3992 Quin
1028 3926 1188 3979 etiam
1220 3925 1440 3978 ulterius
1479 3938 1791 3992 progressus

218 4036 331 4092 est,
364 4025 710 4091 easdemque
738 4015 1151 4071 Constitutiones
1190 4012 1324 4065 θεῖον
1353 4012 1525 4079 λόγον,
1563 4011 1791 4063 divinum

219 4129 526 4171 sermonem
552 4106 849 4179 appellavit
870 4104 1003 4174 (67).
1027 4102 1164 4167 Quid
1188 4101 1235 4155 si
1259 4099 1316 4153 S.
1335 4099 1660 4169 Epiphanius
1682 4098 1790 4169 (68)

217 4207 615 4272 incorruptam
643 4196 877 4251 vidisset
926 4207 989 4245 ac
1034 4194 1297 4246 sinceram
1320 4188 1585 4258 Hippolyti
1633 4189 1792 4243 colle-

217 4293 508 4349 ctionem?
545 4288 703 4342 Hanc
749 4284 895 4340 enim
944 4287 1200 4351 perpetuo
1244 4273 1587 4342 διάταξινῶθί
1613 4277 1791 4329 διατά-

218 4385 357 4451 ξεις,
403 4378 863 4437 Constitutionem
898 4378 951 4426 et
981 4369 1381 4424 Constitutiones
1433 4366 1789 4435 apostolorum
1821 4373 1863 4426 D

217 4479 380 4541 dicit,
412 4482 715 4547 propterea
746 4466 889 4538 quod
912 4466 1021 4534 jam
1050 4462 1269 4533 proprio
1296 4463 1509 4515 nomine
1553 4460 1609 4513 in
1653 4458 1785 4529 ipsis

218 4569 440 4623 inducti
494 4569 661 4619 erant
708 4555 977 4626 apostoli,
1051 4560 1303 4620 tanquam
1350 4550 1678 4619 legislatores
1726 4563 1787 4603 ac

216 4656 481 4728 magistri
526 4648 838 4706 doctrinam
874 4652 926 4699 et
953 4648 1217 4712 praecepta
1260 4638 1605 4728 proferentes.
1655 4636 1784 4706 Hip-

218 4726 450 4815 polytus
483 4748 675 4794 autem
710 4731 928 4788 nonnisi
968 4728 1258 4801 παράδοσιν
1278 4726 1646 4796 ἀποστολικήν,
1679 4734 1787 4777 tra-

219 4814 489 4889 ditionem
532 4824 1267 4896 apostolicam,exposuerat,
1312 4830 1429 4883 quae
1461 4815 1551 4868 illa
1580 4814 1789 4868 ﬁctione

219 4921 583 4993 loquentium
614 4912 982 4983 apostolorum
1001 4921 1108 4960 non
1130 4902 1415 4993 indigebat.
1439 4902 1574 4956 Hinc
1601 4917 1787 4993 suspe-

222 4991 332 5069 cta:
377 5012 630 5083 primum
682 4999 1130 5059 Constitutiones,
1188 4991 1380 5047 deinde
1440 4993 1597 5047 etiam
1653 4992 1789 5046 inter

227 5080 557 5175 apocrypha
589 5094 793 5152 relatas,
816 5087 983 5143 veluti
1007 5086 1075 5138 ab
1098 5080 1350 5175 (μεγαίσρ
1380 5089 1650 5175 corrupta.

305 5167 534 5248 VII—De.
563 5182 867 5241 Canonibus
907 5171 1228 5245 apostolicis.
1280 5168 1361 5220 An
1402 5168 1466 5219 ab
1511 5167 1787 5237 Hippotyro

306 5304 677 5376 (Mll’etav.,
724 5296 766 5349 Τ
767 5294 902 5348 Iteal.
952 5289 1120 5357 Dogm
1150 5322 1165 5346 ,
1196 5296 1294 5341 xu,
1320 5278 1419 5344 10;
1449 5277 1667 5334 Constit.
1712 5297 1785 5345 vl,

232 5375 520 5581 p3§6550s
549 5436 725 5492 Procl.
746 5473 760 5495 ,
795 5430 894 5498 Ep.
935 5426 1001 5476 de
1032 5418 1213 5474 tradit.
1236 5414 1337 5492 div.
1370 5416 1514 5468 miss.

332 5444 422 5581 66)
463 5510 715 5566 Mairan.,
748 5496 915 5566 Pra’f.
952 5494 1007 5545 in
1050 5485 1347 5546 S.Justrn.,
1376 5497 1428 5551 ι),
1467 5499 1503 5535 ιι

332 5444 422 5581 ἓὲζ
460 5444 725 5566 ῗι·.ῗίξ,ἳξὶ¹;
746 5444 915 5566 ita.
935 5444 1007 5545 τε
1032 5444 1347 5546 suam:
1552 5485 1636 5547 ιο,
1671 5486 1703 5537 2
1737 5495 1789 5542 ει

239 5597 384 5651 πίθηαι

448 5649 671 5709 Constit.
710 5658 772 5705 tt,
808 5635 899 5698 28,
938 5633 991 5681 ct
1025 5641 1075 5685 ν,
1107 5621 1148 5673 7.

1906 639 2182 711 Hippolyto
2208 643 2465 697 tributum
2488 642 2720 698 Canones
2743 643 3091 711 apostolorum
3113 653 3428 715 sequuntur,

1903 727 1971 782 de
2014 728 2149 796 ipsis
2198 730 2398 799 aliquid
2434 737 2517 785 est
2558 730 2966 799 subjiciendum.
3008 730 3157 787 Hanc
3184 733 3430 802 equidem

1904 815 2267 872 collectionem
2292 825 2650 886 pervetustam
2689 833 2809 873 esse
2837 827 2959 874 ante
2991 822 3204 875 concilii
3229 822 3429 877 Nicani
3482 867 3497 873 -

1904 910 2175 973 tempora,
2226 921 2347 960 cum
2390 908 2672 978 rigidiores
2725 910 2901 964 critici
2947 909 3232 977 fateantur,
3295 914 3429 967 nihil

1902 1005 2032 1045 sane
2081 991 2136 1045 in
2179 994 2365 1048 eadem
2407 996 2641 1050 occurrit
2685 999 2826 1066 quod
2856 998 3120 1070 Hippolyti
3168 1016 3280 1056 aevo
3321 1018 3429 1058 non

1902 1082 2184 1135 conveniat
2214 1101 2228 1136 :
2260 1083 2429 1151 ipsius
2455 1086 2695 1152 quinimo
2754 1088 3021 1157 ingenium
3047 1091 3225 1159 prodit
3253 1107 3429 1149 canon

1903 1168 1969 1222 de
1988 1168 2269 1235 Paschate,
2301 1188 2368 1226 ne
2396 1175 2695 1231 celebretur
2736 1179 2840 1247 πρὸ
2865 1179 2960 1248 τῆς
2987 1180 3203 1251 ἐαρινῆς
3245 1184 3431 1253 ἰσημε-

1905 1256 2023 1326 ρίας
2052 1258 2186 1326 μετὰ
2218 1260 2500 1324 Ἰουδαίων,
2538 1272 2655 1316 ante
2688 1280 2893 1317 vernum
2914 1267 3274 1335 azquinoctium
3312 1287 3430 1326 cum

1901 1342 2135 1408 Judwis;
2163 1348 2254 1416 qui
2283 1351 2465 1417 utique
2491 1349 2713 1406 debetur
2742 1355 2961 1423 synodis
2990 1356 3089 1410 hac
3115 1357 3181 1411 de
3210 1374 3268 1413 re
3296 1374 3426 1415 coa-

1902 1432 2002 1487 ctis
2042 1434 2290 1501 pontifice
2335 1435 2587 1498 Victore.
2643 1438 2783 1495 unde
2831 1450 3200 1511 argumentum
3243 1445 3430 1502 habuit

1903 1515 2219 1590 Hippolytus
2265 1523 2546 1592 evulgandi
2592 1526 2782 1579 librum
2807 1527 2882 1581 De
2907 1529 3181 1596 Paschate,
3226 1548 3289 1587 ac
3335 1534 3427 1589 de-

1903 1607 2025 1661 inde
2055 1608 2364 1665 Paschalem
2394 1610 2679 1669 Canonem.
2728 1613 2993 1673 Plurimos
3033 1634 3100 1672 ex
3148 1621 3295 1676 hisce
3337 1638 3427 1677 ca-

1902 1695 2130 1750 nonibus
2157 1698 2225 1752 ab
2249 1698 2484 1753 Ecclesia
2509 1699 2748 1754 Romana
2787 1702 2951 1758 fuisse
2978 1714 3217 1775 receptos
3244 1710 3427 1777 explo-

1901 1790 2075 1837 ratum
2104 1793 2207 1848 est,
2247 1787 2389 1855 quod
2431 1787 2651 1843 minime
2693 1789 2890 1846 factum
2925 1803 3087 1859 esset,
3114 1796 3159 1850 si
3193 1812 3431 1855 canones

1902 1872 2035 1927 alios
2076 1872 2135 1927 Ε.
2159 1873 2227 1931 R.
2259 1887 2525 1932 servasset
2572 1880 2640 1932 ab
2683 1881 2768 1937 his
2807 1882 3066 1938 diversos.
3120 1884 3269 1941 Unde
3298 1904 3431 1943 vero

1901 1955 2137 2014 Ecclesia
2156 1958 2393 2015 Romana
2423 1978 2657 2022 canones
2683 1971 2997 2038 accepisset,
3028 1972 3132 2027 nisi
3160 1986 3191 2025 a
3219 1976 3427 2045 seipsa?

1900 2044 2062 2116 idque
2101 2050 2233 2104 adeo
2261 2067 2443 2106 verum
2474 2063 2581 2118 est,
2611 2064 2667 2109 ut
2698 2057 2982 2129 Zephyrini
3023 2044 3426 2132 pontiﬁcisiuo-

1899 2150 2019 2190 men
2066 2138 2252 2193 iisdem
2294 2143 2588 2198 canonibus
2621 2149 2990 2213 praeminatur,
3033 2153 3121 2224 qui
3168 2153 3235 2207 ab
3263 2155 3323 2209 E.
3353 2155 3419 2210 Β.

1898 2225 2107 2295 probati
2139 2236 2263 2282 sunt
2292 2229 2423 2299 (69).
2472 2231 2691 2289 Temere
2732 2245 2908 2290 autem
2940 2250 3273 2311 assumptum
3304 2261 3429 2300 esse

1898 2330 2089 2368 nomen
2134 2316 2449 2388 Zephyrini,
2508 2336 2627 2374 cum
2671 2339 2855 2378 revera
2898 2329 2999 2382 sub
3044 2331 3160 2398 ipso
3208 2334 3420 2397 vixerit,

1898 2406 2274 2476 scripseritque
2334 2409 2683 2480 Hippolytus,
2756 2431 2914 2470 nemo
2982 2420 3082 2473 sibi
3154 2426 3419 2489 suaserit,

1896 2496 2138 2562 quamvis
2175 2499 2397 2565 epistola
2444 2501 2584 2555 illius
2626 2504 2839 2559 nomine
2868 2507 3093 2562 conficta
3124 2513 3210 2564 sit.
3240 2512 3422 2583 Neque

1895 2599 2020 2638 vero
2036 2584 2352 2658 Hippolytus
2378 2590 2546 2644 inscio
2560 2592 2642 2645 vel
2663 2594 2875 2649 nolente
2901 2599 3151 2665 pontiﬁce
3187 2601 3242 2655 in
3266 2604 3422 2657 tabu-

1895 2673 2027 2727 laria
2055 2685 2353 2744 penetrare,
2372 2680 2767 2737 ac’reconditos
2788 2698 3019 2741 canones
3036 2688 3088 2740 in
3110 2688 3280 2744 lucem
3305 2694 3419 2761 pri-

1895 2778 2013 2817 mus
2030 2765 2186 2821 edere
2207 2768 2488 2836 potuisset;
2503 2770 2618 2826 utsi
2648 2769 2931 2840 Zephyrini
2953 2779 3242 2834 auctoritas
3262 2780 3424 2836 inter-

1895 2855 2137 2920 cesserit,
2170 2854 2339 2925 ipsius
2384 2873 2577 2912 nomen
2621 2861 2817 2917 alicubi
2864 2864 2918 2917 in
2966 2882 3063 2920 sua
3107 2870 3420 2927 collectione

1894 2945 2300 3001 commendasse
2346 2945 2725 3017 Hippolytum.
2775 2960 2867 3006 aut
2917 2962 3061 3010 certe
3110 2958 3192 3011 sui
3242 2962 3429 3037 operis,

1894 3038 2102 3101 tempus
2146 3035 2452 3106 designasse
2498 3039 2703 3105 opinari
2745 3041 2918 3097 liceat.
2968 3042 3024 3098 In
3052 3044 3269 3103 Oriente
3301 3051 3421 3119 qui-

1893 3120 2011 3174 dem
2053 3137 2115 3177 ea
2159 3125 2388 3178 obtinuit
2432 3129 2726 3192 sententia,
2777 3146 3008 3188 canones
3057 3139 3421 3203 apostolorum

1892 3208 2058 3266 fuisse
2094 3212 2163 3266 ab
2191 3212 2473 3285 Hippolyto
2521 3217 2794 3283 collectos,
2834 3221 2974 3276 unde
3012 3231 3065 3277 et
3102 3226 3168 3278 ad
3198 3243 3418 3282 canones

1892 3304 2239 3365 apostolorum
2272 3320 2365 3373 per
2395 3305 2731 3377 Hippolytum
2773 3310 3034 3380 allegant,
3076 3317 3421 3383 quemadmo-

1892 3389 2017 3444 dum
2044 3390 2275 3446 Joannes
2300 3392 2549 3449 Darensis
2569 3434 2584 3458 ,
2614 3396 2705 3464 qui
2730 3413 2826 3451 vrn
2857 3409 2906 3453 et
2944 3415 2999 3453 ιι
3032 3407 3227 3458 saeculo
3264 3406 3425 3473 vixit,

1892 3482 2125 3535 ostendit
2160 3483 2424 3537 neminem
2468 3499 2567 3538 suo
2602 3501 2716 3541 aevo
2742 3486 3035 3551 dubitasse,
3061 3492 3189 3560 quin
3220 3491 3420 3564 Hippo.

1891 3570 2032 3641 lytus
2057 3570 2215 3625 fuerit
2249 3572 2555 3627 corumdem
2585 3589 2848 3628 canonum
2877 3576 3048 3631 editor

1892 3995 2039 4061 Quod
2066 3996 2269 4066 quidem
2305 4006 2353 4050 et
2391 4013 2607 4050 canones
2646 4002 3021 4067 apostolorum,
3050 4005 3137 4072 qui
3161 4020 3251 4072 per
3282 4006 3416 4076 Ilip-

1887 4087 2139 4154 polytum,
2197 4086 2499 4154 prazcipiunt
2548 4085 2678 4154 (70).
2723 4086 2908 4143 Sermo
2960 4099 3074 4144 erat
3127 4093 3193 4147 de
3244 4096 3416 4163 primo

1888 4176 2250 4242 apostolorum
2294 4189 2500 4228 canone
2534 4194 2546 4227 :
2588 4174 2871 4245 Episcopus
2914 4196 2951 4232 α
2974 4180 3171 4236 duobus
3198 4196 3289 4237 aut
3321 4189 3419 4239 tri-

1891 4268 1982 4322 bus
2031 4270 2280 4338 episcopis
2339 4269 2620 4323 ordinetur.
2666 4269 2902 4340 Denique
2954 4273 3067 4341 ipse
3094 4274 3417 4349 Hippolytus

1890 4359 2028 4412 hanc
2058 4360 2369 4414 sententiam
2410 4360 2691 4415 conﬁrmat
2723 4364 2828 4415 alio
2868 4365 2920 4416 in
2958 4379 3117 4432 opere
3144 4368 3284 4434 quod
3321 4384 3417 4436 poo-

1887 4448 2205 4503 sterioribus
2268 4449 2425 4503 annis
2485 4450 2817 4504 elucubravit
2869 4468 2881 4502 :
2935 4447 3091 4506 οἷκον
3135 4455 3265 4508 Θεοῦ
3317 4458 3416 4529 τὴν

1896 4540 2229 4609 Ἐκκλησίαν,
2282 4540 2600 4593 ἐπιστέλλων
2632 4542 2660 4594 ὁ
2696 4541 2901 4605 Παῦλος
2944 4543 3186 4613 Τιμοθέῳ
3229 4545 3409 4598 καλεῖε

1882 4631 2021 4683 Ἐὰν
2053 4630 2120 4682 δὲ
2140 4631 2435 4697 βραδύνω,
2453 4632 2552 4684 ἵνα
2577 4630 2738 4699 εἰδῇς
2756 4632 2879 4699 πῶς
2904 4632 2996 4686 δεῖ
3014 4633 3082 4685 ἐν
3103 4634 3241 4697 οἴκῳ
3269 4637 3413 4690 Θεοῦ

1883 4721 2374 4788 ἀναστρέφεσθαι,
2405 4721 2535 4787 ἥτις
2574 4721 2743 4775 ἐστὶν
2784 4723 3101 4788 ἘκκλησΙα
3136 4725 3240 4776 τοῦ
3269 4725 3414 4780 Θεοῦ

1883 4807 2108 4875 ζῶντος.
2139 4809 2336 4863 Τούτου
2378 4810 2467 4862 τοῦ
2508 4812 2654 4863 οἴκου
2691 4811 2870 4877 ἀγαθὰ
2894 4810 2962 4863 τὰ
2986 4811 3077 4863 τοῦ
3108 4812 3413 4882 Πνεύματος

1883 4899 2203 4970 χαρίσματα,
2230 4900 2299 4952 τά
2321 4916 2381 4951 τε
2407 4901 2531 4968 περὶ
2558 4899 2795 4969 Τριάδος,
2831 4901 2923 4952 καὶ
2946 4899 3015 4951 τὰ
3040 4899 3196 4953 λοιπὰ
3217 4901 3414 4973 δόγμα-

1883 5005 1977 5052 τα,
2006 4990 2114 5041 οἳτε
2158 4989 2534 5060 παραδοθέντες
2575 4988 2676 5041 ὑπὸ
2717 4988 2821 5040 τῶν
2882 4989 3185 5044 ἀποστόλων
3227 4991 3411 5062 θεσμοὶ

1886 5082 1976 5133 καὶ⁸
2001 5080 2230 5141 κανόνες.
2291 5079 2376 5131 Ἐν
2405 5079 2459 5130 δὲ
2485 5079 2655 5148 τούτῳ
2694 5077 3014 5146 θαυμαστῶς
3041 5081 3073 5148 ἡ
3101 5081 3265 5151 ἀρετὴ
3294 5083 3413 5136 ἐπι-

1885 5172 2127 5234 τελεῖται,
2168 5170 2465 5239 καλουμένη
2504 5168 2824 5235 δικαιοσύνη.
2874 5168 3096 5223 Domum
3124 5171 3217 5225 Dei
3264 5186 3413 5228 vocat

1979 5281 2066 5345 68)
2105 5280 2160 5334 S.
2186 5278 2470 5349 Epiphan.,
2506 5278 2635 5349 Itml‘_._
2662 5277 2981 5349 Lxx,_lO;et
3010 5281 3136 5336 hzcr.
3166 5297 3329 5347 Lxxx,
3356 5286 3405 5338 7.

1979 5342 2068 5415 69)
2104 5342 2346 5403 Distinet.
2378 5362 2487 5409 xvr,
2518 5346 2573 5409 2,
2605 5345 2755 5415 Decr.
2774 5342 2936 5415 _(_}rat.

1955 5409 2066 5489 (70)
2106 5417 2424 5489 lo.‘l)a_r_en_s
2470 5430 2555 5483 ap.
2603 5412 2736 5489 ιξιπλ
2774 5409 3009 5489 Eccltell.
3046 5419 3120 5473 De
3150 5419 3289 5489 Eccl.
3320 5421 3409 5473 Al.

1889 5478 2059 5556 0rig.,
2084 5505 2135 5556 p.
2292 5478 2579 5556 V_._A_ssetn.
2606 5481 2667 5535 Β.
2694 5478 2757 5533 0.
2789 5479 2918 5543 ι.11,
2953 5500 3005 5552 p.
3028 5489 3147 5549 118,
3176 5498 3221 5541 ct
3248 5487 3407 5551 Cave,

1890 5558 1957 5611 Η.
1988 5554 2043 5609 L.
2084 5554 2119 5608 i.
2148 5555 2208 5617 ll,
2250 5554 2436 5622 p.131.
