3838 6368
412 313 519 374 855
1248 314 1305 369 S.
1339 311 1737 371 CLEMENTIS
1771 311 1789 365 Ι
1825 311 1987 368 ιιοιι.

2093 308 2233 368 )NT.
2274 311 2503 369 OPERA
2540 310 2769 369 DUBIA.
3148 344 3152 349 ο
3566 314 3673 371 5'56

410 436 619 494 Paulus
645 420 963 496 Ecclesiam,
995 429 1064 485 ad
1098 429 1431 484 Timotheum
1471 427 1747 483 scribens:
1776 424 1833 481 Si
1881 441 1983 481 auo

2093 445 2228 484 στων
2277 428 2709 498 συγκατάθεσιν,
2765 430 2853 486 ῐνα
2902 431 2998 497 οὓς
3039 433 3139 487 οὐκ
3185 432 3401 485 ἔπεισεν
3442 433 3471 485 ὁ
3496 431 3683 499 λόγος,

409 537 519 585 tem
566 525 892 589 tardavero,
935 529 995 577 ut
1033 522 1178 578 scias
1221 520 1500 591 quomodo
1541 525 1793 589 oporteat
1834 526 1888 574 te
1930 516 1987 573 in

2093 520 2312 587 τούτους
2342 522 2375 593 ἡ
2403 521 2512 577 τῶν
2543 522 2788 593 σημείων
2826 523 3127 599 δυσωπησῃ
3172 525 3417 596 δύναμις.
3460 524 3545 578 Τὰ
3569 525 3681 596 γάρ

408 620 573 673 domo
593 615 689 672 Dei
719 614 1058 676 conversari,
1083 627 1207 683 quae
1235 619 1320 667 est
1337 610 1583 667 Ecclesia
1601 608 1696 666 Dei
1725 608 1985 681 vivi(7l).

416 708 591 778 Hujus
626 708 815 762 domus
855 705 992 759 bona
1034 712 1158 759 sunt
1182 702 1420 773 Spiritus
1458 703 1809 768 charismata,
1850 698 1991 756 etde

410 803 692 865 Trinitate,
725 808 1021 867 cceteraque
1058 796 1340 868 dogmata,
1389 806 1441 852 et
1476 797 1813 861 traditiones,
1846 795 1989 853 Con-

407 897 829 965 stitutionesque,
859 906 909 946 et
931 891 1171 947 Canones
1205 891 1586 961 apostolorum.
1614 890 1681 946 In
1702 892 1781 946 his
1815 900 1990 945 autem

406 986 726 1039 mirabiliter
767 984 935 1036 virtus
981 982 1279 1050 perﬁcitur,
1322 997 1442 1052 quia
1467 982 1688 1051 justitia
1727 992 1992 1050 nuncupa-

409 1085 498 1130 tur
541 1075 681 1145 (72).
725 1074 997 1129 Provocat
1042 1073 1448 1143 quodammodo
1497 1074 1568 1128 ad
1622 1075 1801 1145 ipsum
1851 1089 1990 1145 opus

404 1184 515 1239 quo
547 1169 614 1223 de
643 1168 879 1239 agimus,
907 1176 963 1221 et
997 1165 1315 1238 singulatim
1358 1172 1609 1221 recenset
1651 1180 1763 1220 non
1824 1165 1989 1220 modo

404 1262 750 1326 charismata,
780 1269 831 1315 et
858 1260 1221 1330 apostolorum
1252 1258 1586 1323 traditiones,
1613 1273 1801 1313 verum
1825 1257 1989 1312 etiam

406 1354 680 1418 Canones,
728 1351 975 1423 adeoque
1003 1352 1107 1407 hos
1148 1351 1356 1422 pariter
1401 1352 1457 1406 in
1502 1351 1827 1406 collectione
1858 1348 1993 1419 Hip—

405 1445 574 1517 polyti
616 1431 789 1499 fuisse
826 1442 1176 1499 manifestius
1221 1452 1471 1514 apparet.
1505 1440 1582 1497 De
1610 1456 1845 1496 numero
1886 1441 1991 1494 ita-

402 1550 512 1607 que
554 1549 831 1590 canonum
887 1548 1028 1604 quos
1070 1532 1401 1605 Hippolytus
1455 1532 1736 1588 recensuit
1790 1529 1990 1587 incerti

404 1640 626 1693 sumus,
670 1626 738 1683 de
777 1626 1103 1682 collectione
1148 1638 1259 1681 non
1305 1625 1459 1682 item.
1517 1623 1989 1691 Quemadmodum

2091 616 2292 684 σημεῖα
2335 615 2396 668 ού
2436 618 2551 678 τοῖς
2599 618 2809 680 πιστοίς
2863 618 3015 688 ἡμῖν,
3060 616 3198 670 ἀλλά
3237 620 3350 680 τοῖς
3404 617 3681 680 ἀπίστοις,

2102 705 2367 760 Ἰουδαίων
2394 724 2453 761 τε
2483 710 2576 761 καὶ
2632 708 2917 780 Ἑλλήνων.
2977 709 3114 764 Οὔτε
3163 709 3273 782 γὰρ
3319 708 3383 763 τὸ
3419 710 3686 781 δαίμονας

2090 800 2371 854 ἐκϐάλλειν
2412 801 2679 873 ἡμέτερον
2720 802 2911 875 κέρδος
2930 843 2943 868 ,
2988 802 3124 856 άλλά
3150 804 3261 857 τῶν
3288 805 3541 876 ἐνεργείᾳ
3568 806 3687 857 Ku-

2092 893 2208 964 ρίου
2237 892 2667 965 καθαιρομένων.
2685 892 2807 949 Non
2830 895 2899 948 ad
2921 896 3204 950 utilitatem
3231 913 3293 950 ea
3318 898 3679 966 operantium,

2090 984 2181 1038 sed
2236 984 2305 1037 ad
2360 986 2657 1054 inﬁdelium
2712 990 3070 1044 assensionem
3121 989 3463 1045 concedi:ut
3489 989 3682 1059 quibus

2092 1091 2195 1129 non
2233 1078 2497 1146 persuasit
2536 1093 2738 1141 sermo,
2778 1077 2871 1133 hos
2901 1080 3069 1133 virtus
3103 1080 3374 1150 signorum
3406 1079 3589 1147 ﬂectat
3617 1094 3685 1131 ac

2090 1167 2289 1237 pudore
2353 1169 2567 1237 aﬂiciat.
2634 1169 2803 1240 Signa
2862 1170 3007 1225 enim
3058 1187 3168 1225 non
3226 1170 3374 1225 nobis
3426 1169 3686 1225 ﬁdelibus

2090 1260 2348 1328 eduntur,
2389 1261 2484 1316 sed
2531 1260 2860 1327 inﬁdelibus,
2886 1278 3004 1315 cum
3034 1260 3347 1317 Iuda-orum
3392 1272 3504 1316 tum
3533 1261 3689 1317 Gree-

2092 1365 2293 1405 corum.
2326 1349 2511 1421 Neque
2537 1351 2675 1404 enim
2704 1350 2968 1406 daemones
2997 1352 3205 1421 ejicere,
3250 1362 3491 1407 nostrum
3533 1369 3687 1407 emo-

2092 1440 2379 1496 lumentum
2401 1452 2500 1506 est,
2533 1441 2623 1497 sed
2646 1460 2829 1498 eorum
2850 1441 2939 1515 qui
2966 1460 3058 1514 per
3081 1444 3294 1499 Domini
3318 1446 3682 1513 operationem

2089 1544 2402 1605 purgantur.
2437 1532 2514 1589 Ac
2543 1534 2917 1591 Tertullianus
2950 1537 3168 1608 quidem
3204 1537 3415 1593 somnia
3450 1538 3688 1592 mulier-

2089 1627 2341 1681 cularum
2362 1629 2661 1684 insolenter
2683 1629 2847 1685 nimis
2868 1629 3196 1684 charismata
3214 1631 3467 1694 vocabat,
3494 1645 3694 1699 quem-

400 1730 533 1776 Vero
563 1717 818 1789 superius
858 1716 1231 1773 testimOnium
1261 1714 1555 1787 Hippolyto
1583 1716 1861 1781 convenit,
1893 1714 1989 1787 qui
2022 1780 2061 1793 __
2092 1718 2387 1775 admodum
2424 1720 2480 1774 in
2520 1721 2734 1776 visione
2780 1722 2872 1774 illa
2909 1721 2977 1776 de
3020 1723 3202 1776 anima
3248 1723 3525 1793 corporali
3574 1721 3685 1776 ait:

401 1809 626 1864 titulum
670 1809 852 1879 ipsum
896 1805 983 1862 sui
1028 1805 1212 1876 operis
1258 1805 1317 1859 in
1358 1819 1533 1876 eoque
1591 1812 1852 1859 contenta
1903 1820 1993 1860 ει·
2022 1780 2306 1866 BEtDeus
2347 1813 2493 1867 testis
2522 1822 2571 1867 et
2596 1813 2902 1881 Apostolus,
2936 1780 3414 1867 charismatumin
3439 1811 3689 1866 Ecclesia

402 1901 626 1972 pressit,
673 1901 746 1954 ita
788 1912 953 1954 nemo
995 1899 1354 1967 imposterum
1407 1896 1561 1967 loqui
1590 1911 1658 1952 eo
1686 1895 1850 1953 modo
1875 1896 1991 1967 Epo-

401 1995 622 2052 tuisset.
650 1992 785 2049 Nam
813 1993 978 2064 paulo
1004 1998 1150 2063 post,
1180 1990 1371 2046 eodem
1400 2005 1460 2045 ιιι
1492 1990 1694 2047 saeculo
1721 1998 1986 2056 vertente,

403 2104 527 2142 eum
554 2085 831 2160 Hippolyti
855 2101 993 2158 opus
1029 2092 1352 2156 corruptum
1391 2084 1891 2155 interpolatumque
1932 2085 1993 2139 in

403 2179 626 2236 Oriente
660 2179 847 2243 fuerit,
890 2188 1054 2248 atque
1086 2176 1246 2244 adeo,
1287 2177 1453 2232 sicuti
1482 2190 1632 2232 nunc
1660 2184 1863 2243 exstat,
1902 2177 1990 2232 in-

402 2280 488 2327 ter
518 2271 828 2344 apocrypha
874 2271 1146 2325 relatum:
1177 2269 1436 2339 quisnam
1495 2269 1730 2325 subinde
1764 2271 1821 2323 in
1851 2285 1989 2340 prte-

402 2365 565 2437 cipua
616 2362 877 2419 Ecclesiae
926 2361 1087 2416 laude
1130 2361 1430 2432 posuisset.
1480 2376 1603 2416 eam
1654 2363 1989 2432 apocryphis

401 2458 654 2513 dubiisve
697 2453 1203 2511 Constitutionibus
1260 2452 1682 2509 administrari?
1718 2452 1990 2525 Equidem

402 2551 470 2608 ad
499 2548 777 2620 Hippolyti
824 2547 1038 2602 laudem
1066 2546 1321 2616 pertinet,
1352 2544 1501 2616 quod
1549 2544 1669 2599 aliae
1698 2543 1985 2600 collectio-

400 2652 501 2701 nes
550 2647 879 2714 pervetustae
926 2639 994 2693 ab
1039 2638 1315 2695 htereticis
1358 2637 1445 2692 vel
1497 2634 1639 2690 ﬁctae
1688 2635 1775 2691 vel
1817 2635 1989 2691 inter-

400 2737 617 2810 polatae,
663 2748 727 2788 ac
765 2731 980 2798 magnis
1036 2730 1261 2784 Patrum
1323 2726 1644 2784 nominibus
1688 2726 1984 2798 insignitae,

402 2844 527 2885 cum
562 2825 861 2898 repudiata:
893 2823 1131 2888 iuerint;
1166 2833 1274 2875 una
1300 2818 1475 2889 ipsius
1509 2819 1765 2875 collectio
1793 2833 1987 2889 quam—

402 2921 487 2976 vis
534 2918 862 2987 interpolata
912 2916 1143 2969 multum
1194 2914 1319 2967 aliis
1363 2918 1584 2982 praestet
1652 2908 1788 2965 Nam
1843 2910 1987 2965 sicut

401 3008 715 3065 διδασκαλία
754 3005 851 3060 τοῦ
881 3006 1145 3078 Ποιμένος
1172 3004 1479 3074 improbata
1512 3000 1634 3064 fuit,
1667 3001 1743 3056 ita
1767 3016 1990 3073 quoque

415 3099 678 3171 Ἰγνατίου
695 3096 1034 3161 διδασκαλία,
1052 3094 1413 3167 Πολυκάρπου
1426 3092 1745 3147 διδασκαλία
1758 3094 1987 3163 aliaeque

403 3190 744 3264 bujusmodi,
781 3190 849 3246 de
884 3189 1088 3261 quibus
1130 3196 1279 3245 recte
1308 3186 1685 3259 pronuntiavit
1727 3182 1799 3241 Μ.
1823 3186 1988 3240 Atha-

404 3285 597 3342 nasius
638 3305 653 3340 :
698 3281 996 3355 Αίρετικῶν
1036 3283 1185 3334 ἐστιν
1227 3280 1470 3343 ἐπίνοια,
1515 3277 1833 3349 γραφόντων
1890 3276 1989 3349 μὲν

402 3379 486 3435 δτι
514 3378 757 3433 θέλουσιν
787 3375 948 3440 αὐτὰ,
976 3369 1353 3445 χαριζομένων
1378 3369 1435 3424 δὲ
1462 3369 1557 3422 καὶ
1589 3367 1988 3449 προστιθέντων

403 3472 588 3536 αὐτοῖς
628 3469 873 3543 χρόνους,
917 3469 1005 3520 ἵνα
1042 3466 1118 3529 ὡς
1160 3462 1365 3518 παλαιὰ
1407 3461 1807 3535 προφέροντες,
1853 3459 1988 3532 πρό-

404 3580 566 3636 φασιν
619 3564 817 3634 ἔχωσιν
870 3560 1085 3632 ἀπατᾷν
1132 3558 1197 3611 ὲκ
1247 3556 1438 3611 τούτου
1493 3556 1621 3619 τοὺς
1674 3554 1982 3627 ἀκεραίους.

406 3656 796 3711 Ηιενειὶοονιιηι
854 3660 975 3706 sunt
1033 3659 1422 3713 commentum,
1479 3648 1569 3718 qui
1626 3664 1688 3702 ea
1749 3647 1987 3701 scribunt

403 3746 617 3820 quando
665 3746 880 3809 volunt;
921 3742 1031 3797 illis
1074 3750 1252 3796 autem
1295 3741 1615 3812 largiuntur,
1649 3748 1697 3793 et
1727 3739 1987 3810 adjiciunt

407 3851 661 3909 tempora,
706 3853 808 3908 quo
861 3846 1113 3905 tanquam
1165 3834 1386 3904 antiqua
1428 3832 1773 3902 proferentes,
1817 3848 1883 3886 ea:
1923 3850 1987 3886 ea

404 3948 461 3988 re
506 3931 837 3987 occasionem
884 3925 1111 3981 habeant
1159 3924 1451 3994 decipiendi
1489 3923 1724 3979 homines
1779 3923 1986 3993 simpli-

405 4040 487 4079 σεε
509 4022 645 4096 (7s).
1220 4016 1229 4023 ·

1017 4128 1247 4186 CAPUT
1288 4128 1375 4186 Ill.

409 4248 667 4316 Quisnam
692 4260 856 4300 causa
880 4243 1223 4315 Hippolytum
1260 4241 1331 4297 ad
1350 4243 1454 4316 hoc
1497 4257 1626 4316 opus
1661 4244 1981 4316 incitauerit.

478 4318 929 4402 Constitutiones“
954 4313 1292 4385 potissimum
1346 4313 1676 4369 Tertulliano
1724 4324 1774 4370 et
1835 4314 1988 4370 Mon-

480 4395 693 4444 tanistis
727 4395 1002 4457 oppositae.

476 4525 519 4581 l.
559 4520 954 4585 Tcrtullsanus,
990 4519 1445 4577 Montanistarum
1475 4520 1766 4593 praestigiis
1820 4518 1983 4573 fasci-

2093 4505 2415 4574 beneplucito
2444 4502 2750 4574 Unigenitus
2781 4503 2871 4572 qui
2910 4511 3031 4556 ante
3072 4502 3273 4555 sacculo
3309 4501 3599 4565 existebat,
3631 4502 3687 4554 in
3800 4532 3801 4535 η

406 4624 592 4681 natus,
624 4613 885 4687 paulatim
923 4614 981 4669 in
1013 4627 1204 4669 eorum
1236 4620 1442 4669 sectam
1486 4613 1753 4667 inclinare
1790 4612 1981 4681 coepit,

406 4726 437 4765 a
460 4720 570 4781 qua
598 4709 821 4765 demum
848 4707 1108 4778 abreptus
1137 4713 1241 4761 est.
1293 4704 1449 4771 Quod
1476 4706 1569 4761 ubi
1600 4704 1986 4759 animadvertit

404 4800 752 4875 Hippolytus,
786 4801 949 4856 binos
976 4799 1235 4870 opposuit
1275 4797 1454 4852 eidem
1486 4805 1649 4854 sectae
1690 4804 1981 4859 tractatus,

405 4909 640 4966 quorum
682 4892 916 4947 alterum
946 4889 1024 4943 De
1056 4888 1466 4943 charismatibus
1509 4887 1815 4957 inscripsit.
1843 4885 1986 4953 Περὶ

404 4981 828 5054 χορισμάτων;
879 4978 1037 5033 alteri
1090 4977 1309 5031 titulum
1360 4973 1668 5044 Apostolica
1729 4971 1982 5034 traditio,

418 5071 768 5144 ’Δποστολικὴ
796 5068 1090 5142 παράδοσις
1123 5066 1272 5123 fecit.
1328 5064 1692 5119 Montanistas
1720 5064 1867 5118 enim
1900 5061 1987 5115 in—

402 5165 644 5223 valuisse
687 5164 823 5218 falsa
866 5159 1131 5217 miracula
1188 5157 1452 5229 jactando
1491 5156 1833 5225 exploratum
1878 5160 1983 5220 est,

401 5272 579 5327 eaque
621 5256 847 5310 ﬁnxisse
889 5269 1001 5309 non
1045 5261 1105 5306 ut
1136 5264 1379 5321 paganos
1407 5247 1695 5304 Judaeusve
1723 5247 1791 5301 ad
1822 5246 1985 5303 ﬁdem

404 5346 810 5422 pertraherent,
865 5343 962 5400 sed
994 5350 1051 5397 ut
1083 5346 1457 5413 pervenerant
1503 5338 1864 5395 orthodoxae.
1893 5338 1986 5392 Ait

403 5445 587 5494 autem
635 5435 962 5507 Hippolytus
1007 5434 1342 5490 charismata
1384 5430 1647 5486 divinitus
1695 5429 1850 5496 dari,
1887 5430 1987 5483 οὐκ

402 5528 484 5595 είς
507 5529 608 5603 τὴν
635 5526 998 5600 ἐνεργούντων
1026 5525 1313 5596 ὠφέλειαν,
1339 5522 1453 5577 ἀλλ’
1483 5524 1563 5588 είς
1591 5522 1691 5595 τὴν
1720 5521 1829 5575 τῶν
1857 5522 1987 5576 ἀπί-

504 5709 592 5774 7i)
632 5706 823 5774 lTign.
861 5722 942 5770 ιιι,
972 5706 1057 5761 l5.

504 5711 560 5764 Ἠ
632 5711 652 5762 1
681 5711 823 5774 Tim.
861 5722 942 5770 ιιι,
972 5711 1057 5761 l5.

477 5711 592 5855 £72;
634 5778 691 5836 S.
719 5778 933 5849 HIppOl.
969 5778 1017 5832 in
1044 5776 1236 5845 psalm.
1268 5791 1415 5844 Lxlv,
1444 5775 1495 5841 5,
1526 5790 1591 5830 ex
1618 5772 1735 5829 Cat.
1756 5772 1983 5831 Corder.

2092 1903 2393 1972 futurorum
2440 1902 2656 1958 idoneus
2695 1920 2918 1974 sponsor
2963 1918 2981 1957 :
3030 1904 3231 1962 Tumec
3273 1904 3321 1957 si
3358 1920 3441 1958 res
3472 1905 3593 1972 ipsa
3623 1901 3692 1956 de

2090 1996 2313 2064 singulis
2328 1995 2851 2065 persuaserit,credas
2879 1996 3013 2066 (74).
3045 1995 3388 2051 Montanista:
3402 2010 3536 2051 vero
3569 1997 3693 2051 suis

2091 2087 2326 2145 fallaciis
2369 2090 2581 2143 lucrum
2626 2089 2866 2158 undique
2907 2089 3293 2145 corradebant.
3324 2089 3426 2143 etsi
3460 2095 3694 2158 propter

2088 2182 2337 2237 caelestia
2379 2182 2523 2237 dona
2556 2197 2616 2239 se
2643 2183 2712 2236 ab
2744 2182 2983 2237 Ecclesia
3032 2181 3335 2237 descivisse
3380 2198 3687 2237 causaren-

2088 2281 2201 2331 tur.
2241 2272 2385 2340 Quid
2433 2291 2569 2345 ergo
2596 2276 2670 2329 sit
2692 2274 2963 2327 charisma
3006 2288 3102 2328 eos
3130 2274 3291 2328 docet
3317 2273 3689 2345 Hippolytus:

2088 2367 2203 2421 Οὐκ
2229 2366 2377 2422 εστιν
2402 2366 2687 2438 ἄνθρωπος
2715 2366 3013 2430 πιστεύσας
3050 2364 3139 2420 διὰ
3179 2365 3418 2437 Χριστοῦ
3465 2368 3550 2430 είς
3596 2366 3694 2419 τὸν

2088 2457 2248 2525 Θεὸν,
2279 2456 2339 2523 ὃς
2365 2458 2465 2512 ούκ
2499 2459 2688 2531 εἴληφε
2726 2459 2975 2531 χάρισμα
3015 2458 3403 2528 πνευματικόν.
3450 2459 3601 2511 Αὐτό
3629 2476 3693 2512 τε

2086 2551 2197 2624 γὰρ
2223 2551 2285 2605 τὸ
2324 2552 2705 2623 ἀπαλλαγῆναι
2761 2551 3025 2606 πολυθέου
3052 2551 3306 2615 ἀσεϐείας
3331 2552 3426 2605 καὶ
3457 2550 3694 2605 πιστεῦ-

2088 2658 2178 2699 σαι
2206 2643 2328 2717 Θεῷ
2354 2646 2533 2718 Πατρ¹ι
2571 2644 2659 2698 διὰ
2685 2644 2946 2718 Χριστοῦ,
2989 2644 3237 2717 χάρισμά
3263 2645 3379 2697 ἐστι
3419 2643 3563 2698 Θεοῦ
3583 2660 3596 2672 ³
3631 2645 3695 2698 τό

2085 2755 2146 2794 τε
2172 2737 2475 2811 ἀπορῤίψαι
2513 2738 2573 2791 τὸ
2617 2737 2906 2791 Ἰουδαϊκὸν
2934 2736 3199 2808 κάλυμμα
3221 2778 3235 2802 ,
3266 2738 3361 2791 καὶ
3390 2736 3695 2792 πιστεῦσαι

2084 2832 2167 2887 ὅτι
2194 2830 2410 2903 εὐδοκία
2434 2831 2569 2884 Θεοῦ
2598 2833 2626 2886 ὁ
2657 2831 2764 2903 πρὸ
2792 2830 3004 2885 αἰώνων
3016 2830 3348 2901 Μονογενὴς,
3383 2831 3441 2883 ὲν
3472 2830 3695 2900 ὑστέρῳ

2086 2926 2263 3000 καιρῷ
2309 2928 2375 2981 ὲκ
2401 2926 2681 2998 Παρθένου
2724 2926 3014 2996 γεγένηται
3058 2924 3178 2996 δίχα
3214 2925 3432 2995 ὁμιλίας
3460 2924 3692 2996 ἀνδρός-

2088 3020 2184 3073 καὶ
2223 3021 2305 3073 ὅτι
2347 3019 2727 3072 ἐπολιτεύσατο
2766 3018 2842 3081 ὡς
2903 3017 3189 3089 ἄνθρωπος
3230 3017 3359 3071 ἄνευ
3411 3018 3697 3089 ἁμαρτίας

2088 3110 2384 3183 πληρώσας
2421 3113 2601 3164 πᾶσαν
2628 3110 2972 3180 δικαιοσύνην
3000 3110 3101 3181 τὴν
3127 3108 3222 3161 τοῦ
3250 3109 3417 3180 νόμου
3436 3126 3450 3138 σ
3483 3111 3582 3163 καί
3610 3111 3696 3163 ὅτι

2091 3206 2437 3278 συγχωρήσει
2465 3204 2603 3259 Θεοῦ
2631 3203 2864 3275 σταυρὸν
2894 3203 3207 3275 ὑπέμεινεν,
3225 3201 3488 3273 αἰσχύνης
3516 3219 3696 3256 κατα·-

2089 3301 2365 3371 φρονήσας
2391 3301 2419 3351 ὁ
2447 3297 2579 3361 Θεὸς
2608 3298 2811 3367 Λόγος·
2844 3297 2938 3350 καὶ
2970 3297 3053 3349 ὅτι
3086 3295 3354 3359 ἀπέθανε,
3385 3298 3481 3349 καὶ
3511 3297 3693 3367 ἐτάφη

2088 3394 2183 3446 καὶ
2211 3391 2411 3462 ἀνέστη
2439 3389 2528 3444 διὰ
2553 3390 2720 3461 τριῶν
2749 3389 2992 3461 ἡμερῶν,
3023 3390 3116 3442 καὶ
3149 3388 3288 3460 μετά
3314 3389 3415 3459 τὴν
3444 3388 3694 3442 ἀνάστα-

2090 3501 2175 3538 σιν
2200 3483 2609 3556 τεσσαράκοντα
2649 3483 2862 3554 ἡμέρας
2905 3482 3258 3553 παραμείνας
3302 3485 3415 3546 τοῖς
3453 3484 3694 3535 ἀποστό-

2087 3576 2229 3641 λοις,
2279 3578 2375 3631 καὶ
2421 3575 2717 3649 πληρώσας
2761 3576 2943 3629 πᾶσαν
2984 3573 3227 3638 διάταξιν
3270 3574 3553 3647 ἀνελήφθη
3603 3577 3692 3629 ἐπ’

2086 3672 2274 3743 ὄψεσιν
2300 3670 2479 3724 αὐτῶν
2510 3669 2650 3742 πρὸς
2676 3669 2770 3722 τὸν
2817 3668 3214 3722 ἀποστείλαντα
3243 3668 3405 3721 αὐτὸν
3436 3668 3575 3721 Θεὸν
3598 3672 3693 3723 καὶ

2088 3765 2326 3837 Πατέρα.
2357 3764 2415 3819 '0
2440 3762 2616 3818 ταῦτα
2641 3760 2957 3827 πιστεύσας,
2978 3763 3077 3834 οὐχ
3106 3762 3291 3825 ἁπλῶς
3310 3761 3430 3815 οὐδὲ
3451 3762 3691 3831 ἀλόγως,

2085 3859 2225 3913 ἀλλά
2274 3858 2454 3930 κρίσει
2508 3858 2600 3911 καὶ
2646 3856 3022 3929 πληροφορίᾳ,
3068 3857 3313 3928 χάρισμα
3353 3856 3584 3927 είληφεν
3628 3858 3693 3910 ἐκ

2087 3954 2242 4008 Θεοῦ.
2268 3952 2542 4014 Ὡσαύτως
2570 3951 2734 4004 δὲκαὶ
2761 3953 2789 4004 ὁ
2818 3950 3001 4023 πάσης
3029 3952 3295 4025 αἱρέσεως
3319 3950 3687 4020 ἀπαλλαγείς.

2091 4046 2262 4103 Nemo
2295 4062 2388 4115 per
2408 4044 2679 4100 Christum
2712 4045 2765 4098 in
2794 4044 2961 4098 Deum
3004 4043 3240 4108 credens,
3271 4046 3362 4115 qui
3394 4063 3501 4099 non
3538 4064 3692 4100 acce-

2085 4142 2219 4209 perit
2248 4140 2516 4194 charisma
2545 4136 2843 4207 spirituale.
2878 4135 3065 4205 Ipsum
3103 4138 3293 4191 etenim
3327 4138 3448 4201 hoc,
3485 4139 3690 4192 libera-

2089 4241 2200 4286 tum
2219 4247 2333 4286 esse
2359 4230 2522 4299 impio
2550 4225 2837 4281 multorum
2881 4225 3099 4280 deorum
3126 4227 3291 4293 cultu,
3316 4237 3365 4281 et
3393 4227 3692 4281 credidisse

2088 4323 2201 4378 Deo
2231 4323 2386 4376 Patri
2435 4338 2527 4390 per
2562 4320 2869 4381 Christum,
2912 4319 3181 4372 charisma
3219 4318 3317 4373 Dei
3364 4328 3444 4373 est
3479 4337 3498 4374 :
3532 4329 3592 4372 ut
3635 4329 3687 4373 et

2090 4415 2344 4484 abjecisse
2365 4412 2653 4467 Iudaicum
2704 4411 2969 4473 uelamen,
3003 4427 3065 4464 ac
3096 4408 3386 4470 credidisse
3416 4410 3561 4481 quod
3588 4408 3687 4463 Dei

2085 4609 2320 4653 extremo
2366 4608 2593 4666 tempore
2620 4611 2684 4651 ea:
2716 4596 2928 4668 Virgine
2963 4603 3120 4649 natus
3161 4604 3241 4648 est
3270 4594 3383 4647 sine
3414 4594 3520 4648 viri
3554 4611 3687 4648 con-

2084 4692 2263 4747 cubitu
2293 4707 2310 4746 :
2338 4698 2386 4744 et
2416 4689 2553 4757 quod
2592 4690 2645 4743 in
2682 4690 2793 4742 vita
2830 4697 3078 4756 tanquam
3112 4686 3265 4740 homo
3316 4697 3563 4740 versatus
3604 4697 3684 4742 est

2086 4784 2279 4853 absque
2307 4790 2541 4853 peccato,
2576 4782 2791 4849 impleta
2829 4779 2972 4832 omni
2992 4778 3209 4847 justitia
3243 4778 3369 4847 legis
3393 4793 3413 4830 :
3441 4784 3686 4849 quodque

2083 4873 2426 4941 permissione
2466 4871 2566 4924 Dei
2611 4869 2752 4923 Deus
2800 4868 3026 4923 Verbum
3100 4868 3365 4924 sustinuit
3433 4884 3684 4924 crucem.

2086 4965 2413 5022 confusione
2459 4970 2775 5033 contempta
2815 4980 2831 5017 :
2868 4972 2919 5017 et
2941 4962 3079 5033 quod
3102 4970 3344 5017 mortuus
3370 4972 3473 5027 est,
3506 4981 3571 5017 ac
3607 4980 3687 5017 se-

2084 5058 2262 5129 pultus
2288 5066 2339 5113 et
2369 5056 2659 5111 resurrexit
2688 5055 2744 5108 in
2775 5054 2972 5119 triduo,
3000 5064 3155 5124 atque
3177 5064 3297 5124 post
3327 5058 3689 5110 resurrectio-

2092 5169 2211 5209 nem
2257 5166 2377 5204 cum
2425 5148 2682 5219 apostolis
2729 5147 2913 5201 diebus
2954 5146 3312 5216 quadraginta
3361 5147 3685 5216 permansit,

2086 5243 2442 5313 eompletaque
2483 5240 2627 5293 omni
2675 5239 3088 5303 constitutione,
3149 5248 3459 5306 assumptus
3506 5247 3588 5292 est
3626 5237 3687 5289 in

2085 5351 2266 5391 eorum
2323 5341 2602 5402 conspectu
2657 5330 2725 5385 ad
2766 5331 2933 5385 Deum
2963 5339 3012 5385 et
3053 5328 3273 5383 Patrem
3304 5329 3398 5400 qui
3422 5346 3546 5383 eum
3575 5329 3686 5382 mi-

2087 5436 2249 5484 serat.
2289 5426 2394 5494 Qui
2426 5425 2536 5480 ha’c
2580 5422 2824 5490 credidit,
2858 5439 2963 5477 non
3004 5422 3194 5476 stolide
3236 5437 3298 5476 ac
3334 5424 3475 5476 citra
3512 5422 3689 5475 ratio-

2088 5537 2225 5585 nem,
2281 5518 2370 5574 sed
2424 5534 2545 5572 cum
2578 5516 2786 5589 judicio
2832 5532 2897 5572 ac
2937 5516 3270 5583 certitudine,
3320 5517 3368 5572 is
3410 5515 3689 5571 charisma

2161 5701 2274 5770 (75)
2316 5699 2372 5770 ξι.
2401 5698 2608 5753 Athan.
2630 5737 2643 5761 ,
2674 5713 2761 5767 ep.
2789 5695 3191 5770 Festal.._t._ll,
3228 5698 3316 5754 59.

2160 5767 2273 5845 (74)
2309 5767 2566 5835 Tertull.,
2597 5770 2665 5823 De
2700 5786 2785 5822 an.
2827 5785 2905 5825 Ix.
2942 5784 2994 5825 ιι.
3024 5768 3130 5821 "2'70
