3740 6302
1011 349 1619 413 CONSTITUTIONES
1646 356 2107 415 APOSTOLICE.
2142 388 2213 404 -—
2246 358 2589 420 PROGIMIA.

90 442 195 555 ζ’ὓῷ
212 442 833 555 ζὲἒηὶῗῗιῖμοδῑ
876 452 1164 517 similiter
1201 475 1250 520 et
1277 470 1363 537 qui
1400 467 1462 519 ab
1493 468 1630 521 omni
1658 466 1754 521 Iw.
1792 472 1837 527 Δ
1865 469 2056 535 fabulis
2084 472 2136 523 in
2161 486 2385 526 errorem
2410 472 2593 527 abduci
2618 474 2850 542 patiatur
2879 474 3006 545 (77).
3037 476 3203 531 Lubet
3227 480 3384 531 etiam

100 590 160 637 mi

118 674 205 722 tua

260 532 516 627 ρςξυαιιιδ
577 528 757 627 fuitL
784 534 966 596 Dona
1028 564 1177 608 vero
1234 528 1352 623 quae
1394 556 1551 625 vulgo
1599 557 1764 624 gratis

290 615 586 685 dicuntur,
622 622 689 679 in
719 624 1007 692 Ecclesia
1062 645 1358 710 quaerenda
1396 660 1541 706 esse,
1573 660 1632 699 ac
1666 661 1765 700 suo

138 712 381 817 ἔροιο
406 724 528 817 non
561 712 840 817 defuisse
873 732 1135 784 testatur
1181 732 1493 803 Hippolytus
1532 754 1545 788 :
1585 735 1763 788 Ταῦτα

149 802 447 898 δειλαίην-ν
475 802 542 854 οὔ
560 804 681 898 *τᾲς
713 808 965 883 ἀληθεῖς
994 822 1333 890 προφητείας
1355 802 1761 885 ἔξουθενοῦντες.

179 892 347 978 πέψει)
373 892 487 965 γὰρ
514 894 698 961 αὑτὰς
728 905 866 954 κατ’
891 906 1188 962 ἐπίπνοιαν
1215 910 1343 962 Θεοῦ
1370 912 1426 964 ὲν
1464 915 1571 974 τοῖς
1603 913 1764 975 ὁσίοις

189 985 531 1068 διηγεῖσθαι,
561 988 708 1042 ἀλλὰ
734 992 802 1044 τὸ
834 992 1047 1066 θράσος
1064 998 1174 1051 τῶν
1200 999 1650 1070 ἀλαζονευομένων
1669 1018 1765 1054 κα-

213 1079 581 1143 ταστωοντες.
620 1078 758 1135 Hinc
783 1096 973 1140 autem
1020 1086 1262 1151 dicimus,
1311 1106 1409 1142 non
1446 1090 1579 1159 quod
1618 1106 1761 1143 veras

211 1173 485 1242 prophetias
536 1180 976 1239 contemnamus,
1016 1193 1148 1246 quas
1175 1179 1364 1231 scimus
1388 1178 1482 1231 Dei
1510 1180 1681 1247 afﬂatu
1708 1182 1762 1234 in

214 1262 396 1314 sanctis
429 1261 570 1329 ﬁeri,
603 1262 697 1315 sed
742 1272 807 1316 ut
837 1267 1202 1333 arrogantium
1232 1267 1590 1334 conﬁdentiam
1623 1269 1763 1321 cohi-

203 1352 435 1405 deamus.
484 1348 669 1419 Atque
696 1350 809 1405 hoc
838 1352 1009 1407 veluti
1036 1354 1354 1423 prommium
1403 1354 1501 1407 fuit
1544 1356 1762 1423 majoris

198 1441 422 1507 operis,
476 1440 630 1509 quod
684 1441 757 1494 ad
810 1450 1017 1496 sartam
1087 1451 1385 1512 tectamque
1450 1445 1760 1499 servandam

186 1528 457 1583 Ecclesiae
506 1529 871 1600 disciplinam
923 1531 1240 1602 Hippolytus
1288 1534 1493 1602 primus
1547 1532 1763 1601 excogi-

185 1618 353 1669 tavit.

259 1706 334 1762 ll.
374 1707 759 1763 Tertullianus
792 1709 1135 1762 traditionum
1186 1709 1387 1774 vindex,
1425 1709 1560 1763 hisce
1599 1710 1757 1763 armis

3287 370 3387 422 5258

1861 558 2021 612 unius
2049 573 2111 611 ex
2142 560 2531 615 recentioribus
2553 559 2817 638 judicium
2843 563 2911 616 de
2932 563 3033 616 hoc
3069 580 3229 631 opere
3255 580 3384 631 pro-

1861 643 2018 699 ferre.
2048 644 2181 700 Sunt
2211 646 2292 699 illi
2320 663 2560 709 canones,
2607 647 3106 720 Constitutionesque
3134 654 3389 721 antiquis-

1860 733 2024 795 simae,
2054 734 2220 786 multa
2263 735 2318 787 in
2348 736 2455 789 illis
2489 736 2915 791 excellentissima
2955 750 3003 792 et
3041 743 3215 809 magni
3257 758 3386 809 pon-

1858 822 1994 875 deris
2016 826 2334 878 continentur
2366 826 2495 895 (78).

1928 911 2015 967 lll.
2073 911 2180 967 Cur
2216 915 2279 967 ab
2325 918 2544 970 avaritia
2590 917 2889 972 damnanda
2932 921 3138 972 initium
3188 923 3383 988 faciant

1861 997 2255 1056 Constitutiones
2270 1005 2637 1070 apostolorum.
2653 1037 2716 1047 —
2733 1008 3081 1072 Quamobrem
3098 1026 3253 1063 nemo
3265 1027 3381 1063 am-

1860 1092 2000 1159 plius
2034 1092 2313 1145 mirabitur
2336 1094 2381 1147 si
2426 1095 2491 1147 ab
2521 1097 2740 1149 avaritia
2781 1097 3081 1150 damnanda
3126 1099 3385 1167 incipiunt

1858 1178 2257 1233 Constitutiones
2316 1184 2611 1249 apostolicae
2658 1202 2676 1240 :
2733 1186 3013 1255 Ἀπέχεσθε
3063 1184 3153 1239 οὖν
3208 1189 3385 1258 πάσης

1859 1267 2178 1331 πλεονεξίας,
2217 1269 2478 1325 Abstinete
2513 1274 2671 1341 igitur
2715 1275 2777 1326 ab
2819 1277 2959 1328 omni
3002 1278 3223 1328 avaritia
3248 1278 3382 1347 (79).

1856 1355 2091 1425 Namque
2118 1358 2216 1412 hoc
2246 1361 2429 1413 vitium
2453 1362 2789 1416 vehementer
2814 1367 3102 1433 exprobrat
3136 1366 3386 1419 Montano

1858 1446 2076 1514 suisque
2103 1448 2430 1504 mulierculis
2471 1465 2678 1506 coaevus
2702 1452 2982 1524 Hippolyto
3030 1464 3215 1509 auctor
3257 1474 3270 1509 :
3330 1459 3385 1509 '0

1857 1536 2170 1606 πρακτῆρας
2213 1538 2502 1608 χρημάτων
2545 1546 2916 1613 καταστήσας,
2963 1547 2990 1596 ὁ
3035 1547 3120 1597 ἐπ’
3166 1546 3386 1614 ὀνόματι

1857 1627 2168 1696 προσφορῶν
2191 1628 2285 1697 τὴν
2311 1628 2636 1700 δωροληψίαν
2664 1633 3098 1702 ἐπιτεχνώμενος.
3146 1636 3217 1687 Οὐ
3244 1635 3386 1687 δοκεῖ

1857 1732 1935 1768 σοι
1948 1718 2108 1769 ’πᾶσα
2136 1719 2317 1788 Γραφὴ
2347 1719 2567 1772 κωλύειν
2596 1724 2869 1792 προφήτην
2907 1722 3194 1791 λαμϐάνειν
3220 1724 3381 1794 δῶρα,

173 1798 252 1851 ab
286 1798 587 1869 Hippolyto
610 1808 970 1869 expugnatur.
989 1830 1057 1840 —
1088 1801 1219 1853 Nam
1244 1801 1288 1855 si
1317 1816 1433 1869 qua:
1454 1802 1752 1869 respublica

1861 1807 1952 1859 καὶ
1976 1783 2224 1877 χρήματα
2247 1783 2267 1872 ;_
2290 1783 2411 1861 δταν
2438 1807 2529 1862 οὖν
2558 1783 2650 1862 ἴδοι
2810 1783 3070 1880 προφῆτιν
3116 1783 3386 1881 είληφυιῖαν

174 1903 327 1941 suas
356 1889 564 1941 habuit
614 1889 767 1957 leges
797 1891 997 1959 quibus
1042 1897 1282 1944 uteretur
1312 1898 1470 1958 atque
1498 1891 1748 1945 consiste-

170 1985 297 2041 ret,
338 1993 407 2032 ea
457 1976 721 2047 profecto
771 1977 873 2053 fuit
901 1978 1226 2042 Christiana,
1255 1995 1371 2048 qua:
1407 1980 1759 2034 sanctissimis

169 2068 407 2135 legibus
439 2077 619 2135 atque
648 2068 916 2121 institutis
958 2083 1054 2121 usa
1096 2068 1165 2121 ab
1206 2068 1378 2131 initio,
1409 2069 1604 2137 ubique
1650 2078 1755 2123 ter~

169 2171 380 2209 rarum
444 2165 763 2226 propagata
815 2163 918 2211 est.
966 2154 1075 2211 Has
1118 2154 1258 2225 legas
1312 2164 1472 2225 atque
1518 2158 1759 2213 instituta

167 2261 311 2313 qua:
352 2246 629 2299 Clemens
680 2245 994 2313 collegerat,
1044 2243 1358 2314 Hippolytus
1401 2245 1584 2308 edidit,
1636 2261 1757 2300 cum

167 2336 371 2388 adhuc
403 2335 680 2403 religiose
731 2334 788 2386 in
821 2333 1058 2387 Ecclesia
1083 2341 1463 2388 servarentur:
1498 2349 1759 2404 nemoque

165 2440 241 2478 ex
292 2426 589 2479 haereticis
640 2432 754 2477 tam
802 2431 948 2477 esset
996 2424 1304 2491 impudens,
1357 2424 1448 2492 qui
1478 2438 1657 2479 mores
1704 2426 1759 2479 in

167 2514 444 2570 Ecclesia
494 2521 757 2582 receptos
806 2527 1004 2583 negare
1050 2520 1248 2582 posset.
1292 2512 1369 2565 Ac
1400 2513 1760 2569 Tertullianus

170 2604 444 2674 profecto
496 2619 617 2672 quo
649 2603 872 2656 doctior
909 2617 975 2657 eo
1004 2602 1351 2670 pervicacior,
1376 2600 1530 2655 facile
1548 2615 1759 2655 omnem

174 2696 644 2750 cobortationem
678 2707 789 2762 qua
820 2693 888 2746 ad
917 2693 1199 2746 sanitatem
1244 2699 1603 2754 revocaretur,
1641 2705 1759 2744 om-

176 2801 430 2857 nemque
460 2785 908 2839 confutationem
931 2782 1134 2835 insanae
1155 2783 1419 2837 haereseos
1444 2796 1626 2851 quam,
1666 2795 1759 2835 ve-

179 2878 355 2932 ritate
417 2878 724 2947 abnegata,
782 2873 1206 2943 amplectebatur
1229 2912 1244 2936 ,
1329 2870 1755 2939 contempsisset.

180 2966 374 3021 Unum
397 2973 697 3035 supererat
722 2971 1097 3033 argumentum
1124 2978 1187 3016 ex
1217 2962 1502 3015 traditione
1514 2963 1756 3028 petitum;

1858 1898 1947 1950 καὶ
1994 1899 2188 1968 χρυσὸν
2234 1900 2324 1951 καὶ
2368 1900 2603 1970 ἄργυρον
2646 1902 2736 1952 καὶ⁵
2780 1902 3080 1963 πολυτελεῖς
3128 1902 3383 1971 ἐσθῆτας,

1856 1987 1969 2049 πῶς
1995 1988 2160 2058 αὐτὴν
2190 1988 2261 2058 μὴ
2290 1991 2686 2059 παραιτήσομαι
2712 2009 2724 2055 ;
2772 1992 2873 2055 Qui
2904 1994 3234 2059 pecuniarum
3262 2009 3388 2046 exa-

1854 2085 2016 2129 ctores
2044 2079 2712 2147 eonstituit:quisordidam
2731 2099 2992 2134 munerum
3023 2085 3384 2151 captationem,

1856 2166 2173 2219 oblationum
2197 2169 2397 2220 nomine
2425 2168 2609 2221 callide
2632 2169 2897 2225 obrelavit.
2920 2170 3039 2223 Non
3068 2170 3161 2223 tibi
3191 2172 3389 2224 videtur

1856 2249 2129 2321 Scriptura
2174 2256 2410 2307 universa
2465 2256 2762 2321 prohibere,
2812 2274 2872 2309 ne
2898 2258 3143 2324 propheta
3173 2275 3388 2311 munera

1854 2351 1903 2394 et
1918 2344 2156 2409 pecunias
2186 2344 2581 2409 accipiat?Cum
2611 2346 2767 2413 igitur
2792 2345 2987 2397 videant
3016 2346 3389 2413 prophetissam

1857 2450 2044 2485 aurum
2090 2444 2138 2487 et
2176 2447 2470 2503 argentum,
2518 2446 2772 2504 vestesque
2818 2438 3069 2503 pretiosas
3114 2439 3385 2504 accepisse,

1854 2522 2105 2590 quomodo
2152 2539 2265 2575 eam
2312 2540 2412 2576 non
2466 2523 2785 2589 repudiabo?
2831 2524 2941 2592 (80)
3001 2523 3194 2577 Vetant
3240 2526 3388 2578 inse-

1858 2610 2044 2678 quenti
2086 2612 2259 2679 capite
2281 2610 2704 2675 Constitutiones,
2751 2612 3049 2666 maledictis
3078 2615 3383 2682 quempiam

1856 2699 2156 2753 incessere:
2208 2700 2362 2753 Ἀλλὰ
2405 2701 2700 2772 καταρᾶται
2745 2702 2804 2753 σέ
2841 2714 2957 2767 τις;
2991 2704 3053 2755 σὺ
3103 2704 3389 2773 εὐλόγησον

1855 2792 2014 2843 αὐτόν
2039 2810 2051 2844 :
2086 2790 2187 2844 Sed
2227 2792 2413 2860 aliquis
2443 2792 2533 2844 tibi
2560 2791 2866 2847 maledicit?
2890 2801 2945 2844 tu
2969 2792 3171 2846 benedic
3208 2795 3253 2846 ei
3278 2795 3387 2863 (81)

1856 2887 2133 2946 propterea
2170 2880 2314 2947 quod
2366 2880 2690 2934 bacchantes
2752 2881 3124 2943 Montanistaa.
3182 2884 3388 2937 nullum

1857 2969 2011 3021 linem
2059 2969 2405 3023 maledicendi
2458 2970 2691 3024 facerent
2717 2986 2731 3024 :
2761 2971 2869 3039 Τὴν
2926 2970 2979 3023 δὲ
3027 2971 3246 3023 καθόλου
3298 2972 3392 3023 καὶ

181 3056 327 3110 illud
365 3058 557 3126 ipsum
588 3055 831 3115 scilicet,
862 3065 969 3121 quo
998 3051 1044 3104 is
1066 3065 1166 3119 pro
1191 3049 1426 3104 Ecclesia
1472 3048 1759 3103 fortissime

1861 3060 2032 3109 πᾶσαν
2072 3058 2168 3128 τὴν
2205 3058 2308 3111 ὑπὸ
2336 3059 2424 3111 τὸν
2463 3058 2681 3129 οὐρανὸν
2721 3059 3034 3129 Ἐκκλησίαν
3064 3061 3391 3130 βλασφημεῖν

184 3166 586 3220 dimicaverat.
638 3161 779 3215 Nam
828 3176 953 3216 vere
1003 3176 1111 3230 prae
1147 3160 1355 3215 caateris
1386 3160 1761 3213 animadvertit

186 3254 253 3310 Ε.
283 3256 551 3310 Νοτίεἰιιε
582 3274 596 3308 :
637 3252 835 3306 Nullus
859 3260 1082 3304 veterum
1111 3258 1201 3303 aut
1231 3258 1335 3301 tam
1364 3264 1515 3317 saepe,
1546 3258 1636 3300 aut
1658 3257 1763 3300 tam

186 3346 375 3399 valide.
421 3345 769 3398 traditionem
801 3342 1099 3404 inculcavit,
1145 3351 1221 3392 uti
1255 3339 1606 3393 Tertullianus
1630 3338 1759 3409 (75).

187 3432 310 3487 Hoc
341 3436 542 3503 itaque
595 3434 705 3486 telo
750 3431 915 3485 veluti
953 3431 1019 3484 de
1064 3430 1234 3498 ipsius
1268 3430 1517 3484 manibus
1558 3438 1759 3497 erepto,

186 3521 538 3593 Hippolytus
591 3521 844 3575 furentes
888 3517 1127 3571 Montani
1162 3518 1394 3571 asseclas
1437 3517 1765 3585 compescuit

186 3628 255 3666 ac
285 3628 466 3682 prope
497 3612 721 3666 delevit.
763 3608 867 3663 Sed
915 3609 1006 3678 qui
1030 3607 1279 3661 Ecclesia:
1321 3606 1526 3675 legibus
1556 3606 1622 3659 ab
1651 3606 1762 3660 ori-

188 3704 322 3772 gine
363 3704 625 3772 repetitis
674 3715 839 3755 unam
887 3712 1085 3754 sectam
1136 3713 1421 3767 aggressus
1448 3706 1551 3759 est,
1584 3697 1763 3764 plures

188 3795 335 3849 alias
366 3795 740 3861 imposterum
779 3796 1072 3843 exorturas
1096 3788 1279 3842 eodem
1304 3788 1485 3841 labore
1510 3787 1760 3842 confecit.

188 3882 487 3953 Hippolyti
521 3889 675 3935 certe
697 3894 965 3933 canonum
1009 3877 1253 3931 collectio
1282 3876 1414 3929 adeo
1436 3877 1657 3945 probata
1683 3885 1765 3931 est

186 3975 299 4027 sub
342 3971 548 4027 eodem
602 3969 781 4033 titulo,
840 3981 949 4034 quo
990 3966 1043 4018 in
1074 3966 1243 4033 ipsius
1290 3978 1587 4017 marmorea
1637 3965 1763 4020 sede

187 4062 299 4115 fuit
354 4060 636 4128 inscripta
690 4055 989 4127 Παράδοσις
1039 4053 1380 4122 ἁποστολική,
1431 4059 1489 4105 ιιι
1523 4052 1763 4107 eamdem

188 4150 619 4206 Constantinus
662 4145 733 4199 Μ.
756 4146 898 4198 haud
932 4144 1097 4198 semel
1124 4144 1393 4212 episcopis
1432 4141 1766 4196 commenda-

185 4242 336 4296 verit
391 4237 537 4308 (76)
593 4246 755 4304 atque
814 4249 844 4286 a
884 4232 984 4287 PP.
1034 4232 1173 4300 inter
1211 4232 1474 4299 praecipua
1518 4229 1764 4285 Ecclesiae

184 4326 627 4400 prOpugnacula
675 4324 935 4376 adversus
967 4322 1243 4375 haareticos
1277 4321 1434 4375 fuerit
1464 4320 1761 4385 recensita;

183 4422 285 4475 καὶ
350 4421 477 4489 ὅροι
529 4414 645 4484 γὰρ
688 4412 947 4482 ἐτέθησαν
1003 4413 1163 4480 ἡμῖν,
1209 4411 1300 4461 καὶ
1355 4408 1617 4477 Θεμέλιοι,
1674 4409 1766 4460 καὶ

183 4511 459 4580 οἰκοδομὴ
507 4506 612 4575 τῆς
650 4504 901 4565 πίστεως,
939 4502 1028 4554 καὶ
1069 4500 1390 4552 Ἀποστόλων
1418 4498 1769 4568 παραδόσεις,

182 4605 288 4655 καὶ
315 4598 543 4671 γραφαὶ
582 4595 756 4662 ἅγιαι,
788 4594 880 4645 καὶ
919 4590 1156 4659 διαδοχαὶ
1194 4587 1546 4650 διδασκαλίας,
1590 4588 1683 4639 καὶ
1708 4588 1772 4639 ὲκ

182 4687 552 4758 πανταχόθεν
602 4686 636 4753 ὴ
688 4682 908 4751 ἀλήθεια
956 4680 1049 4732 τοῦ
1097 4678 1227 4731 Θεοῦ
1275 4678 1624 4748 ήσφάλισται,
1678 4680 1771 4730 καὶ

186 4782 391 4853 μηδεὶς
433 4773 748 4831 ἀπατάσθω
788 4775 898 4833 τοῖς
939 4769 1140 4830 καινοῖς
1183 4767 1384 4837 μύθοις.
1418 4767 1558 4819 Nam
1598 4777 1646 4820 et
1675 4775 1771 4820 ter-

184 4874 331 4927 mini
380 4867 692 4940 prarscripti
740 4862 885 4916 nobis
930 4866 1075 4923 sunt,
1123 4870 1170 4925 et
1215 4858 1548 4926 fundamenta
1600 4858 1770 4925 posita

181 4974 239 5019 et
301 4962 434 5032 ﬁdei
497 4965 816 5017 structura,
874 4960 928 5006 et
992 4952 1354 5019 apostolorum
1417 4950 1765 5014 traditiones,

182 5065 239 5108 et
276 5067 454 5107 sacra:
480 5051 697 5109 litterw,
725 5053 774 5097 et
798 5042 1018 5097 celestis
1048 5042 1304 5095 doctrinae
1333 5048 1618 5108 propagata
1646 5057 1770 5095 suc-

185 5143 402 5205 cessio,
436 5155 505 5192 ac
537 5136 760 5204 denique
787 5134 963 5185 divina
1003 5131 1188 5183 veritas
1219 5143 1281 5181 ea:
1310 5130 1447 5180 omni
1477 5137 1620 5193 parte
1650 5146 1766 5181 mu-

186 5234 314 5285 nita
352 5238 462 5283 est.
519 5234 574 5279 et
615 5224 921 5277 constituta.
980 5216 1204 5269 Proinde
1250 5231 1392 5266 nemo
1437 5230 1491 5266 se
1530 5214 1767 5269 inanibus

300 5404 384 5464 75)
427 5399 601 5453 Noris
632 5396 808 5464 Optt.
841 5390 931 5464 l_l_l_,
964 5390 1072 5464 col.
1106 5387 1253 5441 1016.

300 5405 361 5458 75
427 5404 601 5453 Noris
632 5404 731 5464 0p.
764 5404 808 5447 t.
841 5404 931 5449 Ill,
964 5404 1072 5441 COl.
1106 5404 1253 5441 ww.

300 5404 384 5610 76$
425 5469 535 5537 Ap.
573 5468 701 5545 Eas.
727 5462 807 5515 De
846 5460 953 5511 Vit.
993 5456 1169 5509 Const.
1196 5470 1275 5515 ιιι,
1299 5452 1383 5505 67.

300 5542 358 5593 77
432 5534 719 5610 _S._Ep:ph.
748 5532 883 5610 [iam
919 5525 1136 5610 “,5.”

276 5525 383 5608 l773
527 5534 719 5608 Epiph.
748 5532 883 5608 [iam
919 5541 1008 5584 ιν,
1036 5525 1136 5608 5."

276 5593 380 5675 {73$
424 5593 708 5675 Albaspin.
743 5598 979 5675 Observ.
1018 5593 1155 5654 1,15.

279 5665 384 5749 {79)
430 5665 661 5730 Constit.
700 5683 787 5734 ap.
826 5679 865 5725 ι,
890 5665 939 5713 1η

1859 3146 2186 3211 διδάσκοντος
2211 3149 2302 3200 τοῦ
2327 3149 2787 3219 ἀπηυθαδισμὲνου
2828 3151 3145 3220 πνεύματος.
3180 3151 3393 3204 Univer-

1859 3255 1971 3291 sum
2002 3255 2136 3301 vero,
2163 3256 2276 3308 qua:
2296 3254 2383 3307 per
2410 3239 2579 3292 orbem
2604 3249 2856 3292 terrarum
2887 3258 3069 3308 sparsa
3096 3250 3194 3303 est,
3218 3241 3394 3294 Eccle-

1860 3330 2017 3391 siam,
2048 3329 2180 3382 idem
2222 3330 2310 3382 ille
2356 3332 2810 3397 arrogantissimus
2851 3334 3063 3398 spiritus
3102 3334 3391 3385 maledictis

1861 3429 2094 3488 appetere
2120 3436 2204 3472 eos
2227 3420 2439 3472 docebat
2462 3421 2591 3490 (82).
2624 3420 2755 3474 lllud
2804 3423 2970 3489 magis
3000 3423 3214 3483 mirum,
3249 3422 3391 3489 quod

1860 3509 2295 3563 Constitutionum
2329 3511 2645 3578 compilator
2678 3510 2777 3563 sub
2814 3510 3020 3561 initium
3052 3517 3157 3561 tam
3190 3511 3392 3563 multus

1861 3601 1931 3653 sit
1961 3600 2013 3653 in
2043 3601 2279 3653 virorum
2329 3608 2575 3653 ornatum
2617 3616 2629 3650 :
2679 3600 2833 3668 quasi
2876 3614 3003 3653 vero
3026 3602 3388 3666 apostolorum

1858 3704 1970 3743 aevo
2016 3690 2071 3743 id
2115 3690 2366 3758 probrum
2411 3690 2716 3743 inolevisset
2748 3704 2760 3739 :
2798 3689 2885 3758 Μὴ
2937 3688 3394 3756 καλλωπιζόμενος

1859 3783 1937 3844 είς
1962 3782 2021 3834 τὸ
2048 3778 2373 3850 ἀγρευθῆναί
2398 3796 2582 3831 τινα...
2604 3778 2783 3847 Πιστῷ
2811 3778 2918 3846 γάρ
2948 3794 3027 3828 σοι
3054 3778 3165 3829 ὄντι
3192 3778 3284 3828 καὶ
3303 3778 3396 3829 ἀν-

1860 3872 2057 3942 θρώπῳ
2082 3871 2172 3925 τοῦ
2194 3871 2347 3932 Θεοῦ,
2376 3871 2472 3923 οὐκ
2512 3869 2684 3933 ἔξεστι
2710 3869 2924 3939 τρέφειν
2949 3867 3046 3929 τὰς
3083 3868 3271 3937 τρίχας
3298 3868 3396 3937 τῆς

1859 3963 2126 4033 κεφαλῆς,
2166 3963 2258 4014 καὶ
2303 3963 2469 4013 ποιεῖν
2522 3962 2600 4021 είς
2628 3947 2725 4021 Ἑν,
2777 3960 2804 4010 ὃ
2849 3960 2961 4011 ἐστι
3009 3957 3314 4009 σπατάλιον·
3359 3957 3394 4028 ἢ

1858 4053 2133 4123 ἀπόχυμα,
2172 4051 2205 4122 ἢ
2250 4051 2647 4121 μεμερισμένην
2685 4052 2887 4119 τηρεῖν·
2930 4048 3048 4101 οὐδὲ
3097 4049 3191 4117 μὲν
3240 4049 3395 4115 ὀγκο-

1861 4145 2049 4204 ποιεῖν,
2076 4140 2108 4211 ἢ
2137 4140 2467 4205 διαξαίνοντά
2489 4157 2548 4191 τε
2577 4141 2669 4192 καὶ
2698 4139 2994 4191 πλάσσοντα
3035 4138 3192 4208 οὗλην
3231 4138 3397 4190 διατι-

1862 4232 1998 4295 θεῐν,
2029 4231 2062 4301 ἢ
2093 4231 2415 4295 ξανθοποιεῖν
2443 4231 2625 4300 αὑτήν.
2668 4229 2748 4282 Ne
2780 4245 2926 4282 ornes
2959 4238 3025 4293 te,
3055 4237 3111 4281 ut
3138 4229 3394 4297 quapiam

1863 4320 2289 4389 capiatur...Tibi
2316 4321 2451 4375 enim
2479 4321 2565 4388 qui
2591 4319 2759 4387 ﬁdelis
2797 4328 2843 4372 et
2873 4318 3023 4372 homo
3054 4319 3148 4371 Dei
3187 4336 3261 4379 es,
3294 4335 3395 4371 non

1872 4413 1985 4468 licet
2013 4411 2207 4463 nutrire
2233 4425 2452 4471 comam,
2485 4418 2533 4461 et
2566 4411 2617 4461 in
2644 4424 2801 4461 unum
2829 4408 3084 4475 colligere,
3118 4406 3252 4474 quod
3282 4423 3398 4473 spa-

1871 4505 2054 4556 talium
2078 4511 2154 4555 est
2179 4519 2197 4557 :
2220 4501 2295 4554 vel
2323 4500 2601 4568 effundere,
2618 4512 2705 4552 aut
2727 4499 3135 4551 discriminatam
3158 4512 3358 4549 servare
3375 4515 3391 4545 :

1868 4606 2025 4660 neque
2053 4592 2206 4644 etiam
2235 4590 2558 4657 tumefacere,
2583 4604 2737 4656 neque
2765 4586 3016 4652 carpendo
3042 4601 3100 4636 ac
3122 4582 3394 4651 formando

1868 4683 2092 4747 crispum
2138 4678 2367 4740 reddere,
2425 4694 2581 4746 neque
2628 4694 2741 4729 eam
2796 4675 2985 4742 ﬂavam
3040 4673 3208 4740 [acere
3256 4671 3391 4741 (85).

1866 4769 2040 4837 Atque
2080 4769 2126 4823 is
2154 4768 2366 4836 quidem
2410 4768 2586 4820 cultus
2642 4765 2796 4817 facile
2838 4764 2890 4815 in
2917 4762 3281 4830 Cataphrygns
3310 4763 3392 4815 vel

1868 4857 2218 4910 Montanistas
2245 4855 2480 4910 Asiatico
2509 4856 2635 4907 luxu
2661 4854 2959 4928 difﬂuentes
2988 4852 3183 4905 invasit
3215 4868 3228 4902 :
3253 4851 3395 4920 quod

1865 4954 1920 5000 et
1947 4947 2258 5014 Apollonius
2299 4947 2429 5013 ipsis
2476 4944 2697 5012 objicit:
2744 4937 3064 5013 Προφήτης,
3113 4938 3232 4992 είπέ
3283 4958 3393 5009 μοι,

1867 5034 2159 5105 βάπτεται;
2204 5035 2478 5105 προφήτης
2526 5031 2849 5094 πιὸίζεταις
2881 5031 3157 5100 προφήτης
3185 5030 3396 5097 φιλοκο-

1866 5128 2027 5196 σμεῖ;
2071 5126 2167 5179 Dic
2205 5126 2359 5187 mihi,
2407 5125 2617 5193 tingilne
2667 5114 2881 5189 capillos
2928 5120 3219 5189 propheta?
3272 5137 3390 5173 num

1863 5215 2107 5283 propheta
2143 5213 2296 5268 stibio
2327 5212 2499 5266 oculos
2533 5211 2692 5265 linit?
2734 5228 2801 5263 an
2841 5209 3012 5263 studet
3056 5214 3231 5264 ornari
3272 5226 3385 5278 ριόο

1937 5392 2045 5463 (80)
2081 5392 2323 5463 Apollon.
2357 5405 2441 5457 ap.
2469 5389 2663 5463 Euseb.
2700 5389 2765 5442 Η.
2799 5389 2859 5445 Ε.
2887 5406 2936 5455 ν,
2962 5391 3045 5444 18.

1935 5460 2045 5527 (81)
2082 5460 2302 5515 Constit.
2328 5473 2411 5524 ap.
2440 5475 2476 5521 l,
2496 5460 2552 5512 2.

1933 5528 2043 5598 (82)
2082 5531 2178 5598 Ap.
2205 5528 2421 5589 Euseb,
2451 5544 2503 5591 v,
2524 5528 2608 5598 16.

1935 5595 2043 5671 (85)
2081 5595 2298 5653 Cbnstit.
2338 5612 2422 5666 ap.
2456 5612 2493 5661 ι,
2524 5595 2575 5650 5.
