3740 6254
251 341 353 395 53o

252 452 443 521 pheta?
469 448 581 519 (8‘)

255 496 403 521 l'"""
421 496 434 506 '
471 496 555 517 Χ*-
632 496 657 498 '
680 496 821 499 ""*'
971 498 974 501 λ

255 496 691 607 ὶὶοεηιίιιω,ἠυω
718 533 881 588 nimia
910 536 1025 585 erat
1051 526 1191 583 apud
1219 522 1588 581 Montanistas,
1623 517 1774 585 plura
1873 519 2032 582 atque
2067 521 2227 561 unam
2256 496 2742 569 Quadragesimam

1874 599 1996 653 dam
2026 594 2432 651 Constitutiones
2465 586 2773 640 memorant
2807 594 2821 628 :

1322 653 1607 755 Maximilla
1636 705 1779 751 certe
1872 683 2195 757 νηστείατῆς
2218 675 2685 751 Τεσσαρακοστῆς,
2720 687 2799 741 μντ

2055 683 2195 752 ατῆς
2218 675 2685 751 Τεσσαρακοστῆς,
2720 668 2954 741 μνήμην
2993 659 3397 757 Απεριξχουσα
3424 653 3532 757 τῆς

1874 745 1966 831 τόῦ
1995 745 2195 846 Κυρίου
2223 745 2493 831 πολιτείας
2520 784 2579 819 τε
2607 765 2699 818 καὶ
2727 753 3113 833 νομοθεσίας.
3157 745 3537 805 Seruandum

254 638 613 703 congeruntur
642 629 695 681 in
721 625 889 693 primo
913 617 1351 674 Constitutionum
1378 613 1536 673 libro,
1564 608 1777 663 eadem-

255 738 360 791 que
387 730 497 775 toto
524 732 680 787 opere
704 714 898 782 saepius
921 708 1275 763 inculcantur.

257 780 699 865 Montanistarum
745 780 1098 868 prophetissa,
1129 792 1335 845 nullum
1376 786 1560 840 habuit
1604 780 1778 836 infen-

1092 328 1132 383 S
1181 319 1564 382 CLEMENTIS
1596 320 1617 373 1
1649 316 1812 372 ROM.
1844 311 2040 370 PONT.
2074 306 2298 366 OPERA
2326 300 2559 358 DUBIA.

632 444 827 499 Deinde
857 441 922 496 ad
949 435 1302 501 coercendam
1330 428 1766 486 muliercularum
1795 432 1841 487 Α
1866 420 2094 476 maxime
2136 415 2449 470 nitebantur
2485 402 2871 461 Montanistaaz
2905 401 2969 448 at
3026 393 3211 445 certa
3259 381 3525 453 jejunla,

3408 266 3523 324 5‘0

2773 489 2975 559 prisco
3037 493 3224 536 more
3267 488 3528 531 servan-

2880 574 3075 643 ’Υμῖν
3128 563 3451 636 φυλακτέα
3495 563 3530 631 ἠ

264 843 596 865 noun-suasu-
613 843 699 857 uu-
782 843 835 851 -ν
880 843 1098 854 ---νη-ρ,
1130 843 1184 845 _,,
2084 843 2094 846 '

264 900 460 954 siorem
498 843 812 961 Hippolytz,
843 843 933 953 qui
983 892 1174 936 n0vam
1211 876 1505 932 Jesabelem
1552 872 1607 925 in
1634 870 1779 939 Apo-
1876 869 2016 922 vobis
2057 875 2135 920 est
2167 863 2427 933 jejunium
2449 854 2917 924 Quadragesimoe,
2966 843 3292 899 continens
3346 850 3538 890 recor-

1902 958 1909 961 ‘
1978 960 1984 961 ί
2418 950 2448 961 ν·
2525 948 2536 959 ·
2596 946 2631 961 n
2728 945 2739 956 -
2788 944 2883 961 ρ--
2958 946 3007 961 ,ι
3041 936 3191 961 ι-..;-
3225 928 3513 961 num/mn

259 984 460 1055 calypsi
511 985 890 1035 memoratam,
957 970 1126 1038 ipsam
1184 966 1350 1020 fuisse
1404 963 1779 1030 interpretatus

258 1082 341 1130 est
369 1071 497 1141 (85).

327 1139 414 1214 IV.
456 1157 671 1210 Errores
692 1152 1132 1206 Montanistarum
1168 1144 1471 1213 singillatim
1501 1144 1563 1194 ab
1590 1139 1782 1206 Hippo-

258 1254 365 1322 lyto
379 1248 571 1316 reiecti.
587 1274 651 1285 —-
666 1244 769 1298 Sed
783 1258 953 1311 neque
978 1241 1118 1293 ullus
1139 1252 1291 1291 error
1316 1234 1559 1303 proprius
1580 1230 1784 1283 Monta-

258 1318 519 1394 tiistarum
568 1333 687 1397 fuit,
717 1332 811 1402 qui
853 1346 960 1385 non
992 1327 1263 1382 refellatur
1302 1325 1355 1377 in
1390 1318 1785 1377 Constitutioni-

260 1428 375 1482 bus.
417 1425 497 1478 llli
543 1423 807 1488 negabant
835 1417 1086 1472 Ecclesia:
1132 1420 1449 1484 potestatem
1487 1406 1784 1465 dimittendi

259 1515 502 1585 graviora
539 1511 788 1571 crimina,
832 1507 1233 1562 Constitutiones
1272 1502 1467 1569 ubique
1502 1503 1782 1553 asserunt:

258 1581 365 1657 ίςαὶ
400 1606 507 1665 τοῖς
536 1598 872 1671 μετανοοῦσιν
912 1598 1096 1664 ἄφεσιν
1133 1592 1323 1645 διδόναι
1348 1587 1517 1659 χρή...
1556 1581 1787 1655 Γνώριζε

397 1652 744 1751 meminens,
765 1688 824 1740 τὸ
862 1652 1075 1755 ἀξίωμά
1110 1699 1201 1735 σου
1223 1720 1237 1743 ,
1259 1652 1551 1739 aridos—rei}
1578 1652 1786 1743 δεσμεῖν
1815 1742 1856 1757 Ἀ
1883 1670 1975 1722 τοῦ
2007 1667 2208 1737 Κυρίου
2233 1702 2249 1726 ,
2305 1652 2806 1733 προσλαμϐάνεσθε.

1815 1742 1858 1796 Β
1885 1763 1965 1813 ὅτι
2012 1734 2213 1826 τὸνμὲν
2256 1750 2466 1820 πνεῦμα
2513 1745 2820 1817 πρόθυμον,
2858 1740 2896 1808 ἠ
2931 1738 3005 1790 δὲ
3052 1735 3224 1806 σὰρξ
3276 1734 3567 1802 ἀσθενὴς,

256 1780 546 1852 ὲκληρὼσω
571 1779 667 1849 τὴν
696 1777 933 1842 ἐξουσίαν
950 1814 964 1838 ,
1004 1772 1143 1825 οὕτω
1170 1771 1262 1823 καὶ
1298 1767 1391 1820 τοῦ
1418 1767 1579 1819 λύειν.
1621 1763 1787 1817 Ροεηὶ-

261 1870 481 1924 tentilms
512 1878 681 1921 autem
724 1867 871 1919 venia
905 1860 1225 1917 concedenda
1259 1866 1399 1912 est...
1426 1856 1654 1924 Agnosce
1691 1853 1789 1920 igi-

261 1968 366 2019 tur,
402 1957 653 2025 episcope.
694 1953 997 2023 dignitatem
1040 1958 1202 2009 tuam,
1246 1943 1379 2015 quod
1405 1945 1537 1996 sicut
1575 1941 1787 1995 sortitus

258 2064 312 2100 es
341 2054 641 2114 potestatem
676 2040 894 2111 ligandi,
936 2041 1014 2092 ita
1057 2047 1104 2091 et
1141 2035 1388 2089 solvendi.
1440 2032 1789 2087 Montanistas

260 2147 439 2190 autem
486 2136 652 2203 digito
700 2138 962 2187 monstrat
1005 2135 1212 2190 auctor,
1263 2125 1351 2179 ubi
1384 2125 1490 2176 ait:
1521 2120 1675 2185 Δέξαι
1701 2117 1790 2171 οὖν

259 2227 348 2278 τὸν
380 2222 728 2295 μετανοοῦντα
760 2223 831 2291 μὴ
869 2215 1126 2278 διστάζων
1151 2215 1302 2277 ὅλως,
1340 2213 1470 2283 μηδὲ
1508 2226 1790 2280 παρεμποιο

259 2314 527 2383 δεξόμενος
549 2312 650 2364 ὑπὸ
676 2310 780 2362 τῶν
806 2306 1040 2375 ἀνηλεῶς
1060 2304 1318 2372 λεγόντων
1342 2340 1356 2363 ,
1389 2302 1460 2372 μὴ
1490 2301 1596 2352 δεῖν
1622 2296 1792 2350 τοιού-

259 2422 369 2465 τοις
418 2398 864 2472 συμμολύνεσθαι,
912 2398 1043 2467 μήτε
1082 2395 1236 2462 λόγου
1285 2392 1575 2445 κοινωνεῖν.
1622 2387 1794 2459 Igitur

260 2494 580 2560 pwnitentem
608 2490 804 2557 recipe;
836 2503 925 2540 nec
953 2497 998 2539 te
1030 2485 1289 2537 ullatenus
1312 2480 1548 2532 dubitare
1570 2478 1790 2546 faciant,

262 2594 351 2637 aut
391 2601 422 2635 a
447 2582 707 2650 proposito
752 2577 1039 2637 retrahunt,
1071 2575 1158 2644 qui
1207 2569 1683 2625 immisericorditer
1713 2569 1794 2621 di-

262 2680 403 2732 cunt,
426 2687 524 2723 non
557 2678 785 2736 oportere
812 2682 930 2719 cum
951 2661 1247 2732 hujusmodi
1267 2657 1609 2727 coinquinari,
1640 2670 1796 2723 neque

262 2762 340 2814 vel
368 2776 597 2813 sermone
632 2756 1008 2811 communicare
1031 2752 1165 2823 (86).
1208 2750 1331 2803 Haec
1361 2749 1616 2801 adversus
1647 2744 1799 2797 Mon-

263 2851 487 2903 tanistas
533 2849 676 2901 dicta
716 2861 837 2900 esse
873 2842 1147 2896 adnotavit
1174 2838 1497 2900 Cotelerius,
1528 2842 1620 2889 aut
1646 2840 1798 2889 vetu-

263 2941 462 2993 stiores
509 2938 668 2990 etiam
721 2934 1030 2997 haereticos,
1073 2931 1317 2998 quamvis
1365 2926 1689 2981 Moshemius
1729 2922 1797 2976 ad

1877 958 2133 1011 dationem
2159 928 2565 1007 conversationis
2584 944 2909 1005 Dominicw,
2948 946 3009 991 et
3037 936 3191 1003 legis
3222 933 3369 985 lata:
3387 928 3537 999 (90).

1879 1047 2116 1115 Denique
2139 1040 2475 1097 Montanista:
2519 1034 2675 1090 nefas
2715 1046 2846 1087 esse
2884 1027 3147 1082 aiebant
3175 1020 3540 1078 Christiano

1881 1134 2309 1206 persecutionem
2371 1128 2586 1197 fugere;
2625 1117 3085 1177 Constitutiones
3146 1115 3419 1168 contra,
3470 1120 3543 1160 ex

1880 1196 1964 1279 his
1993 1237 2111 1292 qua;
2142 1216 2412 1290 Hippolyti
2444 1196 2651 1268 nomen
2695 1205 3129 1279 praeseferunt,
3169 1214 3303 1253 non
3346 1196 3532 1292 tuodo

1880 1329 1944 1367 ex
1989 1286 2264 1379 Evangelii
2311 1286 2631 1375 praescripto
2682 1297 2981 1367 fugientes
3035 1286 3549 1360 persecutionem

1882 1406 2121 1459 tuentur,
2146 1377 2253 1452 sed
2293 1392 2520 1447 laudant
2562 1388 2728 1442 etiam
2769 1397 2838 1436 ac
2888 1377 3203 1432 fratribus
3240 1385 3551 1427 commen-

1882 1490 2048 1543 dant:
2085 1486 2221 1547 Τοὺς
2261 1478 2620 1550 διωκομένους
2653 1472 2745 1526 διὰ
2785 1470 3027 1529 πίστιν,
3070 1464 3191 1518 καὶ
3233 1464 3331 1523 εἰς
3384 1459 3555 1513 πόλιν

1883 1582 1946 1633 ὲκ
1973 1578 2173 1639 πόλεως
2211 1573 2523 1643 φεύγοντας,
2564 1565 2653 1619 διά
2688 1563 2751 1616 τὸ
2782 1557 3135 1632 μεμνῆσθαι
3182 1554 3318 1606 τῶν
3366 1552 3560 1619 λόγων

2890 1646 3353 1714 Ἐπιστάμενοι
3406 1641 3532 1713 γὰρ
3548 1682 3566 1705 ,

1885 1823 2344 1918 ἀποδιδράσκουσι,
2384 1838 2478 1892 καὶ
2521 1835 2621 1905 τὴν
2670 1829 2951 1903 ἁρπαγὴν
2990 1826 3107 1878 τῶν
3148 1823 3573 1895 ὑπαρχόντων

1886 1913 2174 2011 προΐενται,
2207 1935 2292 1986 ἵνα
2331 1928 2690 1998 ἀνεξάρνητον
2730 1924 2789 1973 ὲν
2820 1920 3063 1980 ἑαυτοῖς
3106 1917 3187 1969 τὸ
3229 1916 3439 1987 ὄνομα
3473 1913 3577 1966 τοῦ

1884 2028 2112 2101 Χριστοῦ
2158 2024 2569 2093 διατηρήσωσιν.
2633 2012 3043 2081 Ἐπικουρεῖτε
3082 2004 3203 2061 οὖν
3247 2008 3470 2069 αὐτοῖς
3504 2004 3584 2058 τὰ

1887 2100 2019 2194 πρὸς
2045 2120 2249 2190 χρείαν,
2277 2114 2492 2184 ἐντολὴν
2520 2108 2814 2180 Κυριακὴν
2847 2102 3273 2174 πληροῦντες.
3323 2100 3451 2154 Eos
3486 2102 3586 2169 qui

1887 2193 2286 2282 persecutionem
2333 2205 2611 2272 patiuntur
2660 2199 2789 2267 fidei
2840 2212 3056 2255 causa,
3101 2206 3168 2247 et
3221 2193 3304 2246 de
3341 2194 3586 2246 civitate

1888 2304 1942 2355 in
1992 2301 2246 2354 civitatem
2298 2294 2549 2363 fugiunt,
2599 2287 2741 2358 quod
2800 2285 3191 2337 meminerint
3255 2287 3590 2337 verborum

1892 2389 2101 2444 Domini
2142 2386 2253 2456 (9i)
2304 2382 2573 2449 suscipite.
2620 2377 2759 2432 Cum
2810 2376 2977 2429 enim
3020 2376 3241 2427 norint
3292 2374 3591 2442 spiritum

1890 2480 2096 2551 quidem
2119 2487 2413 2547 promptum
2443 2487 2575 2530 esse,
2593 2484 2813 2522 carnem
2840 2483 2980 2520 vero
3000 2466 3365 2534 inﬁrmam,
3403 2466 3596 2533 aufu-

1892 2572 2059 2641 giunt,
2090 2577 2139 2621 et
2164 2564 2477 2635 facultatum
2523 2575 2747 2614 suarum
2772 2558 3173 2625 direptionem
3210 2557 3596 2624 permittunt

1894 2678 1955 2714 ac
1982 2658 2261 2728 negligant,
2294 2663 2350 2706 ut
2374 2654 2427 2705 in
2450 2667 2504 2704 se
2531 2651 2664 2718 ipsis
2698 2664 2903 2702 nomen
2937 2646 3169 2701 Christi
3236 2648 3597 2711 illibatum,

1893 2758 1943 2802 et
1977 2747 2244 2816 negatione
2293 2758 2409 2794 non.
2436 2738 2706 2807 proditum
2761 2745 3125 2790 conservent.
3174 2733 3601 2804 Snppeditate

1893 2853 2012 2905 ergo
2040 2834 2148 2887 illis
2170 2848 2284 2901 qua:
2314 2839 2435 2884 sunt
2452 2826 2779 2889 necessaria,
2800 2824 3157 2879 mandatum
3180 2826 3605 2881 Dominicum

1897 2925 2230 2993 adimplentes
2255 2921 2388 2990 (92).

264 3027 588 3081 Novatianos
632 3036 906 3092 perperam
952 3020 1221 3074 distulerit
1267 3017 1398 3087 (87).
1442 3014 1585 3068 Neve
1629 3012 1794 3066 ullum
1822 3040 1865 3096 ο
1965 3015 2030 3070 ν.
2072 3014 2282 3082 Proprii
2310 3009 2625 3065 Tertulliani
2670 3024 2895 3062 errores
2946 3007 3017 3062 ab
3054 3008 3423 3080 Hippolyto
3457 3027 3607 3063 σοη..

265 3116 465 3170 crimen
492 3114 662 3183 excipi
689 3118 888 3181 posset,
920 3110 1158 3178 exempla
1189 3107 1533 3177 proferuntur
1556 3101 1790 3165 Davidis,

265 3214 318 3259 et
346 3203 631 3267 Manassis,
669 3216 897 3270 quorum
927 3214 1067 3252 unus
1098 3198 1343 3251 mmchize
1386 3202 1543 3264 atque
1569 3191 1797 3246 homici-

265 3294 363 3357 dii,
394 3293 527 3346 alter
566 3290 877 3345 idololatria:
919 3302 1043 3342 reus
1093 3286 1266 3340 fuerat
1296 3302 1309 3337 :
1345 3286 1458 3338 haec
1492 3283 1632 3338 enim
1669 3296 1795 3349 pec-

267 3393 388 3437 cata
417 3382 753 3451 excipiebant
776 3380 1131 3441 Montanistaa,
1155 3391 1290 3446 quos
1318 3375 1481 3428 veluti
1508 3372 1795 3440 alloquitur

267 3472 703 3526 Constitutionum
735 3479 920 3523 auctor
947 3483 1069 3522 cum
1102 3468 1176 3519 ait
1208 3481 1220 3514 :
1260 3462 1470 3525 Μείζων
1522 3459 1798 3512 εἰδωλολα-

266 3562 447 3632 τρείας
472 3562 568 3612 οὐκ
594 3559 735 3612 ἐστιν
765 3558 1022 3628 ἁμαρτία.
1065 3557 1158 3618 El;
1185 3555 1313 3607 Θεὸν
1339 3553 1443 3624 γάρ
1470 3554 1583 3604 ὲστι
1611 3551 1796 3603 δυσσέ-

268 3651 402 3704 ϐεια.
457 3651 587 3703 Ἀλλ’
630 3651 774 3720 ὅμως
818 3649 910 3701 καὶ
952 3647 1087 3718 αὐτὴ
1129 3644 1215 3697 διὰ
1253 3644 1474 3713 γνησίας
1520 3640 1796 3711 μετανοίας

270 3740 690 3811 συγκεχώρηται.
733 3737 950 3792 Gravius
988 3735 1234 3788 delictum
1270 3732 1579 3786 idololatria
1614 3747 1715 3783 non
1742 3746 1796 3784 re

268 3834 464 3900 peritur
491 3846 509 3883 :
535 3841 611 3884 est
649 3831 785 3884 enim
831 3830 886 3882 in
910 3828 1073 3880 Deum
1118 3825 1357 3893 impietas
1401 3837 1419 3875 :
1463 3822 1794 3876 nihilominus

270 3931 441 3975 tamen
467 3930 513 3974 et
537 3919 667 3973 illud
691 3935 781 3987 per
806 3920 1057 3972 sinceram
1084 3915 1432 3984 pwnitentiam
1453 3912 1797 3965 condonatum

269 4021 346 4066 est
368 4012 500 4082 (88).
534 4009 612 4063 llli
661 4008 924 4064 secundas
971 4007 1185 4075 nuptias
1223 4004 1567 4066 damnabant,
1597 4017 1713 4072 qua:
1741 4002 1796 4056 in

272 4098 735 4154 Constitutionibus
766 4099 838 4150 ita
866 4112 975 4150 non
1016 4095 1406 4164 improbantur,
1433 4101 1489 4146 ut
1517 4091 1797 4147 manifeste

273 4194 527 4255 arguatur
569 4186 869 4241 contrarius
916 4198 1065 4237 error
1093 4201 1106 4236 :
1139 4182 1306 4249 Λόγον
1336 4180 1515 4249 ὑφέξει
1552 4180 1626 4250 τῷ
1650 4180 1794 4250 Θεῷ,

270 4278 367 4345 οὐχ
394 4276 471 4327 ὅτι
497 4275 722 4344 δευτέρῳ
749 4274 905 4342 γάμῳ
936 4270 1172 4341 συνήφθη
1196 4310 1210 4333 ,
1238 4269 1348 4322 ἀλλ’
1376 4272 1456 4323 ὅτι
1480 4270 1576 4340 τὴν
1605 4270 1797 4339 ἑαυτῆς

1892 3110 2068 3181 futati.
2086 3136 2155 3147 ——
2175 3104 2255 3157 Ad
2274 3104 2386 3167 haec
2410 3100 2787 3155 Tertullianus
2812 3098 3199 3153 Montanista
3220 3141 3240 3164 ,
3298 3117 3385 3155 ex
3425 3117 3605 3154 novae

1896 3207 2056 3258 sectae
2094 3193 2353 3250 institutis
2395 3190 2741 3247 consectaria
2770 3191 3044 3259 quaedam
3080 3190 3402 3259 deduxit,
3432 3193 3601 3245 unde

1892 3297 1945 3345 et
1965 3285 2213 3357 privatim
2243 3297 2458 3337 errores
2489 3280 2627 3333 alios
2660 3278 2891 3334 ascivit.
2923 3279 3318 3348 Cujusmodi
3360 3283 3474 3336 ille
3505 3288 3601 3335 est

1891 3394 2048 3448 quem
2083 3376 2227 3430 edito
2256 3374 2392 3426 libro
2435 3369 2507 3422 De
2533 3369 2662 3436 fuga
2695 3369 2750 3421 in
2782 3370 3196 3437 persecutione
3226 3370 3457 3437 docet,
3499 3370 3592 3425 sui

1890 3461 2174 3523 Paracleti,
2215 3455 2454 3512 Montani
2486 3456 2700 3509 scilicet
2730 3460 3090 3511 auctoritate
3128 3459 3382 3524 fretus,
3422 3460 3593 3511 nulla

1893 3554 2159 3611 occasione
2205 3549 2516 3617 martyrium
2568 3545 2836 3599 redimere
2894 3548 2988 3616 fas
3035 3566 3199 3604 esse.
3255 3551 3586 3605 Adversus

1892 3661 2009 3700 eam
2039 3640 2357 3698 sententiam
2382 3638 2495 3691 haec
2520 3635 2732 3704 profert
2755 3634 3283 3692 Constitutionum
3320 3648 3582 3695 auctor:

1892 3736 1955 3787 Εἰ
1987 3734 2043 3786 δὲ
2069 3732 2160 3785 καὶ
2187 3724 2296 3791 οἷός
2329 3727 2389 3780 τέ
2419 3729 2565 3778 ἐστιν
2597 3726 2825 3777 ἅπαντα
2855 3727 2957 3780 τὸν
2994 3727 3117 3797 βίον
3143 3730 3393 3783 ἑαυτοῦ
3427 3731 3577 3782 ἀπο-

1894 3824 2107 3895 δόμενος
2138 3817 2397 3893 ῥύσασθαι
2426 3818 2623 3878 αὐτοὺς
2654 3817 2721 3868 ὲκ
2748 3815 2851 3869 τοῦ
2872 3818 3351 3891 δεσμωτηρίου,
3384 3820 3577 3891 μακά.

1896 3930 2005 3984 ριος
2032 3912 2180 3965 ἔσται
2208 3910 2301 3963 καὶ
2329 3907 2479 3977 φίλος
2506 3906 2600 3959 τοῦ
2632 3908 2912 3977 Χριστοῦ.
2939 3911 3010 3964 El
3042 3911 3165 3983 γὰρ
3201 3916 3239 3967 ὁ
3273 3914 3357 3966 τὰ
3391 3914 3575 3984 ὑπάρ-

1893 4019 2051 4072 χοντα
2096 4001 2325 4069 πτωχοῖς
2368 3997 2487 4059 δοὺς
2509 4036 2524 4060 ,
2572 3996 2785 4059 τέλειος
2810 4037 2827 4061 ,
2885 4001 3043 4071 μετά
3079 4004 3194 4075 τὴν
3253 4006 3406 4075 περὶ
3452 4004 3567 4056 τῶν

1895 4091 2049 4144 θείων
2101 4089 2333 4158 γνῶσιν,
2389 4087 2568 4157 πολλῷ
2627 4088 2839 4157 μᾶλλον
2887 4092 2919 4143 ὁ
2980 4093 3134 4165 ὑπὲρ
3208 4094 3559 4165 μαρτύρων.

1892 4179 2017 4233 lam
2054 4195 2167 4233 vero
2203 4179 2250 4231 si
2284 4178 2399 4247 quis
2428 4186 2599 4245 potest
2644 4178 2863 4231 tradita
2898 4184 3059 4235 omni
3091 4184 3432 4237 substantia
3458 4199 3559 4235 sua

1894 4284 1978 4324 eos
2030 4262 2338 4337 [martyres]
2363 4278 2427 4316 ex
2474 4278 2686 4316 carcere
2718 4262 2998 4332 liberare,
3052 4269 3262 4323 beatus
3330 4269 3443 4321 erit
3500 4280 3562 4316 ac

270 4365 589 4433 ἐπαγγελίαν
616 4365 713 4415 οὐκ
739 4362 981 4430 ἐφύλαξε.
1030 4359 1293 4413 Rationem
1326 4359 1431 4413 Deo
1463 4359 1668 4423 reddet,
1696 4376 1747 4411 nt

2081 4358 2091 4409 i
2118 4357 2339 4409 amicus.
2373 4353 2517 4407 Nam
2539 4370 2661 4407 cum
2686 4355 2735 4407 is
2759 4358 2859 4424 qui
2883 4363 3044 4415 bona
3074 4377 3186 4418 sua
3216 4358 3558 4428 pauperibus

270 4454 404 4524 quod
449 4452 685 4507 secundis
729 4452 920 4518 nuptiis
966 4450 1206 4517 copulata
1253 4449 1342 4511 sit,
1380 4446 1468 4500 sed
1496 4447 1630 4517 quod
1672 4463 1796 4515 pro.

271 4544 543 4611 fessionem
584 4558 732 4594 suam
772 4557 873 4592 non
921 4538 1135 4592 servarit
1164 4536 1272 4605 (89)
1309 4550 1526 4588 :sermo
1573 4544 1688 4588 erat
1733 4535 1799 4589 de

271 4631 468 4692 viduis,
496 4646 613 4700 qua:
650 4630 951 4684 castitatem
993 4625 1203 4678 fuerant
1233 4623 1504 4693 professae.
1536 4622 1798 4688 Quoniam

271 4735 402 4773 vero
427 4719 708 4773 Montanus
737 4715 1106 4772 dissolvendas
1135 4731 1253 4769 esse
1277 4714 1491 4785 nuptias
1520 4713 1796 4776 docuerat,

273 4809 328 4864 id
367 4825 579 4879 quoque
628 4809 681 4862 in
729 4804 1195 4862 Constitutionibus
1244 4813 1328 4859 est
1379 4805 1620 4867 vetitum,
1668 4804 1800 4872 μήτε

234 4900 239 4901 ⁷
277 4899 380 4967 μὴν
424 4898 556 4967 μετά
602 4896 773 4968 γάμον
812 4894 1084 4948 ἐκϐάλλειν
1138 4895 1544 4961 ἀκατάγνωστον
1584 4892 1798 4955 ἐξέστω.

278 4985 397 5039 Νοη
441 5003 556 5055 ergo
599 4996 714 5055 post
755 4986 961 5053 nuptias
1014 4986 1167 5037 liceat
1222 4984 1405 5048 ejicere
1457 4981 1797 5049 inculpatam.

275 5073 638 5141 Multiplicatis
686 5074 922 5142 iejuniis,
968 5074 1096 5142 quin
1136 5074 1296 5128 etiam
1342 5070 1797 5141 Quadragesimis,

346 5274 454 5342 (84)
491 5276 587 5343 Ap.
608 5274 801 5331 Euseb.
831 5293 883 5339 v,
909 5277 991 5331 18.

369 5344 457 5408 85)
495 5342 593 5412 Ap.
626 5343 682 5396 S.
704 5344 957 5412 Epiphan.
990 5345 1113 5397 haar.
1145 5360 1217 5406 LI,
1242 5344 1330 5398 53.

368 5412 456 5481 81ξ)
493 5409 711 5481 gannit.
745 5409 913 5481 ἱιέίᾼ,
937 5414 1001 5466 18
1025 5420 1078 5467 et
1106 5428 1216 5481 seq.

346 5479 456 5548 (87)
500 5478 751 5548 Moshem.
782 5478 954 5535 Instit.
981 5482 1099 5535 mai.
1128 5478 1329 5548 p.119.

348 5547 459 5615 (88)
497 5545 714 5615 ςοῃδιὶι.
749 5562 829 5608 Ill,
854 5548 901 5601 1.

352 5612 461 5684 (δυ)
498 5612 627 5667 Ibid.
661 5630 732 5678 vi,
761 5615 838 5667 it.

1898 4449 2010 4514 dat,
2039 4445 2295 4516 perfectus
2326 4446 2395 4497 sit
2418 4453 2537 4512 post
2565 4444 2948 4513 cognitionem
2981 4466 3195 4510 rerum
3221 4448 3569 4505 divinarum,

1897 4538 2060 4592 multo
2095 4536 2193 4589 erit
2228 4534 2508 4604 perfectior
2539 4535 2631 4605 qui
2660 4552 2763 4604 pro
2795 4547 3193 4613 martyribus
3237 4545 3447 4589 cuncta
3478 4535 3573 4585 lar-

1897 4629 2063 4696 gietur
2093 4623 2222 4694 (95).
2281 4622 2655 4678 Christianum
2707 4628 2874 4683 salva
2951 4633 3081 4691 ﬁde
3152 4624 3441 4696 ῐῐιῖὶῖὶπθ
3486 4634 3593 4671 ηοιλ

1899 4731 2056 4788 posse
2089 4713 2455 4768 Tertullianus
2501 4719 2909 4783 pronuntiavit
2978 4725 3167 4803 (94),
3263 4710 3594 4778 Hippolytus

1898 4814 2082 4861 contra
2097 4805 2151 4857 in
2172 4804 2389 4874 hisqua’.
2405 4819 2434 4857 a
2452 4815 2791 4877 corruptore
2813 4795 3069 4873 servata
3209 4807 3303 4875 ιιι
3319 4816 3336 4850 ‘-
3349 4800 3375 4850 ἶ

2132 4820 2151 4856 ι
2172 4804 2389 4874 ιιίεηυω
2405 4819 2434 4857 a
2452 4815 2791 4877 corruptore
2813 4795 3069 4873 servata
3209 4807 3303 4875 ri)
3319 4816 3336 4850 '-
3349 4800 3426 4850 Στ
3436 4795 3609 4869 ρατιίίν

1897 4916 1995 4969 της
2035 4895 2287 4992 προσιὼνΔ
2314 4897 2646 4951 διδασκέσθω
2704 4902 2787 4974 μὴ
2831 4904 3113 4978 ἀδικεῖν,
3191 4890 3321 4992 μὴ
3366 4899 3613 4952 συκοφαψ

1897 4992 2007 5041 τεῖν
2029 5027 2044 5052 ,
2071 4986 2356 5057 ἀρκεῖσθαι
2384 4988 2440 5041 δὲ
2478 4990 2591 5051 τοῖς
2639 4972 2967 5065 διδομένοις
3266 4981 3386 5042 ιοις
3409 4993 3424 5009 ’
3454 4972 3618 5029 πειθό-

1902 5094 2055 5148 μενος
2121 5076 2499 5148 προσδεχέσθω
2522 5118 2537 5144 ,
2604 5080 2928 5156 ἀντιλέγων
2994 5064 3093 5148 δὲ’
3154 5064 3617 5159 ἀτεοϐαλλέσθω.

1971 5272 2081 5339 (91))
2119 5271 2260 5329 Ibid.
2293 5291 2349 5340 v,
2373 5277 2459 5333 15.

1971 5342 2084 5473 (91)
2119 5340 2313 5399 Matth.
2346 5362 2495 5410 xxvt,
2521 5348 2611 5403 M.

1973 5410 2063 5473 (92
2124 5408 2362 5470 Constit.
2398 5433 2521 5473 vm.
2545 5418 2613 5473 ‘5

1973 5408 2084 5478 (92)
2124 5408 2362 5480 Constit.
2398 5408 2521 5480 vni,
2545 5418 2638 5474 ιδ.

1856 5492 1873 5511 '
1973 5480 2083 5548 (93)
2123 5478 2263 5548 Ibid.
2298 5501 2352 5541 v.
2388 5487 2440 5542 1.

1976 5548 2088 5617 (94)
2128 5547 2461 5613 Tcrlulllan.
2496 5556 2571 5613 De
2603 5576 2719 5620 cor.
2759 5568 2904 5634 mit.,
2933 5585 3021 5628 ιι.
