3816 6350
434 329 543 384 513
1289 325 1345 381 S.
1380 324 1774 381 CLEMENTIS
1808 324 1826 379 Ι
1863 326 2026 381 ROM.
2065 326 2266 384 PONT.
2305 323 2533 387 OPERA
2566 325 2789 383 DUBIA.
3574 332 3682 388 5H

1024 674 1025 677 γ
1091 680 1869 813 VETERUM
1981 664 2959 813 TESTIMONIA

892 936 1041 1024 DE
1118 931 2325 1027 CONSTITUTIONIBUS
2392 934 3211 1033 APOSTOLICIS.

1637 1254 1823 1312 Conon
1856 1260 2175 1325 apostolicus
2208 1259 2449 1316 ultimus.

489 1408 613 1463 Sint
636 1413 816 1463 autem
847 1406 1003 1463 vobis
1032 1407 1293 1464 omnibus
1321 1406 1560 1472 clericis,
1592 1416 1646 1464 et
1671 1408 1827 1464 laicis
1870 1410 1992 1466 libri

2172 1413 2351 1465 Ἔστω
2376 1411 2431 1464 δὲ
2473 1412 2602 1482 ὑμῖν
2640 1413 2772 1466 πᾶσι
2800 1412 3101 1485 κληρικοῖς,
3132 1416 3227 1468 καὶ
3254 1413 3459 1479 λαῖκοίς
3490 1413 3676 1485 βιϐλία

416 1499 756 1555 venerabiles
783 1508 836 1557 et
865 1498 1063 1563 sancti,
1094 1506 1200 1555 etc.
1231 1497 1529 1555 Clementis
1560 1499 1815 1570 Epistolas
1841 1501 1923 1555 du:

2167 1502 2367 1573 ϐάσμια
2411 1505 2505 1557 καὶ
2545 1505 2695 1572 ἅγια,
2735 1512 2840 1560 etc.
2887 1506 3200 1576 Κλήμεντος
3226 1506 3507 1559 ἐπιστολαὶ⁸
3531 1507 3629 1560 δύο
3658 1523 3674 1537 ⁸

416 1591 1106 1657 etConstitutiones,vobis
1130 1590 1415 1663 Episcopis
1432 1609 1528 1665 per
1542 1610 1628 1649 me
1658 1594 1923 1651 Clemente

2171 1597 2188 1649 ὶ
2228 1597 2284 1649 at
2306 1597 2571 1665 Διαταγαὶ
2608 1598 2733 1667 ὑμῖν
2774 1600 2885 1663 τοῖς
2913 1597 3231 1663 ἐπισκόποις
3257 1599 3332 1652 δι’
3362 1600 3496 1671 ἐμοῦ
3528 1600 3678 1671 Κλή-

419 1684 476 1737 in
497 1692 622 1738 octo
650 1684 807 1739 libris
842 1692 1204 1752 nuncupata};
1239 1700 1378 1755 quas
1408 1702 1518 1741 non
1560 1697 1771 1757 oportet
1805 1704 1926 1743 cora

2169 1704 2304 1751 ντος,
2352 1688 2410 1740 ἐν
2451 1688 2594 1742 ὀκτὼ
2640 1690 2866 1760 βιϐλίοις
2907 1692 3436 1764 προσπεφωνημέναι
3471 1708 3484 1722 ⁸
3516 1691 3583 1755 ἃς
3613 1692 3676 1744 οὐ

417 1776 676 1831 omnibus
699 1776 1002 1848 divulgare,
1028 1776 1099 1831 oh
1122 1777 1353 1849 mystica
1374 1793 1497 1848 qua:
1530 1777 1583 1833 in
1615 1780 1696 1836 eis
1733 1789 1882 1837 sunt.

2172 1778 2563 1849 ὴδημοσιεύειν
2605 1776 2698 1835 ἐπὶ
2738 1781 2954 1836 πάντων
3013 1781 3102 1836 διὰ
3135 1781 3205 1835 τὰ
3238 1782 3297 1835 ὲν
3335 1781 3528 1845 αὑταῖς
3574 1797 3679 1851 μυ-

2092 1871 2270 1925 στικά.

1598 1999 1878 2067 Eusebius,
1906 2001 2050 2060 Hist.
2064 2001 2230 2126 ἐξείη
2260 2001 2355 2062 lib.
2398 2015 2484 2069 ιιι,
2879 2004 2961 2059 Ea;
2984 2004 3105 2075 Ruf.

1921 2088 2037 2126 can.
2102 2091 2155 2126 ο.

1906 2001 2050 2126 His’t.
2064 2001 2230 2126 ἐξείη
2260 2001 2355 2062 lib.
2398 2015 2484 2069 ιιι,
2879 2004 2961 2059 Ea;
2984 2004 3110 2075 Ruf.
3143 2004 3413 2073 interpret.

1921 2090 1982 2126 ca
2024 2115 2037 2126 .
2102 2091 2155 2126 ο.

1921 2088 2037 2141 cap.
2064 2088 2155 2129 zu.

486 2171 631 2229 Inter
682 2173 850 2230 libros
904 2174 1102 2230 nothos
1151 2174 1452 2229 collocetur
1535 2182 1622 2235 'Ev
1657 2186 1771 2248 τοῖς
1807 2185 1983 2249 νόθοις

2166 2184 2413 2256 τετάχθω
2462 2188 2559 2241 καὶ
2699 2186 2831 2243 Post
2880 2187 2997 2243 haec
3042 2189 3157 2258 jam
3204 2188 3479 2258 scriptura
3543 2194 3633 2242 est
3656 2227 3673 2251 ,

412 2274 467 2320 et
492 2265 727 2321 Actnum
755 2264 909 2320 Pauli
954 2267 1246 2337 scriptura,
1283 2273 1338 2321 et
1380 2265 1449 2320 li-
1520 2276 1629 2329 τῶν
1677 2276 1919 2330 Παύλου]

2167 2280 2229 2350 πή
2269 2277 2475 2350 γραφὴ,
2531 2277 2561 2331 ὅ
2630 2294 2751 2349 qua:
2792 2280 2997 2335 dicitur
3036 2279 3207 2334 Actus
3247 2278 3440 2347 Pauli;
3492 2280 3589 2334 sed
3621 2288 3674 2335 et

416 2355 511 2409 her
540 2356 635 2425 qui
667 2355 869 2412 dicitur
888 2357 1111 2421 Pastor,
1140 2364 1194 2411 et
1222 2356 1450 2412 Revela-
1521 2384 1580 2422 τε
1608 2369 1894 2440 λεγόμενος

2202 2372 2296 2424 καὶ
2326 2371 2359 2441 ἠ
2412 2372 2562 2423 Ἀπο-
2634 2373 2845 2427 libellus
2869 2372 2960 2441 qui
2985 2372 3289 2440 appellatur
3320 2371 3596 2435 Pastoris,
3620 2380 3677 2425 et

413 2447 489 2500 tio
556 2445 737 2509 Petri,
798 2446 1125 2516 insuperque
1192 2446 1451 2503 Barnabte
1523 2461 1754 2532 κάλυψις
1783 2462 1920 2533 Πέτρ

2171 2462 2302 2535 πρὸς
2326 2464 2556 2526 τούτοις,
2633 2461 2892 2516 revelatio
2938 2458 3084 2514 Petri
3114 2478 3128 2514 :
3161 2461 3229 2515 de
3250 2462 3454 2531 quibus
3474 2478 3678 2530 quam-

412 2550 532 2602 quae
564 2535 732 2589 fertur
747 2535 1007 2606 Epistola,
1032 2544 1087 2592 et
1114 2553 1234 2607 quae
1254 2538 1450 2593 dicun—
1520 2551 1555 2623 ἡ
1585 2552 1919 2625 φερομένηΒι

2168 2553 2558 2626 Ξπιστολὴ,καὶ
2633 2551 2867 2606 maxime
2912 2551 3213 2606 dubitatur.
3258 2551 3458 2608 Fertur
3502 2554 3675 2606 etiam

411 2635 501 2681 tur
528 2626 797 2683 Doctrina:
822 2630 1216 2700 apostolorum.
1520 2641 1630 2696 τῶν
1655 2642 1918 2696 ἀποστόλιι

2171 2643 2384 2715 γόμεναι
2400 2644 2557 2698 Διδα-
2635 2644 2894 2698 Barnabas
2910 2644 3170 2711 Epistola,
3194 2652 3246 2699 et
3262 2648 3518 2704 Doctrina
3549 2661 3678 2717 qua

1517 2733 1633 2806 χαί.
1665 2733 1806 2807 Lege
1832 2734 2084 2806 Niceph.,
2123 2736 2159 2790 l.
2193 2752 2258 2800 ιι,
2288 2749 2337 2791 c.
2370 2736 2460 2792 46.
2633 2737 2840 2791 dicitur
2870 2734 3240 2803 apostolorum

1000 2920 1001 2923 η
1128 2885 1459 2942 Athanasius
1490 2886 1543 2942 in
1573 2887 1799 2958 epistola
1836 2886 2199 2954 Festali,tom.
2232 2889 2297 2956 ll,
2323 2890 2451 2946 edit.
2483 2890 2691 2955 Paris.,
2721 2906 2777 2960 p.
2815 2889 2907 2956 39,
2940 2890 3031 2946 40.

479 3024 619 3080 Sunt
645 3033 699 3079 et
729 3024 822 3078 alii
855 3024 979 3078 libri
1015 3031 1211 3093 prater
1242 3022 1381 3089 hos;
1412 3038 1524 3078 non
1553 3022 1773 3095 quidem
1820 3040 1986 3081 cano-

2173 3028 2350 3080 Ἐστιν
2380 3027 2474 3080 καὶ
2500 3026 2662 3098 ἕτερα
2692 3025 2874 3096 βιϐλία
2900 3025 3105 3079 τούτων
3134 3024 3330 3091 ἔξωθεν
3353 3041 3368 3057 ⁸
3414 3025 3476 3078 οὔ
3516 3043 3680 3080 κανο-

406 3118 538 3183 uici,
570 3117 663 3172 sed
696 3132 834 3187 quos
866 3115 1057 3171 Patres
1102 3124 1405 3171 sanxerunt
1441 3116 1544 3186 legi
1580 3116 1648 3172 iis
1688 3116 1782 3187 qui
1823 3132 1913 3171 acc

2171 3119 2340 3191 όμενα
2381 3118 2499 3189 μὲν,
2543 3118 2901 3188 τετυπωμένα
2961 3117 3017 3170 δὲ
3062 3117 3216 3189 παρὰ
3249 3116 3358 3171 τῶν
3404 3117 3678 3189 Πατέρων

404 3212 541 3265 dunt
564 3211 630 3265 ad
676 3209 859 3273 ﬁdem,
889 3209 1232 3278 cupiuntque
1272 3208 1327 3263 in
1370 3209 1591 3279 pietatis
1620 3210 1787 3265 verbo
1823 3210 1909 3265 ins

2174 3210 2555 3280 ιγινώσκεσθαι
2598 3213 2711 3275 τοῖς
2751 3211 2876 3283 ἄρτι
2917 3210 3376 3282 προσερχομένοις
3416 3211 3512 3263 καὶ⁸
3552 3209 3681 3279 βου-

406 3303 483 3357 tui
509 3322 523 3357 :
551 3310 611 3356 nt
642 3301 921 3372 Sapientia
955 3300 1303 3365 Salomonis,
1335 3310 1469 3369 etc.,
1499 3310 1553 3358 et
1592 3318 1714 3373 qua:
1755 3312 1913 3358 vocat

2172 3304 2330 3369 ιένοις
2369 3302 2723 3375 κατηχεῖσθαι
2748 3304 2841 3357 τὸν
2866 3302 2968 3375 τῆς
3005 3302 3284 3366 εὐσεϐείας
3317 3302 3475 3371 λόγον
3522 3318 3536 3333 ⁸
3580 3303 3679 3355 Σο-

406 3393 664 3448 Doctrina
689 3394 1084 3464 apostolorum,
1116 3400 1171 3447 et
1210 3392 1426 3448 Pastor.
1469 3394 1743 3458 Attamen,
1772 3396 1911 3451 dilec

2170 3414 2182 3450 ι
2236 3396 2597 3467 Σολομῶντος,
2638 3404 2770 3463 etc.,
2826 3396 2921 3449 καὶ
2954 3394 3156 3467 Διδαχὴ
3200 3394 3509 3465 καλουμένη
3558 3394 3677 3448 τῶν

402 3501 528 3540 cum
570 3486 647 3539 illi
676 3485 929 3541 canonici
975 3486 1107 3547 sint,
1148 3485 1205 3538 hi
1250 3501 1380 3541 vero
1406 3485 1673 3555 legantur,
1706 3502 1909 3558 nusqua

2169 3488 2415 3552 οστόλων,
2446 3488 2541 3541 καὶ
2575 3490 2603 3541 ὁ
2644 3488 2875 3559 Ποιμήν.
2906 3488 3016 3540 Καὶ
3043 3488 3210 3558 ὅμως,
3241 3485 3537 3557 ἀγαπητοὶ,
3569 3486 3676 3538 κά-

404 3577 470 3632 fit
524 3578 965 3649 apocryphornm
1002 3578 1235 3646 mentio;
1281 3579 1377 3635 sed
1425 3585 1555 3635 sunt
1599 3580 1911 3635 liazreticoru

2168 3596 2274 3632 νων
2301 3578 2748 3651 κανονιζομένων,
2778 3580 2872 3633 καὶ
2896 3578 3100 3632 τούτων
3121 3576 3672 3648 ἀναγινωσκομένων,

400 3676 793 3734 commentum,
826 3671 919 3740 qui
949 3685 1013 3725 ea
1064 3672 1317 3726 scribunt
1363 3672 1583 3743 quando
1617 3674 1829 3737 volunt,
1868 3675 1907 3727 il

2165 3672 2315 3743 ἰαμοῦ
2367 3672 2476 3727 τῶν
2537 3670 2867 3744 ὰποκρύφων
2911 3672 3095 3743 μνήμη
3130 3688 3144 3702 ⁸
3185 3669 3322 3725 ἀλλὰ
3372 3668 3672 3741 αίρετικῶν

400 3769 584 3815 autem
609 3761 914 3832 largiuntur
936 3769 990 3816 et
1013 3761 1277 3831 adjiciunt
1298 3772 1561 3833 tempora,
1581 3779 1691 3834 quo
1718 3772 1907 3835 tanqu:

2161 3780 2230 3817 rw
2284 3764 2532 3829 ἐπίνοια,
2587 3763 2908 3836 γραφόντων
2954 3763 3052 3834 μὲν
3086 3763 3173 3816 ὅτε
3217 3762 3461 3816 Θέλουσιν
3501 3761 3668 3825 αὐτὰ,

401 3854 626 3922 antiqua
650 3852 1013 3923 profcrentes,
1043 3870 1108 3908 ex
1141 3868 1205 3909 ea
1249 3870 1309 3910 re
1350 3855 1701 3912 occasionem
1745 3857 1908 3913 habea

2165 3854 2453 3927 ριζομένων
2473 3855 2528 3908 δὲ
2552 3856 2646 3908 καὶ⁵
2668 3854 3062 3926 προστιθέντων
3091 3855 3273 3917 αὐτοῖς
3299 3854 3545 3925 χρόνους,
3581 3853 3672 3907 ἶνα

399 3946 705 4018 decipiendi
737 3947 989 4004 homines
1015 3947 1316 4020 simplices.

2187 3946 2393 4001 παλαιὰ
2420 3946 2803 4019 προφέροντες,
2833 3946 3103 4019 πρόφασιν
3134 3946 3329 4016 ἔχωσιν
3354 3946 3577 4017 ἁπατᾷν
3604 3947 3673 3998 ἐκ

2078 4037 2272 4092 τούτου
2296 4038 2424 4101 τοὺς
2452 4039 2761 4110 ἀκεραίους.

1618 4211 1685 4269 In
1710 4212 1941 4285 Synopsi
1968 4230 2137 4269 sacra:
2166 4212 2475 4283 Scriptum.
2590 4250 2597 4259 ι

474 4348 675 4403 lterum
698 4349 823 4404 libri
841 4348 974 4404 Novi
992 4348 1326 4406 Testamenti
1343 4348 1543 4421 quibus
1555 4350 1973 4416 contradicitur,

2158 4349 2259 4421 Τῆς
2280 4349 2406 4413 νέας
2436 4348 2597 4403 πάλιν
2633 4345 2907 4420 Διαθήκης
2926 4344 3309 4417 ἀντιλεγόμενα
3336 4346 3535 4411 ταῦτα,
3556 4355 3665 4403 etc.

400 4451 531 4497 sunt
561 4442 750 4504 lii,etc.
779 4438 1036 4495 Doctrina
1064 4443 1457 4510 apostolorum,
1484 4440 1824 4496 Clementina
1862 4459 1874 4495 :

2235 4442 2277 4513 ἰὴ
2309 4440 2641 4505 ἀποστόλων,
2672 4438 2990 4510 Κλημέντια
3018 4452 3033 4467 ⁶
3074 4436 3136 4502 ἑξ
3174 4430 3249 4491 ὧν
3292 4439 3671 4511 μετεφράσθη-
3722 4454 3742 4471 κ

397 4535 599 4604 quibus
646 4533 856 4589 veriora
906 4540 959 4587 et
1007 4548 1037 4586 a
1084 4531 1194 4587 Deo
1241 4534 1525 4603 inspirata,
1557 4532 1728 4587 electa
1760 4542 1888 4589 sunt

2161 4550 2181 4585 ν
2210 4532 2500 4601 ἐκλεγέντα
2526 4532 2595 4585 τὰ
2623 4531 2960 4604 ἀληθέστερα
2979 4530 3074 4584 καὶ
3101 4530 3447 4584 Θεὸπνευστω
3478 4531 3668 4585 Ταῦτα

398 4627 686 4681 translata.
716 4624 841 4680 Haec
871 4631 1001 4681 sunt
1031 4639 1151 4695 quae
1181 4626 1460 4697 leguntur,
1486 4634 1597 4681 etc.

1310 4635 1460 4691 ntur,
1486 4634 1597 4681 etc.
2081 4625 2149 4679 τὰ
2177 4625 2678 4695 ἀναγινωσκόμενα,
2709 4631 2816 4680 etc.

1489 4780 1553 4837 S.
1584 4779 1946 4850 Epiphanius,
1987 4780 2177 4835 haeresi
2210 4780 2302 4849 45,
2332 4797 2479 4837 num.
2508 4780 2561 4838 5.

467 4914 609 4982 Quin
649 4922 703 4971 et
732 4916 964 4986 apostoli
1019 4917 1076 4971 in
1124 4917 1267 4973 libro
1296 4918 1386 4989 qui
1433 4916 1766 4972 Constitutio
1810 4932 1974 4971 voca-

2160 4918 2319 4973 Ἀλλά
2346 4920 2441 4974 καὶ
2481 4920 2529 4973 ol
2573 4917 2861 4973 ἀπόστολοι
2904 4934 3066 4987 φασιν
3109 4918 3167 4971 ἐν
3208 4919 3274 4987 τῇ
3304 4913 3561 4980 ἑιατάξει
3597 4918 3664 4986 τῇ

396 5018 508 5074 tur,
540 5010 728 5065 aiunt:
761 5010 1008 5065 Ecclesia
1040 5011 1312 5065 catholica
1345 5020 1429 5067 est
1462 5010 1555 5066 Dei
1600 5010 1865 5080 plantatio

2156 5012 2409 5086 λουμένῃ,
2453 5012 2541 5067 ὅτι
2570 5011 2767 5082 φυτεία
2805 5010 2939 5065 Θεοῦ
2977 5011 3072 5066 καὶ
3118 5007 3380 5083 ἀμπελὼν
3424 5010 3463 5082 ἡ
3507 5007 3663 5063 καθο-

397 5102 572 5157 vinea.
604 5101 772 5157 Locus
802 5113 975 5158 exstat
1006 5104 1157 5158 initio
1186 5104 1659 5160 Constitutionum.

1047 5104 1157 5158 tilio
1186 5104 1659 5160 Constitutionum.
2075 5105 2202 5179 λικὴ
2244 5105 2554 5176 Ἐκκλησία.

1718 5262 1925 5318 ﬂwresi
1956 5262 2042 5328 70,
2076 5278 2221 5315 nunt.
2258 5260 2345 5317 10.

464 5392 546 5446 Ad
580 5393 682 5449 hoc
710 5404 889 5452 autem
919 5397 1081 5455 iidem
1110 5397 1345 5454 Audiani
1379 5398 1706 5471 detorquent
1748 5408 1968 5472 aposto-

2159 5403 2240 5466 Εἰς
2278 5402 2436 5455 τοῦτο
2474 5401 2531 5454 δὲ
2572 5401 2624 5453 οὶ
2660 5400 2814 5452 αὐτοὶ
2859 5396 3108 5452 Αὑδιανοὶ
3150 5392 3534 5469 παραφέρουσι
3559 5391 3666 5468 τὴν

393 5486 570 5542 lorum
621 5488 1108 5561 Constitutionem;
1152 5495 1246 5564 qui
1273 5494 1493 5565 quidem
1531 5494 1668 5549 liber
1706 5508 1738 5549 ι
1780 5494 1900 5550 muli

2155 5512 2180 5549 ν
2207 5492 2517 5549 ἀποστόλων
2540 5490 2811 5555 Διάταξιν,
2852 5486 3019 5543 οὖσαν
3070 5488 3169 5560 μὲν
3212 5489 3325 5550 τοῖς
3355 5486 3573 5551 πολλοῖς
3600 5488 3662 5539 ὲν

394 5588 685 5635 revocatus
717 5583 769 5636 in
801 5584 1048 5649 dubium,
1083 5601 1193 5640 non
1222 5595 1308 5641 est
1334 5593 1520 5643 tamen
1550 5585 1901 5657 improbanda

2155 5586 2409 5657 φιλέκτῳ,
2454 5584 2573 5638 ἀλλ’
2622 5582 2722 5636 οὐκ
2760 5581 3035 5653 ἀδόκιμον.
3085 5581 3242 5632 Πᾶσα
3276 5577 3387 5649 γὰρ
3429 5578 3489 5629 ὲν
3518 5576 3660 5646 αὐτῇ

393 5670 586 5729 Omnis
615 5675 816 5745 quippe
853 5678 1154 5734 canonicus
1185 5678 1319 5734 ordo
1364 5681 1417 5735 in
1448 5680 1567 5751 ipso
1610 5680 1900 5736 continetm

2155 5678 2330 5749 νονικὴ
2359 5677 2513 5741 τάξις
2553 5674 2870 5747 ἐμφέρεται,
2908 5674 3003 5727 καὶ
3043 5672 3194 5725 οὐδὲν
3231 5686 3662 5742 παρακεχαραγ-

394 5775 448 5821 et
480 5765 614 5822 nihil
646 5765 747 5824 ﬁde
778 5767 1163 5840 adulteratam,
1197 5788 1374 5845 neque
1418 5788 1447 5828 a
1474 5774 1846 5842 confessione,
1873 5791 1901 5829 ιι

2149 5787 2237 5825 νον
2265 5770 2360 5841 τῆς
2396 5769 2647 5833 πίστεως,
2680 5765 2796 5821 οὐδὲ
2823 5766 2919 5837 τῆς
2949 5765 3257 5836 ὁμολογίας,
3282 5762 3403 5816 οὐδὲ
3432 5763 3534 5833 τῆς
3564 5762 3656 5813 ἐκ-
