3816 6362
212 291 301 346 5“
996 302 1597 362 CONSTI'I‘UTIONES
1629 307 1719 362 AP‘

1921 308 2105 367 ΛΜΞ.
2136 339 2209 350 --
2249 307 2611 367 ιιιιοαιιιιΑ.
3322 311 3428 371 510

210 406 567 478 πλησιαστικῆς
590 408 923 483 διοικήσεως,
949 418 1047 474 καὶ
1072 422 1315 487 κανόνος,
1352 425 1447 479 καὶ
1491 424 1717 486 πίστεως

1926 441 1956 482 e
1984 427 2053 483 ab
2085 427 2457 485 ecclesiastica
2489 428 2989 492 administratione.
3018 436 3076 485 et
3104 442 3339 495 canone,
3366 447 3430 487 ac

202 501 269 601 3‘6
297 501 351 554 δὲ
387 501 576 573 ῥητὸν,
612 503 704 573 ἀφ’
741 497 806 557 οὗ
844 503 1071 577 γνώμην
1098 506 1461 578 Μμὸάνοντες
1492 511 1622 583 περὶ
1650 529 1701 566 τι

1927 534 1977 574 e.
2009 517 2183 575 Porro
2227 520 2456 584 dictum,
2488 535 2519 575 a
2574 535 2685 591 quo
2710 520 3040 578 sententiam
3070 518 3138 577 de
3160 518 3432 577 Paschate

202 593 385 663 Πάσχα.
406 595 589 660 κακῶς
617 597 1123 671 παρερμηνεύουσιν
1144 602 1192 655 ot
1219 601 1626 675 προειρημένοι,
1653 621 1709 659 κο

1923 610 2150 680 cipiunt,
2184 611 2429 681 praedicti
2462 612 2601 668 male
2630 612 3082 683 interpretantur,
3108 620 3163 668 et
3192 628 3289 683 per
3343 612 3430 667 in—

198 686 489 751 ἁγνοοῦντες
515 687 713 759 ἑτέρως
740 688 1236 763 ὑπολαμϐάνουσιν.
1255 693 1527 766 ὐρίζουσι
1555 695 1663 768 γὰρ
1689 698 1705 751 ἔ

1921 704 2063 759 itiam
2096 704 2275 761 alieno
2301 719 2464 761 sensu
2496 713 2740 761 sumunt.
2775 704 3048 759 Deﬁuiunt
3089 706 3233 759 enim
3273 705 3329 759 in
3364 721 3428 760 ea

201 777 252 867 τῇ
277 776 400 848 αὑτῇ
426 777 665 844 διατάξει
708 781 759 833 οἱ
800 780 1108 847 ἀπόστολοι,
1142 786 1225 840 ὅτι
1256 786 1429 856 ὑμεῖς
1444 786 1531 857 μὴ
1556 790 1708 857 ψηφί

1921 797 2243 851 nstitutione
2271 798 2502 867 apostoli
2537 817 2550 851 :
2595 797 2695 852 Vos
2725 798 2886 852 nolite
2916 807 3221 866 computare
3249 815 3311 850 ac
3336 797 3428 852 de-

195 865 329 933 ζητε,
350 869 506 923 ἀλλὰ
532 870 753 926 ποιεῖτε
779 872 926 927 ὅταν
946 877 1001 929 ot
1025 876 1276 946 ἀδελφοί
1296 878 1465 949 ὑμῶν
1482 880 1539 933 οἱ
1559 879 1629 933 ἐκ
1655 892 1702 932 πί

1920 904 2074 954 ruere,
2104 888 2194 943 sed
2226 865 2350 943 tunc
2376 890 2653 954 celebrate,
2687 890 2899 961 quando
2930 865 3124 959 fratres
3157 892 3315 944 vestri
3337 890 3427 960 qui

195 964 435 1029 ριτομῆς⁶
455 964 585 1032 μετ’
622 964 823 1021 αὐτῶν
856 968 978 1039 ἅμα
1013 970 1251 1026 ποιεῖτε.
1284 971 1395 1027 Καὶ
1428 973 1532 1027 οὐκ
1562 967 1702 1027 εἶπατ

1956 982 2352 1037 circumcisione
2373 991 2535 1037 sunt:
2570 999 2689 1036 cum
2739 982 2849 1036 illis
2906 998 3013 1035 una
3062 982 3313 1052 peragite.
3361 980 3427 1035 Et

196 1056 355 1109 Ὅταν
388 1059 443 1110 οἱ
476 1056 729 1127 ἀδελφοί
765 1059 953 1130 ὑμῶν,
999 1064 1056 1116 οι
1094 1062 1164 1116 ἐν
1198 1066 1485 1136 περιτομῇ
1514 1084 1528 1098 ·
1560 1068 1696 1123 ἀλλά

1920 1090 1959 1128 ιη
1992 1073 2280 1128 dixerunt:
2313 1072 2539 1140 Quando
2579 1073 2773 1142 fratres
2797 1073 2978 1135 vestri,
3004 1073 3094 1142 qui
3114 1073 3427 1126 incircum-

189 1149 236 1201 οἱ
257 1147 319 1201 ἐκ
343 1149 667 1220 περιτομῆς
680 1168 694 1182 ·
712 1152 801 1206 ἵνα
821 1151 1036 1219 δείξωσι
1056 1156 1182 1220 τοὺς
1202 1156 1311 1210 ἀπὸ
1324 1158 1423 1230 τῆς
1443 1162 1696 1232 περιτομί

1919 1167 2041 1220 ηἱοηε
2062 1176 2203 1231 sunt,
2231 1166 2324 1222 sed
2352 1185 2366 1221 :
2394 1166 2499 1233 Qui
2533 1182 2598 1221 ea:
2618 1166 3018 1220 circumcisione
3055 1174 3216 1227 sunt;
3250 1173 3307 1219 ut
3334 1180 3426 1219 os-

189 1239 255 1301 είς
276 1238 367 1310 τὴν
406 1240 735 1313 Ἐκκλησίαν
766 1245 1135 1315 μετελθόντας,
1158 1248 1434 1320 ἀρχηγοὺς
1458 1246 1597 1304 εἶναι
1626 1269 1693 1323 με

1916 1257 2153 1321 iderent,
2187 1274 2282 1313 eos
2314 1258 2407 1328 qui
2436 1274 2503 1312 ex
2548 1258 2969 1313 circumcisione
3015 1257 3082 1311 ad
3124 1256 3423 1310 Ecclesium

188 1331 365 1386 ἐκεῖνον
403 1332 493 1387 τδν
540 1336 753 1408 χρόνον,
792 1346 900 1395 etc.
932 1339 1093 1413 Παρὰ
1115 1344 1229 1404 τοῖς
1256 1342 1570 1407 ἀποστόλοις
1596 1344 1653 1397 δὲ
1681 1362 1695 1396 1

1918 1352 2204 1411 msierunt,
2233 1349 2447 1404 futuros
2476 1360 2598 1419 post
2626 1349 2757 1403 illud
2782 1359 2997 1419 tempus
3025 1348 3193 1402 duces
3234 1354 3288 1401 et
3333 1362 3425 1401 au—

188 1424 327 1495 ῥητὸν
348 1424 426 1477 δι’
452 1427 707 1497 ὁμόνοιαν
733 1429 1051 1502 ἐμφέρεται,
1080 1431 1157 1496 ὡς
1183 1432 1634 1506 ἐπιμαρτυροῦσι,
1662 1435 1694 1488 λ

1914 1456 2045 1505 ποθ,
2076 1450 2182 1497 etc.
2212 1442 2366 1510 Apud
2398 1442 2675 1510 apostolos
2715 1457 2843 1497 vero
2890 1441 3097 1495 dictum
3128 1440 3260 1494 illud
3292 1455 3421 1509 pro-

184 1533 364 1583 γοντες,
393 1518 473 1572 ὅτι
503 1520 625 1573 κᾶν
650 1537 713 1575 τε
738 1522 1112 1592 πλανηθῶσι,
1145 1524 1300 1594 μηδέ
1326 1525 1470 1596 ὑμῖν
1488 1528 1691 1597 μελέτω

1914 1550 1965 1590 er
1997 1535 2350 1589 concordiam
2399 1535 2637 1605 positum
2691 1542 2798 1597 est,
2837 1532 3296 1605 quemadmodum
3338 1540 3421 1586 te-

195 1609 271 1674 Ἑξ
286 1612 452 1666 αὐτῶν
470 1612 527 1666 δὲ
547 1614 658 1667 τῶν
677 1616 854 1669 ἐκεῖσε
880 1615 1186 1689 εἰρημένων
1207 1616 1386 1689 ῥητῶν
1408 1619 1441 1689 ἡ
1472 1615 1702 1674 ἁντίθεσι

1913 1635 2060 1681 mtur
2081 1627 2169 1682 bis
2212 1628 2442 1684 verbis:
2478 1626 2546 1681 Et
2591 1627 2827 1696 quamvis
2871 1625 3132 1689 aberrent,
3170 1641 3232 1679 ne
3279 1622 3420 1679 vobis

182 1703 464 1775 ὀφθήσεται.
495 1706 770 1761 Φάσκουσι
798 1708 907 1781 γάρ
935 1708 1035 1781 τὴν
1062 1709 1370 1781 ἀγρυπνίαν
1397 1709 1604 1783 φέρειν,
1645 1728 1689 1782 μ

1915 1734 1986 1772 ηε
2013 1719 2102 1773 sit.
2136 1717 2404 1774 Caeterum
2427 1736 2495 1774 ex
2527 1718 2752 1775 vocibus
2782 1719 2917 1789 ipsis
2945 1733 3067 1787 qua:
3091 1717 3164 1771 ibi
3198 1716 3422 1786 prolatae

182 1771 421 1861 σαζόντων
445 1800 557 1853 τῶν
597 1771 971 1872 ’Δζύμωτνίού
991 1771 1220 1855 ’δύναται
1238 1802 1294 1856 δὲ
1321 1771 1481 1857 τοῦτο
1508 1771 1689 1858 naut-0‘

1916 1820 1997 1875 ut,
2020 1811 2293 1881 oppositio
2314 1821 2367 1866 et
2395 1810 2757 1882 repugnantia
2778 1771 3080 1882 a‘pparebit.
3108 1771 3242 1864 Nam
3267 1809 3421 1861 aiunt

182 1889 399 1954 γενέσθαι
422 1892 479 1944 ὲν
508 1894 577 1963 τῇ
608 1891 772 1963 ψήφῳ
797 1895 862 1964 τῇ
892 1893 1342 1965 ὲκκλησιαστικῇ.

1909 1902 2194 1972 :rvigilium
2239 1904 2507 1971 agendum
2557 1918 2681 1957 esse
2727 1903 2781 1956 in
2830 1901 3009 1956 medio
3067 1903 3416 1971 Azymorum.

182 1979 276 2035 Hoc
301 1989 498 2047 autem,
526 1984 586 2038 in
621 1984 993 2040 ecclesiastica
1023 1992 1327 2057 temporum
1349 1989 1758 2059 supputatione,
1796 1991 1913 2048 ﬁeri
1931 2003 2193 2065 perpetuo
2214 2012 2323 2050 non
2353 2003 2555 2067 potest.
2572 1994 2707 2067 Lege
2731 1994 2868 2065 quod
2906 1993 3100 2048 notabo
3118 1994 3186 2048 ad
3228 1992 3412 2049 Const.

181 2082 347 2141 (κροκι,
377 2074 532 2140 tib.v,
559 2092 677 2146 cap.
707 2078 791 2142 17,
816 2087 865 2131 et
897 2095 1012 2147 cap.
1051 2080 1139 2137 19.

1604 2197 1839 2255 Numero
1866 2198 1950 2253 11.

234 2328 445 2397 Λέγουσι
486 2330 604 2405 γάρ
633 2333 683 2385 οἱ
720 2332 874 2387 αὐτοὶ
900 2331 1208 2398 ἀπόστολοι,
1249 2335 1332 2389 ὅτι
1360 2336 1490 2391 ὅταν
1532 2336 1732 2391 ἐκεῖνοι

1910 2336 2104 2391 Dicunt
2132 2336 2277 2391 enim
2310 2335 2473 2391 iidem
2507 2336 2771 2407 apostoli;
2806 2336 3029 2406 quando
3061 2333 3137 2388 illi
3180 2336 3412 2405 epulan-

176 2418 475 2490 εὐωχῶνται,
508 2423 673 2494 ὑμεῖς
700 2425 1047 2496 νηστεύοντες
1080 2426 1219 2500 ὑπὲρ
1249 2428 1429 2483 αὐτῶν
1463 2428 1683 2484 πενθεῖ-ει

1904 2445 1949 2495 r,
1980 2444 2079 2483 vos
2122 2428 2437 2497 jejunantes
2467 2444 2566 2497 pro
2617 2428 2751 2498 ipsis
2796 2428 2995 2498 lugete,
3048 2427 3305 2497 quoniam
3355 2426 3411 2480 in

175 2511 240 2564 ὅτι
265 2512 317 2565 ὲν
341 2517 404 2586 τῇ
424 2515 617 2588 ἡμέρᾳ
647 2517 747 2586 τῆς
774 2518 970 2590 ἑορτῆς
999 2520 1089 2572 τὸν
1109 2520 1338 2592 Χριστὸν
1357 2521 1682 2594 ὲσταύρωσω

1906 2540 1923 2578 3
1954 2521 2269 2578 festivitatis
2313 2520 2591 2577 Christum
2636 2520 3030 2575 cruciﬁxerunt
3066 2539 3077 2575 :
3108 2528 3161 2575 et
3193 2519 3413 2590 quando

176 2604 251 2657 καὶ
273 2606 390 2659 ὅταν
424 2608 587 2661 αὐτοὶ
616 2608 872 2673 πενθῶσι,
902 2610 971 2665 τὰ
1012 2612 1194 2685 ἄζυμα
1231 2612 1502 2678 ἐσθίοντες
1533 2615 1592 2668 ἐν
1641 2631 1683 2667 π

1902 2617 1910 2670 i
1945 2616 2149 2687 lugent,
2179 2631 2367 2686 azyma
2391 2616 2615 2670 edentes
2644 2630 2767 2668 cum
2800 2615 3030 2668 lactucis
3078 2612 3409 2683 agrestibus,

175 2696 343 2766 κρίσιν,
373 2699 530 2771 ὑμεῖς
557 2701 871 2773 εὐωχεῖσθε.

1833 2724 1933 2763 vos
1962 2708 2282 2779 epulamini.
2312 2705 2447 2778 Lege
2477 2706 2731 2772 Constit.,
2764 2705 2855 2763 lib.
2890 2722 2943 2771 ν,
2966 2721 3084 2775 cap.
3118 2705 3201 2761 15.

1664 2859 1893 2918 Ibidem.

227 2991 372 3059 Αὖθις
388 2996 573 3051 αὐτῶν
592 2996 877 3062 ἀκούοντες
891 2998 950 3053 ὲν
976 3000 1042 3071 τῇ
1071 2998 1341 3065 Διατάξει,
1369 2999 1452 3053 ὅτι
1478 3000 1507 3052 ὁ
1535 2999 1722 3054 κακῶν

1895 2995 2030 3051 Cum
2081 2994 2281 3051 iterum
2330 2994 2553 3051 eosdem
2622 2997 2901 3067 apostolos
2960 2996 3288 3061 audiamus,
3340 2996 3392 3051 in

173 3087 336 3141 ἑαυτοῦ
355 3089 449 3161 τὴν
476 3089 659 3163 ψυχὴν
678 3092 735 3144 ὲν
766 3093 1039 3164 Κυριακῇ,
1069 3092 1469 3165 ὲπικατάρατός
1497 3094 1613 3146 ἐστι
1642 3111 1680 3146 τι

1904 3087 2227 3144 nstitutione
2256 3087 2541 3143 dicentes:
2566 3086 2669 3156 Qui
2694 3089 2879 3159 atiligit
2901 3088 3139 3142 animam
3162 3103 3316 3142 suam
3351 3088 3409 3141 in

172 3178 285 3250 θεῷ’
1820 3181 2126 3246 Dominica,
2154 3181 2480 3237 maledictus
2511 3190 2597 3237 est
2638 3179 2772 3237 Deo.
2801 3178 2936 3250 Lege
2976 3178 3189 3248 Const.,
3219 3177 3313 3233 lib.
3344 3194 3407 3242 ν,

1822 3291 1944 3347 cap.
1971 3275 2064 3331 20.

1581 3428 1819 3486 Numero
1850 3432 1939 3490 12.

221 3567 617 3639 Παρατηρεῖται
635 3566 691 3623 δὲ
707 3571 741 3641 ἡ
777 3567 1071 3640 Ἐκκλησία
1098 3568 1250 3635 ἄγειν
1277 3564 1374 3637 τὴν
1403 3566 1595 3639 ἑορτὴν
1624 3564 1720 3619 τοῦ

1902 3567 2165 3624 Observat
2213 3573 2396 3622 autem
2448 3565 2715 3633 Ecclesia,
2767 3574 2825 3622 ut
2869 3567 3067 3622 festum
3116 3566 3409 3626 Paschalis

166 3658 350 3731 Πάσχα,
375 3661 653 3715 τουτέστι
683 3660 782 3734 τὴν
824 3660 1097 3732 ἑόδομάδα
1137 3659 1234 3730 τὴν
1277 3659 1590 3731 ὡρισμένην
1627 3678 1673 3715 κ‹

1901 3670 2067 3733 ragat,
2092 3661 2196 3717 hoc
2225 3670 2330 3727 est,
2375 3660 2770 3717 hebdomadam
2804 3660 3079 3714 decretam
3121 3661 3287 3715 etiam
3335 3665 3408 3719 ab

163 3754 253 3806 ἀπ’
279 3754 451 3807 αὐτῶν
492 3754 609 3807 τῶν
644 3752 958 3825 ἀποστόλων
979 3751 1445 3823 διιαῇώιαετάξει,
1469 3752 1578 3806 ἀπὸ
1598 3752 1670 3805 δει

1900 3754 1957 3811 Lis
1983 3755 2246 3826 apostolis
2275 3755 2333 3809 in
2375 3754 2801 3817 Constitutione,
2850 3768 2879 3806 a
2905 3753 3145 3808 secunda
3194 3751 3407 3809 Sabbu-

163 3847 304 3917 τέρας
330 3845 1007 3915 Σαὸὃάτων,ηηὸπερνὲστὶν
1039 3844 1356 3920 ἀγορασμὸς
1386 3845 1482 3900 τοῦ
1510 3846 1670 3919 προός

1892 3864 2023 3912 mm,
2055 3846 2202 3919 quod
2234 3854 2320 3904 est
2352 3848 2559 3918 emptio
2586 3846 2733 3919 agni.
2767 3844 2951 3902 Const.
2994 3856 3189 3915 apost.,
3223 3845 3315 3901 lib.
3342 3864 3399 3913 ν,

958 3948 971 3953 "
1002 3965 1011 3971 -
1062 3986 1079 3995 ,ν
1128 3951 1163 3989 .’
1822 3955 1941 4008 cap.
1979 3939 2069 4007 15,
2108 3939 2198 4007 15,
2225 3938 2434 4007 18,19.

1433 4093 1644 4149 eresi
1674 4092 1763 4161 75,
1794 4109 1943 4149 num.
1974 4098 2034 4152 δ.

218 4239 273 4292 Εἰ
297 4240 351 4293 δὲ
378 4240 474 4294 καὶ
500 4238 612 4311 χρὴ
630 4236 690 4291 τὸ
705 4238 806 4308 τῆς
830 4236 1135 4302 Διατάξεως
1160 4236 1269 4290 τῶν
1304 4231 1617 4289 ἀποστόλων
1633 4228 1714 4282 λέ-

1890 4223 1948 4281 Si
1976 4239 2106 4283 vero
2145 4225 2311 4283 etiam
2339 4231 2555 4297 oportet
2581 4239 2650 4282 ex
2680 4222 3053 4295 apostolorum
3105 4223 3395 4280 Constitu-

161 4346 275 4397 γειν,
302 4331 417 4396 πῶς
458 4332 585 4385 ἐκεῖ
625 4331 885 4403 ὼρίξοντο
925 4329 1154 4401 τετράδα
1197 4326 1292 4382 καὶ
1328 4322 1668 4398 Προσάὸϐατι

1891 4334 1969 4374 me
1999 4317 2178 4388 loqui;
2207 4333 2318 4388 quo
2349 4316 2511 4373 modo
2534 4316 2646 4372 illic
2677 4316 3005 4372 deﬁnierunt
3038 4316 3398 4386 jejunaudum

161 4423 382 4492 νηστείαν
412 4423 431 4496 (
454 4422 717 4479 leserius
742 4423 969 4492 corrigit
987 4461 1003 4486 ,
1033 4417 1346 4492 νηστεύειν)
1373 4416 1462 4470 διὰ
1490 4412 1668 4468 παντδί

1893 4425 1940 4465 se
1973 4418 2238 4481 perpetuo
2266 4417 2461 4478 quarta
2500 4408 2637 4464 feria
2685 4415 2740 4464 et
2777 4406 3134 4474 Prosabbato,
3173 4419 3400 4479 excepta

161 4518 304 4587 χωρὶς
338 4515 726 4588 Πεντηκοστῆς
743 4530 756 4546 ·
780 4515 874 4569 καὶ
902 4513 1154 4586 περὶτῶν
1173 4512 1231 4576 ἒξ
1250 4509 1470 4583 ἡμερῶν
1486 4506 1579 4560 τοῦ
1601 4506 1668 4559 Ili

1894 4507 2169 4567 nteeoste;
2212 4509 2266 4556 et
2303 4499 2371 4556 de
2411 4516 2508 4555 sex
2551 4499 2747 4563 diebus
2789 4498 3099 4565 Paschatis,
3125 4500 3401 4570 quomodo

164 4623 268 4678 σχα,
299 4610 412 4674 πῶς
452 4607 892 4680 παραγγέλλουσι
944 4606 1115 4680 μηδὲν
1149 4605 1285 4668 ὅλως
1327 4599 1644 4673 λαμϐάνειν,

1889 4595 2141 4665 incipiunt
2166 4594 2303 4649 nihil
2334 4592 2560 4649 omnino
2589 4609 2827 4655 sumere.
2863 4599 3060 4664 praeter
3100 4608 3293 4665 panem
3342 4600 3396 4646 et

162 4699 301 4769 ἄρτου
328 4703 421 4755 καὶ
450 4679 581 4764 άλδς
606 4701 704 4753 καὶ
737 4698 947 4763 ὓδατος,
987 4679 1147 4752 ποίαν
1176 4713 1236 4749 τε
1275 4694 1490 4766 ἡμέραν
1517 4692 1669 4761 ἄγειν

1892 4690 1984 4743 lem
2016 4693 2072 4743 et
2119 4702 2339 4758 aquam,
2389 4687 2718 4756 qualemque
2767 4685 2910 4740 diem
2958 4700 3137 4756 agere,
3182 4693 3237 4737 et
3286 4700 3399 4754 quo

163 4790 260 4854 πῶς
282 4809 337 4846 τε
364 4792 622 4847 ἀπολύειν
650 4793 728 4856 είς
756 4790 1185 4861 ὲπιφώσκουσιίν
1205 4786 1510 4860 Κυριακὴν,
1549 4802 1670 4856 φανε

1887 4787 1976 4835 cto
2003 4778 2273 4849 jejunium
2321 4779 2531 4833 solvere
2582 4779 2637 4832 in
2685 4778 3035 4833 illucescente
3076 4774 3394 4840 Dominica;

164 4882 238 4950 ρόν
272 4885 400 4939 ἐστι.
435 4885 506 4939 Et
534 4884 718 4939 inira:
755 4880 889 4938 Εἶτα
936 4882 993 4936 δὲ
1033 4883 1083 4936 εἰ
1125 4880 1200 4952 μὴ
1242 4879 1370 4952 περὶ⁸
1409 4878 1510 4948 τῆς
1537 4876 1671 4947 αύτῆ

1917 4871 2166 4928 nifestum
2208 4878 2311 4926 est.
2359 4869 2423 4923 Et
2453 4870 2612 4940 paulo
2640 4878 2755 4936 post
2786 4884 2805 4921 :
2831 4867 3032 4922 Deinde
3055 4881 3204 4928 vero,
3242 4866 3287 4921 si
3325 4867 3424 4920 (ιρι

162 4970 441 5041 ὑποθέσεως
471 4976 746 5049 τετράδων
783 4976 878 5029 καὶ
900 4972 1301 5046 Προσαδϐάτων
1329 4971 1379 5023 οἱ
1404 4970 1559 5024 αὐτοὶ
1574 4969 1669 5022 ἀπε

1885 4963 2004 5018 dem
2055 4968 2380 5033 argumento
2434 4961 2762 5027 Quartarum
2812 4966 2867 5013 et
2928 4956 3392 5012 Prosabbatorum

162 5066 314 5120 στολοι
338 5068 396 5122 ὲν
419 5072 489 5141 τῇ
519 5068 768 5132 Διατάξει
788 5067 991 5135 ἔλεγον,
1024 5064 1120 5118 καὶ
1152 5064 1326 5126 ἄλλως
1355 5063 1420 5116 ὲκ
1445 5079 1669 5131 πανταχε

1880 5057 1975 5110 lem
2002 5054 2233 5124 apostoli
2263 5054 2317 5108 in
2338 5052 2743 5108 Constitutione
2764 5066 2869 5104 non
2897 5049 3200 5114 dixissent;
3223 5049 3387 5102 etiam

159 5154 468 5232 θενεῐχομεν
510 5160 790 5225 ἀποδεῖξαι
822 5174 837 5188 ·
881 5158 1031 5228 ὅμως
1066 5156 1195 5225 περὶ
1231 5153 1422 5208 τούτου
1466 5152 1666 5225 άκριϐιῖ

1887 5154 1968 5200 ter
1988 5145 2229 5215 undique
2254 5159 2541 5214 possemus
2564 5142 2943 5197 demonstrare
2964 5159 2976 5194 :
2995 5154 3303 5210 quanquam
3325 5155 3388 5192 ea

160 5230 423 5321 γράφουσι.

1898 5251 1957 5292 re
1988 5243 2244 5291 accurate
2272 5234 2541 5290 scribunt.
2586 5232 2720 5303 Lege
2766 5231 3018 5295 Constit.,
3046 5230 3137 5284 tib.
3180 5248 3234 5291 ν,
3267 5246 3383 5297 cap.

1808 5328 1898 5393 15,
1924 5329 2028 5397 20;
2065 5329 2155 5383 lib.
2188 5344 2286 5394 vn,
2315 5341 2430 5395 cap.
2448 5324 2553 5393 23;
2584 5324 2676 5379 tib.
2700 5340 2753 5391 ν,
2783 5339 2903 5393 cap.
2937 5322 3027 5387 15,
3061 5321 3151 5387 15,
3188 5320 3385 5383 18.19.

1419 5488 1623 5543 Ηωνεδὶ
1649 5489 1739 5553 80,
1771 5505 1918 5544 num.
1963 5487 2014 5543 7.

219 5608 319 5672 Καξι
360 5612 486 5683 περὶ
533 5591 631 5683 μὲν
659 5608 752 5665 οὖν
794 5610 888 5665 τοῦ
928 5610 1134 5680 γενείου
1170 5608 1227 5661 ὲν
1260 5610 1379 5671 ταῖς
1421 5604 1702 5670 Διατάξεσι

1880 5602 1947 5657 Ει
1975 5601 2193 5672 quidem
2217 5600 2285 5655 de
2312 5600 2503 5663 barba,
2538 5599 2594 5653 in
2625 5596 3127 5653 Constitutionibus
3164 5599 3373 5662 aposto-

160 5696 252 5752 τῶν
279 5701 578 5757 ἀποστόλων
610 5702 809 5773 φάσκει
847 5702 876 5755 ό
907 5703 1046 5766 θεῖος
1073 5700 1230 5769 λόγος
1257 5700 1352 5752 καὶ
1378 5701 1412 5770 ἡ
1450 5697 1667 5752 διδασκα

1875 5709 1985 5749 rum
2009 5694 2084 5748 ait
2104 5693 2324 5748 divinus
2349 5706 2551 5758 sermo,
2582 5698 2637 5747 et
2659 5690 2913 5745 doctrina
2943 5708 2957 5744 :
2993 5704 3100 5743 non
3133 5696 3382 5739 corrum-

163 5785 236 5838 λία
267 5790 335 5861 μὴ
372 5793 623 5866 φθείρειν,
646 5795 890 5848 τουτέστι
912 5794 984 5867 μὴ
1012 5793 1225 5863 τέμνειν
1255 5791 1446 5864 τρίχας
1473 5790 1670 5860 γενείοι

1871 5789 2015 5845 ιιιάοε
2040 5803 2182 5853 esse,
2213 5787 2317 5841 hoc
2344 5796 2448 5850 est,
2494 5800 2604 5840 non
2631 5797 2755 5840 esse
2781 5780 3048 5839 secandos
3080 5777 3221 5847 pilos
3251 5773 3378 5833 ιω·
