3706 6222
448 289 550 346 5ὦ7

447 404 548 465 ωε,
574 418 748 473 neque
782 404 1142 475 usurpandum
1170 405 1529 459 meretricium
1567 414 1813 458 ornatum
1835 443 1851 466 ,
1879 421 1972 460 ne-

2111 405 2201 476 ηδὲ
2255 401 2549 473 ἑταιρισμῷ
2609 392 3040 467 κατακομεϊσθαι
3077 429 3093 453 ,

445 508 552 562 que
578 494 771 548 debere
794 495 1014 563 iustitia:
1041 495 1310 548 incessum
1332 495 1594 564 superbiae
1622 500 1854 565 speciem
1883 496 1975 549 ha-

447 581 593 638 bere.
624 583 867 649 Constit.,
898 585 987 637 lib.
1022 599 1062 647 ι,
1090 599 1203 651 cap.
1227 585 1278 638 5.

1332 291 1388 344 S.
1421 288 1806 345 CLEMENTIS
1835 289 1856 343 l
1889 287 2052 348 80H.
2084 289 2281 348 PONT.
2317 286 2541 344 OPERA
2576 283 2801 343 DUBIA.
3527 275 3615 331 ιιι

3159 391 3298 459 μήτε
3356 389 3617 458 mea?»

2073 499 2189 560 νίας
2235 495 2527 564 ὑπόδειγμα
2568 488 2907 556 δικαιοσύνης
2945 484 3049 553 τὴν
3092 480 3447 552 προσέλευσιν
3473 478 3615 549 ἒχειν.

859 697 1239 763 AuctorOperis
1267 695 1548 765 imperfecti
1577 697 1631 750 in
1656 696 1983 765 Matthazum,
2016 694 2153 765 apud
2182 695 2241 751 S.
2274 693 2721 763 Chrysostomum.
2751 688 2831 742 Ad
2852 686 3056 741 Matth.
3086 701 3167 749 vr,
3200 683 3254 737 5.

517 827 685 880 Aliter
711 837 855 881 certe
895 829 1035 883 sicut
1061 829 1289 898 apostoli
1320 827 1738 897 interpretantur
1768 828 1824 882 in
1874 829 2010 883 libro
2036 827 2337 891 Canonum,
2365 825 2457 896 qui
2485 832 2571 881 est
2599 825 2668 878 de
2705 819 3022 892 episc0pis;
3056 817 3257 873 dextra
3301 822 3386 869 est
3411 814 3618 882 populus

447 913 804 979 Christianus,
831 919 924 986 qui
957 928 1039 973 est
1070 919 1135 972 ad
1164 920 1404 974 dextram
1440 916 1671 985 Christi;
1701 918 1920 974 sinistra
1950 926 2145 981 autem,
2177 918 2352 972 omnis
2386 917 2641 985 p0pulus,
2668 913 2760 983 qui
2790 922 2879 968 est
2921 910 2994 965 ad
3028 908 3346 964 sinistram.
3376 904 3486 959 Hoc
3507 921 3617 974 ergo

447 1005 577 1058 dicit
606 1026 618 1059 :
651 1006 725 1060 Νε
749 1007 1109 1061 Christianum
1138 1008 1421 1063 facientem
1449 1010 1861 1078 eleemosynam,
1888 1008 1979 1077 qui
2009 1016 2092 1062 est
2119 1006 2327 1071 dextra,
2359 1006 2594 1060 inﬁdelis
2624 1004 2879 1073 aspiciat,
2912 1001 3013 1071 qui
3044 1006 3134 1054 est
3195 998 3443 1052 sinistra.
3472 995 3614 1051 Chri-

447 1096 653 1151 stianus
672 1098 855 1151 ’autem
887 1098 933 1152 si
963 1099 1325 1154 Christianum
1353 1100 1547 1154 viderit
1572 1100 1938 1170 eleemosynas
1971 1098 2273 1165 facientem,
2305 1114 2414 1153 non
2436 1107 2521 1155 est
2540 1104 2732 1153 contra
2756 1094 2969 1150 Christi
2999 1098 3365 1164 praeceptum,
3387 1091 3615 1160 quoniam

445 1189 601 1243 ambo
629 1187 815 1242 dextra
841 1197 985 1244 sunt.
1027 1190 1150 1244 Vide
1173 1190 1299 1247 Not.
1328 1191 1396 1245 ad
1426 1190 1603 1247 Const.
1638 1205 1745 1259 ap.,
1775 1191 1865 1246 lib.
1900 1208 1983 1255 ιιι,
2014 1208 2061 1245 c.
2092 1190 2175 1247 14.

1710 1341 1786 1394 Ad
1816 1341 2007 1396 Matth.
2035 1357 2162 1406 xxv,
2195 1339 2281 1394 18.

513 1495 614 1560 Qui
643 1495 997 1550 ministerium
1027 1509 1184 1549 suum
1212 1494 1345 1549 bene
1372 1506 1844 1559 consummaverit,
1876 1504 2095 1565 apparet
2124 1510 2250 1565 quia
2278 1511 2343 1550 ex
2374 1495 2482 1550 Deo
2521 1495 2696 1551 fuerat
2734 1495 3065 1561 ordinatus;
3098 1494 3199 1563 qui
3262 1501 3440 1547 autem
3472 1491 3610 1545 mini-

445 1585 663 1638 sterium
688 1600 842 1640 suum
859 1599 965 1638 non
988 1583 1122 1639 bene
1148 1584 1694 1645 consummaverit,ex
1713 1584 2017 1639 hominibus
2041 1584 2319 1651 ordinatus
2347 1584 2581 1649 est.Quo
2600 1584 2760 1637 modo
2779 1590 2968 1637 autem
2996 1583 3229 1651 quidam
3251 1579 3545 1636 sacerdotes
3561 1594 3613 1633 ex

445 1677 752 1734 hominibus
776 1679 1115 1741 ordinantur,
1138 1677 1420 1732 manifeste
1448 1677 1499 1729 in
1523 1675 1661 1729 libro
1686 1682 1875 1729 octavo
1898 1674 2172 1729 Canonum
2195 1677 2557 1745 apostolorum
2590 1676 2813 1730 dicitur.
2846 1674 2955 1741 Qui
2993 1682 3183 1729 autem
3222 1689 3292 1730 ex
3332 1674 3614 1729 hominibus

444 1768 724 1826 ordinatus
750 1776 855 1834 est,
882 1776 1143 1839 quantum
1166 1769 1233 1823 ad
1264 1767 1430 1823 Deum
1462 1784 1567 1822 non
1595 1774 1680 1823 est
1705 1767 1964 1821 diaconus
1985 1775 2078 1820 aut
2106 1767 2379 1821 sacerdos.
2407 1766 2658 1831 Constit.,
2684 1766 2776 1821 lib.
2804 1781 2929 1831 Vill,
2958 1782 3083 1835 cap.
3116 1766 3175 1821 2.

1209 1918 1496 1986 Maximus,
1519 1919 1573 1972 in
1601 1918 1870 1988 epistolam
1899 1932 2133 1976 octavam
2157 1918 2418 1990 Dionysii,
2447 1928 2563 1987 post
2587 1916 2841 1974 medium.

514 2076 680 2131 Porro
702 2076 753 2129 in
782 2074 1321 2130 sacrisinstitutorem
1342 2081 1496 2128 vocat
1517 2074 1727 2128 beatum
1757 2083 1970 2145 aposto-
2003 2088 2044 2145 Β

446 2168 555 2221 lum
586 2168 827 2229 Paulum,
857 2175 913 2218 ut
939 2181 1057 2219 eum
1087 2166 1177 2234 qui
1201 2165 1373 2234 ipsum
1396 2165 1732 2218 ordinaverat
1763 2166 1814 2218 in
1840 2182 1975 2236 pon-

445 2258 703 2310 tificatum
752 2256 1001 2310 Ecclesia:
1060 2255 1445 2317 Atheniensis,
1497 2254 1637 2308 sicut
1691 2254 1745 2307 in
1802 2255 1974 2311 sacris

444 2347 805 2415 apostolorum
832 2344 1313 2402 Constitutionibus
1338 2347 1593 2415 scriptum
1614 2351 1716 2401 est.
1734 2343 1851 2399 Lib.
1874 2360 1970 2410 vn,

443 2452 557 2504 cap.
580 2438 669 2490 46.

2150 2074 2438 2147 Ἱεροθέτην
2477 2075 2531 2128 δὲ
2561 2075 2714 2128 καλεῖ
2752 2073 2848 2127 τὸν
2896 2073 3059 2141 ἅγιον
3090 2072 3385 2127 ἀπόστολον
3410 2073 3609 2140 Παῦλον,

2069 2164 2143 2226 ὡς
2178 2166 2617 2235 χειροτονήσαντα
2646 2164 2796 2234 αὐτῷ
2825 2164 2928 2235 τὴν
2958 2165 3371 2236 ἀρχιερωσύνην
3397 2166 3488 2237 τῆς
3515 2169 3611 2222 Ἐκ.

2070 2257 2293 2326 κλησίας
2318 2256 2424 2310 τῶν
2464 2255 2720 2324 Ἀθηνῶν,
2743 2254 2936 2318 καθὼς
2964 2257 3025 2307 ἐν
3046 2259 3170 2318 ταῖς
3194 2258 3364 2327 ἱεραῖς
3379 2257 3478 2309 τῶν
3501 2258 3610 2310 ἀπο-

2071 2347 2265 2400 στόλων
2279 2347 2582 2418 γέγραπται
2608 2346 2917 2412 διαταγαϊς.
2952 2345 3103 2417 Lege
3126 2348 3197 2402 ad
3226 2362 3347 2418 cap.
3369 2348 3421 2414 2,
3446 2344 3514 2401 De
3533 2339 3609 2395 Εε-

2070 2430 2193 2489 cles.
2218 2432 2500 2504 hierarch.,
2526 2444 2579 2491 et
2601 2435 2658 2489 in
2686 2434 2950 2506 Prologo.

446 2590 740 2645 Timotheus
768 2589 1053 2661 presbyter,
1083 2600 1311 2646 tractatu
1336 2589 1398 2644 de
1419 2589 1483 2643 iis
1515 2590 1602 2658 qui
1641 2588 1890 2710 accedupt
1928 2586 2419 2723 adch'cleiisasmgn
2444 2588 2695 2642 Auctario
2718 2587 3081 2643 Bibliotheca:
3124 2585 3353 2642 Patrum
3382 2582 3605 2652 Combeﬁ-

1633 2674 1804 2722 stano,
1857 2674 1963 2712 om.
2041 2695 2055 2721 ,
2142 2698 2152 2709 .
2383 2693 2398 2709 .

1633 2674 1804 2722 stano,
1837 2674 1963 2712 tom.
1993 2674 2055 2721 ιι,
2102 2674 2152 2722 p.
2182 2674 2287 2711 eoo
2331 2674 2398 2709 υ.

512 2814 647 2867 Audi
692 2812 1056 2882 apostolorum
1096 2811 1258 2868 verba
1288 2831 1301 2866 :
1342 2812 1553 2876 Videte,
1583 2820 1689 2866 etc.
1717 2808 1965 2876 Constit.,

443 2902 537 2955 lib.
566 2919 641 2966 vr,
672 2918 787 2972 cap.
816 2902 905 2959 16.

2144 2811 2336 2864 Ἀκουε
2384 2811 2490 2864 τῶν
2533 2810 2913 2865 ἀποστολικῶν
2932 2828 2948 2844 ·
3021 2812 3219 2885 Ὀρᾶτε
3269 2813 3337 2866 τά
3387 2812 3479 2864 ἐπ’
3523 2808 3609 2863 Μ’

2074 2918 2221 2972 ματι,
2250 2909 2354 2956 etc.

1610 3056 1795 3113 Canon
1822 3055 2108 3112 Trullanus
2135 3055 2409 3111 secundus.

510 3232 719 3287 Placuit
747 3238 923 3287 autem
960 3239 1014 3287 et
1058 3230 1162 3286 hoc
1195 3237 1395 3286 sanctae
1443 3228 1569 3284 huic
1612 3228 1815 3299 synodo
1851 3228 1971 3297 pul-

441 3324 705 3379 cherrime
733 3338 796 3377 ac
825 3323 1042 3393 optime,
1066 3329 1126 3376 ut
1153 3322 1220 3376 ab
1254 3322 1355 3376 hoc
1381 3328 1619 3389 tempore
1649 3320 1785 3373 lirmi
1813 3317 1971 3373 stabi-

2143 3225 2324 3290 Ἔδοξε
2350 3224 2405 3279 δὲ
2432 3226 2526 3279 καὶ
2553 3225 2713 3280 τοῦτο
2738 3230 2807 3300 τῇ
2838 3228 2983 3301 ἀγιᾳ
3028 3229 3210 3307 ταύτῃ
3252 3230 3441 3302 συνόδῳ
3465 3228 3609 3283 κάλλι-

2074 3318 2172 3371 στά
2196 3335 2253 3369 τε
2283 3316 2376 3370 καὶ
2421 3318 2812 3372 σπουδαιότατα
2832 3358 2849 3383 ,
2894 3321 3049 3375 ὥστε
3082 3324 3265 3395 μένειν
3290 3323 3383 3378 ita).
3420 3322 3514 3376 ἀπὺ
3537 3319 3609 3373 τοῦ

442 3417 628 3485 lesque
656 3421 904 3469 maneant
929 3415 994 3469 ad
1025 3415 1323 3468 animarum
1367 3411 1624 3467 medelam
1661 3418 1714 3465 et
1757 3416 1967 3478 pertur-

2111 3407 2159 3461 ἓν
2202 3407 2465 3477 βεϐαίους,
2507 3408 2603 3462 καὶ
2645 3409 2914 3478 ἀσφαλεῖς
2960 3414 3113 3485 πρὸς
3152 3414 3337 3485 ψυχῶν
3364 3411 3609 3484 θεραπείαν

438 3505 712 3560 bationum
760 3505 1111 3570 curationem,
1138 3504 1408 3572 octoginta
1437 3502 1673 3572 quinque
1711 3514 1965 3562 canones,

439 3596 631 3651 sanciti
675 3610 705 3647 a
762 3594 964 3650 sanctis
1008 3602 1061 3649 et
1101 3594 1349 3664 gloriosis
1393 3590 1668 3661 apostolis,
1697 3590 1789 3658 qui
1833 3603 1970 3658 prte-

439 3692 719 3743 cesserunt
769 3701 887 3741 nos.
916 3685 1179 3750 Quoniam
1220 3692 1395 3737 autem
1428 3683 1483 3736 in
1522 3681 1627 3736 illis
1670 3678 1968 3735 canonibus

440 3787 762 3849 praeceptum
800 3786 903 3841 est,
935 3784 993 3829 ut
1041 3775 1363 3844 recipiamus
1405 3772 1713 3828 eorumdem
1751 3778 1970 3824 sancto-

439 3886 558 3923 rum
601 3869 960 3938 apostolorum
1011 3882 1106 3937 per
1157 3864 1482 3923 Clementem
1537 3861 1965 3923 constitutiones,

440 3961 636 4029 quibus
656 3960 764 4027 jam
802 3959 928 4011 olim
976 3958 1043 4011 ab
1082 3955 1418 4010 heterodoxis
1461 3954 1526 4007 ad
1557 3951 1805 4006 Ecclesiae
1849 3966 1969 4019 per-

441 4050 634 4102 niciem
665 4049 865 4103 inserta
912 4054 1037 4102 sunt
1064 4047 1303 4116 quaedam
1360 4044 1658 4099 adulterina
1709 4049 1761 4096 et
1796 4042 1968 4095 aliena

439 4152 471 4190 a
527 4138 754 4207 pietate,
810 4153 927 4207 quae
980 4137 1268 4206 elegantem
1322 4150 1384 4189 ac
1433 4135 1679 4188 decoram
1736 4131 1966 4200 speciem

439 4227 741 4282 divinorum
811 4225 1115 4296 dogmatum
1200 4225 1355 4280 nobis
1421 4225 1801 4286 obscurarum;
1872 4220 1968 4275 has

439 4317 845 4371 constitutiones
908 4309 1314 4371 conducibiliter
1388 4314 1454 4368 ad
1524 4310 1968 4367 Christianissimi

437 4407 614 4475 gregis
665 4406 1067 4461 aediﬁcationem
1120 4420 1183 4458 ac
1242 4405 1618 4465 securitatem,
1650 4399 1971 4469 rejecimus;

439 4497 700 4551 haeretica
739 4496 989 4550 falsitatis
1028 4495 1169 4549 fetus
1209 4508 1541 4563 nequaquam
1584 4491 1967 4553 immiscentes,

2064 3497 2157 3549 καὶ
2187 3494 2420 3568 ἰατρείαν
2449 3497 2656 3562 παθῶν,
2684 3502 2810 3564 τοὺς
2854 3502 2967 3555 ὑπὸ
2998 3505 3114 3556 τῶν
3163 3505 3269 3577 πρὸ
3294 3503 3441 3575 ἡμῶν
3478 3501 3610 3568 ἁγίων

2065 3587 2157 3639 καὶ
2194 3585 2412 3651 ἐνδόξων
2456 3584 2767 3642 ἀποστόλων
2807 3591 3164 3664 ὀγδοήκοντα
3208 3597 3366 3648 πέντε
3403 3592 3606 3649 κανόνας-

2078 3674 2286 3747 Ἐπειδὴ
2312 3676 2368 3729 δὲ
2412 3676 2469 3729 ὲν
2513 3678 2720 3740 τούτοις
2745 3684 2862 3744 τοῖς
2892 3685 3132 3739 κανόσιν
3180 3684 3475 3737 ἐντέταλται
3498 3680 3613 3749 δέχεο

2067 3768 2190 3823 σθαι
2213 3769 2378 3839 ἡμᾶς,
2408 3767 2505 3831 τάς
2534 3769 2640 3822 τῶν
2666 3767 2849 3823 αὐτῶν
2870 3773 3059 3841 ἁγίων
3076 3776 3393 3829 ἀποστόλων
3406 3773 3482 3826 διὰ
3498 3770 3613 3837 Κλή-

2068 3874 2253 3928 μεντος
2274 3857 2555 3923 διατάξεις,
2585 3855 2672 3922 αἷς
2699 3877 2810 3913 τισι
2851 3863 3037 3918 πάλαι
3074 3866 3184 3920 ὑπὸ
3209 3867 3318 3921 τῶν
3345 3860 3613 3935 ἑτεροδόξων

2064 3950 2156 4002 ἐπὶ
2193 3950 2355 4022 λοίμῃ
2391 3948 2491 4019 τῆς
2546 3950 2895 4021 Ἐκκλησίας,
2929 3953 3073 4011 νόθα
3103 3957 3228 4011 τινὰ
3274 3957 3368 4010 κοιλ⁵
3394 3956 3505 4020 ξένα
3538 3951 3615 4017 τῆς

2079 4040 2395 4109 Ἐκκλησίας
2411 4040 2537 4080 ⁷¹ο³⁹
2558 4042 3018 4114 παρενετέθησαν
3041 4087 3057 4111 ,
3077 4049 3141 4101 τὸ
3157 4048 3423 4119 εὐπρεπὲς
3459 4041 3615 4102 κάλλος

2064 4130 2169 4183 τῶν
2198 4129 2352 4182 θείων
2379 4129 2660 4200 δογμάτων
2712 4132 2849 4203 ἡμῖν
2906 4137 3354 4211 ἀμαυρώσαντα,
3403 4137 3489 4209 τὴν
3531 4134 3616 4185 τῶν

2063 4220 2312 4273 τοιούτων
2331 4219 2618 4283 διατάξεων
2634 4225 2972 4295 προσφόρως
2989 4230 3278 4301 ἀποϐολὴν
3298 4223 3614 4297 πεποιήμεθα,

2065 4310 2199 4381 πρὸς
2222 4309 2319 4379 τὴν
2344 4310 2438 4362 τοῦ
2480 4313 3023 4381 Χριστιανικωτάτου
3079 4323 3335 4393 ποιμνίου
3380 4314 3615 4385 οίκοδομὴν

2065 4401 2157 4454 καὶ
2183 4401 2494 4468 ἀσφάλειαν,
2523 4403 2779 4475 οὐδαμῶς
2809 4408 3174 4481 ἐγκρίνοντες
3214 4415 3284 4466 τὰ
3323 4413 3418 4481 τῆς
3453 4410 3613 4479 αίρετι-

2064 4489 2167 4559 κῆς
2193 4490 2538 4558 ψευδολογίας
2565 4496 2829 4566 κυήματα
2848 4537 2864 4561 ,
2896 4503 2996 4555 καὶ
3041 4508 3119 4576 τῇ
3166 4506 3367 4577 γνησίᾳ
3392 4504 3488 4557 τῶν
3511 4502 3613 4553 ἀπο-

439 4596 492 4643 ει
518 4605 782 4659 germante
806 4604 869 4643 ac
904 4590 1124 4661 integra:
1151 4587 1514 4659 apostolorum
1543 4584 1800 4641 doctrinae
1833 4584 1972 4640 inse-

2111 4579 2261 4633 πόλων
2288 4581 2381 4634 καὶ
2407 4582 2689 4657 ὁλοκλήρῳ
2706 4588 2897 4663 διδαχῇ
2929 4598 3381 4670 παρενείροντες,
3410 4603 3501 4649 etc.

438 4686 636 4745 rentes,
668 4688 772 4735 etc.

652 4791 973 4860 Nicephorus
1001 4786 1603 4857 Constantinopolitanus
1627 4785 1946 4854 patriarcha,
1983 4783 2037 4836 in
2058 4783 2159 4851 ﬁne
2184 4781 2570 4853 Chronologiaz,
2602 4788 2696 4843 ubi
2724 4791 2789 4845 de
2815 4790 2967 4847 libris
3007 4793 3439 4865 Scripturarum.

669 4942 749 4995 Ea:
776 4943 1002 4997 versione
1027 4939 1294 4993 Anastasii
1323 4935 1728 4992 Bibliothecarii.

506 5033 571 5085 Et
599 5049 716 5102 quae
752 5033 885 5085 Novi
920 5029 1287 5101 (Testamenti)
1338 5035 1462 5083 sunt
1504 5025 1823 5096 apocrypha,
1856 5032 1959 5078 etc.
1990 5048 1994 5053 ·

439 5122 534 5175 Dm
552 5124 687 5175 trina
717 5122 1100 5192 apostolorum,
1126 5134 1313 5175 versus
1332 5119 1457 5182 200,
1488 5125 1589 5172 etc.

2130 5022 2380 5115 Kalbca
2420 5029 2524 5103 τῆς
2558 5034 2711 5104 Νέας
2764 5039 2899 5095 εἰσιν
2939 5040 3262 5115 ἀπόκρυφα,
3305 5050 3407 5100 etc.
3447 5035 3604 5108 Διδακῆ

2072 5112 2373 5172 ἀποστόλων
2397 5136 2413 5151 ·
2447 5126 2624 5201 στίχοι
2654 5139 2699 5185 σι
2727 5133 2795 5201 ιο,
2824 5146 2929 5190 διο.

1487 5229 1724 5291 Photius,
1758 5225 2084 5281 Bibliotheca:
2130 5226 2248 5285 cod.
2278 5243 2421 5298 cxu,
2453 5251 2612 5301 cxiii.

508 5341 667 5397 Lecta
708 5352 832 5397 sunt
876 5345 1164 5403 Clementis
1193 5345 1415 5400 Romani
1447 5344 1553 5397 duo
1591 5341 1862 5397 volumina
1893 5340 1961 5393 li-

440 5432 689 5495 brorum;
718 5447 940 5499 quorum
988 5436 1139 5489 alteri
1189 5436 1378 5489 titulus
1419 5440 1523 5497 est,
1561 5430 1961 5486 Constitutiones

444 5519 796 5590 apostolorum
816 5536 903 5587 per
929 5521 1263 5587 Clementem;
1291 5526 1344 5579 in
1367 5539 1473 5595 quo
1498 5523 1657 5579 etiam
1686 5520 1962 5575 continen-

506 5634 551 5666 σι
580 5634 625 5665 ι’
653 5633 708 5687 al
751 5632 1038 5699 εὐσεϐείας.
1106 5638 1149 5669 ⁵⁸
1175 5638 1241 5692 εἰ.
1275 5657 1352 5711 5.

2142 5339 2500 5437 Ἀνξγνώσθη
2524 5360 2842 5437 Κλήμεντος
2865 5360 2957 5417 τοῦ
2995 5361 3212 5433 Ῥώμης
3236 5361 3398 5432 τεύχη
3427 5353 3602 5429 βιϐλίων

2064 5430 2156 5531 6.60
2174 5449 2187 5463 ⁸
2217 5428 2296 5531 ἐῢν
2328 5443 2398 5497 τδ
2425 5428 2526 5521 μέν
2546 5428 2928 5531 ἐπιγράφεται,
2945 5428 3226 5520 Atat/arat
3246 5428 3364 5505 τῶῖ
3385 5428 3601 5504 ἀποστό-

2064 5524 2191 5577 λων
2208 5525 2313 5586 διὰ
2332 5524 2717 5623 Κλήμεντος,
2740 5524 2796 5608 ὲν
2814 5545 2857 5621 ᾧ
2874 5548 2965 5605 καὶ
2989 5549 3038 5603 οἱ
3063 5543 3167 5601 τῶν
3198 5541 3471 5598 συνοδικῶν
3480 5531 3606 5591 κανό-
