3706 6222
147 316 247 377 μ’)

1048 305 1625 365 CONSTITUTIONES
1660 304 2120 367 APOSTOLICIE.
2156 337 2224 347 ——
2251 304 2603 363 ΡΒΟαὲΜίΛ.

3261 305 3365 364 550

158 437 259 485 νων
282 410 360 482 τῷ
385 410 733 483 ἀθροίσματι
776 417 894 472 τῶν
934 418 1239 474 ἀποστόλων
1264 420 1482 482 κανόνες
1519 422 1621 473 sui:

1901 435 1920 472 r
1946 418 2021 473 illi
2050 433 2305 483 canones,
2334 418 2425 487 qui
2454 417 2593 470 inter
2631 414 2915 486 synodicos
2955 413 3119 469 cmtui
3148 424 3364 484 aposto-

172 519 374 585 φάμενοι
418 503 805 574 περιέχονται.
850 508 925 562 Et
964 508 1103 564 infra
1142 510 1252 562 :Ai
1290 509 1345 561 δέ
1386 526 1446 577 γε
1472 511 1635 563 Διατα

1901 523 2000 562 ἰιιιι
2028 509 2388 563 ascribunlur.
2418 506 2484 559 Et
2512 506 2653 573 infra
2682 520 2701 557 :
2728 505 2892 559 Porro
2922 507 3364 569 Constitutiones,

179 598 307 673 τρισὶ
332 594 511 665 μόνοις
535 595 803 651 δοκοῦσιν
832 599 1109 669 ἐνέχεσθαι
1125 617 1138 630 ·
1161 600 1541 670 κακοπλαστίᾳ,
1571 602 1636 670 ἣν

1925 597 2098 651 tribus
2146 597 2408 651 duntaxat
2445 595 2711 664 capitibus
2755 596 3154 665 reprehensioni
3183 597 3366 651 viden-

190 683 395 760 χαλεπὸν
434 685 933 743 ἀποσκευάσασθαι
958 705 972 719 ⁸
1004 691 1096 743 καὶ
1120 691 1199 742 ὃτι
1237 690 1327 742 καὶ
1352 688 1443 741 τοῦ
1488 692 1734 759 Δευτερο-

196 779 355 848 νομίου
384 775 569 846 ὕϐρεις
597 777 755 840 τινὰς
786 779 1077 848 ἐπαφίησιν
1092 779 1157 841 δί,
1175 779 1210 832 ἃ.
1227 782 1270 811 δ’
1296 778 1387 831 καὶ⁸
1416 780 1603 849 ῥᾷστον
1627 778 1737 830 δια-

196 866 465 921 λύσασθαι“
524 867 622 919 καὶ
681 868 763 920 ἔτι
809 869 1189 939 Ἀρειανισμῷ,
1241 870 1373 939 ὅπερ
1422 871 1484 923 ἄν
1528 886 1608 932 τις
1646 870 1737 922 καὶ

198 959 362 1028 βιαίως
401 957 809 1028 διακρούσαιτο.
855 961 918 1011 Ἡ
950 960 1046 1029 μέν
1084 961 1165 1011 τοί
1192 976 1254 1025 γε
1280 960 1383 1011 τῶν
1418 958 1508 1011 τοῦ
1536 960 1737 1029 Πέτρου

194 1047 427 1119 Πράξεων
448 1047 631 1116 βίϐλος
658 1049 738 1116 τῷ
765 1065 825 1100 τε
855 1048 1086 1119 λαμπρῷ
1115 1049 1207 1101 καὶ
1224 1051 1288 1117 τῇ
1318 1048 1613 1117 σεμνότητι,
1647 1049 1738 1100 καὶ

192 1140 271 1192 ἔτι
290 1139 355 1208 τῷ
381 1138 612 1208 καθαρῷ
644 1140 741 1191 καὶ
768 1138 1021 1207 συντόνῳ,
1057 1138 1147 1191 καὶ
1176 1140 1239 1207 τῇ
1272 1137 1402 1209 ἄλλῃ
1440 1138 1601 1207 ἀρετῇ
1645 1136 1736 1188 τοῦ

190 1231 351 1298 λόγου,
380 1230 476 1282 καὶ
504 1229 644 1281 πολυ
654 1228 851 1299 μαθείᾳ
868 1227 1085 1279 τοσοῦτο
1100 1227 1207 1296 ἔχει
1227 1226 1359 1298 πρὸς
1375 1225 1739 1293 τὰςΔιαταγὰς

188 1322 251 1373 τὸ
288 1319 677 1390 παραλλάττον,
721 1319 797 1381 ὡς
838 1318 968 1389 μηδὲ
1024 1317 1294 1388 συγκρίσει
1333 1320 1397 1387 τῇ
1440 1315 1577 1369 κατὰ
1614 1318 1737 1379 τοὺς

187 1409 359 1478 λόγους
385 1408 526 1479 πρὸς
552 1408 789 1478 ἀλλήλας
816 1406 1241 1479 παραϐάλλεσθαι
1267 1407 1363 1471 τὰς
1384 1407 1608 1477 βίϐλους,
1629 1414 1734 1464 etc.

1832 692 1921 739 tur
1945 686 2189 739 obnoxiae
2219 703 2234 741 :
2266 701 2330 741 ex
2361 686 2497 738 mala
2524 685 2761 750 ﬁctione,
2790 702 2948 756 quam
2976 697 3227 743 excutere
3258 704 3365 741 non

1835 783 1917 828 est
1941 775 2151 829 dilIicile
2184 794 2197 828 :
2230 784 2284 829 et
2312 775 2452 843 quod
2480 785 2668 832 contra
2690 776 3156 834 Deuteronomium
3185 782 3366 835 crimi-

1836 867 2079 918 nationes
2120 865 2375 932 quasdam
2416 866 2709 932 adducant;
2738 869 2890 937 {quod
2932 869 3091 923 etiam
3116 869 3365 924 facillim

1835 954 1964 1009 dilui
1997 962 2171 1023 potest
2200 974 2213 1008 :
2246 965 2297 1009 et
2324 956 2496 1009 adhuc
2521 972 2585 1011 ex
2618 957 2949 1024 Arianismo;
2973 959 3115 1028 quod
3146 961 3361 1030 aliquis,

1843 1046 1965 1099 licet
1994 1047 2251 1100 violenter
2274 1048 2468 1115 poterit
2498 1048 2778 1114 depellere.
2812 1049 3069 1103 Caeterum
3107 1051 3239 1105 liber
3261 1053 3363 1105 Ac-

1837 1144 2011 1189 torum
2040 1135 2205 1199 Petri,
2242 1136 2524 1204 splendore
2544 1145 2597 1189 et
2641 1136 2934 1205 majestate,
2968 1137 3033 1191 ad
3062 1137 3173 1191 haec
3214 1140 3361 1208 puri-

1834 1233 1939 1280 tate
1967 1235 2019 1280 et
2040 1227 2390 1290 vehementia,
2422 1227 2646 1295 aliisque
2669 1228 2926 1282 orationis
2948 1228 3182 1291 dotibus,
3202 1237 3362 1300 atque

1835 1315 2110 1383 multiplici
2137 1314 2398 1377 doctrina,
2432 1322 2635 1368 tantum
2666 1314 3087 1373 Constitutiones
3109 1325 3359 1386 superat,

1832 1413 1893 1458 ut
1919 1406 2016 1460 hos
2046 1406 2183 1459 inter
2209 1407 2372 1461 libros
2402 1407 2546 1459 nulla
2590 1409 2935 1475 comparatio,
2967 1409 3031 1462 ad
3060 1424 3359 1464 sermonem

1827 1493 1970 1563 quod
1998 1496 2204 1559 attinet,
2230 1496 2436 1549 institui
2460 1497 2669 1563 debeat,
2690 1506 2795 1550 etc.

188 1644 399 1713 Nicetas
426 1639 890 1713 Pectoratus,Lib.
917 1650 1097 1694 contra
1113 1640 1359 1713 Latinos,
1386 1650 1499 1709 post
1527 1642 1767 1695 medium.
1803 1642 1961 1713 Tomo
1998 1654 2141 1696 sexto
2169 1643 2408 1713 Antiquae
2436 1645 2712 1707 Lectionis,
2752 1646 2910 1702 Henr.
2942 1647 3137 1703 Canisii
3154 1666 3172 1711 ;
3207 1660 3255 1703 et
3282 1651 3339 1704 in

315 1712 649 1766 Bibliotheca
673 1711 914 1777 Patrum,
948 1720 1070 1765 tom.
1102 1709 1206 1775 IV,
1230 1719 1365 1778 part.
1396 1725 1456 1773 ιι,
1486 1726 1574 1764 nec
1607 1726 1708 1764 non
1729 1711 1864 1778 apud
1886 1712 2200 1777 Baronium,
2243 1709 2521 1766 Annalium
2546 1724 2669 1769 tom.
2698 1715 2757 1767 11
2766 1755 2780 1779 ,
2818 1718 2870 1770 in
2909 1709 3214 1785 Appendice.

254 1865 633 1935 Apostolorum
663 1864 912 1921 vertices.
946 1864 999 1915 in
1030 1862 1215 1931 quinto
1237 1862 1448 1931 quidem
1472 1862 1611 1916 libro
1648 1860 2074 1929 Ordinationum,
2100 1865 2193 1934 qui
2238 1866 2305 1920 de
2333 1858 2656 1938 martyribus
2690 1870 3023 1934 inscribitur,
3048 1872 3200 1939 juxta
3232 1874 3357 1930 οπο.

181 1963 405 2010 mentem
434 1956 482 1987 ⁸³
518 1973 535 2009 :
568 1954 833 2019 Quartam
877 1953 1065 2018 feriam
1100 1962 1148 2006 et
1169 1962 1366 2005 sextam
1400 1957 1634 2022 prwcepit
1663 1956 1805 2008 nobis
1828 1954 2064 2022 jejunare
2097 1955 2341 2009 Dominus
2364 1975 2381 2008 :
2412 1974 2569 2010 unam
2600 1959 2796 2028 quidem
2819 2000 2833 2023 ,
2876 1972 3080 2028 propter
3108 1963 3351 2016 traditio-

184 2060 315 2106 nem;
348 2044 605 2108 alteram,
633 2054 843 2112 propter
868 2044 1157 2111 passionem
1179 2057 1197 2095 :
1232 2043 1398 2109 ipsum
1430 2055 1598 2098 autem
1638 2045 1921 2099 Sabbatum
1944 2045 1986 2075 “
2009 2061 2108 2097 non
2133 2046 2349 2099 tradidit
2375 2048 2519 2101 nobis
2530 2050 2787 2118 jejunare,
2809 2052 3049 2119 quoniam
3071 2070 3171 2105 non
3201 2068 3353 2119 opor-

185 2144 279 2196 tet,
299 2145 497 2195 prcter
528 2134 668 2187 illud
705 2136 896 2196 solum,
927 2135 981 2186 in
1013 2149 1111 2202 quo
1140 2129 1355 2187 Creator
1384 2136 1632 2198 omnium,
1662 2136 1755 2188 sub
1788 2146 1924 2189 terra
1953 2136 2073 2204 fuit.
2105 2135 2257 2191 Unde
2282 2138 2431 2204 juxta
2462 2140 2658 2193 calcem
2698 2141 2933 2206 ejusdem
2983 2143 3123 2201 libri,
3158 2143 3349 2197 iterum

179 2224 260 2276 sic
283 2223 526 2293 loquitur
550 2222 600 2255 ’⁵³
634 2242 647 2277 :
685 2221 847 2277 Omne
875 2222 1078 2291 quidem
1101 2221 1383 2275 Sabbatum
1411 2232 1459 2276 et
1487 2240 1685 2277 omnem
1716 2224 2042 2278 Dominicum
2073 2225 2428 2278 celebrandum
2457 2228 2500 2257 “
2530 2245 2638 2281 esse
2671 2229 2911 2284 dicimus.
2946 2230 3177 2284 Gaudere
3205 2234 3341 2285 enim

179 2322 372 2379 oportet
402 2313 457 2365 in
489 2313 597 2375 his,
629 2322 679 2365 et
710 2328 811 2364 non
841 2310 1032 2380 lugere.
1058 2311 1292 2380 Septimo
1314 2312 1525 2381 quidem
1562 2313 1697 2366 libro
1730 2329 1910 2368 earum
1941 2313 2411 2377 Coustitulionum,
2442 2316 2592 2382 juxta
2622 2319 2931 2371 vicesimum
2972 2332 3216 2387 quartum
3253 2337 3345 2375 ca-

179 2409 275 2464 put
299 2401 362 2463 ",
388 2401 498 2454 hoc
530 2400 785 2468 inquiunt
814 2416 827 2451 :
858 2398 1137 2451 Sabbatum
1169 2415 1384 2468 namque
1403 2409 1450 2452 et
1472 2400 1791 2452 Dominicum
1820 2400 2131 2454 celebramus
2153 2403 2241 2465 ‘7‘;
2263 2403 2382 2471 quia
2411 2403 2540 2455 illud
2569 2405 2768 2467 quidem
2816 2408 3000 2461 divina:
3036 2412 3346 2476 operationis

177 2499 256 2543 est
283 2492 558 2554 memoria,
593 2490 680 2542 hic
701 2490 748 2521 ’⁵⁸
774 2506 890 2543 vero
920 2492 1328 2544 resurrectionis.
1367 2490 1533 2544 Unum
1566 2507 1678 2544 vero
1702 2499 1900 2543 tantum
1928 2490 2210 2545 Sabbatum
2241 2493 2627 2547 custodiendum
2656 2506 2730 2548 est
2756 2499 2809 2550 in
2840 2509 2944 2553 toto
2974 2518 3128 2565 anno,
3162 2504 3341 2569 Sepul-

182 2592 309 2636 turz
341 2584 598 2643 Domini;
627 2598 729 2651 quo
746 2582 993 2650 jeiunare
1015 2592 1231 2651 oportet.
1258 2583 1478 2648 Quando
1519 2584 1654 2636 enim
1682 2582 1916 2636 Christus
1956 2583 2013 2635 in
2055 2584 2285 2652 sepulcro
2319 2584 2511 2653 jacuit,
2555 2586 2793 2656 discipuli
2819 2593 3149 2658 potentiorem
3209 2595 3350 2647 circa

179 2691 293 2727 eum
336 2676 523 2742 ﬂetum
551 2673 835 2740 habebant,
859 2690 1017 2745 quam
1044 2676 1292 2747 gaudium
1319 2690 1382 2729 ea;
1410 2675 1654 2729 memoria
1682 2674 1868 2728 divina:
1895 2677 2226 2743 operationis,
2258 2683 2362 2733 etc.

1596 2827 1763 2884 Multo
1790 2841 1903 2899 post
1923 2847 1944 2886 :

249 2984 303 3040 lo
326 2995 481 3043 sexto
501 2986 649 3040 libro
672 2984 966 3039 Clementis
995 2982 1428 3047 Ordinationum,
1455 2999 1575 3053 qum
1610 2985 1678 3039 ab
1704 3000 1768 3039 eo
1796 2985 2114 3055 conscriptae
2155 2994 2302 3051 sunt,
2349 2988 2502 3055 juxta
2548 2988 2830 3058 septimum
2874 2990 3136 3046 decimum
3165 3005 3348 3071 caput,

180 3078 404 3145 apostoli
436 3078 556 3131 haec
589 3075 782 3129 dicunt
813 3092 828 3128 :
858 3073 1165 3141 Episcopum
1190 3083 1238 3128 et
1256 3075 1603 3144 presbyterum
1632 3084 1681 3129 et
1705 3074 2002 3138 diaconum,
2038 3074 2278 3139 dicimus,
2307 3079 2395 3145 qui
2420 3095 2575 3131 unam
2610 3078 2793 3132 habent
2822 3094 3051 3143 uxorem,
3083 3081 3344 3143 ordinari,

177 3170 404 3223 suamsis
431 3170 613 3221 vivant
642 3182 822 3220 eorum
853 3164 1112 3234 conjuges,
1135 3167 1364 3234 quamvis
1385 3164 1641 3232 defunctae
1661 3179 1681 3217 :
1710 3181 1810 3220 non
1853 3165 1970 3217 licet
2005 3182 2089 3219 eos
2115 3176 2229 3233 post
2266 3184 2448 3221 manus
2471 3167 2515 3199 δ’
2545 3168 2917 3237 impositionem
2944 3170 3183 3240 innuptas
3216 3188 3346 3235 esse,

176 3273 267 3311 nec
289 3258 496 3325 insuper
518 3256 590 3311 ad
622 3258 835 3326 nuptias
866 3257 977 3319 ire;
1004 3264 1093 3309 aut
1120 3256 1167 3309 si
1189 3256 1471 3325 nupserint,
1503 3255 1694 3309 alteras
1725 3254 1982 3323 amplecti,
2013 3253 2101 3308 sed
2122 3256 2345 3325 suﬁicere
2361 3273 2490 3326 quas
2522 3257 2704 3311 habent
2729 3273 2846 3311 cum
2868 3258 2936 3311 ad
2961 3259 3337 3314 ordinationem

176 3358 435 3403 venerunt.

1584 3449 1738 3507 Circa
1770 3451 1923 3521 ﬁnem
1948 3469 1966 3506 :

243 3611 456 3683 Reliqui
495 3617 681 3664 autem
725 3604 1023 3668 Verticum,
1070 3604 1125 3657 in
1151 3603 1378 3673 septimo
1406 3602 1451 3636 ⁸⁸
1484 3603 1621 3657 libro
1663 3601 2082 3665 lnstitutionum,
2115 3602 2265 3671 juxta
2307 3611 2517 3660 sextum
2557 3601 2824 3658 decimum
2888 3610 3047 3672 caput
3082 3601 3342 3671 liquidius

174 3705 423 3761 dixerunt
454 3722 468 3757 :
502 3703 713 3759 Scimus
735 3701 891 3762 enim,
917 3696 1090 3767 inquit
1111 3696 1254 3760 "4’,
1285 3695 1406 3764 quia
1436 3694 1488 3746 hi
1541 3694 1629 3764 qui
1669 3694 1808 3747 circa
1855 3693 2144 3757 Simonem,
2180 3703 2229 3747 et
2276 3692 2559 3758 Cleobium,
2600 3703 2649 3749 et
2676 3692 2898 3758 ludam,
2940 3695 3351 3761 conscripserunt

178 3794 330 3849 libros
360 3797 416 3849 in
456 3793 671 3847 nomine
691 3787 887 3844 Christi
915 3796 961 3839 et
997 3784 1363 3853 discipulorum
1409 3784 1541 3852 ejus,
1572 3784 1939 3851 circumferunt
1974 3784 2043 3836 ad
2078 3784 2421 3839 seductionem
2459 3792 2699 3847 vestram,
2730 3792 2779 3837 et
2806 3799 2981 3837 eorum
3011 3784 3097 3852 qui
3124 3783 3349 3852 diligunt

175 3884 457 3948 Christum,
505 3891 558 3935 et
603 3898 697 3934 nos
737 3895 908 3933 servos
941 3879 1118 3946 ipsius.
1162 3874 1228 3927 Et
1267 3875 1321 3927 in
1354 3873 1602 3927 veteribus
1639 3874 1848 3943 quidam
1887 3875 2292 3941 conscripserunt
2320 3876 2476 3929 libros
2520 3873 2829 3942 apocryphos
2862 3873 3049 3941 Moysi,
3079 3884 3126 3927 et
3151 3874 3345 3929 Enech.

173 3977 431 4038 etAdam,
471 3972 659 4035 Isaite,
696 3978 745 4024 et
768 3966 955 4031 David,
999 3976 1049 4021 et
1082 3965 1233 4029 Elite,
1262 3972 1310 4018 et
1347 3964 1503 4015 trium
1532 3963 1971 4032 patriarcharum,
2000 3965 2349 4033 corruptiones
2386 3964 2629 4033 facientes
2661 3973 2811 4033 atque
2846 3965 3072 4016 veritatis
3109 3964 3347 4017 inimicos

175 4064 575 4208 “hminibertus
623 4163 889 4218 episcopus
920 4145 1087 4217 Sylva:
1113 4143 1393 4209 Candidw,
1424 4143 1477 4196 in
1508 4144 1835 4212 responsione
1869 4142 1937 4196 ad
1965 4141 2165 4197 Nicetis
2195 4144 2401 4207 librum,
2435 4143 2595 4198 multo
2639 4154 2753 4214 post
2787 4144 3030 4207 initium;
3069 4145 3276 4199 ibidem.

239 4303 674 4377 Reprehendens
699 4300 842 4353 enim
873 4314 993 4361 nos,
1022 4312 1121 4351 cur
1142 4297 1444 4366 jejunemus
1470 4294 1738 4357 Sabbatis,
1766 4294 1903 4349 dicis
1928 4310 1942 4345 :
1969 4296 2172 4361 Quarta
2198 4305 2249 4351 et
2276 4307 2422 4351 sexta
2458 4296 2589 4364 feria
2614 4296 2812 4364 juqiter
2839 4298 3216 4367 jejunandum;
3244 4315 3347 4352 una

172 4411 378 4468 propter
404 4394 773 4453 traditionem.
802 4390 969 4444 altera
992 4398 1196 4457 propter
1224 4388 1509 4456 passionem
1538 4386 1776 4449 Domini;
1817 4386 2044 4442 Sabbato
2071 4398 2239 4442 autem
2280 4406 2560 4459 nunquam,
2600 4390 2702 4442 nisi
2725 4404 2845 4443 uno.
2888 4387 2950 4441 Et
2981 4389 3079 4442 hoc
3108 4404 3347 4443 asserere

172 4491 388 4545 conaris
417 4505 487 4543 ex
514 4482 843 4555 apocryphis
878 4481 1031 4534 libris
1059 4488 1110 4533 et
1131 4478 1447 4538 canonibus,
1498 4477 1614 4546 pari
1643 4477 1909 4530 sententia
1950 4485 2258 4533 sanctorum
2288 4478 2506 4533 Patrum
2546 4479 2860 4548 repudiatis.
2901 4478 3031 4531 Nam
3056 4478 3345 4533 Clementis

173 4581 306 4635 liber
330 4580 401 4643 ⁸⁸,
444 4578 501 4632 id
535 4582 622 4631 est
676 4571 1018 4626 itinerarium
1056 4566 1202 4623 Petri
1253 4567 1516 4636 apostoli,
1566 4573 1617 4620 et
1641 4567 1888 4621 Canones
1946 4569 2308 4636 apostolorum
2371 4577 2725 4623 numerantur
2750 4570 2963 4622 “inter
3016 4570 3340 4637 apocrypha.

170 4670 414 4739 exceptis
451 4662 716 4734 capitulis
766 4658 1185 4727 quinquaginta,
1220 4670 1337 4723 qua:
1382 4653 1733 4708 decreverunt
1772 4653 1971 4723 regulis
2013 4655 2325 4711 orthodoxis
2346 4657 2392 4688 "
2420 4656 2774 4725 adjungenda.
2826 4656 2977 4710 Unde
3006 4672 3101 4710 nos
3133 4672 3342 4725 quoque

174 4776 329 4814 omne
366 4753 726 4827 apocrypbon
758 4750 805 4781 ”
831 4746 1169 4816 abjicientes,
1200 4745 1551 4813 dedignamur
1581 4743 1768 4799 audire
1803 4758 1987 4799 eorum
2031 4744 2304 4803 fabulosus
2347 4748 2685 4813 traditiones,
2715 4748 2839 4818 quia
2881 4763 2988 4802 uon
3016 4756 3141 4801 sunt
3176 4758 3232 4802 ut
3260 4751 3341 4805 lex

173 4846 407 4902 Domini.

241 4980 492 5050 Georgius
528 4974 820 5032 Cedrenus,
860 4969 915 5021 in
956 4964 1264 5034 Compendio
1301 4965 1694 5050 Historiarum;
1739 4965 1979 5050 editionis
2010 4966 2268 5050 Xylaqdr.’
2305 4984 2423 5037 ρας,
2456 4969 2577 5031 175,
2643 4969 2738 5022 um
2772 4969 2862 5031 52’
2905 4979 3010 5025 etc.
3070 4972 3333 5028 Εάίηοηε.

1324 5036 1473 5102 regite
1505 5046 1629 5088 tom.
1666 5033 1717 5096 I,
1739 5049 1860 5102 pag.
1887 5035 2010 5098 2H,
2034 5037 2100 5098 Α,
2124 5044 2228 5090 etc.

237 5208 375 5279 Περὶ
384 5199 447 5258 οὗ
464 5206 523 5259 ὲν
531 5203 653 5263 ταῖς
662 5191 1353 5256 ἅποστολικαϊςΔιατάξεσιν
1364 5192 1392 5243 ὁ
1412 5192 1579 5259 μέγας
1596 5192 1700 5245 ἀπό

1887 5195 2001 5264 Deq
2011 5211 2077 5248 uo
2094 5197 2145 5248 in
2159 5195 2645 5251 Constitutionibus
2657 5198 2966 5266 apostolicis
2981 5213 3203 5269 magnus
3218 5215 3340 5270 apo-

174 5291 724 5366 στολοςΠέτροςοῦτω
740 5288 937 5357 φάσκει
956 5301 970 5317 ·
999 5284 1067 5338 Ἦ
1082 5281 1149 5334 δὲ
1166 5280 1425 5347 καταρχὴ
1445 5281 1560 5335 τῶν
1570 5283 1636 5336 νέ

1877 5288 1991 5341 olus
2022 5286 2212 5341 Petrus
2256 5286 2329 5338 ita
2355 5286 2611 5341 disserit:
2639 5287 2871 5342 Haareses
2907 5306 3022 5343 vero
3056 5306 3200 5345 nouae
3237 5294 3340 5347 ini-

234 5516 277 5550 “
302 5516 339 5571 f.
363 5515 694 5583 ἐπαφιεϊσεν.
762 5501 1079 5583 ιζξςξίχεδ..
1100 5498 1300 5583 δ’ῇϐερρο
1330 5498 1417 5579 μδ.
1476 5502 1520 5532 ⁸⁸
1540 5502 1609 5583 al:
1625 5502 1697 5569 jej

1878 5503 2189 5583 .gabbatum.
2234 5501 2473 5583 ηδ’-ϐαι).
2503 5504 2591 5559 20.
2667 5508 2710 5540 ⁸⁸
2737 5511 2821 5583 al._
2856 5508 3335 5583 Dominicam_eele-

176 5568 429 5637 ινσηάαηι
491 5568 503 5583 ⁸
526 5582 571 5612 δ’
609 5579 741 5637 Cap,
793 5576 887 5630 25.
920 5574 989 5604 "‘
1032 5571 1103 5624 al.
1136 5568 1457 5621 Dominicam
1483 5568 1805 5627 celebremus.
1875 5574 2006 5624 “al.
2035 5572 2161 5637 hazc.
2232 5570 2275 5601 δ’
2300 5573 2371 5625 al.
2398 5568 2661 5631 manuum.
2735 5579 2780 5609 ³⁸
2803 5579 2840 5632 Ι.
2874 5587 3038 5632 sexto.
3114 5579 3226 5616 "-"
3261 5582 3331 5632 al.

176 5594 429 5637 ονσηααηι
526 5594 567 5612 ’⁷
609 5594 682 5633 ωδ
727 5620 741 5633 ,
793 5594 887 5630 Σο.
920 5594 988 5604 "‘
1032 5594 1103 5624 3|.
1136 5594 1457 5621 uunuuwuru
1483 5594 1805 5627 cetearemus.
1875 5594 2006 5624 "al.
2035 5594 2159 5624 nwc.
2232 5594 2273 5601 "
2300 5594 2371 5625 al.
2398 5594 2661 5631 manuum.
2735 5594 2780 5609 "
2803 5594 2840 5632 ι.
2874 5596 2897 5631 8

174 5654 427 5721 inquiunt.
502 5651 549 5683 ⁸³
574 5649 644 5704 al.
688 5594 900 5700 ﬁbrum.
974 5640 1021 5673 "
1042 5639 1093 5692 al
1153 5651 1474 5691 numeravere
1565 5639 1609 5671 ⁸⁸
1634 5639 1684 5691 al
1738 5640 2069 5695 orthodoxae.
2145 5636 2188 5670 "
2209 5638 2277 5691 al.
2316 5657 2511 5698 omnem
2540 5648 2897 5717 apocryphnm.
