3816 6380
436 313 532 367 551
1331 305 1386 362 S.
1421 301 1815 361 CLEMENTiS
1849 305 1864 359 I
1901 303 2068 361 ΗΘΜ.
2102 303 2305 359 ΡΟΝΤ.
2341 302 2567 358 OPERA
2603 304 2824 360 DUBlA.
3585 305 3684 359 559.

436 430 568 479 tium
593 421 885 476 habuerunt
925 438 957 475 a
977 420 1192 476 Simone
1214 419 1406 491 Mago;
1464 422 1556 490 qui
1577 421 1736 490 factis
1762 421 1816 474 in
1841 419 1943 490 Syr

2178 420 2390 474 οέσεων
2417 419 2662 490 γέγονεν
2708 419 2824 474 ἀπὸ
2867 417 3132 486 Σίμωνος
3175 416 3282 470 τοῦ
3331 416 3539 484 Μάνου
3563 433 3577 445 ·
3618 417 3685 481 ὃς

433 516 614 568 multis
654 513 903 568 absurdis
953 523 1004 568 et
1048 513 1391 584 prodigiosis,
1443 513 1664 568 Romam
1703 513 1940 568 advenien

2178 513 2208 566 li
2237 514 2308 567 ἐν
2342 512 2527 580 Συρίᾳ
2566 515 2767 566 πολλὰ
2809 509 3286 579 διαπραξάμενος
3329 509 3543 571 ἄτοπα,
3590 508 3685 561 καὶ

434 607 726 662 Ecclesium
771 622 1079 676 magnopere
1118 608 1348 669 vexavit,
1388 623 1481 676 per
1510 606 1763 676 magiam.
1796 615 1845 660 et
1883 605 1936 658 di

2178 625 2180 635 ι
2207 605 2394 675 Ῥώμῃ
2413 606 2748 675 γενόμενος,
2772 604 2928 658 πολὺ
2951 603 3064 673 τὴν
3089 602 3448 669 Ἐκκλησίαν
3461 602 3685 655 ἕσκυλε

432 699 657 752 bolicam
694 701 1050 768 operationem
1089 715 1151 751 ac
1185 699 1451 768 peritiam.
1485 697 1630 751 Nam
1652 715 1773 752 cum
1805 698 1858 751 in
1888 696 1939 753 Ct

2177 699 2207 753 ὰ
2243 699 2493 769 μαγείας
2528 697 2625 752 καὶ
2653 694 2994 764 διαϐολικῆς
3024 694 3324 764 ἐνεργείας
3364 692 3463 746 καὶ
3488 693 3684 761 ἐμπει-

430 804 586 843 sarea
619 789 888 845 Stratonis
923 791 1050 844 mihi
1089 790 1248 844 Petro
1297 791 1477 845 obvius
1526 790 1733 861 fuisset,
1772 789 1937 845 conab

2178 808 2259 857 ας.
2317 791 2410 845 Ἐν
2434 783 2567 862 ’μὲν
2592 790 2701 860 γὰρ
2731 788 3056 856 Καισαρείᾳ
3085 786 3160 856 τῇ
3188 785 3535 855 Στράτωνος
3561 783 3685 853 ἐμοὶ

431 888 538 946 tur,
571 890 678 938 etc.
703 882 826 938 Lib.
854 899 931 949 γι,
965 898 1017 938 c.
1039 883 1092 949 7,
1116 883 1171 949 8,
1198 899 1252 955 9.

2111 883 2308 954 Πέτρῳ
2336 882 2676 953 συντυχὼν,
2705 879 2998 949 ἐπειρᾶτο,
3028 888 3134 936 etc.

1033 1038 1203 1106 Idem,
1243 1038 1370 1095 edit.
1405 1038 1603 1106 Basil.,
1635 1039 1838 1109 ρ.195’,
1877 1039 1914 1095 l.
1942 1054 2076 1106 XLII,
2099 1048 2210 1097 etc.
2237 1039 2360 1113 Reg.
2394 1043 2596 1106 tom.l,
2625 1057 2680 1110 p.
2705 1039 2830 1101 257.
2869 1040 2939 1105 D,
2971 1050 3079 1097 etc.

497 1197 572 1252 De
600 1196 798 1268 quibus
835 1211 967 1252 sane
995 1195 1160 1250 etiam
1203 1197 1260 1250 in
1290 1195 1608 1264 apostolicis
1636 1193 1999 1250 Constitutio-

2176 1195 2313 1267 Περὶ
2341 1190 2415 1249 ὧν
2446 1197 2626 1268 μέντοι
2673 1199 2776 1252 κάν
2815 1201 2935 1262 ταῖς
2976 1197 3358 1262 ἁποστολικαίς
3402 1194 3683 1262 Διατάξεσί

427 1293 588 1348 nibus
638 1292 858 1348 divinus
912 1307 1093 1348 sermo
1145 1291 1264 1344 ait:
1304 1288 1432 1344 1am
1482 1306 1600 1344 vero
1641 1289 1836 1352 etiam,
1885 1297 1934 1342 el

1770 1306 1836 1352 n,
1885 1297 1997 1342 etc.
2107 1305 2270 1360 φησιν
2299 1291 2327 1342 ό
2354 1289 2498 1352 Θείος
2523 1289 2680 1359 λόγος
2701 1305 2714 1321 ·
2751 1291 2895 1360 Ἤδη
2924 1291 2992 1346 δὲ
3018 1292 3136 1358 καὶ,
3172 1300 3277 1349 etc.

427 1384 542 1439 Lib.
574 1400 651 1451 γι,
683 1401 804 1458 cap.
832 1385 922 1453 22,
955 1385 1046 1452 2ος
1077 1384 1175 1439 lib.
1199 1384 1253 1438 5.
1286 1399 1408 1453 cap.
1439 1382 1525 1438 12.

964 1540 1137 1606 Idem,
1168 1540 1294 1595 edit.
1320 1540 1514 1610 prioris
1567 1539 1772 1609 p.958,
1807 1537 1843 1593 l.
1880 1555 1919 1602 ι,
1946 1548 2078 1605 etc.,
2104 1540 2408 1608 posterioris
2459 1544 2586 1590 tom.
2625 1535 2673 1599 1,
2697 1551 2751 1604 p.
2781 1534 2909 1604 289,
2938 1534 3003 1601 Β,
3035 1545 3141 1592 etc.

494 1683 560 1736 Et
596 1683 650 1736 in
681 1681 1000 1753 apostolicis
1031 1679 1531 1735 Constitutionibus
1560 1677 1780 1734 divinus
1816 1692 1998 1736 sermo

2177 1677 2282 1731 Kal.
2308 1677 2366 1729 ὲν
2393 1676 2515 1738 ταῖς
2545 1672 2928 1737 ἀποστολικαϊς
2957 1670 3271 1738 Διατὰξεσιν
3295 1676 3323 1727 ὁ
3359 1675 3505 1739 θεῖος
3535 1675 3684 1745 λόγος

423 1777 496 1830 ita
526 1777 804 1846 loquitur:
831 1773 1006 1828 Iudex
1038 1786 1212 1827 autem
1244 1789 1347 1826 non
1381 1772 1447 1825 sit
1471 1786 1815 1839 personarum
1847 1787 1930 1826 acc

2177 1787 2273 1832 τως
2315 1767 2514 1838 φησιν·
2573 1767 2766 1819 Ἔστω
2813 1765 2883 1819 δὲ
2921 1767 2954 1820 d
2995 1766 3201 1835 κριτὴς
3249 1767 3684 1838 ἀπροσωπόλη-

419 1878 620 1938 ptatur,
646 1876 756 1923 etc.
784 1866 904 1921 Lib.
933 1882 994 1928 ιι,
1027 1880 1150 1936 cap.
1178 1865 1232 1930 5,
1264 1865 1354 1931 57,
1378 1862 1468 1928 42,
1498 1863 1553 1928 9,
1577 1862 1669 1920 49.

2149 1879 2277 1927 τος,
2307 1866 2413 1914 etc.
3643 1858 3656 1874 ”

1160 2020 1396 2074 Joannes
1427 2016 1692 2082 Zonaras,
1734 2018 1805 2071 ad
1843 2032 2095 2072 canonem
2135 2014 2495 2086 apostolorum
2533 2014 2937 2084 sexagesimum.

491 2163 647 2220 Multi
692 2160 821 2216 libri
853 2159 920 2213 ab
951 2157 1132 2228 impiis
1159 2154 1476 2210 hominibus
1505 2151 1798 2209 adulterati
1835 2159 1985 2216 sunt,

2177 2149 2340 2204 Πολλὰ
2369 2148 2549 2221 βιϐλία
2589 2147 2739 2221 παρὰ
2783 2149 2892 2202 τῶν
2937 2149 3148 2204 ἀσεϐῶν
3196 2149 3559 2222 ὲνοθεύθησαν
3607 2154 3684 2217 εἰς

419 2257 476 2311 ln
526 2253 921 2324 simpliciorum
960 2250 1260 2321 perniciem
1305 2267 1319 2302 :
1375 2248 1518 2304 sicut
1575 2255 1630 2302 et
1676 2245 1926 2317 apostolit

2174 2244 2300 2314 ὶὸην
2341 2243 2452 2296 τῶν
2484 2242 2916 2315 ’νὰπλουστέρωνο
2967 2241 3156 2314 ὥσπερ
3203 2243 3298 2297 καὶ
3345 2244 3402 2296 αἱ
3452 2243 3545 2296 διὰ
3589 2245 3681 2298 τοῦ

417 2347 854 2403 Constitutiones
892 2343 1165 2412 episc0pis
1198 2340 1418 2410 scriptae
1453 2355 1548 2409 per
1579 2345 1834 2393 sanctum
1863 2335 1924 2393 Cl

2177 2339 2408 2409 ήμεντος
2451 2339 2747 2407 γραφεῖσαι
2801 2337 2914 2399 τοῖς
2956 2335 3276 2399 ἐπισκόποις
3322 2336 3682 2391 ἁποστολικαὶ

417 2448 676 2503 mentem,
703 2453 825 2508 quas
855 2436 978 2491 ideo
1009 2433 1270 2506 synodico
1304 2432 1521 2502 rejecta:
1558 2441 1708 2488 sunt.

2169 2429 2377 2498 ιταγαὶ,
2409 2429 2465 2483 αἱ
2498 2429 2588 2482 διὰ
2614 2428 2772 2482 τοῦτο
2811 2428 2906 2482 καὶ
2937 2427 3228 2493 συνοδικῶς
3269 2428 3676 2501 ἁπεὸλήθησαν.

417 2579 551 2650 Lege
577 2577 836 2650 eumdem.
868 2575 1218 2650 adcanonem
1250 2568 2003 2650 ultimumnapostololrum,let
2034 2565 2386 2650 mirationem
2420 2565 3218 2650 Laodicenuni'sexagesinzum.
3254 2566 3337 2620 Ea:
3367 2569 3484 2650 ejus
3520 2572 3680 2624 etiam

560 2649 768 2704 ineditis
800 2646 1048 2710 Scholiis,
1082 2644 1150 2698 ad
1173 2642 1456 2720 epistolam
1497 2635 1735 2720 {estalein
1844 2638 2319 2720 {Athanasiiucitat
2356 2637 2722 2720 ist’a‘Jacob'us
2759 2635 3028 2720 Usseijus,
3066 2641 3122 2692 in
3155 2635 3534 2720 dissertatione

1149 2707 1218 2768 de
1247 2713 1456 2782 scriptis
1495 2710 1717 2782 lgnatii,
1759 2708 2047 2781 Polycarpi
2081 2719 2131 2763 et
2158 2707 2379 2762 Romani
2411 2707 2716 2774 Clementis,
2751 2723 2866 2775 cap.
2901 2707 2953 2763 7.

488 2876 801 2930 Doctrinam
829 2887 959 2929 vero
984 2873 1380 2941 apostolorum,
1404 2871 1627 2941 quidam
1654 2868 1844 2926 dicunt
1867 2884 1992 2927 esse

2174 2870 2279 2943 Τὴν
2323 2870 2556 2943 Διδαχὴν
2593 2869 2652 2924 δὲ
2695 2868 2805 2924 τῶν
2852 2868 3193 2938 ἀποστόλων,
3239 2870 3385 2931 τινὲς
3426 2869 3681 2940 λέγουσιν

415 2967 851 3023 Constitutiones
890 2981 986 3036 per
1022 2965 1356 3021 Clementem
1388 2964 1662 3034 scriptas;
1687 2977 1827 3032 quas
1868 2977 1922 3033 (ιι

2172 2979 2228 3015 αι
2265 2961 2365 3026 τὰς
2399 2962 2487 3016 διὰ
2524 2961 2618 3015 τοῦ
2665 2962 2980 3034 Κλήμεντος
3024 2961 3325 3035 γραφείσας
3368 2963 3678 3031 Διατὰξεις,

417 3068 570 3116 sexta
616 3059 822 3114 dicitur
867 3057 1113 3129 synodus
1164 3057 1267 3128 legi
1327 3072 1438 3111 non
1484 3056 1771 3126 permittit,
1816 3056 1924 3112 velt

2184 3056 2217 3127 ἡ
2247 3054 2511 3127 λεγομένη
2541 3055 2674 3126 ἕκτη
2701 3055 2916 3119 σύνοδος
2943 3054 3414 3125 ἀναγινώσκεσθαι
3443 3055 3508 3110 οὐ
3550 3075 3679 3125 συγ-

418 3152 752 3207 adulteratas
778 3158 832 3206 et
851 3158 1144 3222 corruptas
1179 3149 1250 3204 ab
1281 3148 1573 3206 haereticis.

2178 3149 2280 3219 ρετ,
2311 3147 2386 3212 ὡς
2413 3147 2757 3210 νοθενθεισας
2786 3146 2879 3200 καὶ
2907 3147 3358 3220 παραφθαρείσας
3387 3148 3496 3204 ὑπὸ
3525 3150 3680 3221 αἱρε-

2093 3255 2280 3293 τικων.

414 3354 631 3410 Alexius
658 3355 945 3420 Aristinus,
983 3355 1039 3409 in
1062 3350 1286 3426 Synopsi
1314 3370 1629 3420 .canonum;
1665 3369 1738 3428 ea:
1759 3353 2017 3428 Trullana
2048 3352 2641 3428 Constantinopolitana
2666 3355 2883 3427 synodo,
2921 3370 3066 3413 num.
3089 3355 3142 3424 7,
3166 3356 3512 3414 Bibliotheca:
3533 3360 3677 3428 juris

1552 3427 1792 3481 canonici
1821 3427 2004 3480 veteris
2033 3430 2161 3481 tom.
2201 3425 2288 3491 ιι,
2321 3441 2375 3496 p.
2400 3425 2526 3482 698.

484 3585 616 3651 Qme
647 3586 714 3641 ab
743 3584 1093 3642 helerodoxis
1137 3584 1329 3641 furtim
1362 3584 1570 3641 inserta
1600 3590 1730 3641 sunt
1765 3581 1987 3640 Consti-

2168 3587 2235 3641 re
2264 3587 2416 3661 παρὰ
2442 3589 2550 3643 τῶν
2579 3588 2901 3664 ἑτεροδόξων
2929 3589 3269 3663 κλοπιμαίως
3291 3590 3675 3663 ἐμϐεϐλημένα

411 3678 718 3733 tutionibus
750 3680 1124 3750 apostolorum
1157 3695 1254 3750 per
1278 3677 1616 3735 Clementem
1646 3676 1830 3743 editis,
1858 3693 1918 3732 su

2165 3683 2203 3745 ἴς
2228 3681 2320 3735 διὰ
2345 3681 2661 3756 Κλήμεντος
2687 3682 2795 3738 τῶν
2823 3683 3136 3738 ἀποστόλων
3155 3683 3500 3751 Διατάξεσιν,
3533 3685 3672 3737 ἀπο-

412 3770 772 3839 repudianda.
808 3771 1010 3825 Eadem
1047 3772 1202 3826 verba
1231 3779 1456 3841 usurpat
1487 3768 1700 3825 Simeon
1730 3766 1987 3840 Magister
2087 3776 2355 3847 κήρυκτα.

408 3873 460 3915 et
481 3861 788 3933 Logotheta,
812 3865 868 3918 in
889 3863 1132 3933 Epitome
1162 3880 1307 3928 can.,
1332 3863 1487 3928 ibid.,
1522 3877 1575 3933 p.
1602 3861 1724 3917 πε.

411 4019 497 4075 Ea:
530 4021 763 4091 ejusdem
800 4022 1073 4090 scriptoris
1112 4020 1490 4086 mss.sclioliis,
1520 4018 1859 4144 alicapgonfm
1893 4018 2252 4142 apostolorum
2284 4019 2561 4146 attiguas,
2593 4021 2699 4076 ista
2735 4021 2866 4076 citat
2892 4016 3171 4091 Usserius,
3211 4022 3269 4078 in
3293 4021 3676 4079 dissertatione

1601 4105 1627 4143 e
1720 4131 1733 4144 .
1800 4104 1902 4146 ana
1929 4107 2000 4146 io.
2031 4104 2061 4145 e
2090 4105 2165 4146 c..
2208 4106 2331 4146 can.
2438 4133 2451 4146 .
2699 4119 2707 4130 ι

1601 4105 1627 4143 e
1673 4104 1733 4144 δ.
1767 4104 2000 4160 lgnauo,
2031 4104 2165 4156 etc.,
2208 4106 2331 4158 cap.
2363 4104 2451 4146 15.

481 4221 769 4279 Secundus
810 4239 984 4280 canon
1022 4224 1215 4297 synodi
1251 4233 1418 4281 sextae
1445 4225 1500 4280 in
1529 4221 1720 4278 Trullo
1756 4222 1975 4289 habitat,

2166 4224 2223 4277 '0
2251 4223 2500 4296 δεύτερος
2526 4224 2704 4278 κανὼν
2732 4225 2830 4297 τῆς
2856 4226 2914 4279 ἐν
2957 4225 3036 4297 τῷ
3073 4227 3326 4299 Τρούλλῳ
3370 4227 3673 4300 γενομένης

406 4317 630 4369 omnino
680 4317 859 4386 rejicit
914 4320 1080 4373 hasce
1138 4319 1614 4384 Constitutiones;
1691 4323 1912 4388 propter

2165 4333 2251 4386 mc
2289 4317 2507 4369 συνόδου
2527 4359 2542 4383 ,
2591 4317 2868 4381 παντελῶς
2897 4318 3257 4373 ἀποδάλλεται
3284 4320 3386 4385 τὰς
3411 4322 3672 4385 τοιαύτας

405 4411 550 4479 quod
592 4411 660 4465 iis
704 4412 966 4465 nonnulla
1009 4411 1077 4465 ab
1115 4410 1463 4486 heterodoxis
1516 4409 1729 4481 adjecta
1772 4409 1911 4465 {ueri

2163 4412 2344 4479 ιταγὰς
2361 4410 2407 4442 ⁸⁷
2453 4409 2540 4464 διὰ
2584 4409 2644 4464 τὸ
2691 4410 2748 4464 ὲν
2793 4411 2985 4476 αὑταῖς
3029 4412 3136 4466 ὑπὸ
3181 4411 3292 4466 τῶν
3339 4413 3670 4485 ἑτεροδόξων

404 4504 731 4569 adulterina,
772 4511 826 4559 et
856 4504 1031 4559 aliena
1063 4519 1091 4556 a
1120 4489 1339 4574 pietate.

2073 4500 2434 4574 προστεθῆναι
2459 4519 2581 4557 τινα
2606 4502 2737 4557 νόθα
2765 4503 2859 4557 καὶ
2889 4503 3015 4569 ξένα
3039 4505 3136 4576 τῆς
3163 4505 3466 4570 εὐσεϐείας.

439 4669 818 4726 Constantinus
852 4667 1276 4736 Harmenopulus
1301 4707 1316 4732 ,
1358 4667 1412 4720 in
1441 4664 1682 4735 Epitome
1716 4681 1979 4719 canonum
2003 4704 2020 4730 ,
2057 4675 2184 4722 sect.
2221 4665 2276 4730 2,
2321 4668 2407 4724 tit.
2439 4669 2494 4733 4,
2539 4677 2664 4724 tom.
2693 4669 2719 4723 Ι
2741 4667 2893 4726 Iuris
2923 4669 3385 4736 Crwco-Romani,
3425 4689 3482 4742 p.
3508 4670 3598 4730 28.

469 4807 527 4863 In
559 4809 700 4862 libro
730 4807 824 4878 qui
846 4806 1049 4860 dicitur
1079 4812 1394 4860 sanctorum
1425 4803 1798 4874 apostolorum
1830 4801 1972 4857 Con-

2160 4804 2245 4856 Ἑν
2288 4807 2408 4868 ταῖς
2437 4805 2754 4877 λεγομέναις
2781 4809 2887 4862 τῶν
2917 4808 3086 4876 ἁγίων
3118 4809 3432 4863 ἀποστόλων
3461 4812 3663 4865 Διειτὰ-

400 4902 738 4964 stitutiones,
773 4901 886 4954 haec
916 4900 1118 4953 tradita
1150 4905 1318 4952 sunt:
1345 4897 1664 4950 Diaconissa
1709 4893 1842 4948 nihil
1883 4911 1907 4947 e

2157 4913 2210 4962 rt,
2253 4894 2424 4949 ταῦτα
2463 4897 2804 4970 διείληπται·
2836 4900 3202 4954 Διακόνισσα
3252 4900 3438 4956 οὐδὲν
3475 4897 3565 4957 ὧν
3602 4908 3664 4959 οὶ

401 5009 518 5048 rum
542 5010 657 5064 qua:
678 4993 986 5064 presbyteri,
1009 5000 1142 5056 ctc.,
1164 4990 1257 5045 lib.
1285 5005 1405 5056 vm,
1435 5006 1553 5059 cap.
1584 4989 1675 5044 28.

1108 5028 1142 5056 .,
1164 4990 1257 5045 lib.
1285 5005 1405 5056 vm,
1435 5006 1553 5059 cap.
1584 4989 1675 5044 28.
2076 4988 2484 5058 πρεσϐύτεροι,
2509 4999 2615 5046 etc.

1138 5165 1437 5220 Theodorus
1473 5165 1792 5229 Balsamon,
1834 5165 1902 5218 ad
1941 5183 2191 5222 canonem
2227 5165 2588 5239 apostolorum
2627 5169 2895 5226 ultimum.

467 5327 547 5382 Tu
583 5337 762 5383 autem
808 5329 975 5396 scias,
1020 5327 1165 5398 quod
1201 5328 1328 5382 licet
1357 5327 1447 5381 hic
1478 5327 1745 5397 scriptum
1780 5326 1872 5390 sit,
1909 5335 1967 5380 ut

2150 5332 2217 5385 Σὺ
2247 5330 2305 5384 δὲ
2333 5332 2569 5400 γίνωσκε
2600 5333 2677 5397 ὡς
2703 5334 2750 5386 εἰ
2779 5334 2872 5387 καὶ
2898 5334 3206 5406 γέγραπται
3245 5335 3494 5388 ἐνταυθοῖ
3524 5335 3657 5386 ἀνα-

395 5421 638 5491 legamus
675 5420 975 5476 Clementis
1001 5420 1463 5486 Constitutiones,
1504 5420 1598 5475 sed
1640 5434 1749 5474 non
1785 5419 1902 5472 diva

2150 5422 2362 5477 ItbCDOEtV
2399 5425 2545 5495 ἡμᾶς
2573 5424 2671 5489 τὰς
2701 5426 2970 5495 Διαταγὰς
2996 5426 3090 5479 τοῦ
3130 5426 3466 5497 Κλήμεντος,
3515 5440 3657 5497 πλην

397 5529 620 5584 gemus;
666 5521 906 5569 attamen
971 5514 1249 5568 secundus
1300 5527 1480 5568 canon
1543 5523 1709 5569 sextae
1770 5526 1904 5581 gyno

2133 5515 2520 5588 γδημοσιεύειν
2551 5518 2738 5587 αὐτὰς,
2771 5518 2883 5573 ἀλλ’
2923 5519 2951 5572 ό
2992 5518 3035 5592 β’
3082 5519 3258 5574 κανὼν
3291 5518 3392 5591 τῆς
3440 5525 3494 5586 ς’
3529 5532 3640 5572 συν-

468 5717 511 5748 "’
543 5715 676 5771 Cod.
705 5714 768 5770 Β.
804 5716 967 5778 2418,
1007 5713 1290 5780 διατάξεις.
