3706 6220
109 373 187 426 sm
905 353 1491 417 consrrrurtoses
1523 351 1985 410 sposroucaa.
2020 363 2086 390 -λ
2125 307 2478 415 attonsum.
3150 344 3252 397 ssi

107 481 200 532 όδον
224 474 542 545 ἀπηγόρευσε
572 473 675 543 τὴν
714 470 923 525 τούτων
959 474 1271 541 ἀνάγνωσιν,
1317 471 1402 523 διὰ
1432 471 1491 522 τὸ
1527 487 1582 536 γε
1639 517 1640 521 η

1748 482 1894 519 arum
1928 465 2205 519 lectionem
2235 459 2529 530 prohibuit,
2592 458 2842 529 quoniam
2873 459 2926 512 in
2959 458 3066 511 illis
3096 458 3252 509 adul-

106 568 253 621 νέσθαι
279 562 637 635 παραποὶησιν
667 563 728 614 ὲν
759 563 961 624 αὐταῖς,

1748 557 1904 608 aratio
1946 554 2085 607 facta
2126 558 2229 605 est.
2262 550 2391 618 Lege
2425 548 2652 617 ejusdem
2682 547 3050 615 Responsa'ad
3086 546 3257 600 Inter-

1715 644 2003 713 rogationes
2044 640 2211 694 Marci
2241 639 2600 699 Alexandrini,
2649 655 2764 706 cap.
2804 641 2827 692 1
2874 648 2920 692 et
2953 638 3006 702 ‘2,
3043 639 3098 690 in
3127 636 3257 689 lure

1713 731 2172 792 Graeco-Romano,
2206 738 2327 783 tom.
2355 728 2401 790 l,
2431 743 2482 797 p.
2508 730 2634 782 565.

109 845 343 897 Matthrrns
377 845 687 910 Blastares,
732 844 964 896 nondum
996 841 1201 905 editus,
1256 842 1400 894 initio
1427 840 1756 896 Collectionis
1801 859 2074 905 canonum,
2103 856 2193 909 per
2227 840 2436 905 titulos,
2477 838 2654 891 ordine
2700 837 3058 907 alpltabetico;
3083 835 3170 888 ubi
3189 835 3257 888 de

514 914 515 921 ‘
888 919 901 925 “
1330 911 1611 963 canonibus
1646 912 2017 981 apostolorum.

1795 1019 1885 1089 Ait
1912 1018 2077 1080 enim,
2122 1019 2329 1089 (sancta
2368 1027 2421 1071 et
2450 1016 2783 1071 (ecumeuica
2819 1023 2967 1069 sexta
3000 1016 3259 1085 synodus)

1704 1094 1759 1163 7a
1792 1111 1994 1165 sanctis
2024 1109 2272 1162 Patribus
2310 1110 2400 1176 qui
2444 1117 2566 1161 ante
2606 1123 2704 1160 nos
2744 1106 2981 1166 luerunt,
3018 1114 3260 1172 receptos

1727 1209 1886 1269 atque
1908 1200 2274 1258 conﬁrmatos.
2310 1199 2401 1252 sed
2432 1206 2485 1251 et
2516 1199 2670 1251 nobis
2705 1197 2920 1249 nomine
2948 1204 3260 1248 sanctorum

155 1025 268 1092 Φησὶ
290 1022 390 1091 γὰρ
435 1022 495 1091 (ἡ
534 1022 672 1088 ἁγία
710 1022 809 1073 καλ.
836 1019 1180 1091 οίκουμενικὴ
1224 1019 1354 1088 ἓκτη
1392 1017 1629 1085 σύνοδος)

104 1116 198 1175 τοὺς
245 1113 338 1165 ὑπὸ
372 1111 473 1163 τῶν
508 1111 631 1189 ,πρὸ
680 1110 845 1179 ἡμῶν
888 1110 1052 1176 ἁγίων
1106 1109 1357 1177 Πατέρων
1401 1108 1490 1159 καὶ
1543 1108 1629 1160 δε-

105 1204 283 1270 χθέντας
309 1202 396 1252 καὶ
424 1200 799 1270 κυρωθέντας,
831 1200 961 1251 ἀλλὰ
995 1199 1095 1269 μὴν
1118 1200 1209 1251 καὶ
1238 1199 1629 1268 παραδοθέντας

106 1296 203 1361 ἡμῖν
226 1292 299 1343 ἐπ’
326 1290 543 1359 ὀνόματι
591 1290 704 1341 τῶν
738 1290 909 1357 ἁγίων
938 1290 1029 1341 καὶ
1058 1288 1274 1350 ἐνδόξων
1301 1288 1625 1351 ἀποστόλων,

105 1383 377 1451 ὀγδοήκοντα
405 1381 563 1432 πέντε
596 1380 859 1443 κανόνας,
905 1379 964 1430 τὸ
992 1379 1151 1448 κῦρος
1181 1378 1321 1446 ἔχειν
1349 1376 1440 1430 καὶ
1469 1377 1624 1445 ἡμεῖς

105 1470 371 1539 κελεύομεν·
413 1469 551 1539 πλὴν
598 1470 715 1521 τῶν
763 1469 854 1520 τοῦ
890 1469 1196 1538 Κλήμεντος
1230 1466 1518 1520 ἐπιστολῶν
1561 1484 1619 1518 τε

103 1562 174 1613 καὶ
194 1560 479 1622 διατάξεων.
513 1554 690 1610 Αὗται
731 1558 845 1628 γὰρ
875 1559 1006 1628 πρὸς
1040 1558 1145 1609 τῶν
1176 1556 1442 1609 δυσσεϐὦν
1492 1556 1621 1608 πολὺ

102 1651 147 1701 τὸ
168 1649 296 1702 νόθον
319 1650 406 1700 καὶ
435 1648 711 1718 σφαλερὸν
744 1646 1090 1710 εἰσεδέξαντο.

1725 1296 1777 1342 et
1825 1290 2179 1358 gloriosorum
2238 1288 2601 1355 apostolorum
2660 1286 2916 1348 traditos,
2989 1286 3260 1354 octoginta

1726 1379 1964 1448 quinque
1991 1360 2247 1439 canones,
2282 1377 2653 1429 auctoritatem
2691 1376 2885 1429 habere
2922 1392 3018 1429 nos
3048 1390 3262 1445 quoque

1724 1467 2085 1537 praecipimus,
2137 1468 2377 1535 exceptis
2414 1465 2707 1519 Clementis
2754 1467 2995 1534 epistolis
3036 1474 3089 1519 ct
3131 1480 3265 1520 con-

1726 1556 2100 1610 stitutionibus
2127 1574 2139 1609 :
2182 1557 2283 1609 illze
2310 1556 2451 1609 enim
2484 1554 2550 1607 ab
2579 1555 2758 1622 impiis
2800 1557 3019 1608 multam
3053 1554 3262 1610 adulto-

1729 1648 1987 1701 rationem
2019 1661 2081 1701 ac
2110 1646 2397 1701 falsitatem
2432 1654 2778 1715 acceperunt.
2873 1697 2876 1700 .

1244 1758 1461 1822 Ibidem,
1503 1760 1675 1813 littera
1713 1759 1776 1828 β’,
1818 1760 1983 1827 capite
2015 1759 2099 1811 ll.

159 1871 239 1932 Ἀς
260 1870 310 1922 δὲ
337 1869 660 1941 προστίθησι
706 1868 799 1922 διὰ
824 1869 917 1922 τοῦ
947 1870 1254 1940 Κλήμεντος
1292 1872 1383 1924 δύο
1411 1874 1625 1924 ἐπιστο-

1793 1872 1938 1938 Quas
1996 1887 2123 1925 vero
2200 1872 2393 1942 (canon
2453 1871 2815 1938 apostolorum
2897 1868 3259 1936 octogesimus

104 1957 193 2023 la;,
218 1962 299 2011 καὶ
324 1960 417 2021 τὰς
445 1960 788 2030 πονηθείσας
814 1960 984 2029 τούτῳ
1027 1959 1303 2023 Διατάξεις
1339 1962 1443 2013 τῶν
1488 1963 1620 2014 ἀπο-

105 2050 287 2102 στόλωψ
317 2050 535 2120 ὕστερον
556 2052 585 2102 ὁ
610 2050 714 2119 τῆς
743 2050 910 2119 ἕκτης
938 2051 1149 2102 συνόδου
1176 2051 1422 2121 δεὺτεμις
1447 2052 1620 2103 κανὼν

105 2138 357 2209 ιιέγραψεν,
387 2141 461 2203 ὡς
493 2141 630 2193 πολὺ
653 2141 718 2192 τὸ
748 2140 897 2193 νόθον
926 2141 1059 2211 πρὸς
1083 2141 1189 2193 τῶν
1218 2120 1498 2211 αἱρετικῶν
1528 2143 1619 2194 καὶ

104 2230 470 2300 παρέγγραπτον
498 2230 827 2300 δεξαμένας.

1721 1962 1965 2029 quintus)
2014 1960 2197 2029 adjicit
2244 1961 2378 2014 duas
2407 1959 2702 2014 Clementis
2758 1959 3055 2026 epistolas,
3100 1966 3152 2009 et
3192 1958 3259 2009 ab

1719 2050 1904 2102 eodem
1919 2050 2218 2103 elaboratas
2247 2048 2672 2103 Constitutiones
2694 2049 3058 2117 apostolorum
3076 2086 3089 2107 ,
3108 2056 3258 2116 post-

1718 2153 1781 2190 ea
1826 2138 2093 2192 secundus
2132 2146 2294 2193 sextae
2326 2138 2514 2207 synodi
2562 2153 2734 2191 canon
2777 2139 3075 2207 abrogavit,
3105 2138 3259 2206 quasi

1717 2243 1836 2297 qua:
1861 2244 1955 2296 per
1987 2229 2263 2282 hatreticos
2297 2230 2520 2281 multum
2549 2227 2958 2283 adulteratiouis
2987 2244 3048 2281 ac
3093 2229 3262 2281 inter-

1721 2318 2007 2386 polationis
2038 2318 2395 2386 accepissent.

1480 2422 1546 2475 Et
1571 2425 1726 2490 paulo
1755 2434 1867 2493 post
1884 2442 1902 2478 :

157 2535 358 2599 Ἔξωθεν
384 2536 440 2589 δὲ
466 2536 577 2588 τῶν
608 2533 1039 2604 κανονιζομένων
1078 2529 1210 2587 εἶναί
1249 2552 1409 2605 φησιν
1439 2536 1495 2606 (ὁ
1526 2536 1620 2606 μέ·-

103 2643 180 2691 γας
211 2626 533 2695 Ἀθανάσιος)
563 2626 666 2697 τὴν
697 2625 899 2693 Σοφίαν
944 2625 1298 2694 Σολομῶντος,
1341 2632 1478 2687 etc.,
1528 2627 1624 2679 καὶ

100 2715 175 2783 τὴν
196 2715 401 2785 suam
428 2716 536 2768 τῶν
561 2715 743 2783 ἁγίων
765 2714 1068 2767 ἀποστόλων
1085 2731 1096 2743 ·
1121 2714 1319 2785 ταύτην
1345 2714 1399 2767 δὲ
1428 2715 1460 2783 ὴ
1488 2714 1619 2784 ἕκτη

100 2802 273 2867 σύνοδος
296 2804 575 2875 ἠθέτησεν,
608 2802 691 2866 ὡς
718 2802 1027 2873 δεδήλωται.

1787 2534 1949 2588 Extra
1978 2543 2152 2589 autem
2190 2536 2481 2590 canonicos
2518 2538 2683 2590 libros
2724 2538 2799 2588 ait
2827 2552 2968 2598 esse,
3010 2536 3258 2605 (magnus

1717 2623 2074 2693 Athanasius)
2126 2623 2454 2693 Sapientiam
2504 2624 2833 2688 Salomonis,
2885 2635 3014 2688 etc.,
3067 2632 3120 2680 et
3156 2624 3253 2676 Do-

1717 2715 1945 2768 ctrinam
2009 2722 2321 2769 sanctorum
2383 2717 2749 2785 apostolorum
2801 2732 2815 2768 :
2876 2716 3016 2769 hanc
3077 2725 3259 2768 autem

1718 2811 1868 2858 sexta
1914 2804 2151 2874 synodus
2198 2804 2415 2874 reiecit,
2447 2805 2899 2874 quemadmodum
2934 2805 3043 2875 jam
3082 2805 3262 2859 decla-

1716 2900 1895 2947 ratum
1925 2900 2030 2949 est.

989 2998 1056 3051 Et
1094 3000 1253 3068 intra,
1290 3000 1355 3054 de
1394 3018 1587 3056 canone
1624 3005 1980 3073 apostolorum
2018 3006 2354 3073 sexagesimo.

148 3110 210 3164 οὐ
235 3111 381 3181 μόνον
407 3113 520 3185 γὰρ
545 3114 599 3166 οἱ
629 3112 765 3183 περὶ
793 3111 1039 3164 πλείστου
1066 3113 1127 3164 τὸ
1152 3113 1339 3182 ψεῦδος
1366 3115 1621 3185 ποιούμε-

1787 3116 1902 3171 Non
1928 3118 2101 3170 solum
2130 3117 2271 3171 enim
2296 3118 2388 3186 qui
2417 3116 2635 3170 maximi
2667 3115 2871 3170 faciunt
2899 3114 3256 3181 mendacium.

94 3217 174 3266 νοι,
195 3201 359 3271 λόγοις
383 3204 609 3267 οἰκείοις
637 3202 703 3255 τὸ
730 3202 986 3264 δυσσεϐὲς
1012 3201 1186 3255 αὐτῶν
1215 3204 1461 3273 φρόνημα
1488 3221 1623 3275 κρα-

95 3290 235 3344 τύνειν
260 3294 572 3364 πειρῶνται,
603 3290 746 3345 ἀλλὰ
791 3293 882 3344 καὶ
916 3295 1028 3355 τοῖς
1070 3292 1176 3344 τῶν
1215 3293 1445 3347 εὐσεϐῶν
1494 3312 1623 3363 συγ-

90 3381 366 3453 γράμμασιν
408 3384 479 3438 τὰ
524 3384 772 3452 σφέτερι
818 3381 1246 3451 παρενείρουσινο
1291 3383 1365 3446 ὡς
1405 3385 1460 3436 ὲν
1503 3389 1622 3448 ταῖς

93 3471 329 3539 ῥηθείσαις
357 3474 673 3535 ἐπιστολαῖς
702 3470 797 3522 τοῦ
829 3470 971 3540 ἱεροῦ
1002 3471 1338 3541 Κλήμεντος,
1384 3474 1477 3524 καλ⁸
1502 3476 1621 3537 ταῖς

89 3561 363 3628 Δωτάξεσιν
390 3561 794 3631 ὲσκαιὼρηται.

1719 3207 1953 3276 propriis
1975 3208 2126 3262 libris
2167 3207 2386 3277 impiam
2443 3223 2595 3262 suam
2636 3206 2957 3261 sententiam
3011 3206 3259 3261 nituntur

1722 3297 2075 3361 conﬁrmare;
2118 3296 2212 3349 sed
2266 3296 2427 3350 etiam
2460 3311 2578 3358 sua,
2629 3297 2846 3365 scriptis
2876 3296 3084 3365 piorum
3119 3294 3261 3348 insc-

1718 3393 1885 3452 runt;
1922 3384 2373 3455 quemadmodum
2411 3386 2465 3438 in
2497 3387 2809 3439 meme-ratis
2846 3383 2986 3438 sacri
3016 3382 3262 3438 Clemen-

1718 3476 1789 3530 tis
1831 3476 2073 3545 epistolis
2118 3485 2170 3529 et
2206 3475 2695 3531 Constitutionibus
2740 3489 3015 3544 perperam
3062 3474 3260 3526 factum

1723 3566 1847 3619 fuit.

822 3665 887 3719 In
927 3667 1100 3744 littera
1136 3674 1205 3731 κ’,
1245 3669 1409 3736 capite
1446 3668 1499 3731 5,
1539 3670 1628 3725 ubi
1662 3671 1724 3725 de
1761 3689 1955 3727 canone
1986 3673 2239 3727 Trullano
2278 3673 2522 3729 secundo.

139 3778 260 3842 Teia;
283 3779 442 3832 πέντε
471 3780 573 3832 καλ⁵
606 3777 934 3847 ὀγδοήκοντα
959 3778 1064 3829 τῶν
1092 3777 1259 3843 ἁγίων
1289 3778 1613 3846 ἀποστόλων,

85 3868 218 3937 φημὶ,
234 3869 366 3939 πλὴν
393 3868 505 3921 τῶν
535 3868 630 3920 διὰ
658 3867 969 3937 Κλήμεντος
988 3866 1307 3931 Διατάξεων,
1329 3859 1484 3919 αὗται
1511 3870 1616 3939 γὰρ

81 3958 189 4009 πολὺ
230 3958 289 4013 τὸ
319 3959 473 4012 νόθον
520 3958 666 4027 πρὸς
704 3957 813 4009 τῶν
857 3954 1155 4016 κακοδόξων
1185 3955 1339 4025 δίκην
1368 3955 1616 4020 ζιζανίων

80 4047 393 4115 εἰσεδέξαντο,
425 4048 490 4102 τδ
517 4048 696 4117 κῦρος
723 4045 863 4114 ἔχειν
892 4044 1118 4099 κελεύει.

1783 3782 2065 3853 Octoginta
2094 3786 2335 3854 quinque
2379 3799 2614 3837 canones
2646 3790 2957 3835 sanctorum
2987 3782 3261 3847 apostolo-

1714 3889 1855 3936 rum,
1904 3875 2155 3943 inquam;
2210 3875 2447 3942 exceptis
2492 3872 2982 3926 Constitutionibus
3022 3886 3116 3940 per
3141 3871 3262 3927 Cle-

1715 3972 1947 4016 mentem
1977 3964 2192 4032 scriptis
2217 3963 2366 4033 (ipsa:
2393 3961 2534 4017 enim
2564 3961 2785 4013 multam
2818 3960 3260 4015 adulterationem

1715 4064 1743 4101 a
1778 4064 1954 4118 pravae
1985 4051 2264 4106 sententia:
2312 4050 2652 4113 hominibus,
2712 4048 2885 4102 instar
2932 4050 3260 4104 zizaniorum

1718 4139 2060 4211 acceperunt)
2107 4140 2262 4208 jubet
2309 4139 2509 4194 habere
2560 4139 2955 4196 auctoritatem.
2996 4140 3122 4195 Vide
3148 4152 3257 4199 not.

1715 4228 1767 4281 in
1789 4228 1968 4284 Const.
2000 4247 2110 4299 ap.,
2143 4230 2233 4283 lib.
2265 4245 2341 4294 γι,
2374 4246 2421 4284 c.
2447 4231 2500 4284 8.

752 4335 1071 4403 Nicephorus
1110 4334 1340 4401 Callisti,
1382 4334 1766 4392 Ecclesiasticw
1802 4339 2034 4394 historia:
2103 4341 2192 4396 lib.
2225 4357 2306 4402 ιιι,
2348 4357 2461 4408 cap.
2497 4342 2563 4395 18

131 4447 311 4501 Τοῦτον
332 4448 666 4519 συγγραφέα
684 4448 775 4499 καὶ
795 4447 898 4500 τῶν
914 4446 1274 4500 ἀποπολικῶν
1289 4448 1606 4515 Διατάξεων,

1777 4449 1930 4506 llunc
1960 4453 2329 4524 (Clementem)
2365 4464 2417 4509 et
2452 4456 2869 4524 apostolicorum
2909 4455 3262 4509 Constitutio-

77 4536 187 4590 ἀλλὰ
209 4539 269 4611 δὴ
294 4542 387 4593 καὶ
414 4537 727 4608 τῶν-ἱερῶν
758 4536 992 4590 κανόνων
1024 4536 1358 4607 πιστεύομεν.

1720 4557 1869 4607 num,
1897 4549 1949 4595 et
1977 4558 2253 4598 sacrorum
2283 4560 2496 4613 quoque
2527 4547 2944 4614 apostolicorum
2981 4546 3258 4600 Canonum

1725 4645 1999 4686 auctorem
2030 4650 2149 4689 esse
2180 4635 2473 4689 credimus.
2512 4636 2644 4705 Lege
2672 4638 2762 4693 lib.
2791 4654 2853 4700 ιι,
2883 4655 2930 4694 c.
2958 4637 3048 4693 46.

80 4772 272 4859 Hicetas
302 4779 616 4859 Serranius,
647 4778 831 4859 vehat
860 4775 1266 4859 alii,.§_e£ran‘us
1302 4790 1393 4831 aut
1422 4781 1702 4859 §errens_is_,
1733 4783 1799 4835 ad
1829 4783 2127 4859 Orationem
2156 4788 2603 4859 quadragesimum
2634 4790 2907 4841 secundam
2943 4788 2999 4843 S.
3022 4786 3259 4859 Gregorii

138 4844 501 4931 .V‘asia‘nze'ni.‘
525 4862 678 4931 num.
698 4846 787 4903 26.
826 4861 945 4931 ρξιθθ.
1269 4857 1390 4931 tem.
1425 4847 1505 4931 ll.
1529 4851 1637 4931 _Ad

1748 4869 1774 4903 a
1812 4853 1964 4931 perba
1996 4844 2256 4931 Theologi,
2296 4844 2418 4931 tam.
2454 4856 2502 4918 1,
2542 4857 2741 4931 ρηϐδῦ.
2783 4858 2850 4913 Α.
2881 4844 3258 4931 Τοιοθτονυγὰρ

134 4914 189 4965 τὸ
218 4916 351 4996 ὑπὲρ
379 4920 412 4987 ἡ
423 4916 546 4996 μῶν
560 4912 833 4996 ,σφαγιοη
854 4912 1049 4996 ἔνδυμα
1074 4912 1378 4996 ἀφθαρσίας
1410 4918 1503 4970 καὶ
1529 4918 1586 4996 δν
1617 4937 1640 4972 κ

1748 4921 2086 4991 καλούμενον.
2127 4912 2268 4977 Talis
2297 4927 2430 4977 enim
2459 4912 2775 4979 est'victima
2799 4912 2890 4992 pro
2919 4927 3065 4979 nobis
3097 4912 3253 4992 ca'sa‘,

135 4997 240 5048 qua:
275 4982 687 5051 incorruptionis
726 4982 1080 5035 indumentum
1117 4988 1166 5032 et
1197 4982 1273 5034 est
1309 4993 1356 5035 et
1392 4988 1707 5053 appellatur.

138 5069 263 5128 illud
293 5086 493 5137 autem,
532 5073 948 5141 Ineorruptionis
978 5070 1349 5153 indumentum,
1373 5090 1436 5128 ex
1469 5074 1751 5131 Octabiblo
1798 5078 2135 5134 Clementina
2173 5093 2441 5150 sumptum
2477 5089 2579 5142 est.
2612 5082 2700 5135 ubi
2740 5083 2853 5137 hrec
2886 5083 3048 5137 verba
3086 5094 3250 5140 sunt:

86 5158 143 5212 Ut
174 5161 347 5231 dignos
386 5183 474 5219 eos
512 5163 703 5216 habeat
751 5163 959 5215 lavacro
998 5161 1429 5227 regenerationis,
1478 5166 1612 5234 quod
1650 5168 2044 5236 iucorruptionis
2098 5172 2450 5223 indumentum
2495 5180 2592 5223 est.
2631 5171 2688 5223 lu
2725 5170 2957 5229 Constit.
2999 5174 3096 5230 lib.
3128 5190 3248 5238 vm,

90 5267 191 5321 cap.
221 5254 272 5312 6.
302 5256 394 5309 ubi
426 5252 554 5308 vide
588 5260 704 5305 not.

144 5338 543 5395 Constitutiones
585 5338 904 5409 apostolicus
946 5334 1161 5387 laudant
1195 5344 1445 5399 prteterea
1472 5341 1808 5409 Anastasius,
1847 5365 1992 5417 quem
2033 5350 2127 5402 alii
2168 5348 2450 5413 Sinaitarn,
2494 5351 2588 5402 alii
2630 5349 2902 5405 Nicaznunt
2936 5364 3150 5415 vocant,
3201 5356 3256 5408 in

96 5429 427 5492 Questionum
466 5442 514 5485 et
545 5429 959 5498 Responsionum
997 5425 1280 5487 volumine;
1319 5428 1561 5486 editionis
1602 5433 1640 5489 G

1752 5440 1860 5501 eri,
1886 5438 2039 5507 Resp.
2073 5441 2123 5501 l,
2165 5439 2216 5500 ὕ,
2256 5439 2341 5499 12,
2386 5440 2471 5501 14,
2516 5440 2600 5501 l5,
2644 5440 2729 5505 lli,
2768 5442 2857 5503 20,
2896 5443 2988 5507 ἓξ,
3028 5445 3121 5508 55,
3162 5445 3252 5500 46.

92 5518 167 5579 52,
199 5521 281 5583 60,
320 5523 385 5576 64
423 5532 471 5575 et
504 5521 594 5575 65.
642 5518 695 5570 Ν
702 5518 904 5570 icolaus
932 5512 1291 5576 Hemonensis,
1330 5514 1406 5572 De
1445 5537 1671 5594 corpore
1709 5538 1754 5581 et
1797 5532 2058 5599 sanguine
2087 5528 2309 5591 Christi,
2355 5530 2410 5580 in
2439 5529 2760 5583 Bibliotheca
2792 5532 3028 5595 Patrum,
3059 5544 3107 5586 et
3140 5534 3251 5585 alii.

104 5604 300 5677 θεπίφιε
336 5629 367 5663 α
394 5612 575 5663 malm
616 5607 866 5674 νεῙεηιινν
898 5601 1155 5669 εειίιίορεε
1182 5601 1273 5656 has
1290 5605 1699 5671 Constitutiones
1741 5635 1832 5688 pro
1875 5638 1984 5675 vere
2027 5620 2319 5688 apostolicis
2367 5619 2571 5675 habere.
2616 5622 2733 5688 Qua
2762 5622 2824 5677 de
2860 5639 2914 5676 re
2948 5623 3063 5691 plus
3100 5620 3256 5675 semel

94 5696 265 5761 egimus
301 5701 351 5751 in
388 5700 543 5752 natis.

344 5793 611 5857 Pnaoc.
653 5788 773 5845 Gn.
811 5781 860 5840 Ι.

2957 5798 3026 5858 ιε
