3816 6346
408 230 537 323 tm}

1224 244 1311 314 ,5.
1353 238 1747 299 CLEMENTIS
1783 238 1801 292 l
1834 238 1999 294 BOM.
2034 234 2236 291 PONT.
2279 233 2506 289 OPERA
2549 232 2773 301 DUBlA.

3561 232 3674 287 560

406 369 459 414 et
494 374 614 430 qua!
637 356 728 413 Dei
758 358 1024 414 voluntati
1057 357 1284 414 adversa
1310 367 1440 414 sunt
1481 357 1680 421 faciat;
1723 354 1812 410 ille
1841 369 1902 407 ac
1928 354 1973 408 si

2118 348 2314 420 αδιώκη
2349 348 2442 401 κα)¹
2476 348 2543 400 τά
2571 346 2789 399 ἐναντία
2819 344 2896 417 τῷ
2926 343 3191 417 θελήματι
3217 342 3311 399 τοῦ
3349 343 3484 398 Θεοῦ
3520 350 3678 418 ποιῇ,

406 467 469 504 ex
501 456 661 521 gente
692 448 879 520 iniqua
909 455 1079 514 esset,
1109 464 1139 502 a
1165 448 1276 504 Deo
1310 448 1671 520 reputabitur.

922 628 1149 684 CAPUT
1185 627 1476 684 PRIMUM.

1021 719 1100 775 De
1134 722 1384 776 avaritia.

483 809 761 865 Abstinete
789 811 956 880 igitur
982 810 1052 865 ab
1093 812 1243 866 omni
1291 812 1520 867 avaritia
1562 820 1615 867 et
1664 810 1977 881 injustitia:

406 901 607 956 etenim
640 902 696 957 in
718 902 835 974 lege
879 903 1142 973 scriptum
1183 911 1314 960 est:
1368 922 1388 955 ι
1444 902 1563 959 Non
1621 905 1982 975 concupisces

406 1008 631 1050 uxorem
689 995 923 1065 proximi
990 996 1108 1061 tui,
1159 1011 1335 1067 neque
1385 1012 1573 1068 agrum
1613 998 1765 1069 'ejus,
1806 1013 1983 1069 neque

406 1099 624 1139 servum
672 1086 814 1155 ejus,
863 1101 1041 1157 neque
1093 1089 1346 1142 ancillam
1381 1090 1522 1159 ejus,
1572 1105 1749 1162 neque
1788 1091 1981 1147 bovem

405 1177 547 1242 ejus,
580 1192 757 1247 neque
783 1178 1067 1249 subjugale
1092 1180 1232 1250 ejus,
1256 1195 1357 1236 nec
1383 1196 1722 1253 quaecunque
1747 1184 1982 1255 proximi

406 1268 484 1323 tui
515 1278 642 1324 sunt
668 1268 753 1334 ";
808 1288 828 1322 ι
873 1270 1003 1341 quia
1043 1271 1225 1327 omnis
1258 1272 1453 1326 horum
1483 1274 1756 1345 cupiditas
1785 1290 1815 1329 a
1837 1277 1982 1331 malo

402 1367 507 1415 est.
540 1359 645 1425 Qui
687 1361 832 1415 enim
875 1378 1121 1427 uxorem,
1164 1373 1258 1417 aut
1295 1379 1535 1429 servum,
1583 1373 1679 1420 aut
1722 1368 1979 1422 ancillam

404 1450 637 1520 proximi
678 1453 1055 1524 concupiscit;
1083 1454 1196 1523 jam
1219 1465 1401 1511 mente
1425 1456 1640 1513 adulter
1668 1475 1733 1514 ac
1756 1460 1841 1515 fur
1860 1470 1943 1517 est
1965 1480 1980 1528 ;

404 1542 510 1599 nisi
543 1544 852 1615 resipiscat,
875 1547 1158 1617 judicatus
1186 1556 1273 1604 est
1298 1565 1329 1604 a
1360 1549 1589 1607 Domino
1617 1562 1808 1611 nostro
1848 1556 1978 1614 Jesu

405 1634 667 1702 Christo;
701 1651 798 1705 per
822 1653 982 1707 quem
1010 1638 1125 1715 “Deo
1171 1641 1363 1711 gloria,
1409 1642 1465 1697 in
1516 1646 1735 1701 szrcula.
1782 1647 1974 1707 Amen.

2082 441 2159 504 ὡς
2189 440 2507 513 παράνομον
2563 438 2735 503 ἔθνος,
2774 437 2852 510 τῷ
2899 438 3018 509 Θεῷ
3066 438 3096 491 ό
3138 437 3379 502 τοιοῦτος
3420 438 3683 508 λογισθή-

2086 550 2260 587 σεται.

2612 622 3007 678 ΚΕΦΑΛΔΙΟΝ
3047 624 3125 675 Δ’.

2606 714 2743 782 Περὶ
2772 714 3148 779 πλεονεξίας.

2169 807 2459 878 ’Λπέχεσθε
2489 804 2582 861 οὖν
2610 806 2792 877 πάσης
2824 804 3134 871 πλεονεξίας
3168 810 3265 862 καὶ
3300 805 3510 870 ἀδικίας
3532 823 3546 835 ·
3582 807 3682 862 καὶ

2082 899 2191 972 γὰρ
2219 901 2277 953 ἐν
2304 898 2383 969 τῷ
2402 898 2550 969 νόμῳ
2581 898 2889 970 γέγραπται
2920 913 2934 927 ο
2986 916 3005 950 ι
3059 898 3172 951 Οὐκ
3210 898 3567 970 ἐπιθυμήσεις
3598 901 3678 972 (9)

2081 991 2180 1063 τὴν
2208 995 2440 1061 γυναῖκα
2467 988 2560 1045 τοῦ
2594 990 2826 1063 πλησίον
2859 1006 2973 1052 σου,
3008 990 3128 1044 οὑδέ
3155 989 3245 1043 τὸν
3288 990 3454 1062 ἀγρὸν
3483 992 3677 1056 αὑτοῦ,

2084 1083 2205 1137 οὑδέ
2234 1082 2324 1136 τὸν
2346 1082 2507 1135 παῖδα
2530 1080 2717 1144 αὑτοῦ,
2737 1080 2859 1134 οὔτε
2878 1081 2976 1151 τὴν
3006 1081 3297 1153 παιδίσκην
3328 1082 3517 1146 αὑτοῦ,
3549 1083 3678 1138 οὔτε

2082 1174 2172 1227 τὸν
2204 1174 2330 1245 βοῦν
2358 1173 2545 1236 αὑτοῦ,
2578 1172 2701 1227 οὔτε
2729 1172 2789 1227 τὸ
2836 1172 3131 1241 ὑποζύγιον
3171 1172 3360 1236 αὑτοῦ,
3403 1173 3527 1226 οῦτε
3573 1176 3679 1230 ὅσα

2082 1264 2177 1318 τοῦ
2209 1265 2438 1337 πλησίον
2470 1282 2561 1317 σου
2590 1265 2758 1319 ἐστίν·
2792 1284 2809 1317 ι
2845 1265 2977 1334 ὁτιή
3010 1266 3158 1317 πᾶσα
3184 1264 3387 1317 τούτων
3409 1266 3680 1338 ἐπιθυμία

2084 1356 2148 1411 ἐκ
2177 1356 2271 1410 τοῦ
2302 1356 2539 1428 πονηροῦ
2574 1358 2827 1429 ὑπάρχει.
2864 1358 2919 1409 ’0
2953 1356 3059 1427 γὰρ
3094 1355 3435 1427 ἐπιθυμήσας
3456 1356 3553 1427 τὴν
3577 1372 3681 1424 γυ-

2082 1452 2265 1513 ναῖκα,
2314 1449 2347 1520 ἢ
2392 1449 2482 1501 τὸν
2530 1449 2715 1509 παῖδα,
2761 1448 2793 1519 ἦ
2839 1448 2936 1520 τὴν
2980 1448 3267 1520 παιδίσκην
3297 1448 3389 1501 τοῦ
3422 1448 3674 1520 πλησίον,

2082 1541 2182 1613 ήδη
2216 1541 2357 1594 κατὰ
2375 1541 2609 1593 διάνοιαν
2640 1542 2827 1612 μοιχὸς
2854 1542 2947 1594 καὶ
2978 1540 3215 1613 κλέπτης
3235 1542 3399 1594 ἐστίν.
3443 1542 3568 1594 Ἐάν
3598 1541 3677 1614 μὴ

2088 1634 2357 1705 μεταγνῷ,
2389 1634 2636 1705 κέκριται
2669 1635 2775 1705 (10)
2808 1635 2911 1687 ὑπὸ
2938 1634 3032 1687 τοῦ
3065 1635 3437 1706 Κυρίουὴμῶν
3498 1633 3675 1706 Ἰησοῦ

406 1720 466 1778 ln
492 1723 785 1797 Evangelio
814 1710 1104 1799 siqdidem,
1137 1709 1406 1801 repetens,
1448 1733 1670 1793 firmans
1707 1750 1762 1793 et
1801 1741 1977 1795 adim-

2118 1725 2337 1796 ζριστοῦ,
2366 1725 2428 1777 δι’
2451 1718 2511 1778 οὗ
2535 1726 2643 1797 (11)
2664 1728 2696 1797 ἡ
2719 1723 2843 1791 δόξα
2863 1725 3069 1797 τῷΘεῷ
3088 1726 3197 1797 (12)
3218 1728 3431 1789 είςτοὺς
3448 1726 3675 1789 αίῶνας.

407 1814 560 1883 piens
584 1816 715 1886 legis
731 1815 1076 1890 Dccalogum,
1101 1822 1177 1875 ait
1207 1840 1221 1877 :
1260 1841 1280 1874 ι
1316 1824 1454 1891 Quia
1484 1826 1537 1879 in
1571 1828 1684 1898 lege
1712 1832 1975 1902 scriptum

403 1911 530 1960 est:
562 1904 679 1962 Non
711 1909 1110 1977 moechaberis;
1144 1928 1244 1984 ego
1273 1926 1453 1971 autem
1484 1919 1609 1974 dico
1644 1922 1798 1978 vobis
1829 1925 1875 1956 ’⁸
1910 1944 1922 1980 :
1952 1943 1971 1978 ι

407 1994 459 2048 id
483 2004 591 2059 est,
644 1998 755 2069 Ego
785 2016 882 2069 per
919 2001 1107 2058 Mosen
1142 2005 1197 2060 in
1229 2008 1343 2077 lege
1381 2009 1595 2067 locutus
1625 2030 1783 2081 sum;
1830 2032 1978 2072 nunc

405 2100 537 2179 vero
569 2088 708 2144 idem
734 2091 852 2162 ipse
881 2094 1007 2150 dico
1046 2092 1201 2153 vobis
1242 2118 1255 2153 :
1319 2118 1338 2151 ι
1377 2101 1701 2177 Quicunque
1750 2122 1978 2179 aspexe-

404 2176 480 2230 rit
506 2192 731 2235 uxorem
761 2183 992 2250 proximi
1018 2185 1085 2240 ad
1131 2190 1624 2260 concupiscendum
1676 2176 1831 2262 eam,
1862 2199 1976 2269 jam

404 2269 710 2324 mmohatus
747 2280 831 2325 est
860 2288 978 2327 eam
1010 2275 1064 2327 in
1112 2279 1275 2333 corde
1321 2295 1459 2347 suo;
1526 2304 1545 2337 ι
1594 2286 1681 2341 hic
1714 2288 1806 2357 qui
1844 2306 1978 2344 con-

404 2357 634 2425 cupivit,
689 2361 857 2415 animi
889 2363 1103 2419 adulter
1125 2368 1400 2436 judicatus
1441 2386 1542 2429 est.
1591 2377 1693 2443 Qui
1720 2396 1847 2435 vero
1876 2383 1974 2437 lio-

404 2462 525 2501 vem
546 2460 642 2503 aut
669 2453 884 2506 asinum
906 2456 1076 2525 cupit,
1113 2444 1293 2515 nonne
1336 2466 1537 2535 cogitat
1568 2468 1757 2534 furari,
1795 2480 1848 2527 et
1877 2490 1976 2530 sua

350 2566 353 2569 ι
407 2536 608 2602 facere,
638 2548 692 2596 et
718 2544 1029 2601 abducere?
1056 2548 1268 2607 Rursus
1290 2557 1379 2623 qui
1419 2572 1607 2627 agrum
1649 2564 1872 2633 appetit,
1923 2574 1977 2622 et

405 2629 461 2684 in
494 2646 559 2686 eo
604 2632 797 2689 aﬂectu
830 2650 1175 2707 perseverat,
1208 2660 1389 2701 nonne
1414 2629 1885 2725 maligneagit,
1918 2664 1978 2711 ut

407 2722 675 2780 terminos
697 2729 810 2797 agri
841 2732 1156 2801 scalpenda,
1181 2748 1338 2807 cogat
1384 2722 1977 2809 possessoremgnullo

406 2812 706 2905 sibi-pretio
746 2820 1002 2877 tradere?
1046 2823 1186 2879 Dicit
1233 2831 1375 2883 enim
1419 2831 1616 2887 alicubi
1663 2837 1971 2905 prepheta:

410 2920 433 2955 ι
484 2902 576 2960 Vas
611 2910 704 2977 qui
730 2909 1035 2983 adjungunt
1069 2916 1288 2972 domum
1322 2920 1387 2973 ad
1414 2902 1743 2989 donluni,'et
1764 2902 1973 2998 agrum

408 3008 542 3064 agro
570 3002 914 3065 continuant,
944 3013 1004 3058 ut
1029 3007 1229 3078 aliquid
1280 3013 1509 3077 proximi
1539 3017 1788 3072 auferant
1818 3020 1864 3051 "
1896 3041 1907 3074 ;
1950 3040 1967 3072 ι

409 3084 614 3142 idcirco
637 3090 758 3146 ait:
805 3111 824 3144 ι
876 3093 1128 3166 Nunquid
1178 3099 1496 3159 habitabitis
1544 3106 1645 3160 soli
1689 3107 1741 3161 in
1799 3111 1977 3163 terra?

407 3176 603 3233 Audita
650 3198 883 3255 namque
924 3198 1051 3243 sunt
1100 3191 1213 3245 hzec
1245 3194 1299 3247 in
1339 3196 1565 3252 auribus
1602 3197 1815 3255 Domini
1876 3200 1975 3255 Sa-

408 3268 571 3361 baoth
611 3272 678 3326 ".
722 3294 741 3326 ι
773 3275 838 3329 Ει
868 3279 976 3332 alio
1005 3280 1058 3334 in
1089 3282 1209 3337 loco
1235 3303 1249 3339 :
1285 3303 1303 3335 ι
1336 3285 1653 3345 Maledictus
1677 3292 1769 3361 qui
1800 3300 1978 3350 trans-

408 3358 513 3455 εει-ι
536 3366 800 3421 terminos
828 3370 1060 3439 proximi
1091 3374 1214 3442 sui;
1244 3386 1297 3430 et
1327 3377 1471 3433 dicet
1501 3358 1972 3455 oninispopulus:

408 3448 550 3507 Fiat.
591 3474 608 3506 ι
638 3453 792 3512 Unde
821 3466 875 3513 et
905 3459 1078 3518 Moses
1101 3464 1214 3521 ait:
1250 3486 1269 3519 ι
1315 3466 1431 3522 Non
1473 3448 1869 3531 transmovebis
1915 3478 1977 3532 li-

406 3558 507 3599 nes
537 3546 769 3614 proximi
800 3552 900 3615 tui,
931 3568 1069 3622 quos
1099 3562 1282 3624 patres
1322 3560 1401 3612 tui
1435 3573 1733 3629 posuerunt
1761 3566 1828 3621 ".
1856 3585 1875 3617 »
1896 3565 1977 3621 0h

410 3637 550 3691 hanc
608 3638 775 3708 igitur
834 3658 1054 3699 causam
1117 3647 1373 3711 timores,
1440 3662 1661 3717 mortes,
1724 3656 1972 3728 judicia,

406 3724 789 3794 damnationes
843 3731 1156 3788 hominibus
1199 3734 1511 3804 hujusmodi
1569 3724 1831 3798 divinitus
1874 3724 1976 3799 im;

406 3814 677 3885 pendent;
723 3819 789 3875 iis
819 3831 998 3877 autem
1028 3824 1120 3893 qui
1161 3823 1270 3879 Deo
1296 3826 1578 3891 obediunt,
1612 3847 1715 3884 ιιιιει
1743 3831 1855 3887 hac
1888 3835 1974 3890 lex

406 3905 501 3961 Dei
535 3909 788 3980 simplex,
815 3929 941 3967 vera
965 3930 1029 3968 ac
1052 3917 1173 3970 viva
1206 3917 1368 3971 insita
1392 3928 1476 3973 est
1502 3939 1514 3975 :
1541 3939 1559 3972 ‹
1596 3921 1750 3989 Quod
1775 3926 1844 3980 ab
1869 3927 1976 3982 alio

406 3996 592 4055 oderis
627 4001 724 4057 tibi
769 4004 904 4068 ﬁeri,
947 4016 1001 4060 tu
1051 4008 1207 4063 alteri
1253 4025 1322 4064 ne
1353 4009 1546 4067 feceris
1588 4014 1655 4069 ".
1692 4033 1711 4067 ι
1742 4014 1861 4071 Non
1896 4004 1978 4075 vis

407 4098 469 4145 ut
496 4091 637 4147 alius
675 4110 899 4150 uxorem
944 4106 1089 4152 tuam
1133 4101 1386 4171 nequiter
1425 4101 1494 4156 ad
1546 4111 1793 4174 stuprum
1835 4093 1978 4177 aspié

405 4180 538 4247 ciet,
579 4200 755 4255 neque
792 4187 907 4256 ipse
940 4189 991 4241 in
1010 4205 1233 4246 uxorem
1259 4192 1491 4261 proximi
1515 4195 1591 4247 tui
1621 4195 1839 4251 oculum
1873 4197 1975 4252 im-

496 4318 544 4349 "
580 4319 749 4376 Exod.
786 4342 877 4387 xx,
914 4327 996 4379 l7.

410 4404 483 4454 IV,
514 4388 603 4445 16.

1109 4328 1160 4359 ’⁸
1201 4327 1391 4385 Matth.
1428 4349 1479 4395 ν.
1509 4333 1598 4387 ΞῚ.
1678 4336 1724 4367 ’⁸
1761 4335 1867 4392 lsa.
1908 4357 1958 4403 ν,
2004 4342 2058 4397 8.

2093 1817 2284 1888 Ἀμήν.
2318 1818 2477 1885 Λέγει
2513 1817 2622 1889 γάρ
2652 1819 2709 1871 ἐν
2748 1817 2826 1889 τῷ
2873 1818 3209 1889 Εὑαγγελίῳ,
3253 1818 3678 1887 ἀνακεφαλαιού-

2083 1925 2239 1981 μενος
2278 1909 2372 1962 καὶ
2402 1908 2671 1980 στηρίζων
2720 1911 2813 1963 καὶ
2846 1909 3067 1981 πληρῶν
3095 1910 3192 1982 τὴν
3231 1911 3531 1978 Δεκάλογον
3576 1910 3675 1963 τοῦ

2078 2000 2240 2072 νόμου
2261 2018 2273 2031 ’
2296 2021 2314 2051 ι
2339 2001 2458 2054 Ὀτι
2490 2002 2546 2055 ἐν
2581 2001 2659 2072 τῷ
2686 2002 2835 2073 νόμῳ
2863 2002 3189 2073 γέγραπται·
3225 2003 3298 2056 Οὑ
3332 2002 3640 2073 μοιχεύσεις
3658 2019 3670 2029 ·

2079 2092 2190 2161 ἐγὼ
2218 2093 2274 2146 δὲ
2301 2092 2442 2162 λέγω
2475 2094 2601 2163 ὑμῖν
2626 2110 2639 2123 ”
2682 2113 2699 2145 ι
2735 2094 3029 2154 τουτέστιν,
3072 2095 3127 2146 ἐν
3156 2093 3233 2165 τῷ
3253 2095 3399 2165 νόμῳ
3428 2095 3516 2148 διὰ
3544 2097 3677 2148 Μω-

2082 2184 2220 2247 σέως
2246 2183 2357 2253 ἐγὼ
2386 2184 2643 2256 ἐλάλησα,
2693 2174 2863 2238 νῦνδὲ
2893 2186 2921 2237 ό
2956 2184 3117 2248 αὐτὸς
3145 2186 3273 2257 ὑμῖν
3303 2185 3446 2253 λέγω
3465 2202 3478 2215 ⁸
3510 2205 3527 2236 ι
3556 2188 3676 2251 Πᾶς

2078 2276 2226 2340 ὅστις
2258 2277 2513 2347 ἐμϐλέψει
2545 2280 2623 2340 είς
2649 2277 2745 2347 τὴν
2775 2279 3009 2345 γυναῖκα
3033 2276 3127 2330 τοῦ
3177 2276 3403 2348 πλησίον
3446 2279 3581 2350 πρὸς
3614 2279 3677 2332 τὺ

2080 2350 2417 2439 ἐπιθυμῆσαι
2448 2368 2637 2440 αὑτὴν,
2668 2369 2768 2440 ήδη
2803 2370 3117 2441 ἐμοίχευσεν
3161 2370 3329 2441 αὑτὴν
3363 2372 3421 2423 ἐν
3450 2374 3516 2440 τῇ
3538 2389 3675 2442 καρ⁴

2078 2459 2165 2531 δίᾳ
2185 2459 2387 2513 αὑτοῦ·
2433 2479 2451 2512 ι
2502 2454 2657 2523 οὗτος
2701 2460 2894 2533 ἐκρίθη
2955 2461 3141 2532 μοιχὸς
3194 2463 3314 2514 κατ’
3362 2462 3595 2524 ἔννοιαν,
3641 2464 3670 2515 ό

2079 2550 2442 2621 ἐπιθυμήσας.
2491 2552 2546 2605 Ὀ
2578 2551 2632 2605 δὲ
2661 2552 2752 2605 τὸν
2784 2550 2911 2622 βοῦν
2938 2551 2970 2623 ἢ
3000 2552 3089 2604 τὸν
3138 2552 3255 2605 δνον
3302 2552 3669 2624 ἐπιθυμήσας,

2078 2643 2177 2695 οὐκ
2207 2642 2299 2695 ἐπὶ
2336 2643 2413 2713 τῷ
2457 2642 2672 2712 κλέψαι,
2716 2645 2812 2697 καὶ
2856 2642 3305 2715 ίδιοποιήσασθαι,
3341 2644 3373 2715 ἢ
3405 2646 3502 2697 καὶ
3530 2646 3672 2697 ἀπα-

2079 2737 2267 2802 γαγεῖν
2296 2735 2435 2787 αὑτά
2463 2735 2782 2800 διανοεῖται;
2813 2734 2845 2807 ἢ
2888 2737 2917 2787 ὁ
2958 2735 3049 2787 τὸν
3086 2736 3256 2807 ἀγρὸν
3293 2735 3455 2789 πάλιν
3490 2736 3675 2789 ἐπιθυ-

2083 2829 2282 2897 μήσας,
2314 2829 2406 2880 καὶ
2449 2828 2736 2898 ἐπιμείνας
2777 2830 2842 2899 τῇ
2890 2828 3065 2897 τοιᾷδε
3105 2827 3361 2891 διαθέσει,
3411 2830 3474 2882 οὑ
3508 2846 3676 2902 πονη-

2082 2916 2329 2988 ρεύεται,
2380 2919 2527 2981 ὅπως
2574 2918 2956 2991 ὀρογλυφήσας
3001 2918 3287 2991 ἀναγκάσῃ
3331 2919 3423 2973 τὸν
3478 2920 3673 2991 ἔχοντα

2001 3042 2043 3099 C
2077 3008 2172 3060 τοῦ
2206 3008 2428 3079 μηδενὸς
2457 3009 2751 3063 ἀποδόσθαι
2793 3008 2981 3080 αὑτῷ;
3014 3011 3147 3081 φησὶ
3190 3011 3298 3083 γάρ
3338 3028 3439 3064 που
3470 3013 3501 3063 ό
3537 3029 3674 3084 προ-

2080 3101 2257 3174 φήτης
2284 3101 2393 3173 (15)
2414 3118 2427 3131 ·
2458 3121 2476 3154 ι
2506 3103 2642 3157 Οὐαὶ
2661 3103 2710 3155 oi
2733 3102 3090 3166 συνάπτοντες
3108 3104 3284 3157 οἰκίαν
3313 3103 3450 3175 πρὸς
3468 3107 3671 3168 οίκίαν,

2079 3194 2173 3246 κα)⁵
2204 3193 2370 3264 ἀγρὸν
2402 3193 2538 3265 πρὸς
2585 3194 2753 3266 ἀγρὸν
2799 3195 3127 3263 ἐγγίζοντες,
3173 3196 3258 3248 ἵνα
3298 3195 3392 3249 τοῦ
3442 3195 3675 3266 πλησίον

2078 3284 2387 3355 ἀφέλωνται
2417 3304 2468 3338 τι
2490 3302 2503 3316 ο
2547 3306 2565 3337 ι
2608 3286 2687 3340 διὸ
2715 3287 2859 3356 λέγει
2881 3304 2894 3317 ο
2926 3306 2944 3337 ι
2983 3287 3073 3359 Μὴ
3100 3289 3361 3361 οίκήσητε
3394 3287 3552 3359 μόνοι
3582 3289 3673 3342 ἐπὶ

2076 3377 2177 3446 τῆς
2223 3376 2361 3446 γῆς;
2408 3377 2650 3450 ἠκούσθη
2697 3380 2803 3450 γὰρ
2834 3381 2912 3443 εἰς
2944 3378 3014 3433 τά
3056 3372 3170 3432 ὦτα
3200 3380 3405 3451 Κυρίου
3442 3379 3671 3434 Σαϐαὼθ

2078 3466 2270 3521 ταῦτα.
2313 3487 2331 3519 ι
2366 3470 2475 3521 Καὶ
2502 3468 2734 3540 ἀλλαχοῦ
2759 3488 2772 3499 ·
2812 3490 2830 3522 ι
2897 3472 3328 3543 Ἐπικατάρατος
3371 3474 3400 3525 ὁ
3448 3491 3671 3543 μετατι-

2078 3559 2191 3623 θεὶς
2235 3560 2357 3631 ὅρια
2403 3558 2496 3612 τοῦ
2546 3560 2774 3631 πλησίον
2815 3560 3003 3623 αὑτοῦ,
3050 3564 3145 3615 καὶ
3188 3564 3301 3635 ἐρεῖ
3329 3565 3439 3626 πᾶς
3464 3565 3497 3616 ό
3527 3565 3670 3629 λαὸς,

2074 3651 2300 3720 γένοιτο.
2328 3670 2344 3701 ι
2379 3651 2467 3704 Διό
2488 3670 2619 3724 φησι
2641 3654 2733 3706 καὶ
2764 3653 2871 3723 (14)
2893 3655 2922 3705 ό
2952 3655 3177 3725 Μωσῆς·
3216 3673 3233 3705 ι
3272 3656 3347 3709 Οὐ
3373 3658 3671 3727 μετακινή-

2080 3759 2190 3806 σεις
2210 3744 2333 3815 ὅρια
2361 3744 2455 3797 τοῦ
2487 3744 2713 3816 πλησίον
2736 3762 2850 3807 σου,
2874 3746 2909 3799 ἃ
2928 3746 3109 3800 ἐθεντο
3128 3748 3363 3820 πατέρες
3384 3765 3481 3803 σου
3503 3749 3667 3819 (15).»

2076 3835 2173 3888 Διά
2199 3835 2359 3889 τοῦτο
2385 3832 2479 3889 οῦν
2510 3837 2685 3906 φόϐοι,
2718 3837 2957 3900 θάνατοι,
2982 3839 3332 3912 δικαστήρια,
3356 3841 3669 3905 καταδίκαι,

2082 3927 2234 4000 παρά
2260 3928 2353 3981 τοῦ
2385 3928 2516 3983 Θεοῦ
2545 3933 2656 3993 τοῖς
2698 3930 2959 3994 τοιούτοις
2987 3931 3429 3986 ἐπακολουθοῦσι·
3463 3935 3578 3996 τοῖς
3618 3934 3671 3988 δέ

2084 4020 2346 4091 ὑπηκόοις
2399 4020 2518 4092 Θεῷ
2568 4022 2875 4094 ἀνθρώποις
2923 4018 3003 4088 εἷς
3056 4024 3220 4095 νόμος
3262 4024 3398 4078 Θεοῦ
3441 4025 3668 4090 ἁπλοῦς,

2080 4109 2304 4181 ἀληθὴς,
2352 4112 2481 4176 ζῶν,
2525 4109 2680 4176 οὗτος
2706 4115 2999 4187 ἐνυπάρχει
3039 4132 3054 4146 ο
3090 4134 3109 4167 ι
3144 4117 3210 4169 '0
3254 4117 3319 4170 σὺ
3352 4120 3532 4187 μισεῖς
3581 4119 3669 4186 ὑφ’

2077 4203 2264 4275 ἐτέρου
2298 4220 2379 4255 σοι
2407 4204 2677 4272 γενέσθαι,
2729 4208 2792 4260 σὺ
2834 4208 2976 4280 ἄλλῳ
3003 4208 3063 4261 οὐ
3096 4210 3341 4281 ποιήσεις
3367 4208 3501 4280 (16).
3542 4227 3560 4262 ι
3594 4209 3669 4263 Οὑ

2169 4343 2216 4374 ’⁸
2250 4342 2408 4398 Deut.
2452 4361 2624 4411 xxv",
2658 4346 2747 4400 17.
2824 4348 2870 4379 ’⁷
2895 4346 3051 4403 Deut.
3085 4362 3200 4415 xix,
3264 4347 3351 4401 14.
3434 4347 3483 4380 ’⁸
3503 4346 3642 4402 Tob.

1652 4470 2020 4531 VARIOIiUM
2060 4478 2271 4539 ΝΟΤᾹΞ

474 4574 552 4669 (ξ’)
583 4576 717 4669 Ριξξι
768 4575 1175 4669 έῑτιθυμιίενεις·
1230 4580 1656 4669 εοηνειιίςιιιίυε
1701 4584 1982 4669 "sbraicae

2118 4598 2277 4669 nensi.
2299 4606 2353 4652 et
2383 4599 2569 4653 debuit
2595 4600 2791 4655 abesse
2817 4608 3027 4654 mutato
3056 4600 3123 4654 δι’
3153 4600 3220 4659 οὒ
3249 4601 3303 4655 in
3340 4594 3387 4669 ᾧ
3423 4616 3454 4655 a
3502 4616 3665 4657 manu

406 4646 643 4725 veritati,
667 4646 836 4701 Exod.
865 4663 954 4711 xx,
983 4647 1068 4725 l'_l,
1089 4665 1151 4703 ac
1166 4666 1310 4725 nunc
1330 4653 1383 4706 in
1415 4650 1577 4716 LXX,
1603 4670 1632 4708 a
1662 4657 1860 4725 quibus
1885 4646 1981 4715 ad;

406 4714 528 4792 dita
553 4716 803 4771 videntur
834 4720 1096 4792 nonnulla
1142 4714 1726 4792 velutparaphraslic'e
1757 4744 1821 4782 ex
1859 4731 1983 4788 aliis

412 4784 1127 4867 Scriptura:_testimoniis.
1187 4784 1399 4860 Optime
1455 4784 1643 4867 autem
1688 4784 1986 4867 διαταγεῖς

409 4857 902 4929 ηοειιτίίὺποζύγιον
948 4859 1110 4929 paulo
1151 4857 1273 4929 post
1319 4870 1528 4916 mutant
1573 4864 1627 4917 in
1681 4866 1820 4921 ὄνον.
1868 4857 1985 4927 Mos

409 4930 553 4980 enim
762 4940 913 5004 11m
951 4928 1302 5004 interpretari
1330 4931 1449 5004 όνον
1476 4942 1529 4986 et
1559 4934 1868 5004 ὑποζύγιον.
1920 4940 1986 4994 Et

409 4996 853 5079 cunnzacliaria:
910 5015 984 5079 Ix,
1030 4996 1296 5079 Q,'iiiieiii
1341 5002 1592 5079 habeant,
1642 4996 1986 5079 ἐπιδεδηκὼς

408 5065 502 5118 ἐπὶ
532 5068 821 5136 ὑποζύγιον
864 5071 957 5124 καὶ
990 5068 1163 5122 πῶλον
1186 5071 1323 5134 νέον,
1365 5068 1554 5125 Matth.
1580 5065 1704 5136 ευ,
1752 5078 1803 5137 5.
1844 5065 1984 5133 cita-'-

410 5138 895 5217 ριν..ἐ.πι6ε6ηκέ.υς
931 5141 1170 5217 Eni-630v
1199 5140 1292 5217 καὶ
1324 5140 1499 5193 πῶλον
1521 5143 1974 5217 υίὸνᾼὺποζυγίου.

414 5202 784 5281 Similiterque
808 5209 1044 5263 Balaami
1068 5208 1188 5272 ὄνος
1217 5209 1438 5281 Eumer.
1465 5228 1598 5272 χχιι.
1630 5213 1719 5281 21,
1751 5202 1979 5274 6101ίέ-

414 5281 501 5359 t‘ro
520 5277 778 5359 αξιοι-⁷11,
804 5294 932 5358 ρεψ.
977 5292 1205 5359 infers;
1221 5278 1311 5359 '16,
1334 5288 1423 5359 est
1444 5277 1750 5352 ὑποζύγιον.
1774 5285 1982 5359 Legen-

412 5342 518 5400 (lus
557 5342 754 5401 Suidas
804 5348 856 5401 in
874 5342 1003 5401 imre
1040 5345 1351 5415 ’Υποζύγια.
1385 5349 1521 5405 (Zur.

489 5414 599 5490 (l0)
640 5418 923 5490 Α’έκριτοι.
953 5416 1088 5490 ΙνΙιιίο
1119 5414 1558 5490 ιὀοἰριθτοιίεἰιιη·
1594 5426 1685 5476 καί
1716 5426 1766 5480 in
1816 5425 1980 5483 Vind.

415 5498 521 5539 ms.
555 5487 893 5541 incommode
939 5489 1129 5555 (Ima,

490 5555 601 5625 (H)
641 5559 731 5609 Δι’
760 5555 1026 5628 ςῦηίιιεηη
1059 5553 1159 5628 ms.
1188 5553 1252 5628 ᾧ,
1302 5560 1663 5619 incommode.
1685 5561 1982 5623 Orthodoxi

414 5620 649 5680 Librarii
679 5640 801 5682 esse
824 5625 1052 5679 videtur.
1092 5625 1164 5681 ID.

493 5696 603 5767 (12)
650 5696 730 5760 Τῷ
759 5696 898 5760 θεῷ.
946 5696 1108 5751 Abest
1147 5700 1215 5753 ab
1260 5712 1487 5771 utroque
1525 5704 1646 5757 cod.
1709 5704 1983 5763 Yiudubo-

2085 4667 2411 4723 orthodoxa.
2445 4671 2518 4723 In.

2120 4757 2265 4880 l(15)
2409 4760 2736 4830 προφήτης.
2770 4760 2870 4817 Ms.
2899 4759 3131 4819 Vindob.
3166 4762 3413 4825 Ἡσαΐας,
3442 4770 3665 4832 quaeest

2141 4843 2285 4880 ossa.
2354 4846 2404 4880 υ.

2084 4843 2285 4898 glossa.
2330 4843 2404 4882 ID.

2160 4919 2268 4999 (14)
2309 4922 2439 4999 ζιάί.
2514 4920 2795 4999 Qmittitur
2839 4925 2893 4999 in
2944 4932 3175 4999 utroque
3223 4924 3347 4999 cod.
3399 4934 3453 4979 ct
3504 4924 3665 4999 debet

2087 4991 2418 5111 omittli,jam
2459 4993 2604 5046 enim
2648 4994 2715 5046 ad
2762 4991 3137 5048 testimonium
3188 4994 3388 5051 citatus
3417 5003 3506 5049 est
3552 4995 3665 5048 Mo-

2087 5074 2194 5111 ses.
2254 5078 2305 5111 υ.

2086 5074 2305 5113 SCS.ID.

2152 5151 2261 5221 (15)
2306 5154 2372 5207 Ἀ
2425 5153 2627 5207 ἔθεντο
2677 5153 2927 5222 πατέρες
2984 5172 3118 5209 σου.
3174 5155 3384 5209 Absunt
3435 5155 3553 5209 haec
3600 5156 3666 5208 ab

2086 5228 2320 5292 utroque
2357 5238 2660 5292 perperam,
2718 5233 2848 5278 sunt
2882 5224 3027 5279 enim
3081 5241 3187 5279 non
3220 5233 3432 5280 tantum
3465 5227 3521 5280 in
3563 5224 3665 5279 He-

2088 5291 2275 5347 braico
2307 5291 2475 5353 textu,
2510 5309 2696 5347 verum
2724 5295 2886 5347 etiam
2920 5296 2975 5351 in
2999 5294 3140 5348 LXX
3168 5296 3291 5349 lntt.
3323 5294 3464 5350 Male
3501 5297 3663 5350 etiam

2086 5361 2422 5435 abiistabest
2452 5378 2555 5435 vox
2584 5362 2806 5435 ἁπλοῦς,
2825 5367 3002 5435 paulo
3023 5375 3165 5435 post.
3198 5368 3274 5421 In.

2156 5430 2289 5503 (16),
2311 5433 2383 5503 "0_
2408 5431 2489 5503 qi)
2508 5432 2708 5500 μισεῖς
2736 5430 3087 5503 egerem,
3117 5454 3171 5490 κ.
3217 5452 3269 5487 τ.
3316 5434 3365 5488 λ.
3412 5433 3664 5488 Proxime

2085 5489 2297 5571 accedit
2320 5500 2385 5554 ad
2422 5489 2705 5570 Vulgatam
2751 5489 2887 5558 Tob.
2923 5489 2998 5567 ii,
3050 5489 3116 5560 16
3165 5525 3176 5559 :
3241 5504 3396 5571 Quod
3439 5503 3505 5556 ab
3558 5503 3663 5555 alio

2088 5570 2260 5643 oderis
2286 5572 2404 5643 ﬁeri
2435 5572 2551 5643 tibi,
2590 5574 2703 5627 vide
2732 5591 2793 5627 ne
2835 5584 2893 5626 tu
2943 5575 3229 5643 aliquando
3268 5570 3431 5629 alteri
3469 5574 3661 5643 facias,

2490 5646 2683 5710 μισεῖς,
2717 5644 2900 5713 μηδενὶ
2947 5638 3199 5715 ποιήσῃς.
3244 5645 3389 5698 Infra
3431 5638 3528 5698 lib.
3577 5658 3659 5715 In,

2088 5725 2210 5781 cap.
2244 5710 2312 5765 15
2345 5730 2358 5766 :
2397 5713 2461 5765 Ὃ
2492 5716 2669 5783 μισεῖς
2701 5710 2787 5766 σοι
2810 5710 3081 5782 γενέσθαι,
3102 5710 3221 5769 οὑδὲ
3251 5715 3394 5782 an...
3415 5716 3480 5767 σὺ
3510 5711 3656 5778 me;
