3816 6344
375 311 484 368 575

1266 309 1323 364 S.
1364 304 1755 364 CLEMENTIS
1795 306 1812 360 l
1851 305 2017 363 ROM.
2060 305 2262 363 PONT.
2306 306 2533 363 OPBRA
2568 306 2798 365 DUBIA.

3525 312 3639 368 ,ις-ιιι

372 445 482 485 non
515 428 586 482 ob
613 426 759 481 aliud
815 425 994 489 venit,
1030 424 1136 479 nisi
1191 430 1249 477 ιιι
1294 438 1418 478 reos
1464 421 1532 475 ab
1556 421 1634 475 ira
1670 427 1951 476 reservata

2057 420 2147 473 καὶ
2173 420 2283 490 (47)
2314 418 2579 492 πληρώσῃ
2605 417 2697 472 τὸν
2726 419 2889 491 νόμον
2918 422 3010 474 καὶ
3038 420 3165 484 τοὺς
3204 422 3507 494 προφήτας,
3538 425 3636 478 καῖ

371 523 651 584 liberaret,
708 520 876 590 legem
901 526 954 570 et
997 516 1294 586 prophetas
1329 515 1612 585 impleret;
1644 520 1698 568 et
1737 512 1950 569 adscita

373 613 466 667 illa
498 612 861 668 Deuteroseos
897 609 1139 671 vincula,
1172 607 1258 661 vel
1311 606 1576 660 adimeret
1630 606 1716 659 vel
1764 615 1950 661 trans-

376 704 561 759 ferret.
603 702 812 757 idcirco
840 701 988 755 enim
1038 700 1276 753 invitans
1306 711 1408 753 nos
1450 696 1629 751 aiebat
1661 714 1674 751 :
1713 714 1732 747 ι
1760 695 1953 753 Venite

374 796 440 849 ad
466 810 552 850 me
580 809 770 848 omnes
802 793 895 862 qui
953 790 1215 844 laboratis
1250 797 1304 843 et
1343 791 1552 843 onerati
1584 788 1740 848 estis,
1771 796 1824 843 et
1850 803 1951 858 ego

376 887 617 942 reliciam
677 901 772 940 vos
823 884 920 938 ¹⁰⁶..
970 902 987 934 ι
1028 881 1107 936 Τιι
1139 881 1307 951 igitur
1358 895 1483 936 cum
1532 880 1731 951 legeris
1774 879 1951 934 Evan-

374 980 513 1050 gelio
547 993 610 1032 ac
644 975 927 1046 prophetis
958 974 1386 1029 concordantem
1441 974 1636 1043 legem,
1664 975 1831 1029 etiam
1867 976 1950 1029 le-

372 1073 484 1142 gito
506 1071 711 1140 [legum
740 1069 1000 1123 historias
1020 1108 1036 1131 ,
1067 1076 1125 1121 ut
1174 1069 1315 1122 scire
1350 1068 1551 1136 possis,
1584 1066 1730 1136 quod
1760 1083 1950 1122 omnes

375 1178 530 1234 reges
561 1162 652 1231 qui
698 1161 829 1229 justi
873 1160 1056 1224 fuere,
1090 1176 1120 1214 a
1150 1159 1259 1214 Deo
1315 1158 1461 1212 aucti
1502 1169 1660 1225 sunt;
1698 1166 1752 1213 et
1805 1158 1951 1229 apud

375 1257 525 1311 illum
557 1266 772 1309 aeterna:
801 1254 923 1306 vitae
948 1251 1240 1323 promissio
1264 1266 1360 1306 eos
1391 1251 1593 1305 mansit
1631 1272 1645 1305 :
1681 1260 1950 1322 quotquot

374 1357 554 1403 autem
584 1334 738 1416 reges
772 1361 800 1398 a
836 1345 949 1398 Deo
1000 1342 1253 1398 fornicati
1309 1351 1479 1407 sunt,
1533 1343 1588 1397 in
1646 1343 1953 1401 defectione

375 1440 665 1510 sua,justo
693 1438 787 1492 Dei
828 1437 1058 1506 judicio,
1109 1436 1261 1490 brevi
1318 1434 1682 1503 interierunt;
1734 1447 1789 1492 et
1842 1440 1950 1494 vita

373 1535 494 1604 ejus
514 1527 710 1603 privati
739 1538 887 1591 sunt,
922 1528 1315 1598 sempiternum
1355 1528 1684 1598 supplicium
1722 1546 1822 1600 pro
1864 1548 1952 1588 re-

375 1628 502 1696 quie
533 1624 734 1681 sortiti.
762 1621 886 1676 Halc
918 1622 1085 1692 igitur
1130 1636 1255 1674 cum
1314 1620 1496 1691 leges,
1553 1623 1784 1676 multum
1846 1623 1952 1681 fide

375 1728 603 1781 auctus,
634 1716 888 1779 Christo,
947 1714 1106 1783 cujus
1150 1729 1209 1769 es
1251 1728 1453 1783 corpus
1507 1730 1571 1769 ac
1619 1716 1947 1779 membrum.

376 1810 713 1881 adjungeris.
748 1807 1114 1863 Deambulans
1161 1814 1340 1861 autem
1375 1808 1430 1862 in
1462 1808 1617 1872 foro,
1660 1819 1715 1865 et
1768 1812 1952 1868 lavare

375 1904 624 1973 cupiens,
660 1910 811 1955 utere
861 1899 1105 1953 virorum
1147 1898 1376 1963 balneo;
1429 1916 1529 1963 ne,
1578 1903 1705 1972 quia
1751 1918 1951 1974 corpus

375 1997 610 2067 turpiter
630 1994 840 2049 nudum
891 1992 1214 2048 mulieribus
1263 1993 1605 2061 ostenderis,
1665 2007 1758 2052 aut
1807 1997 1953 2067 quod

376 2104 485 2143 non
508 2089 665 2143 decet
693 2088 842 2142 viros
874 2086 1094 2149 videre,
1147 2088 1517 2155 spectaveris,
1570 2088 1656 2143 vel
1718 2097 1775 2143 tu
1827 2089 1951 2143 illa-

376 2182 630 2253 queeris,
669 2182 754 2235 vel
789 2181 843 2234 in
872 2188 923 2232 te
954 2179 1217 2249 illaquees
1253 2177 1485 2234 feminas
1521 2194 1641 2250 qua:
1681 2180 1755 2235 ita
1795 2180 1953 2236 facile

377 2274 687 2344 capiuntur.
742 2271 850 2327 Ista
902 2287 1031 2342 ergo
1083 2288 1249 2335 cave,
1300 2288 1368 2326 ne
1411 2273 1607 2326 animae
1666 2280 1772 2327 tua:
1824 2272 1953 2343 inji-

375 2369 594 2421 oiantur
620 2366 820 2435 laquei.

974 2586 1206 2645 CAPUT
1242 2587 1355 2644 VII.

883 2682 963 2736 De
1001 2682 1219 2736 muliere
1253 2696 1439 2749 prava.

446 2774 750 2829 Audiamus
774 2778 943 2839 enim,
974 2774 1105 2844 quid
1130 2775 1184 2827 in
1217 2771 1508 2843 Sapientia:
1551 2772 1690 2829 libro
1730 2780 1954 2829 sanctus

382 2882 563 2921 sermo
593 2867 742 2920 dicat
777 2884 789 2919 :
825 2883 843 2917 ‹
881 2864 1230 2927 Fili,custudi
1276 2881 1561 2923 sermones
1603 2884 1789 2935 meos;
1833 2884 1953 2923 mea

378 2973 508 3011 vero
536 2956 789 3010 mandata
827 2956 1061 3011 reconde
1107 2955 1249 3027 apud
1291 2957 1546 3028 teipsum.
1581 2957 1680 3014 Dic
1737 2960 1955 3031 sapien-

380 3050 510 3102 tiam
542 3064 787 3104 sororem
829 3058 975 3103 tuam
1008 3064 1131 3104 esse
1151 3090 1166 3113 ,
1208 3049 1551 3120 prudentiam
1586 3060 1766 3107 autem
1794 3052 1955 3107 fami-

2053 511 2123 566 τὰ
2149 511 2323 583 δεσμὰ
2351 512 2449 583 τῆς
2478 511 2864 584 Δευτερώσεως
2882 512 2989 565 τῶν
3016 514 3354 566 ἐπεισάκτων
3373 507 3413 585 ἢ
3448 514 3643 587 παύσῃ

2053 604 2087 676 ἦ
2140 605 2367 676 μεταθῇ.
2428 602 2530 657 Διὰ
2581 603 2692 677 γὰρ
2743 603 2904 658 τοῦτο
2959 606 3435 677 προσκαλούμενος
3486 608 3638 678 ἡμᾶς

2053 697 2223 766 ἐλεγεο
2262 716 2280 748 ι
2317 696 2480 749 Δεῦτε
2502 700 2644 769 πρός
2672 714 2738 767 με
2765 696 2875 767 (48)
2904 697 3102 760 πάντες
3128 699 3177 750 οἱ
3211 699 3512 762 κοπιῶντες
3538 700 3647 754 καὶ,

2054 789 2493 860 πεφορτισμένοι,
2528 788 2681 857 κάγὼ
2718 789 3014 843 ἀναπαύσω
3048 792 3210 861 ὑμᾶς.
3245 810 3263 841 ι
3287 793 3358 846 Σὺ
3380 788 3475 845 οὖν
3504 793 3640 847 ἀνα-

2053 880 2214 949 γνοὺς
2243 880 2333 933 τὸν
2368 880 2529 951 νόμον
2576 882 2863 951 σύμφωνον
2905 882 3034 936 ὂντα
3060 882 3137 954 τῷ
3180 884 3497 955 Εὐαγγελίῳ
3540 885 3640 939 καὶ

2050 976 2163 1037 τοῖς
2217 975 2552 1046 προφήταις,
2602 974 3080 1048 ἁναγίνωσκεθκαὶ
3129 974 3229 1039 τὰς
3280 976 3634 1041 Βασιλείους,

2052 1065 2200 1129 ὅπως
2246 1066 2441 1120 εἰδέναι
2499 1066 2670 1136 ἔχοις,
2715 1068 2899 1120 ὁπόσοι
2940 1066 3137 1121 δίκαιοι
3181 1068 3429 1137 ἐγένοντο
3483 1069 3673 1141 βαειί-ι

2052 1157 2183 1221 λεῖς,
2222 1158 2315 1212 καὶ
2346 1158 2659 1230 ηὐξήθησαν
2690 1159 2793 1211 ὑπὸ
2832 1158 2988 1221 Θεοῦ,
3019 1162 3113 1213 καὶ
3142 1162 3174 1231 ἡ
3206 1161 3512 1229 ἐπαγγελία
3539 1162 3645 1233 τῆς

2053 1250 2270 1303 αἰωνίου
2292 1250 2436 1320 ζωῆς
2465 1250 2647 1312 αὐτοῖς
2673 1249 2908 1321 διέμεινε
2929 1252 3229 1323 παράὐτῷσ
3260 1252 3375 1304 ὅσοι
3402 1252 3460 1306 δὲ
3483 1252 3640 1323 βασι-

2052 1341 2163 1405 λεῖς
2194 1342 2588 1413 ὲξεπόρνευσαν
2644 1343 2752 1395 ἀπὸ
2782 1341 2939 1405 Θεοῦ,
2985 1344 3043 1396 ἐν
3096 1345 3400 1415 ἀποστασία
3455 1345 3640 1398 αὐτῶν

2055 1435 2330 1506 συντόμως
2358 1433 2633 1488 ἀπώλοντο
2679 1437 2744 1506 τῇ
2775 1434 2870 1488 τοῦ
2926 1432 3062 1488 Θεοῦ
3124 1435 3515 1507 δικαιοκρισία,
3543 1438 3640 1491 καὶ

2052 1529 2149 1598 τῆς
2180 1526 2342 1581 αὐτοῦ
2374 1527 2520 1597 ζωῆς
2546 1526 2936 1598 ἐστερήθησαν,
2969 1528 3089 1580 ἀντὶ
3117 1528 3477 1591 ἀναπαύσεως
3508 1531 3641 1583 αἰωι-

2052 1620 2171 1672 νίαν
2191 1619 2409 1672 κόλασιν
2436 1617 2873 1690 κληρωσάμενοι.
2897 1618 3084 1673 Ταῦτα
3103 1617 3196 1673 οῦν
3222 1622 3638 1691 ἀναγινώσκων,

2054 1712 2188 1765 πολὺ
2214 1715 2280 1783 τῇ
2312 1713 2489 1765 πίστει
2511 1710 2784 1783 αὐξηθεὶς,
2816 1713 3359 1788 προσοικοδομηθήσῃ
3378 1713 3604 1786 Χριστῷ
3623 1755 3638 1779 ,

2053 1797 2114 1855 05
2148 1803 2305 1873 σῶμα
2334 1804 2426 1856 καὶ
2457 1804 2615 1874 μέλος
2640 1804 2944 1874 τυγχάνεις·
2977 1804 3299 1875 Περιπατῶν
3357 1806 3413 1859 δὲ
3470 1807 3531 1858 ἐν
3572 1810 3640 1878 τῇ

2055 1897 2249 1967 ἀγορᾷ,
2285 1896 2379 1950 καὶ
2420 1896 2712 1951 λούσασθαι
2757 1898 3093 1969 βουλόμενος,
3142 1900 3322 1971 χρήσῃ
3369 1898 3640 1969 βαλανείῳ

2055 1989 2281 2060 ἀνδρείῳ
2314 1989 2422 2060 (49)
2444 2030 2457 2053 ,
2488 1990 2575 2043 ἵνα
2608 1990 2681 2061 μὴ
2712 1990 2799 2044 διὰ
2839 1992 2899 2044 τὸ
2938 1990 3299 2044 ἐπιδεικνύναι
3358 2008 3417 2045 σε
3478 1992 3641 2064 σῶμα

2054 2082 2111 2133 ὲν
2142 2083 2374 2152 ἁσχήμῳ
2418 2082 2757 2152 ἀποκαλύψει
2816 2084 3082 2152 γυναιξὶν,
3117 2084 3149 2155 ἢ
3180 2084 3480 2139 θεάσασθαι
3510 2084 3639 2140 θέαν

2054 2175 2151 2245 οὐχ
2209 2174 2551 2246 ἁρμόζουσαν
2615 2176 2905 2246 ἀνδράσιν,
2964 2177 3121 2246 ἣνσὺ
3175 2177 3546 2248 παγιδευθῇς,
3602 2180 3636 2249 ἢ

2055 2268 2386 2342 παγιδεύσῃς
2435 2270 2526 2322 ἐπὶ
2597 2269 2776 2341 σαυτῷ
2822 2269 2922 2333 τὰς
2962 2270 3135 2334 οὕτως
3190 2271 3494 2335 εὐαλώτους
3537 2289 3636 2341 γυ-

2052 2362 2245 2423 ναῖκας
2274 2359 2407 2430 (50).
2438 2360 2713 2415 Φυλάσσου
2756 2358 2851 2416 οὖν
2902 2362 2973 2417 τὰ
3033 2363 3279 2429 τοιαῦτα,
3303 2366 3391 2420 ἵνα
3429 2367 3504 2439 μὴ
3541 2366 3641 2421 λά-

2054 2451 2156 2522 ϐῃς
2186 2450 2410 2522 βρόχους
2435 2454 2503 2523 τῇ
2535 2454 2728 2507 ἑαυτοῦ
2759 2454 2924 2527 ψυχῇ.

2607 2591 2999 2646 ΚΕΦΑΛΑῘΟΝ
3040 2592 3114 2644 Ζ’.

2478 2680 2616 2749 Περὶ
2644 2684 2925 2751 γυναικὸς
2952 2686 3207 2752 φαύλης.

2125 2770 2401 2841 Μάθωμεν
2433 2772 2561 2844 γὰρ,
2591 2773 2649 2825 ὲν
2679 2776 2746 2845 τῇ
2768 2774 2937 2845 Σοφίᾳ
2956 2776 3008 2828 τί
3032 2775 3184 2844 λέγει
3209 2780 3236 2831 ό
3264 2777 3422 2847 ἆγιος
3450 2777 3627 2846 λόγος·

2058 2880 2079 2915 ι
2108 2864 2221 2921 Υἱὲ,
2254 2862 2493 2931 φύλασσε
2530 2865 2697 2935 ἐμοὺς
2738 2865 2946 2933 λόγους,
2999 2867 3096 2931 τὰς
3136 2868 3193 2922 δὲ
3239 2869 3378 2940 ἐμὰς
3415 2870 3637 2935 ἐντολὰς

2055 2954 2261 3028 κρύψον
2308 2954 2460 3028 παρὰ
2516 2957 2744 3028 σεαυτῷ.
2796 2959 2963 3012 Εἰπὸν
2990 2959 3088 3032 τὴν
3133 2962 3323 3031 σοφίαν
3355 2964 3456 3035 σὴν
3484 2964 3638 3018 ἁδελ-

2055 3048 2160 3119 φὴν
2191 3042 2351 3110 εἶναι,
2380 3049 2478 3119 τὴν
2506 3048 2560 3102 δὲ
2589 3049 2847 3120 φρόνησιν
2874 3050 3149 3124 γνώριμον
3170 3055 3529 3126 περιποίησαι
3559 3073 3639 3111 σε·
3663 3036 3667 3043 ν

379 3141 570 3195 liarem
608 3141 704 3195 tibi
735 3155 924 3195 assere
950 3159 964 3206 ;
998 3148 1056 3194 ut
1083 3150 1135 3196 te
1159 3151 1342 3197 servet
1375 3158 1405 3195 a
1429 3143 1658 3197 muliere
1686 3144 1862 3198 aliena
1894 3153 1947 3200 et

2057 3140 2219 3211 αυτῷ,
2251 3140 2337 3194 ἵνα
2355 3157 2413 3192 σε
2442 3142 2654 3214 τηρήσῃ
2682 3142 2792 3195 ἀπὸ
2820 3145 3077 3210 γυναικὸς
3094 3145 3381 3219 ἀλλοτρίας
3411 3150 3507 3203 καὶ
3536 3166 3635 3203 πο-

378 3233 518 3287 mala
537 3272 553 3296 ,
587 3232 633 3288 si
659 3241 711 3287 te
733 3232 914 3288 verbis
936 3233 1150 3288 blandis
1178 3234 1367 3288 adorta
1398 3235 1580 3289 fuerit.
1609 3234 1683 3290 De
1714 3234 1952 3292 fenestra

378 3324 523 3380 enim
551 3323 749 3380 domus
775 3342 889 3381 sua:
915 3325 967 3378 in
998 3326 1206 3395 plateas
1232 3327 1577 3396 prospiciens
1598 3366 1613 3390 ,
1647 3343 1952 3397 quemcun-

378 3432 487 3487 que
541 3418 740 3472 viderit
798 3403 1151 3488 insipientum
1216 3418 1451 3471 ﬁliorum
1512 3419 1947 3483 adolescentem,

378 3508 561 3563 cordis
592 3510 829 3579 inopem,
855 3516 1270 3580 przetereuntem
1306 3525 1401 3579 per
1432 3508 1632 3575 forum,
1679 3511 1734 3565 in
1762 3518 1948 3567 trans-

382 3600 550 3655 itibus
604 3601 803 3655 aedium
835 3617 1081 3664 suarum,
1119 3608 1175 3656 et
1229 3602 1540 3671 loquentem
1587 3604 1641 3657 in
1702 3588 1966 3659 tenebris‘

378 3693 725 3763 vespertinis,
751 3709 875 3748 cum
904 3702 988 3748 est
1013 3702 1282 3748 nocturna
1309 3694 1464 3765 quies
1509 3702 1565 3750 et
1604 3696 1902 3767 caliginosa
1934 3714 1946 3750 :

453 3832 519 3864 ¹⁰⁹
550 3830 740 3886 Matth.
765 3848 841 3897 ιι,
870 3832 962 3888 28.

2054 3234 2243 3303 νηρᾶς,
2274 3232 2368 3285 ἐάν
2399 3249 2458 3285 σε
2501 3232 2678 3301 λόγοις
2730 3236 2842 3297 τοῖς
2895 3237 3031 3306 πρὸς
3070 3238 3229 3309 χάριν
3271 3239 3641 3312 ὲμϐἀλλητσις

2068 3323 2198 3376 Ἀπὸ
2225 3324 2335 3396 γὰρ
2376 3323 2590 3396 θυρίδος
2617 3325 2764 3379 οἴκου
2795 3327 2965 3397 αὐτῆς
2993 3331 3070 3391 είς
3098 3330 3195 3394 τὰς
3242 3331 3507 3396 πλατείας
3532 3349 3639 3386 πα·

2055 3415 2427 3487 ρακύπτουσα,
2460 3416 2517 3469 ὃν
2536 3414 2601 3469 ἂν
2650 3416 2733 3490 ίδῃ
2776 3417 2883 3470 τῶν
2912 3419 3158 3491 ἀφρόνων
3185 3422 3390 3475 τέκνων
3417 3424 3641 3479 νεανίαι*

2052 3508 2203 3578 ἐνδεῆ
2259 3507 2489 3579 φρενῶν,
2544 3511 3057 3582 παραπορευόμενον
3100 3515 3157 3565 ὲν
3201 3515 3411 3587 ἀγορᾷ,
3440 3516 3500 3567 ὲν
3529 3515 3641 3569 διό-η

2053 3602 2162 3664 δοις
2192 3603 2353 3655 οἴκων
2382 3602 2570 3673 αὐτῆς,
2600 3603 2693 3655 καὶ
2718 3602 2981 3657 λαλοῦντα
3010 3605 3066 3656 ὲν
3120 3606 3301 3659 σκότει
3361 3606 3632 3678 ἑσπερινῷ

2061 3694 2195 3765 (51),
2228 3695 2392 3763 ἡνίκα
2420 3694 2485 3748 ἂν
2542 3690 2576 3767 ᾖ
2611 3695 2811 3764 ἡσυχία
2864 3698 3149 3769 νυκτερινὴ
3202 3699 3296 3752 καὶ
3326 3697 3637 3769 γνοφώδης..

1587 3980 1597 3987 ’
1638 3987 1999 4043 V’ARIORUM
2035 3986 2269 4044 NOTAE.

451 4122 561 4243 (Εἰ)
615 4121 897 4201 ’ξύσηται
950 4119 1092 4186 τοὺς
1117 4121 1445 4202 ὑποδίκους
1472 4122 1583 4203 τῆς
1634 4124 1948 4204 ἀποκειμέ-

451 4211 492 4243 ιο
556 4209 721 4243 m‘nc.
754 4191 869 4243 καί.
900 4189 1020 4243 Hinc
1049 4206 1230 4243 omnia
1264 4192 1464 4243 desunt
1496 4209 1549 4243 ιιι
1581 4193 1741 4243 codd-
1779 4193 1938 4243 Vind-

378 4189 492 4260 νηζ·
521 4189 721 4260 ὀργῆς,
754 4191 869 4243 καί.
900 4189 1020 4244 Hinc
1049 4193 1230 4244 omnia
1264 4192 1464 4246 desunt
1496 4189 1549 4245 in
1581 4193 1741 4250 codd.
1779 4189 1938 4250 vum.

379 4279 531 4334 qua},
550 4262 964 4334 perspicuitatis
978 4276 1164 4334 causa,
1198 4261 1321 4317 addi
1364 4270 1605 4334 potu_ere.
1634 4262 1803 4319 CLsn.

475 4329 565 4398 48}
604 4329 761 4398 Πρός
781 4346 876 4398 με.
935 4329 1093 4385 Deest
1125 4331 1177 4383 in
1204 4329 1454 4401 utroque.
1486 4331 1563 4387 In.

473 4403 560 4472 49)
599 4403 945 4472 Λορσασθαι
986 4400 1381 4472 βουλόμενος,
1412 4401 1609 4471 χρήσῃ
1644 4402 1952 4467 βαλανείῳ

379 4460 650 4541 ἀνδρέίῳ.
683 4469 850 4541 Erant
878 4460 1108 4541 oliinﬂin
1150 4460 1603 4532 ﬁilelibusrtum'
1634 4460 1848 4525 luxuria
1896 4460 1950 4525 et
1982 4460 2025 4514 D

381 4540 625 4605 lascivia,
659 4555 810 4611 more
842 4540 1139 4611 infidelium
1188 4541 1524 4611 diﬂluentes;
1581 4548 1693 4594 tum
1736 4542 1944 4611 simpli!

380 4617 651 4691 ciores__ac
680 4610 893 4691 idiota);
928 4624 957 4661 a
987 4610 1188 4691 quibus
1217 4611 1416 4691 (inquit
1447 4610 1783 4691 Epiphanius
1837 4610 1951 4664 hae-

382 4687 489 4739 resi
547 4682 635 4742 50,
690 4696 812 4749 cap.
848 4678 899 4745 7)
956 4687 1176 4748 propter
1227 4678 1606 4749 negligentiam
1658 4682 1947 4734 doctorum

381 4753 603 4824 ignaris,
647 4750 1060 4824 nouvitahatur
1106 4750 1315 4824 lavatio
1342 4766 1465 4824 cum
1515 4750 1740 4824 alterius
1784 4764 1948 4824 serus

382 4818 712 4877 Hominibus.
745 4818 954 4873 Idcirco
979 4820 1370 4872 constitutione
1402 4821 1522 4879 hac,
1544 4828 1596 4872 et
1626 4820 1717 4872 illa
1747 4820 1947 4888 capitis

380 4893 434 4953 9.
474 4892 826 4960 prohibentur
869 4890 1060 4942 balnea
1114 4890 1424 4960 promiscua
1467 4889 1707 4960 virorum
1738 4897 1790 4941 et
1828 4904 1948 4960 mu-

384 4958 596 5018 lierum.
628 4960 936 5027 Eademque
967 4960 1279 5013 interdictio
1321 4959 1516 5027 legitur
1548 4958 1601 5011 in
1642 4958 1949 5012 canonibus

383 5033 689 5087 Laodiceno
720 5030 810 5089 50,
851 5036 905 5082 et
944 5027 1203 5083 Trullano
1233 5029 1319 5088 77,
1362 5028 1428 5081 ad
1451 5043 1608 5096 quem
1658 5028 1946 5082 Balsamon

384 5103 655 5171 improbat
695 5102 884 5171 etiam
915 5098 1242 5171 lavationem
1262 5098 1470 5171 _baluei
1522 5098 1638 5150 viro
1680 5098 1946 5171 uxorique

383 5165 748 5226 eni'nmunem.
782 5167 887 5222 Sed
946 5177 1001 5221 et
1045 5169 1217 5222 sancti
1261 5165 1451 5222 Patres
1498 5165 1945 5222 consuetudinem

385 5240 759 5311 turpitudinis.
790 5238 1021 5311 periculi
1042 5245 1096 5291 et
1143 5237 1673 5311 scandali‘plenanr
1704 5238 1948 5306 proscri-

423 5306 610 5366 se‘runt
642 5327 655 5362 :
686 5306 935 5362 Clemens
963 5306 1361 5376 Alexandrinus
1391 5306 1673 5376 Pwdagogi
1705 5323 1795 5369 ιιι,
1822 5322 1945 5376 cap.

440 5397 455 5449 ;
490 5380 796 5450 Cyprianus
840 5379 915 5430 De
970 5375 1359 5450 disciplina};
1411 5375 1624 5450 debitum
1650 5375 1943 5450 virginum,

386 5445 551 5503 cum
574 5445 753 5511 finem,
786 5454 838 5501 et
868 5449 921 5498 in
945 5446 1184 5513 antiquis
1213 5445 1542 5500 editionihus
1574 5447 1709 5514 libro
1729 5449 1801 5501 De
1827 5446 1946 5514 lap-

386 5521 482 5582 sis,
515 5527 639 5571 ante
678 5517 861 5581 linem;
891 5515 1309 5585 Chrysostomus
1352 5522 1586 5568 tractatu
1602 5513 1686 5585 gDe
1715 5513 1930 5568 educan-

385 5591 468 5645 dis
516 5588 726 5647 liberis.
763 5601 855 5655 per
904 5584 1078 5637 virum
1116 5586 1541 5655 eruditissimum
1596 5584 1943 5655 Franciscum

386 5653 776 5715 Combclisiuui
819 5655 1034 5724 vulgato
1060 5694 1072 5718 ,
1107 5669 1161 5724 p.
1197 5654 1300 5714 75;
1327 5655 1597 5709 Palladius
1645 5653 1855 5725 dialogo
1872 5658 1948 5711 De

387 5732 493 5785 vita
518 5730 577 5785 S.
607 5726 963 5788 Chrusostomi
988 5740 1107 5794 cap.
1148 5725 1232 5791 l3,
1272 5734 1324 5782 et
1352 5725 1711 5794 Hieronymus
1754 5726 1847 5778 lib.
1904 5742 1940 5779 ιι

889 5938 922 5963 ο

2054 4126 2304 4198 adversus
2349 4127 2702 4198 iloviuﬁianum
2725 4142 2844 4198 cap.
2880 4129 3002 4195 ult.,
3031 4143 3132 4182 nec
3179 4142 3289 4181 non
3337 4125 3495 4182 Nilus
3524 4127 3627 4184 “ba.

2056 4212 2117 4257 ιι,
2143 4197 2304 4266 epist.
2338 4197 2464 4252 2H.
2497 4196 2637 4260 Quid
2670 4196 2814 4265 quod
2846 4199 3080 4253 ethnicis
3128 4199 3315 4251 multis
3368 4213 3459 4251 res
3510 4198 3617 4266 dis~

2051 4264 2369 4336 plicuitiut
2418 4267 2650 4322 Hesiodo
2692 4264 2747 4321 in
2795 4269 2898 4323 line
2925 4269 3045 4322 libri
3087 4283 3124 4321 ιι
3160 4266 3389 4336 Operam
3416 4276 3466 4319 et
3500 4264 3611 4320 Die-

2055 4352 2193 4397 rum,
2214 4335 2372 4403 cujus
2399 4352 2591 4392 versus
2623 4338 2874 4391 laudatur
2894 4335 3214 4393 aClemente
3227 4336 3613 4391 Alexandrino.

2058 4404 2231 4476 Varro
2261 4407 2354 4461 lib.
2390 4423 2512 4466 vm,
2541 4406 2621 4460 De
2637 4405 3040 4476 linguaLatina,
3072 4415 3196 4476 post
3226 4405 3489 4463 medium.
3521 4404 3623 4459 Ubi

2055 4474 2176 4527 bina
2203 4485 2373 4530 essent
2404 4475 2686 4544 conjuncta
2706 4474 2955 4543 redi/ﬁcia,
2985 4474 3200 4530 lavandi
3229 4491 3417 4544 causa;
3456 4492 3612 4544 unum

2052 4545 2139 4596 ubi
2171 4547 2290 4604 viri.
2322 4542 2546 4599 alterum
2575 4544 2666 4595 ubi
2686 4542 2930 4599 mulieres
2955 4547 3280 4599 lavarentur.
3313 4542 3378 4598 Et
3414 4544 3469 4597 in
3503 4543 3629 4596 His-

2057 4615 2190 4666 toria
2220 4614 2455 4683 Augusta
2490 4613 2723 4683 refertur
2748 4616 2892 4683 quod
2922 4615 3193 4670 Adrianus
3250 4615 3469 4683 lavacra
3518 4628 3611 4681 pro

2049 4683 2272 4753 scribus
2294 4682 2648 4753 separaverit,
2672 4682 2993 4753 Antoninus
3011 4684 3372 4753 philosophus
3398 4682 3610 4753 lavacra

2049 4750 2211 4803 mista
2237 4751 2592 4813 submoverit,
2624 4752 2931 4809 Alexander
2970 4750 3205 4808 severus
3232 4750 3424 4806 balnea
3454 4752 3611 4804 mista

2046 4817 2232 4893 lioque
2262 4820 2601 4893 prohibuerit
2622 4822 2885 4893 exhiberi.
2922 4822 3163 4893 Denique
3188 4838 3284 4892 per
3308 4823 3456 4890 leges
3487 4820 3609 4893 civi-

2047 4888 2127 4941 les
2159 4889 2357 4942 licebat
2386 4890 2584 4942 marito
2610 4892 2895 4960 repudium
2938 4888 3152 4947 mittere
3189 4888 3394 4951 iixori',
3452 4891 3499 4946 si
3549 4904 3607 4943 ea

2046 4967 2236 5011 contra
2254 4960 2427 5028 ipsius
2470 4961 2799 5014 voluntatem
2824 4976 2947 5015 cum
2978 4963 3111 5016 viris
3138 4962 3411 5017 extraneis
3470 4963 3615 5013 lava-

2045 5030 2337 5101 ret_._Absit
2366 5028 2547 5101 itaque
2565 5037 2629 5101 ut
2654 5040 2776 5098 post
2794 5031 3082 5101 Evagrium
3119 5033 3213 5087 lib.
3267 5047 3306 5094 ι,
3350 5046 3473 5099 cap.
3520 5029 3608 5089 2|.

2045 5107 2099 5170 et
2127 5096 2490 5168 Nicephorum
2535 5096 2769 5170 libfxw,
2796 5096 3031 5170 capfSO,
3080 5102 3364 5156 laudemus
3417 5096 3609 5153 stultos

2044 5167 2167 5221 illos
2195 5177 2427 5231 ascetas,
2453 5169 2543 5237 qui
2573 5171 2701 5223 dum
2735 5171 2837 5225 sibi
2863 5167 3092 5235 ἀπαθεῖς
3120 5188 3243 5226 esse
3267 5171 3609 5232 videbantur,

2043 5238 2530 5293 solebantbalneas
2554 5240 2726 5304 adire,
2758 5248 2816 5293 ut
2851 5256 2957 5294 una
2995 5256 3119 5296 cum
3156 5240 3482 5295 mulieribus
3531 5239 3608 5291 la-

2042 5316 2321 5362 varentur.
2354 5308 2489 5363 Cor.

2116 5378 2227 5446 (50)
2256 5378 2365 5443 Τὰς
2391 5379 2576 5449 οὕτως
2602 5378 2942 5446 εὐαλώτους
2971 5378 3277 5449 γυναῖκας.
3311 5378 3520 5441 Desunt
3556 5377 3606 5431 in

2043 5456 2274 5517 utroque
2300 5449 2436 5501 libro
2462 5448 2769 5503 Vindobon.
2793 5450 2960 5504 Cum.

2112 5515 2224 5616 Gil)
2242 5518 2359 5616 Ιξαξ
2374 5518 2679 5616 laxat-iraa
2705 5519 2774 5573 ἐν
2786 5520 2995 5616 ρ’κότρι
3022 5516 3454 5616 ἐσπερινέλμς.
3476 5515 3585 5586 Reg

2040 5584 2165 5641 495.
2198 5584 2479 5641 καλοῦντα.
2514 5587 2675 5650 LXX,
2711 5597 2805 5642 aut
2846 5584 3185 5657 scripserunt
3238 5588 3493 5647 ἀλοῦντα,
3528 5584 3607 5641 er-

2042 5667 2267 5728 rantem,
2302 5669 2593 5727 vagantem,
2624 5659 2773 5727 quod
2803 5661 3012 5713 accedit
3045 5660 3111 5713 ad
3160 5659 3604 5728 signiﬁcationes.

2042 5725 2193 5782 verbi
2214 5737 2323 5791 ’ως
2345 5725 2519 5798 gradi,
2550 5725 2702 5795 itare,
2742 5736 2837 5786 aut
2864 5734 3106 5804 legerunt
3136 5725 3272 5807 pyin
3302 5744 3332 5784 a
3354 5739 3471 5795 pm:
3499 5728 3604 5782 cla-
