3816 6412
191 386 273 440 589

1048 370 1650 429 CONSTITUTIONES
1689 361 2368 426 APOSTOLICE.-—-LIB.
2385 367 2452 424 11.

3275 375 3378 430 590

189 507 244 564 ςι,
273 490 390 562 Περὶ
417 490 518 545 τοῦ
532 489 618 559 μὴ
630 490 789 543 εἶναι
802 488 910 542 τὸν
923 486 1264 540 ἐπίσκοπον
1280 483 1700 554 αισχροκερδῆν

1826 481 1899 538 Vl.
1943 481 2243 551 Episcopus
2274 495 2342 534 ne
2384 480 2456 535 sit
2504 481 2648 551 turpi
2676 481 2830 534 lucro
2859 480 3097 549 deditus,
3129 499 3231 540 nec
3259 484 3383 542 ﬁde-

230 588 357 659 μήτε
382 583 443 638 δὲ
467 580 815 652 ἐγγυᾶσθαι,
844 579 882 648 ἢ
913 578 1291 648 συνηγορεῖν.

182 679 226 745 (2
263 682 378 736 Οἷον
404 675 514 746 χρὴ
544 675 696 728 εἶναι
724 672 832 725 τὸν
852 671 1257 741 μεμυημένον.

178 867 231 929 η’.
265 858 384 928 Περὶ
407 853 996 926 συκοφαντούμενον,
1025 852 1155 920 ἢτοι
1185 849 1603 919 ὲλετχομένου.

174 1051 225 1102 θ’.
263 1047 373 1098 Ὅτι
396 1039 846 1109 ἀδωροδόκητον
884 1037 1038 1090 εἷναι
1066 1033 1184 1104 χρὴ
1214 1033 1321 1086 τὸν
1346 1031 1702 1084 ἐπίσκοπον.

173 1233 211 1280 ι’.
258 1227 370 1280 ὀτι
411 1225 441 1277 ό
493 1219 848 1283 ἐπίσκοπος,
899 1215 1148 1283 ἀκρίτως
1200 1209 1549 1280 φειδόμενος
1602 1205 1706 1258 τοῦ

226 1295 628 1387 ἡμαρτηκότος,
659 1309 932 1373 ὑπαίτιος
959 1305 1200 1375 γίνεται.

169 1418 241 1464 ια’.
277 1412 456 1474 Ὅπως
474 1403 595 1474 χρὴ
624 1401 731 1457 τὸν
746 1399 1085 1454 ἐπίσκοπον
1113 1394 1340 1463 κρίνειν
1367 1390 1508 1456 τοὺς
1526 1389 1709 1458 ἀμαρ-

224 1501 506 1564 τὰνοντας.

169 1596 237 1647 ιθ.
291 1587 669 1649 Διδασκαλία,
720 1584 880 1648 ὅπως
934 1580 1049 1650 χρὴ
1093 1575 1541 1646 προσφέρεσθαι
1585 1570 1709 1636 τοῖς

213 1681 569 1754 μετανοοῦσι.

165 1786 236 1846 η’.
273 1779 388 1831 ὀτι
411 1775 661 1845 φεύγειν
689 1769 803 1842 χρὴ
833 1765 952 1821 τῶν
979 1759 1409 1833 ἁμαρτημάτων
1433 1757 1550 1826 τὴν
1580 1754 1706 1808 πεῖ·
1738 1829 1780 1884 Β

163 1887 386 2029 of)?th
409 1957 845 2026 τῶνλεγόντων-
855 1950 941 2020 μὴ
972 1947 1251 2015 δέχεσθαι
1274 1910 1705 2029 μετανοούντα,

213 2055 296 2111 καὶ
336 2027 424 2108 ὅτι
455 2051 712 2114 δίκαιος,
757 2043 872 2098 κᾶν
917 2042 1210 2095 σύνεστιν
1243 2027 1586 2103 ἁμαρτωλῷ,
1635 2029 1708 2080 οὐ

213 2148 653 2202 συναπόλλυται
682 2135 860 2202 αὐτῷ.

159 2248 224 2295 ιε’.
260 2240 376 2293 Ὀτι
415 2238 486 2290 οὐ
540 2231 656 2303 χρὴ
703 2229 810 2283 τὸν
853 2223 1010 2294 ἱερέα
1047 2219 1279 2292 μήποτε
1325 2211 1595 2284 παρορᾷν
1636 2210 1710 2264 τὰ

206 2330 600 2404 ἁμαρτήματα,
627 2323 777 2395 μήτε
805 2319 1122 2388 πρόχειρον
1147 2313 1298 2367 εἶναι
1325 2310 1394 2363 ἐν
1425 2306 1505 2373 τῷ
1535 2322 1707 2374 τιμω-

207 2425 439 2494 ρεῒσθαι.
1075 2432 1077 2434 ·

159 2487 237 2582 ιςῖ.
269 2515 400 2585 Περὶ
423 2509 774 2584 μετανοίας,
805 2502 904 2558 καὶ
934 2502 1024 2566 τίς
1053 2495 1243 2566 αὐτῆς
1272 2498 1304 2549 ὁ
1331 2493 1580 2562 τρόπος,
1610 2487 1710 2542 καὶ

211 2612 351 2676 ὅπως
376 2601 790 2672 κατορθοῦται.

154 2700 217 2763 ιζ’.
255 2674 368 2755 Ὅτι
396 2695 819 2763 ἀνεπίληπτον
864 2687 1014 2740 εἶναι
1057 2679 1175 2751 χρὴ
1219 2678 1325 2731 τὸν
1352 2674 1707 2734 ἐπίσκοπον,

204 2794 277 2860 ὡς
300 2793 487 2847 τύπον
516 2785 644 2841 τῶν
669 2778 1036 2851 ἀρχομένων.
1391 2782 1400 2794 “

152 2891 223 2954 of.
256 2859 380 2940 Ὅτι
409 2881 532 2952 χρὴ
564 2878 673 2932 τὸν
716 2874 1054 2928 ἐπίσκοπον
1082 2862 1433 2936 φροντίζειν,
1477 2859 1652 2954 ὅπως-
1677 2859 1710 2909 ό

204 2978 335 3043 .11};-
361 2948 458 3046 pi‘z—
474 2948 831 3044 πλγυιμελῇ,
862 2964 959 3016 διὰ
987 2961 1050 3014 τὸ
1080 2959 1231 3012 εἶναι
1249 2954 1435 3009 αὑτὸν
1455 2948 1709 3046 σκοπόν.

148 3073 221 3123 ιθ.
401 3040 501 3120 καὶ
539 3067 573 3118 ό
602 3041 824 3129 ποιμὴν
852 3052 1086 3124 ἀμελῶς
1123 3049 1448 3119 φερόμενος
1477 3040 1611 3110 περὶ
1639 3040 1713 3094 τὰ

205 3162 470 3229 πρόϐατα,
503 3157 691 3222 δίκην
717 3153 1018 3208 τίννυσιν,
1049 3143 1149 3196 καὶ
1175 3141 1238 3194 τὸ
1289 3139 1586 3207 πρόϐατον
1623 3131 1709 3202 μὴ

199 3250 560 3321 πειθαρχοῖψ
588 3245 669 3311 τῷ
699 3241 954 3312 ποιμένι,
986 3232 1312 3296 κολάζεται.

146 3354 201 3400 κ’.
239 3318 428 3411 Ὅπῶς
467 3340 593 3412 χρὴ
637 3338 776 3402 τοὺς
805 3330 1175 3403 ἀρχομένους
1207 3321 1548 3391 πειθαρχεῖν
1589 3318 1712 3383 τοῖς

196 3438 479 3506 ἄρχουσιν
509 3430 888 3492 ἐπισκόποις.
1099 3444 1104 3448 ’

143 3535 230 3582 2d.
266 3505 392 3582 7'70ﬂ
426 3523 721 3586 κίνδυνος
745 3513 1044 3588 μονομερῆ
1087 3512 1286 3582 κρίσιν
1326 3505 1710 3571 ποιήσασθαι,

197 3620 284 3674 καὶ
325 3618 617 3689 τιμωρίαν
665 3612 863 3680 ὁρίσαι
903 3606 1052 3661 κατὰ
1094 3603 1200 3657 τοῦ
1252 3598 1499 3670 μηδέπω
1542 3595 1712 3662 ἐλεγ-

195 3711 452 3780 χθέντος.

267 3805 392 3856 Ὀτι
429 3800 595 3871 μέγα
639 3793 1009 3863 παράδειγμα
1047 3784 1366 3857 μετανοίας
1411 3779 1713 3871 πρόκειται

197 3894 384 3958 dum,
426 3870 532 3947 καὶ
559 3885 884 3956 Nlo-evitat,
930 3881 1188 3950 Ἐζεκίας
1215 3893 1281 3930 τε
1313 3873 1411 3928 καὶ
1440 3875 1472 3925 ὁ
1501 3870 1713 3923 τούτοιν

195 3987 314 4052 υίὸς
340 3980 715 4047 Μανασσῆς.
1065 4063 1076 4070 .
1286 4062 1298 4070 -
1480 4053 1490 4070 ν

138 4084 231 4146 ιγ’.
265 4077 421 4146 Πρὸς
447 4075 605 4139 τοὺς
641 4072 710 4124 ἐκ
739 4063 1238 4136 καταφρονήσεως
1266 4062 1715 4129 ἁμαρτάνοντας

197 4170 345 4223 ἔστω
378 4166 761 4236 παράδειπια
802 4158 1008 4229 ’Ᾱμώικ

139 4259 228 4314 κδ’.
247 4261 369 4313 Ὅτι
382 4247 654 4328 Χριστὸς
682 4251 918 4321 Ἰησοῦς
929 4249 1138 4317 Κύριος
1163 4241 1516 4314 παρεγένετο
1531 4237 1716 4305 ἀμαρ-

193 4351 416 4417 τωλοὺς
445 4347 654 4404 σῶσαι
679 4344 780 4399 διὰ
798 4341 1137 4413 μετανοίας.

135 4449 220 4496 κε’.
256 4442 394 4511 Περὶ
424 4437 728 4508 ἀπαρχῶν
746 4434 843 4489 καὶ
870 4430 1154 4506 δεκατῶν,
1185 4427 1281 4482 καὶ
1301 4427 1460 4490 ὅπως
1489 4418 1717 4511 ὀφείλει

194 4540 224 4591 ὀ
271 4510 643 4598 ἐπίσκοπος,
691 4529 730 4597 ἢ
772 4525 952 4592 αὐτὸς
977 4517 1457 4594 μεταλαμϐάνειν
1497 4513 1564 4578 ἐξ
1608 4510 1715 4563 αὑ-

192 4628 322 4692 τῶν,
355 4628 393 4697 ἢ
425 4626 665 4694 ἑτέροις
695 4619 1015 4690 διανέμειν.

133 4726 229 4783 κςα
267 4722 370 4786 Εἰς
399 4719 578 4782 τίνος
606 4715 798 4768 τύπον
839 4710 936 4765 καὶ
976 4708 1156 4773 ἀξίαν
1195 4706 1448 4770 ἕκαστος
1490 4701 1608 4755 τῶν
1647 4700 1716 4753 ἑν

192 4811 264 4876 τῷ
290 4811 503 4883 κλήρῳ
536 4807 812 4861 τέτακται
840 4802 1000 4870 παρὰ
1029 4798 1170 4866 Θεῷ.

131 4899 214 4961 κξ.
255 4904 381 4956 Ὅτι
407 4898 735 4971 φρικῶδες,
755 4895 1065 4963 ἄνθρωπον
1091 4890 1322 4946 σαυτὸν
1349 4887 1715 4956 ὲπιρρίπτειν

190 4993 480 5063 ἀξιώματί
528 5008 652 5045 τινι
699 4985 998 5056 ίερατικῷσ
1047 4985 1128 5050 ὠς
1186 4985 1241 5036 οί
1290 4981 1576 5049 Κορεῖται,
1635 4977 1715 5043 ὡς

189 5086 407 5150 Σαοὺλ,
436 5085 526 5150 ὡς
573 5077 778 5145 Ὀζῖας.

130 5183 225 5244 ιη’.
263 5177 410 5246 Περὶ
447 5172 671 5242 δοχῆς,
719 5169 820 5225 καὶ
861 5168 1020 5234 ὅπως
1065 5166 1181 5236 χρὴ
1222 5165 1482 5218 ἕκαστον
1525 5165 1716 5231 τάγμα

187 5269 286 5322 τοῦ
335 5266 587 5335 κλήρου
631 5261 749 5318 ὑπὸ
791 5259 909 5315 τῶν
951 5255 1496 5327 προσκαλουμένων
1547 5251 1713 5322 τιμᾶ.-

183 5361 341 5413 σθαι.

124 5452 218 5504 κθ.
254 5453 351 5518 Τίς
383 5451 426 5519 ἡ
463 5448 618 5514 ἀξία
642 5449 748 5502 τοῦ
775 5447 1130 5509 ἐπισκόπου,
1155 5444 1251 5499 καὶ
1278 5441 1383 5496 τοῦ
1409 5443 1710 5496 διακόνου.

123 5542 189 5594 λ’.
232 5542 437 5610 Ὅπως
467 5540 596 5611 χρὴ
627 5541 768 5608 τοὺς
794 5539 1041 5605 λατκοὺς
1069 5534 1411 5605 πειθαρχεῖν
1436 5533 1562 5600 τοῖς
1587 5533 1714 5588 δια-

186 5633 409 5701 κόνοις,
755 5652 759 5656 .
832 5653 838 5658 .

125 5724 226 5778 λα’.
269 5724 402 5790 Ὅτι
427 5723 526 5794 μὴ
563 5723 680 5792 χρὴ
710 5725 814 5779 τὸν
855 5723 1133 5781 διάκονον
1161 5724 1306 5779 ἄνευ
1336 5721 1440 5776 τοῦ
1475 5720 1716 5778 ἐπισκό-

185 5831 303 5871 που
331 5835 391 5874 τι
419 5816 731 5888 πράττειν.

1741 4575 1786 4629 ι)

1873 575 2080 642 jussor,
2118 588 2218 626 nec
2249 572 2569 627 advocatus.

1813 665 1919 722 VII.
1954 665 2180 732 Qualem
2223 672 2438 734 oportet
2483 680 2606 720 esse
2653 680 2778 720 eum
2807 666 2898 736 qui
2928 682 3022 736 per
3050 666 3383 739 baptismum

1876 770 1959 812 est
1982 759 2246 812 initiatus.

1811 850 1943 906 VIII.
1978 850 2053 905 De
2082 866 2148 906 eo
2171 850 2264 922 qui
2312 851 2368 905 in
2405 851 2756 918 calumniam,
2789 853 2872 907 vel
2907 853 3383 922 reprehensionem

1881 943 2134 999 incurrit.

1810 1035 1901 1089 IX.
1944 1034 2274 1106 Episcopum
2320 1050 2431 1090 non
2479 1036 2680 1089 debere
2728 1049 2854 1092 esse
2907 1037 3226 1091 muneribus
3261 1051 3384 1106 per-

1881 1128 2052 1182 vium.

1810 1218 1878 1275 X.
1910 1219 2067 1286 Quod
2120 1219 2431 1289 episcopus,
2463 1220 2559 1290 qui
2614 1208 2830 1276 temere
2869 1222 3043 1292 parcit
3086 1221 3380 1292 peccatori,

1881 1313 2040 1382 culpa
2069 1327 2177 1365 non
2205 1320 2411 1367 careat.

1810 1404 1900 1458 XI.
1943 1403 2062 1470 Quo
2117 1404 2281 1458 modo
2329 1411 2584 1473 oporteat
2641 1413 2956 1474 peccatores
3015 1403 3082 1459 ab
3120 1404 3386 1475 episcopo

1877 1494 2141 1564 iudicari.
2757 1503 2766 1514 '

1810 1587 1924 1643 XII.
1961 1587 2218 1643 Doctrina
2268 1587 2336 1643 de
2378 1591 2540 1645 modo
2580 1606 2690 1661 quo
2744 1591 3073 1661 pteniteutes
3112 1572 3402 1644 tractandi.

1882 1688 2029 1735 sunt.
2681 1745 2694 1754 .

1813 1773 1952 1830 XIII.
1995 1775 2330 1847 Fugiendam
2356 1789 2484 1831 esse
2511 1775 2835 1830 delictorum
2865 1774 3271 1845 experientiam.

1810 1953 1947 2011 XIV.
1992 1954 2066 2010 De
2097 1956 2164 2012 iis
2189 1954 2288 2024 qui
2333 1953 2603 2008 aliirmant
2649 1967 2758 2006 non
2809 1951 3008 2006 debere
3060 1949 3228 2020 recipi
3263 1961 3384 2019 pm-

1878 2049 2172 2116 ni-tentem;
2217 2054 2270 2102 et
2313 2047 2379 2101 de
2403 2047 2576 2116 justo,
2600 2046 2746 2116 quod
2781 2045 2910 2098 licet
2939 2059 3062 2099 cum
3099 2050 3386 2114 peccatore

1878 2147 2151 2205 versetur,
2185 2155 2293 2194 non
2325 2146 2507 2193 tamen
2537 2152 2660 2192 cum
2693 2152 2759 2192 eo
2789 2142 2996 2206 pereat.

1809 2231 1923 2288 XV.
1966 2233 2120 2298 Quod
2171 2233 2430 2287 sacerdos
2466 2247 2565 2285 nec
2603 2240 2824 2302 peccata
2857 2230 3132 2301 negligere
3169 2227 3383 2288 debeat.

1878 2338 1980 2379 nec
2015 2331 2306 2394 promptus
2333 2339 2457 2378 esse
2489 2323 2556 2378 ad
2584 2323 2905 2377 vindictam.

1811 2498 1951 2557 XVI.
1991 2500 2068 2556 De
2111 2502 2454 2572 pmnitentia,
2487 2509 2541 2556 et
2586 2501 2710 2570 quis
2753 2501 2902 2555 illius
2929 2499 3146 2564 modus,
3177 2507 3232 2552 et
3279 2513 3390 2567 quo

1881 2601 2042 2663 pacto
2069 2601 2382 2663 peragatur.

1809 2683 1974 2740 XVII.
2018 2685 2344 2756 Episcopum
2397 2684 2596 2739 debere
2647 2699 2767 2739 esse
2813 2681 3384 2754 irreprehensrbilem.

1881 2785 2067 2848 utpote
2095 2777 2325 2830 formam
2358 2775 2747 2844 subiectorum.
2817 2816 2819 2818 -

1814 2869 2000 2925 XVIII.
2037 2870 2194 2936 Quod
2247 2877 2462 2940 oportet
2504 2871 2821 2940 episcopum
2857 2883 3074 2934 curare,
3105 2883 3176 2922 ne
3203 2876 3390 2937 peccet

1885 2965 2058 3035 plebs,
2093 2963 2221 3034 quia
2251 2964 2368 3033 ipse
2400 2971 2482 3018 est
2509 2963 2841 3032 speculator.

1815 3054 1953 3112 XIX.
1999 3054 2154 3122 Quod
2189 3062 2378 3125 pastor
2413 3071 2596 3110 ovmm
2631 3056 2934 3126 negligens,
2959 3069 3151 3126 pinnas
3173 3055 3388 3122 solvat;

1890 3155 1945 3203 et
1968 3149 2108 3214 ovis,
2135 3163 2246 3203 non
2276 3148 2536 3202 obcdiens
2566 3147 2795 3218 pastori,
2825 3148 3104 3219 puniatur.

1818 3327 1930 3382 XX.
1967 3326 2086 3393 Quo
2131 3327 2294 3382 modo
2350 3327 2582 3397 subjecti
2637 3327 2945 3398 praepositis
2983 3327 3089 3383 sibi
3118 3327 3392 3398 episcopis

1881 3421 2103 3476 obedire
2135 3420 2393 3494 debeant.
2952 3493 2954 3495 ν

1813 3514 1954 3569 XXI.
1993 3514 2147 3581 Quod
2205 3515 2507 3584 periculum
2566 3514 2659 3577 sit,
2709 3527 2816 3566 una
2849 3519 3060 3566 tantum
3097 3517 3251 3581 parte
3288 3525 3391 3563 au-

1884 3607 2018 3669 dita,
2050 3607 2318 3676 judicare.
2348 3613 2401 3660 et
2425 3620 2667 3675 .pmnam
2711 3605 3006 3661 decernere
3049 3613 3241 3660 contra
3265 3619 3392 3660 eum

1885 3699 1980 3769 qui
2011 3699 2250 3754 nondum
2281 3698 2567 3753 convictus
2589 3706 2692 3752 est.

1815 3791 1979 3846 XXII.
2021 3791 2176 3858 Quod
2241 3807 2499 3862 magnum
2574 3790 2908 3860 poenitentiae
2961 3791 3266 3859 exemplum
3334 3789 3390 3844 in

1889 3885 2088 3940 Davide
2110 3892 2479 3955 preponatur;
2510 3883 2638 3938 item
2663 3882 2718 3936 in
2740 3881 3016 3946 Ninivitis,
3049 3883 3104 3935 in
3135 3879 3389 3946 Ezechia,

1887 3985 1942 4032 et
1973 3977 2029 4030 in
2058 3977 2169 4030 tilio
2197 3977 2344 4030 illius
2383 3976 2651 4030 Manasse.

1815 4066 2008 4123 XXIII.
2054 4066 2114 4122 ln
2143 4083 2258 4132 eos,
2304 4067 2398 4138 qui
2442 4081 2510 4121 ex
2567 4071 2885 4136 contemptu
2933 4073 3179 4136 peccant,
3208 4079 3392 4119 exem-

1883 4162 2032 4234 plum
2068 4161 2139 4217 sit
2165 4162 2362 4216 Amon.

1818 4252 2008 4308 XXIV.
2052 4252 2204 4320 Quod
2230 4252 2485 4308 Christus
2514 4252 2674 4309 Jesus
2704 4251 2967 4307 Dominus
2998 4251 3121 4307 ideo
3151 4251 3390 4313 advenit.

1887 4355 1948 4401 ut
1979 4362 2076 4417 per
2103 4346 2482 4417 paenitentiam
2516 4351 2759 4401 servaret
2786 4351 3122 4415 peccatores.

1817 4435 1985 4492 XXV.
2024 4437 2098 4493 De
2128 4439 2384 4522 primitiis
2417 4447 2470 4493 et
2499 4437 2759 4504 decimis;
2784 4446 2838 4493 et
2870 4454 2980 4509 quo
3009 4438 3170 4493 modo
3200 4438 3395 4494 debeat

1886 4530 2201 4600 episcopus,
2233 4545 2300 4585 ex
2353 4531 2434 4586 eis
2492 4531 2577 4586 vel
2636 4531 2751 4601 ipse
2805 4533 3074 4602 accipere,
3125 4530 3211 4584 vel
3272 4529 3395 4582 aliis

1887 4621 2239 4677 distribuere.

1817 4713 2004 4769 XXVI.
2047 4713 2128 4767 Ad
2182 4714 2340 4784 cujus
2389 4714 2616 4770 formam
2647 4725 2700 4770 et
2731 4717 3046 4786 dignitatem
3095 4714 3392 4784 unusquiso

1886 4823 1992 4877 que
2021 4807 2089 4862 de
2117 4807 2289 4875 clero,
2322 4823 2349 4861 a
2382 4807 2494 4862 Deo
2524 4809 2591 4862 sit
2626 4808 2930 4862 ordinatus.

1816 4895 2027 4955 XXVII.
2054 4900 2210 4966 Quod
2241 4901 2512 4955 horrenda
2551 4917 2641 4955 res
2672 4901 2762 4965 sit,
2797 4900 3067 4954 hominem
3103 4898 3393 4954 immittere

1887 5009 1946 5048 se
1978 4992 2033 5047 in
2065 4994 2302 5063 aliquam
2350 4993 2668 5061 dignitatem
2721 4990 3149 5057 sacerdotalem;
3199 4999 3258 5044 ut
3285 4990 3392 5046 Co-

1886 5086 2026 5139 ritre.
2058 5092 2117 5138 ut
2150 5084 2302 5147 Saul,
2345 5092 2402 5138 ut
2434 5083 2615 5139 Ozias.

1816 5171 2051 5231 XXVIII.
2093 5176 2185 5232 De
2212 5177 2495 5240 convivio;
2521 5184 2576 5230 et
2605 5190 2712 5244 qua
2744 5176 2963 5230 ratione
3001 5174 3230 5245 quilibet
3261 5178 3394 5232 cIei-i

1886 5269 2022 5324 ordo
2052 5283 2081 5321 a
2110 5269 2462 5323 vocaloribus
2494 5268 2845 5322 honorandus
2877 5269 2968 5323 sit.

1816 5449 2008 5504 XXIX.
2049 5449 2181 5516 Quae
2211 5450 2284 5504 sit
2311 5450 2548 5520 dignitas
2572 5449 2835 5520 episcopi,
2863 5455 2916 5504 et
2937 5448 3174 5504 diaconi.

1821 5541 1987 5596 XXX.
2031 5543 2150 5608 Quo
2179 5542 2340 5598 modo
2361 5551 2577 5612 Oportet
2607 5543 2778 5597 laicos
2801 5542 3023 5597 obedire
3051 5540 3319 5597 diaconis.

1824 5722 2019 5778 XXXI.
2058 5722 2216 5790 Quod
2247 5738 2357 5780 non
2385 5731 2633 5794 oporteat
2661 5723 2954 5780 diaconum
2988 5724 3107 5779 sine
3133 5721 3396 5795 episcopo

1888 5815 2185 5892 quidquam
2219 5817 2415 5874 facere.
