3816 6384
389 336 487 392 sai
1206 333 1264 390 s.
1311 330 1707 389 CLEMENTIS
1741 331 1763 387 ι
1802 330 1970 388 nou.
2012 294 2220 390 mur.
2259 330 2490 389 orsus
2526 329 2755 387 auara.
3540 328 3656 387 592

388 445 607 505 XXXII.
642 445 799 515 Quod
818 463 942 503 non
971 453 1221 519 oporteat
1243 445 1509 503 diaconus
1546 453 1744 516 praeter
1772 445 1895 500 volu

2149 452 2179 502 ’.
2222 447 2349 501 Ὅτι
2373 446 2460 517 μὴ
2490 445 2606 515 χρὴ
2634 446 2741 501 τὸν
2768 442 3051 500 διάκονον
3076 443 3237 513 παρὰ
3262 442 3504 514 γνώμην
3539 445 3656 500 τοῦ

462 547 627 594 tatem
663 540 907 611 episc0pi
964 539 1054 595 det
1083 540 1363 610 cuipiam;
1401 538 1458 593 id
1493 538 1641 594 enim
1667 536 1725 593 in
1754 537 1965 593 calum-

2149 540 2471 594 ἐπισκόπου
2516 538 2744 593 διδόναι
2786 537 2924 603 τινὶ,
2969 538 3069 592 ἐπὶ
3112 535 3364 605 διαϐολῇ
3402 539 3515 607 γὰρ
3540 538 3656 593 τοῦ

456 633 604 685 niam
634 632 877 703 episc0pi
913 647 1221 689 cessurum.

2133 632 2469 686 ἐπισκόπου
2497 632 2674 686 τοῦτο
2700 632 2928 701 πράξει.

384 721 621 781 XXXIII.
656 722 784 789 ‘Quo
837 725 1001 779 modo
1073 732 1320 795 oporteat
1380 725 1720 793 sacerdotes,
1776 734 1891 797 utpr

2148 736 2175 779 '.
2220 728 2417 790 Ὅπως
2443 723 2559 793 χρὴ
2579 723 2858 794 τιμᾶσθαι
2885 723 3024 789 τοὺς
3044 723 3238 791 ἱερεῖς,
3268 722 3367 777 καὶ
3386 724 3655 791 σεπτοὺς

445 824 638 886 patres
686 814 1023 886 spirituales,
1066 817 1339 874 honorare
1379 833 1448 874 ac
1474 821 1828 876 veneratione
1875 820 1952 874 di-

1875 820 1965 874 di-
2134 816 2425 886 ἡγεῖσθαι,
2454 816 2890 887 πνευματικοὺς
2920 816 3099 883 ὄντας
3123 815 3337 887 γονεῖς.

491 924 591 963 nos
627 909 849 965 habere.

452 925 591 979 gnos
627 925 849 965 nabere.

382 998 630 1056 XXXIV.
672 1000 828 1068 Quod
861 1001 1202 1073 principibus
1222 1017 1287 1060 ac
1308 1002 1531 1077 regibus
1554 1003 1889 1077 praestantior

2147 1002 2175 1051 ’.
2218 995 2347 1051 Ὅτι
2374 995 2493 1050 τῶν
2519 996 2827 1065 ἀρχόντων
2853 994 2954 1051 καὶ
2974 994 3287 1061 ,βασιλέων
3310 995 3435 1051 εισι
3458 998 3654 1067 κρείτ-

457 1092 567 1148 sint
602 1092 937 1149 sacerdotes.

2135 1105 2279 1155 τους
2310 1090 2364 1143 οὶ
2396 1089 2590 1157 ἱερεῖς.

379 1184 601 1241 XXXV.
713 1185 870 1254 Quod
942 1185 1185 1243 Iudaicae
1252 1188 1421 1260 leges,
1483 1195 1540 1244 et
1586 1187 1883 1260 Evangeliu

2146 1187 2170 1235 ’.
2213 1181 2340 1236 Ὅτι
2369 1182 2875 1250 παρακελεύονται
2918 1183 2973 1236 οί
3014 1182 3186 1253 νόμοι
3226 1182 3653 1253 καρποφορεῖν

455 1280 777 1351 praecipiant
819 1297 1106 1336 munerum
1160 1281 1513 1339 oblationem.

2136 1275 2419 1342 ὡσαύτως
2446 1275 2544 1329 καὶ
2572 1276 2636 1329 τὸ
2650 1276 3033 1346 Εὐαγγέλιον.

383 1371 626 1429 XXXVI.
661 1373 1124 1430 Commemoratio
1183 1375 1373 1431 decem
1414 1374 1511 1433 Dei
1558 1374 1890 1431 mandatoru:

2152 1373 2184 1421 '.
2236 1366 2604 1435 ’Υπόμνησις
2631 1366 2752 1421 τῶν
2777 1366 2923 1421 δέκα
2947 1367 3053 1423 τοῦ
3085 1368 3233 1424 Θεοῦ
3262 1369 3505 1440 λογίαν,
3552 1371 3659 1426 καὶ

453 1474 511 1522 et
540 1480 651 1537 quo
674 1466 836 1523 modo
862 1483 926 1523 ea
949 1467 1045 1522 hic
1065 1468 1398 1524 edisserunt.

2136 1460 2296 1527 ὅπως
2331 1459 2485 1514 αὐτὰ
2509 1460 2767 1515 ἐνταῦθα
2793 1460 3226 1531 διαγορεύουσι.

382 1556 645 1615 XXXVII.
686 1558 765 1616 De
832 1560 1252 1617 accusatoribus
1334 1568 1392 1616 et
1461 1558 1838 1626 delatoribus;

2157 1593 2170 1606 .
2214 1551 2357 1620 Περὶ
2384 1553 2726 1621 κατηγόρων
2751 1553 2852 1608 καὶ
2876 1553 3277 1622 συκοφαντῶν
3297 1571 3312 1586 ο
3353 1554 3452 1609 καί
3492 1555 3661 1621 ὅπως

450 1651 598 1723 quod
639 1652 811 1723 judex
867 1668 979 1708 non
1030 1652 1228 1709 debeat
1277 1652 1387 1709 illis
1421 1651 1585 1707 facile
1606 1651 1854 1715 credere,
1879 1650 1957 1707 vel

2153 1642 2252 1712 ἱρὴ
2275 1643 2362 1713 μὴ
2408 1646 2736 1714 προχείρως
2777 1647 3087 1701 πιστεύειν
3127 1646 3165 1716 ἣ
3199 1648 3478 1702 ἀπιστεῖν
3519 1650 3660 1703 τού-

453 1759 563 1811 non
604 1743 850 1809 credere.
882 1744 978 1801 sed
1011 1745 1260 1801 adhibita
1302 1745 1548 1817 diligenti
1580 1744 1960 1816 inquisitione.

2157 1754 2262 1803 ro“;
2309 1737 2417 1791 τὸν
2458 1737 2688 1807 κριτὴν,
2732 1739 2895 1795 ἀλλὰ
2932 1739 3086 1810 μετὰ
3124 1739 3407 1808 ἀκριϐοῦς
3451 1739 3664 1806 ἐξετά-

2157 1846 2314 1874 τεωρ,

2140 1846 2316 1896 σεως.

381 1921 670 1980 XXXVIII.
717 1923 877 1990 Quod
939 1930 1190 1994 oporteat
1251 1923 1636 1995 delinquentes
1704 1924 1884 1996 privat

2155 1930 2177 1976 '.
2221 1922 2350 1977 ’Ὅτι
2394 1923 2510 1993 χρὴ
2541 1923 2682 1992 τοὺς
2708 1924 3160 1995 ἁμαρτάνοντας
3190 1923 3527 1993 ἰδιαζόντως
3554 1926 3662 1991 ἐξ-

453 2032 704 2087 arguere,
746 2027 799 2073 et
831 2018 1160 2087 posuitentes
1190 2018 1459 2088 recipere,
1499 2016 1801 2074 secundum
1829 2033 1960 2073 con-

2154 2017 2423 2085 ιλέγχειν,
2446 2017 2544 2071 καὶ
2572 2018 2715 2086 τοὺς
2727 2018 3172 2089 μετανοοῦντας
3190 2018 3661 2089 προσδέχεσθαι,

454 2108 796 2163 stitutionem
829 2107 1067 2163 Domini.

2134 2109 2284 2161 κατὰ
2310 2108 2424 2177 τὴν
2450 2110 2558 2164 τοῦ
2583 2112 2806 2179 Κυρίου
2837 2109 3123 2176 διάταξιν.

381 2198 630 2258 XXXIX.
671 2199 933 2270 Exempla
961 2200 1319 2269 pcenitentize.

2063 2201 2173 2253 λθ’.
2214 2200 2665 2271 Παραδείγματα
2691 2202 2826 2270 περὶ
2847 2203 3188 2272 μετανοίας.

381 2290 494 2346 XL.
536 2292 693 2359 Quod
732 2308 840 2346 non
871 2298 1123 2362 oporteat
1157 2292 1431 2348 hostiliter
1460 2290 1601 2349 aIIici
1633 2307 1763 2365 erga
1812 2293 1888 2348 IIII

2184 2292 2311 2347 Ὅτι
2342 2296 2414 2348 οὐ
2458 2294 2573 2364 χρὴ
2616 2295 2923 2365 ἐχθρωδῶς
2964 2296 3319 2361 διακεῖσθαι,
3368 2295 3506 2365 περὶ
3552 2296 3666 2351 τὸν

451 2385 544 2453 qui
576 2383 747 2439 semel
772 2384 855 2438 vel
880 2384 1077 2439 iterum
1116 2385 1384 2454 peccavit.

2136 2384 2299 2450 ἅπαξ
2328 2386 2365 2452 ἢ
2397 2386 2679 2456 δεύτερον
2700 2387 3136 2458 ἁμαρτάνοντα.

382 2473 522 2534 XLI.
559 2473 843 2541 Quomodo
884 2483 1135 2545 oporteat
1190 2476 1438 2546 recipere
1483 2476 1865 2547 pmnitentem,

2159 2491 2178 2532 ‘.
2214 2480 2410 2546 Ὅπως
2439 2479 2535 2534 δεῖ
2558 2480 2912 2548 προσίεσθαι
2956 2479 3065 2533 τὸν
3094 2480 3527 2549 μετανοοῦντα,
3563 2479 3666 2535 καὶ

451 2565 725 2637 quomodo
771 2581 932 2637 agere
982 2581 1109 2622 cum
1159 2569 1565 2638 peccatoribus,
1634 2579 1689 2627 et
1744 2573 1958 2643 quando

2161 2571 2302 2638 Ξπως
2333 2571 2703 2642 διατίνεσθαι
2734 2572 2885 2640 πρὸς
2903 2570 3375 2645 ἁμαρτάνοντας,
3396 2572 3497 2627 καὶ
3514 2573 3668 2627 πότε

452 2660 522 2715 ab
559 2658 808 2715 Ecclesia
835 2646 1181 2718 abscindere.

2137 2663 2453 2745 ἐλικόπτειν
2478 2663 2589 2731 τῆς
2616 2664 2964 2732 ἐκκλησίας.

382 2750 555 2806 XLII.
594 2750 843 2807 Judicem
889 2767 1002 2807 non
1047 2751 1248 2810 debere
1269 2768 1394 2811 esse
1422 2761 1823 2827 acceptatorem
1846 2771 1889 2828 ιιι

2155 2761 2179 2810 ’.
2225 2756 2350 2809 Ὅτι
2378 2747 2495 2825 χρὴ
2525 2756 3087 2825 ἀπροσωπόληπτον
3112 2757 3266 2811 εἶναι
3291 2756 3401 2811 τὸν
3426 2755 3662 2825 κριτήν.

455 2859 740 2901 sonarum.

383 2934 566 2991 XLIII.
618 2933 905 3001 Quomodo
935 2943 1183 3006 oporteat
1204 2937 1401 3007 punire
1423 2937 1870 3000 calumniatores.

2085 2940 2182 3004 [ιγ’.
2226 2935 2423 3002 Ὅπως
2453 2934 2569 3004 χρὴ
2601 2935 2744 3001 τοὺς
2771 2935 3163 3005 συκοφάντας
3192 2935 3592 3005 τιμωρεῖσθαι.

381 3026 570 3084 XLIV.
611 3026 768 3093 Quod
817 3026 1014 3083 debeat
1043 3027 1309 3085 diaconus
1362 3029 1647 3087 sublevare
1671 3046 1813 3088 onus
1847 3047 1888 3103 e1

2170 3069 2183 3081 .
2226 3028 2353 3081 Ὅτι
2380 3027 2496 3097 χρὴ
2526 3030 2635 3083 τὸν
2658 3028 2942 3085 διάκονον
2956 3027 3360 3098 ἐπικουφίζειν
3376 3028 3444 3081 τὸ
3472 3026 3672 3096 ,ϐάρος

455 3121 632 3191 sc0pi.
664 3127 719 3177 et
748 3120 953 3177 leviora
984 3137 1216 3193 quasque
1233 3122 1489 3195 dirigere.

2142 3118 2262 3173 τῶν
2286 3121 2653 3185 ἐπισκόπων,
2684 3123 2781 3176 καὶ
2806 3123 3144 3178 διευθύνειν
3168 3125 3242 3177 τὰ
3268 3124 3626 3192 κουφότερα.

384 3211 545 3269 XLV.
588 3213 745 3280 Quod
797 3230 907 3268 non
964 3215 1295 3271 conveniant
1354 3216 1686 3275 Christianis
1743 3225 1891 3274 contr

2165 3213 2322 3267 ,Ὅτι
2343 3212 2430 3283 μὴ
2458 3214 2773 3285 προσῆκον
2799 3215 3176 3285 Χριστιανοῖς
3200 3214 3537 3285 ἀντιλογίαι
3566 3214 3672 3267 καὶ

430 3330 431 3333 η
454 3307 667 3362 versiae
689 3314 743 3362 et
770 3306 1177 3363 altercationes.

1112 3323 1177 3363 es.
2138 3303 2619 3377 διαπληκτισμοί.

385 3394 567 3452 XLVI.
611 3397 767 3464 Quod
826 3413 938 3453 non
995 3408 1244 3469 Oporteat
1291 3399 1479 3457 ﬁdeles
1527 3401 1671 3472 apud
1721 3400 1892 3457 inllde‘

2165 3403 2187 3452 ’.
2233 3400 2359 3452 Ὅτι
2386 3400 2458 3453 οὐ
2486 3399 2603 3469 χρὴ
2630 3400 2774 3467 τοὺς
2803 3402 3060 3467 πιστοὺς
3094 3399 3194 3453 ἐπὶ
3221 3399 3342 3453 τῶν
3386 3398 3672 3453 ἀπίστων

456 3490 710 3560 litigare;
743 3505 923 3561 neque
948 3504 1016 3546 ex
1044 3490 1129 3546 his
1158 3491 1476 3562 quempiam
1504 3507 1706 3548 vocare
1733 3492 1791 3547 in
1812 3495 1963 3549 testi-

2164 3487 2494 3555 ῖικάζεσθαι,
2524 3491 2661 3546 οὔτε
2685 3491 2813 3561 μὴν
2840 3492 2910 3557 ἐξ
2937 3491 3136 3547 αὐτῶν
3160 3509 3295 3547 τινα
3323 3490 3541 3545 καλεῖν
3577 3491 3671 3555 είς

455 3585 701 3637 monlum
735 3570 1003 3639 adversus
1029 3582 1400 3640 Christianos.

2135 3584 2469 3653 μαρτυρίαν
2495 3584 2615 3638 τῶν
2640 3584 3028 3653 Χριστιανῶν.

387 3668 597 3727 XLVII.
640 3672 799 3739 Quod
858 3680 1108 3745 oporteat
1157 3674 1214 3729 in
1267 3674 1509 3731 secunda
1579 3674 1894 3732 Sabbatorw

2164 3716 2177 3728 .
2221 3675 2348 3729 Ὅτι
2375 3674 2493 3744 χρὴ
2521 3676 2591 3730 ἐν
2619 3675 2865 3745 δευτέρᾳ
2896 3675 3206 3731 σαϐϐάτων
3232 3675 3532 3730 ποιεῖσθαι
3559 3675 3671 3740 τὰς

457 3768 641 3819 torum
673 3781 856 3836 agere.

2141 3766 2331 3834 δίκας.
2466 3764 2468 3767 ’

389 3855 621 3913 XLVIII.
665 3856 825 3925 Quod
875 3872 986 3913 non
1038 3865 1290 3929 oporteat
1341 3859 1591 3915 eamdem
1636 3874 1862 3932 ptenam

2163 3865 2184 3914 ’.
2229 3859 2356 3914 Ὅτι
2378 3859 2466 3930 μὴ
2514 3860 2632 3930 χρὴ
2674 3862 2901 3929 ταύτην
2943 3859 3191 3929 ἐπάγειν
3234 3860 3523 3928 τιμωρίαν
3563 3856 3670 3910 ἐπὶ

456 3949 621 4007 οιιιιιίΔ
648 3949 851 4005 delicto
890 3950 1158 4023 irrogare,
1192 3950 1289 4005 sed
1318 3952 1547 4021 variam,
1581 3967 1681 4022 pro
1708 3954 1963 4011 varietate

2162 3948 2346 4019 τάσης
2381 3953 2812 4022 πλημμελείας,
2842 3952 3005 4007 ἀλλὰ
3044 3949 3351 4022 διάφορον,
3400 3952 3555 4020 πρὸς
3598 3952 3669 4005 τὸ

459 4042 853 4112 delinquentis.

2140 4041 2431 4112 διάφορον
2456 4045 2563 4099 τοῦ
2592 4044 3056 4115 ἁμαρτάνοντος.

395 4134 580 4192 XLIX.
606 4134 807 4202 Quales
852 4149 976 4192 esse
1010 4134 1167 4191 decet
1196 4142 1568 4197 accusatores.
1593 4143 1648 4191 et
1676 4142 1869 4192 testes.

2165 4177 2180 4192 .
2234 4136 2509 4204 Ὀποίους
2562 4138 2714 4193 εἶναι
2769 4137 2886 4208 χρὴ
2933 4138 3077 4205 τοὺς
3120 4140 3513 4210 κατηγόρους,
3564 4136 3667 4192 καὶ

390 4314 452 4372 L.
496 4315 652 4383 Quod
702 4332 806 4372 usu
863 4316 1067 4382 veniat,
1122 4325 1183 4371 ut
1224 4316 1543 4387 conjectura
1584 4332 1651 4373 ex
1691 4317 1897 4389 prior-il]

2161 4226 2220 4283 ιά
2446 4271 2460 4285 .

2186 4244 2603 4392 ’ἕζῗῗξὲωρεῇ
2632 4324 2766 4377 τινὰ
2792 4321 2889 4377 καὶ
2918 4321 2987 4377 ἐκ
3014 4322 3315 4391 προτέρων
3349 4320 3555 4377 κακῶν
3576 4320 3668 4393 μὴ

461 4410 620 4467 malis
663 4408 850 4477 ducta,
891 4410 1093 4483 aliquis
1136 4410 1296 4467 facile
1357 4408 1615 4466 credatur
1664 4412 1968 4484 posteriora

1404 4408 1615 4465 redatur
1664 4412 1971 4484 posteriora
2141 4415 2522 4470 ἀπιστεῖσθαι
2549 4415 2623 4469 τὰ
2646 4415 2911 4485 δεύτερα.

462 4502 804 4573 designasse.
1999 4501 2048 4559 D

391 4593 480 4651 LI.
519 4594 678 4662 Quod
729 4609 840 4651 non
890 4604 1139 4666 oporteat
1193 4597 1249 4651 in
1291 4596 1617 4668 judicando,
1678 4596 1775 4653 uni
1826 4611 1893 4667 pa

2159 4601 2182 4648 ’.
2225 4594 2354 4647 Ὅτι
2398 4594 2469 4648 οὐ
2512 4592 2628 4663 χρὴ
2668 4593 3017 4665 μονομερεῖς
3053 4591 3163 4659 τὰς
3203 4594 3436 4662 κρίσεις
3482 4594 3666 4648 ποιεῖ-

470 4688 673 4745 favere.

2143 4689 2302 4740 σθαι.

394 4777 505 4836 LII.
548 4778 868 4851 Exemplum
910 4780 1049 4850 justi
1099 4779 1293 4850 judicii
1327 4781 1579 4853 capiatur
1604 4779 1673 4836 de
1692 4781 1901 4836 cautior

2165 4820 2177 4831 .
2222 4776 2595 4847 Παράδειγμα
2619 4777 2728 4831 τοῦ
2748 4776 2981 4833 δικαίου
3008 4777 3291 4846 κρίματος
3310 4777 3352 4846 ἡ
3379 4775 3505 4831 τῶν
3522 4776 3666 4841 ἕξω-

467 4887 632 4942 quam
664 4871 721 4927 in
759 4873 1049 4929 sententiis
1075 4872 1290 4943 judices
1318 4872 1561 4931 Gentiles
1589 4874 1869 4930 adhibent.

2144 4873 2247 4925 θεν
2274 4866 2574 4922 δικαστῶν
2600 4869 2733 4937 περὶ
2760 4868 2868 4935 τὰς
2895 4868 3233 4938 ἀποφάσεις
3260 4868 3588 4938 ἀσφάλεια.

397 4962 729 5031 Ιιίιῐυριιοά
772 4980 883 5021 non
930 4973 1179 5035 oporteat
1234 4965 1421 5023 ﬁdeles
1466 4960 1610 5024 inter
1654 4984 1714 5025 se
1761 4967 1904 5023 disce

2142 4968 2179 5017 θ.
2223 4961 2349 5015 Ὅτι
2388 4960 2475 5033 μὴ
2515 4960 2631 5031 χρὴ
2673 4960 2799 5015 κατ’
2842 4959 3135 5029 ἀλλήλων
3176 4962 3342 5031 ἔχειν
3385 4960 3532 5028 τοὺς
3573 4977 3649 5014 πιι

468 5055 618 5112 dare.
1874 5067 1878 5070 ’

1874 5067 1878 5070 ’
2144 5054 2345 5112 στούς.

399 5074 725 5216 ιιῗῖῗΐῗέυοά
771 5158 1022 5221 oporteat
1067 5152 1359 5221 episcopos
1397 5149 1466 5206 de
1494 5165 1629 5222 pace
1661 5166 1757 5222 per
1787 5151 1906 5206 diac

2163 5074 2291 5107 γτου
2334 5096 2346 5108 .

2170 5187 2181 5199 .
2228 5074 2353 5199 Ὅῖι
2374 5144 2489 5214 χρὴ
2509 5145 2649 5211 τοὺς
2675 5145 3048 5212 ἐπισκόπους
3059 5146 3132 5200 τὰ
3148 5145 3283 5214 περὶ
3304 5144 3555 5215 εἰρήνης
3567 5145 3670 5201 διὰ

477 5258 607 5296 num
636 5242 839 5313 popqu
878 5241 932 5297 in
971 5242 1291 5298 memoriam
1318 5257 1626 5315 suggerere.

2148 5238 2252 5293 τοῦ
2280 5237 2561 5291 διακόνου
2588 5236 3067 5307 ὑπομιμνήσκειν
3092 5236 3172 5303 τῷ
3198 5235 3344 5301 λαῷ.

403 5330 514 5409 LV.
561 5332 914 5389 Enumeratio
952 5335 1117 5389 variae
1178 5334 1552 5405 providentia,
1609 5344 1664 5391 et
1711 5349 1906 5406 querna

2157 5338 2179 5384 '.
2233 5330 2658 5399 Ἀπαρίθμησις
2703 5328 2989 5397 διαφόρου
3016 5329 3320 5397 προνοίας,
3362 5326 3465 5382 καί
3505 5327 3664 5394 ὅπως

475 5424 698 5480 modum
741 5426 810 5482 ab
847 5427 1003 5482 initio
1030 5426 1174 5483 Deus
1204 5442 1302 5498 per
1331 5427 1579 5498 singulas
1600 5428 1980 5498 generationes

2157 5422 2220 5488 ἐξ
2245 5421 2437 5490 ἀρχῆς
2463 5422 2591 5476 καθ’
2621 5420 2884 5489 ἑκάστην
2898 5420 3113 5489 γενεὰν
3139 5419 3440 5474 ἐκάλεσεν
3455 5422 3491 5475 ό
3519 5419 3664 5485 Θεὸς

475 5515 547 5571 ad
574 5518 953 5587 paenitentiam
980 5533 1171 5576 omnes
1192 5518 1443 5575 homines
1471 5519 1704 5575 vocavit.
1790 5532 1793 5541 '

1339 5535 1443 5575 nes
1471 5519 1704 5575 vocavit.
1790 5532 1793 5541 '
2147 5515 2235 5579 είς
2256 5512 2579 5583 μετάνοιαν
2596 5510 2846 5578 πάντας.

405 5608 542 5666 LVI.
587 5607 745 5676 Quod
794 5613 1046 5667 voluntas
1076 5612 1171 5668 Dei
1204 5612 1295 5679 sit,
1328 5621 1386 5667 ut
1417 5626 1609 5668 omnes
1636 5611 1889 5667 homines

2158 5613 2193 5659 ο.
2236 5606 2363 5659 Ὅτι
2394 5604 2618 5674 θέλημα
2644 5604 2753 5658 τοῦ
2786 5603 2954 5668 Θεοῦ,
2984 5604 3321 5674 ὁμόφρονας
3339 5604 3494 5658 εἶναι
3520 5602 3665 5670 τοὺς

474 5701 678 5777 pietate
711 5707 1081 5770 cor-sentiant,
1113 5707 1291 5762 instar
1330 5704 1636 5763 caelestiqu
1678 5702 1974 5763 Virtutum.

2155 5696 2499 5766 ἀνθρώπους
2535 5696 2667 5765 περὶ
2697 5695 2812 5764 τὴν
2846 5694 3175 5764 εὐσέϐειαν,
3219 5694 3662 5767 παραπλησίως

2153 5790 2278 5857 ταῖς
2302 5789 2372 5845 ἐν
2399 5788 2628 5858 οὐρανῷ
2656 5787 2963 5862 δυνάμεσι.

3595 5881 3705 5899 ..φρ
