3816 6356
151 319 243 374 €05
1031 308 1640 368 CONSTITUTlO-NES
1673 309 2357 369 APOSTOLICJE.—-LlB.
2394 313 2456 369 ll.
3269 316 3375 372 συθ

149 429 263 488 ὰδῦ
289 427 482 500 ἧρξατο
531 425 744 498 πρῶτον
773 428 965 489 ποιεῖν,
1004 428 1098 484 καὶ
1139 425 1260 478 τότε
1307 425 1592 480 διδάσκειν·
1625 425 1702 490 ὥς

1806 425 2068 484 Dominus
2109 438 2164 483 et
2204 429 2644 509 doctognoster
2685 427 2846 485 Jesus
2888 427 3168 498 Christus,
3203 430 3376 488 Filius

147 541 232 576 που
269 521 406 588 λέγει
453 518 566 589 (15)
596 520 626 571 ὁ
672 519 902 582 Λουκᾶς⁸
955 537 974 570 ι
1013 513 1116 570 Ὧν
1169 517 1372 589 ἤρξατο
1419 520 1448 570 ὁ
1497 519 1702 588 Ἰησοῦς

1806 517 1918 583 Dei,
1951 521 2185 589 primum
2209 523 2377 591 cmpit
2407 520 2607 584 facere,
2635 521 2833 577 deinde
2857 521 3082 588 docere;
3115 525 3264 592 quod
3290 525 3378 580 his

147 618 294 668 ποιεῖν
328 613 418 664 καὶ
452 609 773 663 διδάσκειν.»
811 610 901 662 Διό
931 625 1114 680 φησιν·
1157 628 1175 660 ι
1209 612 1305 672 ’ος
1322 609 1365 662 δ’
1399 609 1466 663 ἂν
1499 611 1699 681 ποιήσῃ

145 709 223 760 καὶ
255 702 450 773 διδάξῃ,
483 696 640 765 οὗτος
690 702 862 772 μέγας
905 702 1234 773 κληθήσεται
1265 704 1322 754 ἐν
1354 707 1418 775 τῇ
1458 704 1702 775 βασιλείᾳ

143 798 222 850 τοῦ
255 796 400 850 Θεοῦ.
430 816 447 846 ι
485 795 728 858 Σκοποὺς
755 795 865 866 γάρ
897 790 1034 848 εἶναι
1071 796 1151 848 δεῖ
1185 798 1329 866 ὑμᾶς
1347 796 1426 866 τῷ
1447 785 1558 867 λαῷ
1577 800 1702 862 τοὺς

144 889 465 950 ἐπισκόπους,
488 888 569 940 ὄτι
603 888 696 940 καὶ
729 887 886 958 ὑμεῖς
920 889 1121 940 σκοπὸν
1143 887 1292 958 ἔχετε
1323 890 1415 942 τὸν
1444 891 1697 961 Χριστόν.

145 984 234 1036 Καὶ
274 982 427 1052 ὑμεῖς
466 975 561 1032 οὖν
588 978 803 1047 γίνεσθε
850 980 1044 1032 σκοποὶ
1081 979 1277 1048 ἀγαθοὶ
1321 979 1400 1051 τῷ
1446 981 1561 1052 λαῷ
1606 982 1700 1035 τοῦ

142 1074 273 1127 Θεοῦ·
311 1074 390 1126 ὅτι
424 1072 572 1140 λέγει
605 1071 807 1141 Κύριος
841 1071 928 1124 διὰ
970 1071 1065 1124 τοῦ
1113 1072 1367 1143 Ἰεζεκιὴλ
1401 1074 1538 1144 πρὸς
1573 1074 1702 1127 ἕκας-

145 1183 245 1218 οτον
271 1165 419 1236 ὑμῶν
448 1163 691 1234 φάσκων·
731 1183 749 1214 ι
774 1163 870 1216 Υἱὲ
897 1163 1204 1234 ἀνθρώπου,
1245 1166 1444 1218 σκοπὸν
1495 1165 1703 1220 δέδωκά

143 1277 190 1310 σε
229 1259 299 1328 τῷ
339 1257 474 1327 οἴκῳ
525 1254 758 1326 Ἰσραὴλ,
796 1256 890 1308 καὶ
936 1255 1142 1326 ἀκούσῃ
1183 1258 1246 1309 ἐκ
1283 1258 1549 1328 στόματός
1599 1275 1699 1328 μου

139 1351 272 1418 λόγον
310 1351 401 1402 καὶ
447 1347 828 1417 διαφυλάξεις,
870 1349 963 1400 καὶ
1007 1348 1309 1417 διαγγελεῖς
1360 1351 1521 1403 αὑτὸν
1570 1354 1700 1423 παρ’

140 1441 270 1512 ἐμοῦ·
301 1443 357 1493 ἐν
401 1439 483 1510 τῷ
517 1429 692 1508 λέγειν
726 1456 791 1510 με
825 1439 902 1510 τῷ
937 1440 1140 1511 ἀνόμῳο
1173 1440 1400 1512 Θανάτῳ
1429 1443 1697 1514 ἀποθανῇ,

137 1538 214 1588 καὶ
239 1536 330 1588 οὐκ
359 1533 631 1603 ἐλάλησας
658 1531 751 1584 τοῦ
787 1531 1080 1585 διαστεῖλαι
1105 1533 1305 1604 ἄνομον
1341 1535 1405 1586 ἐκ
1441 1534 1542 1604 τῆς
1578 1536 1700 1588 ἀνο-

142 1627 249 1698 μίας
289 1624 478 1687 αὐτοῦ,
510 1627 546 1677 ’ὁ
596 1626 794 1696 ἄνομος
837 1626 1041 1688 ἐκεῖνος
1076 1626 1134 1676 ὲν
1178 1629 1245 1696 τῇ
1288 1626 1485 1698 ἀνομίᾳ
1532 1627 1697 1680 αὐτοῦ

136 1717 483 1779 ἀποθανεῖται,
507 1718 600 1771 καὶ
627 1718 689 1770 τὸ
716 1713 855 1788 αἷμα
880 1717 1050 1769 αὐτοῦ
1073 1719 1136 1770 ἐκ
1157 1717 1255 1787 τῆς
1284 1720 1464 1791 χειρός
1484 1737 1575 1772 σου
1607 1721 1698 1774 ἐκ-

1800 612 1984 666 verbis
2014 613 2214 667 alicubi
2239 612 2500 682 exprimit
2544 613 2722 669 Lucas
2747 633 2762 667 :
2802 631 2822 665 ι
2851 613 2983 680 Qua:
3015 618 3184 685 cmpit
3214 614 3378 672 Jesus

1802 702 1984 787 facere
2013 712 2065 758 et
2094 705 2293 759 docere
2315 706 2384 761 ".
2411 726 2430 757 ι
2481 706 2752 771 Quocirca
2785 706 2928 787 idem
2963 707 3221 778 Magister
3251 711 3327 765 ait
3361 731 3373 767 :

1808 780 1826 846 ι
1859 795 1962 861 Qui
1999 803 2180 851 autem
2219 796 2409 852 fecerit
2453 808 2506 852 et
2537 780 2829 859 docuerit,
2877 798 2966 852 hic
3019 815 3252 870 magnus
3287 818 3382 857 τοι

1801 887 2019 942 cabitur
2041 889 2093 942 in
2115 905 2282 959 regno
2315 889 2406 944 Dei
2429 891 2498 944 ".
2532 908 2552 941 ι
2583 889 2809 959 Oportet
2829 899 3008 945 autem
3039 899 3098 944 ut
3130 908 3226 948 vos
3250 893 3378 963 Epi-

1802 981 1990 1050 scopi,
2047 983 2247 1051 populo
2298 982 2419 1037 sitis
2453 985 2864 1053 speculatores;
2905 985 3051 1055 quod
3092 999 3190 1040 vos
3240 999 3382 1055 quo-

1801 1086 1908 1141 que
1933 1073 2329 1142 speculatorem
2362 1075 2610 1130 habeatis
2640 1076 2945 1132 Christum.
2989 1076 3055 1130 Et
3086 1093 3183 1132 vos
3213 1077 3380 1147 igitur

1800 1173 1974 1219 estote
2002 1166 2161 1234 probi
2193 1168 2565 1236 speculatores
2595 1169 2770 1237 plebis
2797 1167 2924 1236 Dei;
2956 1171 3084 1240 quia
3116 1169 3380 1226 Dominus

1800 1271 1898 1324 per
1941 1256 2278 1312 Ezechielem
2322 1275 2448 1312 cum
2497 1275 2829 1330 unoquoque
2857 1271 3103 1317 vestrum
3147 1263 3380 1334 loquens

1802 1347 1878 1401 ait
1913 1367 1925 1402 :
1961 1368 1979 1400 ι
2011 1347 2109 1402 Fili
2156 1349 2427 1415 hominis,
2469 1352 2871 1420 speculatorem
2913 1353 3043 1409 dedi
3094 1362 3147 1411 te
3191 1356 3380 1412 domui

1801 1439 2138 1509 Israeliticae;
2167 1450 2224 1498 et
2251 1443 2443 1498 audies
2470 1458 2537 1498 ex
2569 1459 2664 1499 ore
2692 1459 2814 1499 meo
2845 1460 3176 1513 sermonem,
3201 1455 3256 1502 et
3285 1463 3382 1502 ca-

1800 1550 1929 1590 vere
1959 1535 2145 1596 facies,
2170 1543 2230 1590 et
2255 1551 2323 1590 ex
2353 1550 2442 1589 me
2473 1536 2828 1591 annuntiabis
2854 1556 2866 1590 :
2899 1552 3024 1592 cum
3057 1538 3248 1594 dixero
3273 1541 3381 1595 ini-

1801 1643 1912 1698 quo
1938 1646 1951 1682 :
1986 1627 2158 1683 Morte
2186 1629 2471 1693 morieris;
2501 1628 2546 1681 si
2576 1642 2688 1682 non
2719 1629 2936 1683 locutus
2967 1629 3158 1695 fueris,
3195 1639 3255 1686 ut
3292 1647 3381 1687 re-

1801 1720 1981 1774 trahat
2008 1735 2066 1776 se
2105 1720 2328 1791 iniquus
2359 1719 2429 1775 ab
2466 1721 2756 1790 iniquitate
2784 1736 2913 1785 sua,
2947 1722 3168 1792 iniquus
3199 1725 3292 1780 ille
3323 1725 3378 1781 in

136 1812 344 1882 ζητήσω·
390 1813 458 1864 σὺ
506 1811 562 1864 δέ
599 1810 694 1863 ἐὰν
746 1810 1020 1884 διαστείλῃ
1073 1810 1152 1881 τῷ
1197 1811 1382 1881 ἀνόμῳ
1445 1813 1553 1865 ἀπὸ
1599 1814 1700 1885 τῆς

1806 1812 2088 1882 iniquitate
2112 1827 2208 1867 sua
2239 1813 2524 1876 morietur,
2554 1819 2606 1867 et
2634 1813 2953 1883 sanguinem
2977 1814 3100 1883 ejus
3125 1816 3192 1870 de
3213 1832 3378 1872 manu

134 1902 234 1955 ὁδοῦ
259 1902 423 1956 αὐτοῦ
446 1901 791 1974 ἀποστρέψαι
820 1903 914 1955 ἀπ’
935 1902 1126 1972 αὐτῆς,
1148 1905 1241 1955 καὶ
1265 1902 1336 1974 μὴ
1359 1903 1696 1976 ἀποστρέψῃ,

135 1995 272 2058 αὐτὸς
302 1997 358 2047 ἐν
391 1998 464 2066 τῇ
503 1995 703 2066 ἀνομίᾳ
751 1994 916 2047 αὐτοῦ
966 1995 1338 2058 ἀποθανεῖται,
1377 1997 1470 2048 καὶ
1507 1999 1570 2050 σὺ
1604 1997 1699 2068 τὴν

134 2086 284 2158 ψυχήν
326 2105 418 2142 σου
461 2088 699 2160 ἐρῤύσω.
737 2087 1012 2150 Ὡσαύτως
1038 2087 1093 2140 δὲ
1127 2087 1237 2159 (16)
1270 2089 1512 2160 μάχαιρα
1544 2090 1700 2142 πολέ-

139 2197 220 2250 μου
246 2180 334 2234 ἐάν
446 2180 745 2252 ἐρχομένη,
784 2183 878 2234 καὶ
914 2181 1086 2252 στήσῃ
1124 2182 1153 2232 ὁ
1199 2180 1326 2245 λαὸς
1377 2182 1576 2235 σκοπὸν
1623 2185 1702 2247 εἰς

136 2272 485 2344 προφυλακὴν,
523 2274 617 2326 καὶ
653 2272 773 2325 ίδὼν
809 2272 978 2343 αὐτὴν
1014 2273 1338 2344 ἐρχομένην,
1377 2274 1450 2345 μὴ
1481 2291 1699 2346 προμη-

135 2368 267 2439 νύσῃ,
292 2370 384 2421 καὶ
412 2365 561 2438 λάϐῃ
591 2365 786 2438 ψυχὴν,
809 2368 842 2437 ἡ
869 2367 966 2437 μὲν
991 2365 1136 2437 ψυχὴ
1170 2368 1232 2437 τῇ
1256 2367 1501 2438 ἁμαρτίᾳ
1530 2367 1702 2436 αὐτῆς

137 2459 338 2531 ἐλήφθη,
377 2460 440 2512 τὸ
468 2459 529 2512 δὲ
560 2454 697 2529 αἷμα
734 2460 798 2511 ἐκ
827 2459 1008 2530 χειρὸς
1034 2457 1127 2511 τοῦ
1165 2457 1368 2510 σκοποῦ
1400 2458 1703 2530 ἐκζητηθή-

137 2568 282 2612 σεται,
319 2553 400 2605 ὄτι
429 2554 535 2605 οὐκ
565 2552 804 2622 ἐσήμανε
841 2553 908 2621 τῇ
957 2549 1236 2618 σάλπιγγι·
1267 2550 1361 2602 ἐάν
1390 2549 1444 2603 δὲ
1485 2550 1700 2622 σημάνῃ

221 2645 497 2716 κερατίνῃ,
536 2645 630 2696 καὶ
662 2642 736 2714 μὴ
776 2641 1073 2712 φυλάξηται
1102 2643 1130 2694 ὁ
1161 2642 1418 2706 ἀκούσας,
1452 2645 1547 2696 καὶ
1574 2644 1700 2716 ἔλθῃ

134 2739 159 2803 ἡ
189 2737 438 2808 μάχαιρα,
472 2737 571 2790 καὶ
600 2735 740 2806 λάϐῃ
786 2735 970 2796 αὑτὸν,
1001 2736 1061 2788 τὺ
1118 2731 1256 2806 αἷμα
1293 2735 1457 2789 αὑτοῦ
1492 2738 1580 2789 ἐπ’
1606 2738 1703 2790 αὐ-

133 2829 206 2880 τὸν
234 2829 398 2890 ἔσται,
429 2831 516 2881 ὃτι
547 2829 647 2881 οὐκ
679 2827 978 2897 ἐφυλάξατο
1007 2827 1245 2891 ἀκούσας
1266 2828 1362 2898 τῆς
1393 2830 1698 2900 κερατίνης,

133 2921 227 2974 6δέ
255 2921 652 2993 φυλαξάμενος,
684 2919 780 2991 τὴν
807 2919 983 2990 ψυχὴν
1023 2919 1187 2972 αὐτοῦ
1229 2920 1518 2992 ἐρρύσατο,
1553 2921 1646 2972 καὶ
1674 2922 1702 2973 ὁ

139 3013 313 3078 σκοπὸς
357 3015 440 3067 ὅτι
492 3014 758 3084 ἐσήμανε,
800 3012 912 3084 ζωῇ
965 3012 1204 3082 ζήσεται.
1238 3033 1255 3063 ι
1296 3013 1553 3084 Μάχαιρα
1605 3014 1702 3084 μέν

133 3104 256 3156 ἐστιν
286 3109 315 3176 ἡ
348 3107 556 3177 κρίσις·
589 3104 820 3172 σάλπιγξ
845 3105 900 3157 δὲ
932 3103 1064 3174 (17),
1100 3104 1160 3156 τὸ
1194 3104 1334 3176 ἱερὸν
1354 3105 1699 3174 Εὑαγγέλιονο
1732 3135 1772 3192 c

135 3197 308 3261 σκοπὸς
324 3197 400 3260 δὲ,
422 3199 450 3250 ὁ
483 3197 846 3259 κατασταθεὶς
875 3199 940 3267 τῇ
976 3196 1269 3268 Ἐκκλησία
1297 3196 1611 3261 ἐπίσκοπος,
1641 3197 1699 3251 ὃν

131 3286 198 3338 δεῖ
223 3289 569 3359 κηρύσσοντα
597 3289 1070 3360 διαμαρτύρασθαι
1099 3289 1194 3341 καὶ
1230 3288 1338 3360 (18)
1369 3287 1702 3342 διαϐεϐαιοῦ-

133 3379 237 3432 σθαι
282 3384 408 3453 περὶ
448 3383 554 3451 τῆς
601 3383 852 3454 κρίσεως.
905 3383 1030 3434 Ἐὰν
1091 3381 1164 3452 μὴ
1201 3381 1561 3453 διαγγείλητε,
1609 3382 1703 3436 καὶ

131 3472 558 3546 διαμαρτύρησθε
594 3474 829 3546 τῴλαῴ,
866 3477 945 3537 εἰς
975 3475 1119 3546 ὑμᾶς
1159 3477 1191 3545 ἡ
1227 3475 1470 3546 ἁμαρτία
1500 3475 1606 3527 τῶν
1643 3475 1706 3527 ἀ-

131 3567 411 3631 γνοούντων
433 3566 815 3638 εὑρεθήσεται.
847 3567 938 3619 Διδ
967 3568 1094 3630 τοὺς
1121 3568 1627 3638 ἀναστρεφομένους
1647 3569 1704 3620 ἐν

129 3657 430 3732 ἀπαιδευσίᾳ
490 3660 512 3730 (
516 3646 604 3729 19)
637 3659 954 3722 νουθετεῖτε,
989 3660 1084 3712 καὶ
1111 3659 1358 3730 ἐλέγχετε
1393 3659 1529 3731 μετὰ
1563 3662 1705 3732 παῤ-

133 3752 322 3821 ρησίας,
361 3756 494 3816 τοὺς
537 3753 867 3821 ἀγνοοῦντας
913 3752 1212 3815 διδάσκετε,
1243 3754 1368 3816 τοὺς
1406 3753 1705 3824 ἐπισταμέ-

128 3859 235 3906 νους
265 3845 578 3917 στηρίζετε,
598 3846 724 3907 τοὺς
753 3844 1202 3915 πεπλανημένους
1229 3844 1600 3915 ἐπιστρέφετε.
1624 3845 1704 3898 Τὰ

131 3935 249 3987 αὐτὰ
280 3938 408 4008 περὶ
453 3936 568 3989 τῶν
610 3935 789 3989 αὐτῶν
821 3935 1086 4004 λέγοντες,
1127 3935 1362 4006 ἀδελφοὶ,
1391 3938 1489 4007 οὐχ
1526 3938 1705 4008 ἀμαρ-

130 4028 406 4099 τησόμεθα.
459 4029 560 4082 Ἐκ
589 4027 699 4099 γὰρ
727 4027 820 4080 τοῦ
843 4028 1102 4092 πολλάκις
1121 4028 1358 4092 ἀκούειν,
1383 4029 1525 4092 εἰκός
1553 4046 1704 4094 τινας

131 4117 536 4190 decumbas:ch
572 4119 679 4173 κᾶν
707 4121 856 4184 ἀπαξ
899 4138 951 4172 τι
977 4121 1084 4174 τῶν
1123 4121 1300 4174 καλῶν
1347 4121 1570 4190 ποιῆσαι
1611 4125 1705 4176 καὶ

131 4215 222 4265 τῶν
237 4215 493 4286 πονηρῶν
519 4213 981 4285 παραιτήσασθαι.
1008 4213 1168 4280 Λέγει
1187 4212 1295 4284 γὰρ
1309 4213 1396 4266 διὰ
1419 4213 1701 4284 προφήτου

133 4304 155 4354 ὁ
178 4305 314 4370 Θεὸς
353 4326 370 4358 ι
391 4306 770 4379 Διαμαρτύρει
790 4308 972 4369 αὐτοῖς
999 4306 1192 4369 ταῦτα,
1220 4309 1349 4369 ἴσως
1375 4306 1702 4361 ἀκούσονταί

133 4413 211 4449 σου
237 4401 334 4468 τῆς
355 4399 570 4469 φωνῆς.
601 4419 617 4450 ι
663 4401 772 4452 Καὶ
803 4399 980 4452 πάλιν⁸
1020 4419 1036 4450 ι
1080 4401 1204 4452 Ἐάν
1233 4400 1339 4472 ἄρα
1374 4401 1698 4464 ἀκούσωσιν,

1803 1912 1896 1959 tua
1926 1904 2236 1975 requiram;
2269 1914 2326 1958 tu
2355 1912 2536 1959 autem
2569 1904 2617 1959 si
2645 1905 3057 1960 denuntiaveris
3089 1909 3280 1978 iniquo
3311 1909 3378 1965 de

1801 1999 1889 2052 via
1924 2013 2043 2061 sua,
2072 2006 2131 2051 ut
2162 1997 2230 2051 ab
2260 2011 2322 2051 ea
2360 2013 2418 2052 se
2464 2005 2704 2061 avertat,
2745 2005 2800 2052 et
2845 2015 2954 2052 non
3000 2015 3059 2054 se
3097 2003 3377 2066 averterit,

1805 2089 1920 2160 ipse
1943 2089 1999 2142 in
2030 2089 2315 2158 iniquitate
2342 2104 2442 2144 sua
2472 2090 2768 2155 morietur;
2797 2098 2851 2144 et
2878 2099 2936 2144 tu
2964 2093 3201 2151 animam
3230 2101 3378 2146 tuam

1803 2181 2068 2237 liberasti.
2102 2179 2364 2236 Similiter
2395 2192 2600 2246 autem,
2643 2183 2688 2237 si
2721 2184 2932 2238 venerit
2967 2184 3096 2238 belli
3127 2183 3379 2254 gladius;

1802 2281 1856 2328 et
1888 2273 2137 2328 statuerit
2184 2273 2418 2343 populus
2448 2273 2851 2343 speculatorem
2899 2275 2966 2327 ad
3015 2276 3294 2347 vigiliam;
3325 2283 3381 2332 et

1803 2365 1852 2422 is
1874 2364 2064 2420 videns
2090 2365 2327 2436 gladium
2357 2365 2726 2429 accedentem,
2745 2364 2866 2418 non
2897 2367 3378 2436 praznuntiaverit;

1803 2467 1856 2515 et
1897 2459 2109 2530 gladius
2138 2459 2326 2514 tulerit
2359 2459 2628 2524 animam;
2663 2458 2842 2512 anima
2878 2458 3098 2528 quidem
3148 2468 3379 2529 peccato

1805 2567 1906 2608 suo
1953 2551 2165 2606 sublata
2210 2557 2326 2617 est;
2359 2561 2414 2605 at
2458 2551 2681 2621 sanguis
2723 2551 2790 2604 de
2821 2566 2984 2605 manu
3017 2553 3379 2621 speculatoris

1803 2645 2134 2714 requiretur,
2171 2645 2300 2714 quia
2335 2659 2444 2698 non
2479 2643 2806 2714 signiﬁcavit
2852 2644 3024 2709 tuba;
3061 2645 3147 2698 sin
3196 2654 3379 2700 autem

1804 2737 2195 2809 significaverit
2225 2738 2490 2800 buccina,
2523 2745 2578 2791 et
2627 2737 2720 2806 qui
2767 2736 3009 2802 audivit,
3041 2753 3151 2791 non
3183 2754 3242 2792 se
3280 2741 3380 2793 ob-

1805 2831 2124 2898 servaverit,
2186 2830 2505 2899 veneritque
2552 2828 2794 2899 gladius,
2835 2838 2888 2883 et
2928 2832 3106 2900 ipsum
3155 2831 3376 2898 tulerit,

1805 2923 2026 2994 sanguis
2053 2922 2171 2992 ejus
2203 2937 2367 2992 super
2397 2924 2572 2990 ipsum
2600 2921 2729 2986 erit;
2761 2921 2891 2991 quia
2930 2920 3113 2974 audita
3147 2921 3380 2978 buccina

1805 3015 1912 3070 sibi
1948 3023 2056 3070 non
2095 3013 2365 3085 providit;
2411 3013 2504 3082 qui
2549 3019 2731 3068 autem
2780 3013 2944 3079 cavit,
2979 3013 3230 3067 liberavit
3255 3016 3379 3069 ani-

1807 3121 1951 3160 mam
2001 3121 2186 3172 suam;
2232 3114 2287 3160 et
2328 3105 2678 3176 speculator,
2711 3106 2837 3175 quia
2883 3104 3232 3175 significavit,
3267 3107 3381 3162 vita

1807 3201 1950 3256 vivet
1974 3201 2041 3256 ⁸⁷.
2071 3221 2088 3252 ›
2127 3199 2354 3255 Gladius
2385 3198 2606 3269 quidem
2637 3207 2722 3253 est
2747 3198 3054 3268 judicium;
3086 3201 3217 3253 tuba
3249 3215 3380 3256 vero

1805 3307 2021 3346 sacrum
2055 3292 2441 3362 Evangelium;
2475 3290 2782 3361 speculator
2809 3297 3014 3353 autem,
3057 3291 3111 3344 in
3137 3291 3381 3347 Ecclesia

1805 3391 2047 3439 statutus
2088 3383 2401 3454 episcopus,
2427 3398 2589 3453 quem
2619 3390 2834 3453 Oportet
2859 3382 3151 3451 dejudicio
3181 3383 3379 3452 prazdio

1804 3495 1952 3545 care,
1987 3479 2279 3540 alltrmare,
2321 3475 2640 3531 contestari.
2677 3474 2735 3528 Si
2781 3489 2889 3528 non
2925 3473 3379 3529 demmtiaveritis

1805 3573 2008 3642 populo
2036 3579 2090 3626 et
2121 3569 2380 3624 obtestati
2412 3567 2651 3630 fueritis,
2686 3566 2739 3620 in
2773 3581 2870 3620 vos
2906 3563 3258 3619 inscientium
3290 3580 3380 3619 ero

1803 3674 1983 3719 ratum
2025 3663 2374 3719 redundabit.
2407 3661 2676 3728 Quocirca
2721 3659 3004 3729 imperitos
3047 3665 3285 3724 monete,
3325 3666 3381 3712 et

1805 3773 1929 3811 cum
1962 3755 2210 3810 libertate
2240 3755 2471 3825 arguite,
2504 3754 2723 3823 ignaros
2752 3751 2960 3814 docete,
2984 3748 3229 3804 eruditos
3254 3764 3382 3802 con-

1805 3849 2036 3912 ﬁrmate,
2069 3848 2386 3901 aberrantes
2430 3845 2698 3900 reducite.
2745 3842 2857 3898 Nec
2901 3842 2948 3896 si
2993 3841 3181 3896 eadem
3212 3841 3380 3894 verba

1803 3941 1998 3996 iisdem
2031 3940 2098 3994 de
2129 3938 2296 3992 rebus
2329 3936 2696 4008 proferamus,
2743 3934 2879 3989 vitio
2909 3933 3070 3987 nobis
3110 3940 3376 3995 vertetur,

1805 4032 2023 4087 fratres.
2076 4030 2293 4084 Scilicet
2361 4028 2622 4083 credibile
2668 4035 2786 4091 est,
2837 4025 3134 4079 nonnullos
3181 4023 3379 4078 iterata

1805 4125 1968 4180 toties
1999 4123 2278 4176 auditione
2308 4120 2628 4190 pudefactos
2663 4120 2750 4174 vel
2783 4118 2952 4174 semel
2993 4115 3199 4186 aliquid
3250 4115 3380 4169 boni

1805 4225 2075 4287 gesturos,
2113 4224 2166 4269 et
2197 4214 2323 4267 mali
2369 4212 2760 4267 declinaturos.
2802 4211 2893 4264 Ait
2923 4209 3070 4264 enim
3108 4223 3205 4278 per
3246 4223 3379 4278 pro-

1806 4309 2024 4379 phetam
2075 4305 2218 4361 Deus
2246 4325 2260 4360 :
2298 4325 2316 4357 ι
2348 4305 2669 4360 Testilicare
2700 4303 2810 4358 illis
2841 4304 2978 4368 haec,
3014 4302 3154 4371 forte
3187 4315 3378 4356 vocem

1807 4410 1955 4455 tuam
1995 4399 2306 4455 audient".
2335 4421 2352 4452 ι
2391 4397 2454 4454 Et
2499 4398 2738 4452 iterum:
2778 4417 2796 4447 ι
2829 4394 2887 4450 Si
2935 4395 3072 4450 forte
3123 4394 3378 4456 audiant,

132 4487 212 4540 ἐὰν
265 4491 372 4562 ἄρα
430 4491 647 4544 ὲνδῶσι.
682 4511 697 4542 ι
759 4493 868 4544 Καὶ
913 4494 940 4544 ὁ
994 4493 1199 4562 Μωσῆς
1251 4509 1382 4562 φησι
1437 4492 1514 4562 τῷ
1569 4492 1699 4563 λαῷ

1809 4493 1857 4548 si
1912 4493 2050 4548 forte
2101 4492 2406 4546 concedant
2431 4491 2498 4546 ³⁹.
2529 4510 2546 4543 ι
2585 4489 2651 4543 Ει
2699 4489 2913 4560 Moyses
2957 4488 3158 4558 pupulo
3199 4487 3374 4540 dicit:

138 4598 152 4629 ι
201 4582 301 4634 Εάν
331 4583 447 4655 (20)
470 4585 610 4672 ἀκοῇ
643 4585 880 4656 ἀκούσῃς
899 4585 1106 4656 Κυρίου
1135 4584 1228 4637 τοῦ
1259 4584 1413 4647 Θεοῦ,
1435 4587 1527 4638 καὶ
1555 4588 1704 4657 ποιή-

135 4687 219 4742 σῃς
260 4676 321 4728 τὸ
365 4676 581 4744 ἀγαθὸν
610 4679 705 4731 καὶ
748 4679 808 4730 τὸ
850 4678 1002 4741 εὐθές
1029 4680 1087 4730 ἐν
1125 4677 1421 4749 ὀφθαλμοῖς
1462 4677 1647 4730 αὐτοῦ.
1681 4698 1696 4728 ι

133 4763 229 4817 Καὶ
272 4767 458 4820 πάλιν·
519 4789 537 4819 ι
570 4771 787 4831 Ἄκουε,
834 4770 1079 4842 Ἰσραὴλ,
1130 4771 1332 4841 Κύριος
1362 4772 1390 4822 ὁ
1421 4771 1552 4833 Θεὸς
1591 4787 1705 4832 σου,

133 4855 319 4929 Κύριος
339 4859 420 4925 εἷς
451 4864 591 4915 ἐστι.
625 4882 641 4913 ι
664 4864 772 4916 Καὶ
791 4865 818 4914 ὁ
848 4864 1048 4935 Κύριος
1075 4865 1132 4917 ἐν
1153 4862 1228 4934 τῷ
1251 4864 1562 4934 Εὐαγγελίῳ
1591 4863 1712 4915 πολ-

194 5023 238 5054 ⁵⁸
269 5021 388 5078 Act.
429 5039 478 5082 ι,
509 5023 562 5078 1.

139 5107 214 5155 ιιι,
249 5093 330 5148 11.

639 5023 685 5055 ⁸⁸
714 5023 901 5077 Matth.
931 5041 984 5085 v,
1021 5018 1103 5076 19.
1178 5024 1222 5055 ⁸⁷
1255 5023 1453 5079 Ezech.
1499 5038 1700 5087 xxxm,
1728 5023 1762 5074 9.
1796 5029 1849 5076 et
1882 5038 1999 5091 seq.

414 5094 460 5124 ⁸ο
498 5092 672 5150 Exod.
702 5112 792 5158 xv,
825 5095 916 5151 ‘26.
994 5094 1037 5123 ⁶¹
1073 5093 1228 5154 Deut.
1256 5111 1330 5159 γι,
1361 5095 1428 5161 4;
1464 5093 1629 5148 Marc.
1671 5109 1768 5159 xu,
1798 5092 1888 5146 ‘29.

1817 4584 1920 4640 «Si
1975 4585 2162 4639 auditu
2214 4584 2455 4639 audieris
2507 4583 2794 4639 Dominum
2846 4581 3045 4642 Deum,
3089 4587 3142 4633 et
3188 4577 3381 4632 feceris

1811 4678 2014 4731 bonum
2045 4692 2108 4731 ac
2141 4685 2349 4732 rectum
2393 4676 2447 4729 in
2482 4675 2654 4730 oculis
2693 4675 2814 4744 ejus
2835 4675 2903 4728 °°.
2932 4693 2950 4726 ›
2981 4671 3331 4738 Rursumque
3360 4685 3377 4719 :

1812 4787 1832 4820 ι
1863 4770 2003 4823 Audi
2036 4768 2223 4833 Israel,
2252 4769 2518 4824 Dominus
2549 4767 2692 4822 Deus
2739 4776 2889 4829 tuus,
2929 4765 3196 4819 Dominus
3233 4774 3380 4815 unus

1815 4862 1987 4916 est“.
2017 4882 2035 4914 ι
2088 4861 2154 4915 Et
2198 4861 2461 4916 Dominus
2505 4860 2561 4913 in
2611 4858 2904 4928 Evangelio
2949 4872 3090 4926 saepe
3134 4865 3378 4909 comme-

2075 5021 2121 5052 ⁸³
2156 5019 2266 5074 Jer.
2302 5037 2461 5082 xxvr,
2494 5020 2564 5082 ὃς
2598 5013 2793 5069 Ειρςιι.
2829 5029 2902 5077 ll,
2939 5012 2988 5066 7.
3085 5009 3134 5043 "
3171 5009 3351 5066 Ezech

1404 5245 1705 5301 VARlORU
1715 5244 1763 5298 Μ
1802 5244 2033 5300 NOTAE.

205 5405 311 5475 (15)
336 5407 445 5469 Ὠς
465 5419 584 5475 που
598 5404 758 5473 ,λέγει
783 5395 1044 5475 usquead
1068 5402 1392 5475 διδάσκειν.
1423 5400 1628 5475 Desunt
1655 5402 1708 5454 in

145 5472 304 5528 altero
335 5491 443 5529 ms.
468 5472 831 5544 videnturque
859 5472 1035 5531 deleta
1061 5493 1090 5528 a
1115 5473 1330 5532 critico,
1355 5473 1447 5544 qui
1483 5472 1708 5544 putabat

145 5560 240 5596 non
292 5561 460 5614 posse
514 5545 700 5598 induci
747 5541 1034 5600 commode
1079 5545 1356 5615 apostolos
1393 5541 1592 5594 Lucam
1639 5542 1706 5595 ad

143 5616 513 5669 testimonium
544 5616 794 5672 citantes.
819 5617 988 5672 Cum.

205 5685 315 5755 (16)
358 5684 449 5739 Δέ.
486 5683 727 5755 Uterque
755 5687 922 5741 codex
955 5687 1067 5740 καί.
1102 5684 1176 5740 In.

208 5751 318 5828 (17)
357 5755 450 5810 Δέ.
489 5751 682 5813 Melius
710 5757 928 5813 omittas
945 5773 1073 5814 cum
1101 5767 1330 5827 utroque
1361 5754 1564 5810 codice.
1593 5751 1666 5808 in.

1885 5400 1997 5468 (18)
2038 5398 2147 5453 Καὶ
2175 5395 2668 5468 διαϐεϐαιοῦσθαι.
2701 5392 2850 5468 alter
2877 5388 3100 5468 omittit:
3125 5389 3201 5442 In.

1883 5459 1996 5542 (19)
2053 5468 2451 5542 Ἀπαιδευσίῳ
2483 5464 2633 5518 Alter
2662 5462 2812 5542 addit
2840 5459 3040 5542 αὐτῶνἶ
3051 5460 3148 5542 ,19.

1887 5475 1975 5542 (19
2053 5475 2451 5532 Ἀπαιδευσιῗᾳ.
2483 5475 2633 5518 Alter
2662 5475 2812 5516 addit
2840 5475 3148 5541 αυτωνκιι).

1887 5475 1998 5613 (20)
2049 5541 2207 5594 Ἐάν.
2243 5538 2369 5593 Haec
2415 5551 2526 5613 vos
2564 5551 2689 5589 cum
2725 5533 2791 5613 ίῖ
2819 5533 3195 5613 sequentibus,
3240 5542 3379 5613 qua-

1809 5603 1933 5669 rum
1972 5603 2248 5680 postrema
2286 5617 2370 5666 est
2433 5605 2628 5670 πάλιν,
2684 5603 2887 5660 omissa
2939 5607 3070 5657 sunt
3117 5603 3175 5656 in
3226 5603 3378 5652 utro-

1809 5700 1935 5755 que.
1965 5684 2039 5740 Ib.
