3816 6396
423 309 532 363 θοι

1278 302 1335 359 S.
1371 299 1770 359 CLEMENTIS
1802 301 1823 354 l
1859 298 2031 357 ROM.
2065 299 2269 357 ΡΟΝΤ.
2304 300 2538 357 OPERA
2570 299 2801 358 DUBIA.

3585 308 3703 364 608.

428 429 611 477 morat
647 431 713 473 ac
755 416 926 474 dicit:
969 436 989 469 ι
1016 417 1117 483 Qui
1154 418 1318 473 habet
1370 433 1532 472 aures
1582 416 1863 478 audiendi.
1906 431 2007 471 au-

2163 417 2267 482 ὶκις
2307 418 2700 489 μνημονεύεται
2737 419 2929 487 λέγων’
2968 439 2989 472 ι
3026 420 3085 475 ’0
3120 419 3260 493 ἔχων
3293 417 3409 474 ὦτα
3449 422 3697 492 ἀκούειν,

428 512 545 569 diat
567 511 634 565 “.
663 529 683 562 ι
717 508 784 563 Εῑ
815 510 1036 580 sapiens
1083 509 1346 563 Salomon
1378 528 1391 564 :
1433 529 1451 561 ι
1478 510 1641 573 Audi,
1674 511 1871 580 inquit,
1904 511 2003 576 tili,

425 604 774 676 disciplinam
815 603 988 674 [atris
1021 604 1122 663 tui,
1154 608 1209 656 et
1250 617 1319 656 ne
1362 600 1594 670 abjicias
1622 602 1767 671 leges
1817 602 2007 657 matris

425 708 533 755 tuae
558 700 622 753 “.
654 716 675 750 ι
715 696 968 750 Profecto
996 695 1259 749 hactenus
1290 709 1398 748 non
1433 694 1758 757 audierunt;
1790 709 1915 748 nam
1948 710 2009 751 se

424 791 668 846 audiisse
715 797 992 860 putantes,
1043 802 1327 858 perperam
1373 787 1695 855 audierunt;
1743 787 2007 843 derelicto

424 900 538 939 uno
568 900 631 938 ac
661 884 779 938 solo
807 896 938 936 vero
967 880 1097 943 Deo,
1124 888 1179 934 et
1220 879 1287 933 ad
1318 880 1656 949 perniciosas
1705 892 1868 949 atque
1907 896 2009 935 ex-

423 976 722 1031 secrabiles
762 975 1001 1029 haereses
1045 973 1329 1037 distracti,
1378 972 1448 1028 de
1487 974 1692 1044 quibus
1733 972 1876 1028 intra
1920 974 2009 1028 di-

418 1086 634 1126 ceruus.

1019 1178 1252 1234 CAPUT
1292 1179 1407 1234 VII.

497 1276 721 1345 Qualem
752 1282 954 1343 oportet
984 1289 1241 1354 esseeum
1270 1275 1361 1343 qui
1390 1288 1481 1341 per
1509 1271 1826 1341 baptismum
1855 1282 1933 1329 est

1086 1344 1355 1398 initiatus.

499 1439 728 1501 Scitote,
757 1435 1092 1499 charissimi,
1121 1435 1268 1504 quod
1299 1436 1391 1505 qui
1422 1435 1477 1489 in
1519 1442 1749 1489 mortem
1789 1434 2001 1490 Domini

420 1530 553 1585 Jesu
587 1535 716 1585 sunt
765 1527 1048 1596 baptizati,
1083 1541 1190 1580 non
1231 1527 1429 1581 debent
1478 1526 1716 1596 amplius
1752 1541 2003 1596 peccare.

422 1622 558 1676 Nam
590 1621 735 1675 sicut
763 1619 983 1679 mortui,
1018 1618 1226 1687 peccati
1251 1633 1482 1687 capaces
1510 1633 1620 1671 non
1653 1624 1817 1682 sunt;
1849 1618 1921 1671 ita
1951 1626 2005 1672 et

420 1714 644 1769 Christo
714 1710 1077 1776 commortui,
1136 1715 1420 1778 peccatum
1487 1708 1831 1763 committere
1901 1724 2002 1764 ne-

2106 512 2370 565 ὰκουέτω.
2394 532 2413 563 ι
2457 514 2566 565 Καὶ
2609 515 2639 565 ό
2682 513 2846 584 σοφὸς
2882 513 3131 585 Σολομὼν
3178 530 3359 584 φησιν·
3417 533 3435 565 ι
3466 516 3694 581 Ἄκουε,

2107 602 2210 665 υἱὲ,
2231 602 2479 656 παιδείαν
2511 603 2718 675 πατρός
2739 622 2854 670 σου,
2877 607 2972 659 καὶ
3003 605 3076 677 μὴ
3106 605 3301 677 ἀπῲσῃ
3322 606 3562 676 θεσμοὺς
3592 625 3696 677 μηλ-

2105 695 2233 767 τρός
2261 712 2376 749 σου.
2404 715 2423 746 ι
2457 698 2567 749 Καὶ
2598 701 2759 768 μέχρι
2789 700 3028 770 σήμερον
3054 700 3155 752 οὑκ
3191 700 3447 770 ηκουσανο
3482 700 3583 752 καὶ
3609 700 3699 753 δο-

2106 787 2330 851 κοῦντες
2373 787 2483 860 γὰρ
2513 789 2624 859 (21)
2661 791 2979 859 ἀκηκοέναι,
3029 792 3408 861 παρήκουσαν,
3436 790 3699 844 καταλεὶυ

2103 879 2303 948 ψαντες
2328 881 2419 933 τὸν
2447 882 2542 934 ἕνα
2584 883 2678 935 καὶ
2709 883 2867 952 μόνον
2896 882 3146 955 ἀληθινὸν
3187 884 3338 947 Θεὸν,
3366 885 3462 937 καὶ
3488 886 3571 946 είς
3598 884 3707 947 τὰς

2105 971 2380 1043 ὀλεθρίους
2406 974 2501 1027 καὶ
2541 974 2719 1039 δεινὰς
2744 975 2981 1047 αἱρέσεις
3010 977 3429 1048 κατασυρέντες,
3458 978 3593 1048 περὶ
3618 970 3707 1030 ὧν.

2105 1061 2262 1129 αὖθις
2290 1065 2417 1137 ὲροῦ
2425 1082 2546 1137 μεν.

2634 1181 3030 1235 ΚΕΦΑΛΑΙΟΝ
3068 1182 3139 1234 Z'.

2382 1274 2523 1329 Οἷον
2551 1274 2669 1344 χρὴ
2698 1275 2849 1328 εἶναι
2878 1274 2986 1328 τὸν
3006 1273 3411 1344 μεμυτυιένον.

2174 1429 2417 1482 Γνωστὸν
2461 1430 2517 1484 δὲ
2559 1430 2698 1484 ἔστω
2738 1431 2885 1502 ὑμῖν,
2924 1432 3219 1503 ἀγαπητοὶ,
3251 1432 3334 1486 ὃτι
3381 1435 3431 1486 οἱ
3466 1433 3699 1503 βαπτισ-

2105 1519 2287 1584 θέντες
2328 1523 2410 1585 είς
2456 1522 2546 1574 τὸν
2593 1522 2821 1576 θάνατον
2867 1523 2962 1576 τοῦ
3012 1525 3217 1595 Κυρίου
3260 1524 3459 1595 Ἰησοῦ,
3508 1526 3701 1582 οὐκέτι

2104 1613 2409 1682 ὀφείλουσιν
2441 1614 2776 1685 ἁμαρτάνειν
2804 1616 2853 1668 οἱ
2898 1614 3149 1669 τοιοῦτοι.
3194 1617 3281 1679 Ὡς
3322 1617 3433 1689 γὰρ
3463 1619 3515 1670 οἱ
3560 1619 3700 1671 ἀπο-

2104 1704 2353 1769 θανόντες
2367 1706 2516 1758 ἀνενέ
2524 1723 2713 1777 ργητοι
2734 1707 2869 1777 πρὸς
2888 1709 3161 1777 ἁμαρτίαν
3180 1709 3539 1780 ὑπάρχουσιν,
3555 1710 3701 1764 οὑτω

420 1813 650 1876 queunt.
695 1803 902 1872 ltaqpe,
939 1775 1162 1865 fratres,
1207 1816 1314 1854 non
1364 1800 1644 1855 credimus
1691 1800 2001 1869 quempiam

2163 1797 2202 1849 ιὶ
2248 1797 2297 1850 οἱ
2348 1798 2806 1863 συναποθανόντες
2844 1800 2922 1869 τῷ
2970 1800 3190 1871 Χριστῷ
3231 1803 3508 1872 ἄπρακτοι
3558 1804 3702 1875 πρὸς

420 1899 548 1952 vita:
572 1898 797 1951 lavacro
823 1896 1016 1957 lotum,
1047 1894 1225 1947 adhuc
1270 1893 1584 1962 iniquorum
1620 1892 1806 1963 ﬂagitii
1838 1909 1897 1948 se
1928 1893 2003 1947 in-

421 1992 671 2061 quinare.
700 1988 804 2054 Qui
836 1995 1015 2042 autem
1047 1994 1172 2056 post
1202 1986 1532 2054 baptismum
1562 1986 1876 2055 deliquerit.
1912 1987 2001 2040 hic

419 2082 531 2137 nisi
573 2082 861 2150 resipiscat
903 2094 967 2133 ac
1008 2092 1241 2149 peccare
1287 2077 1526 2142 desinat,
1572 2076 1641 2131 ad
1694 2078 1999 2148 gehennam

420 2171 894 2229 coudemnabitur.

1008 2351 1239 2409 CAPUT
1284 2351 1414 2408 Vill.

420 2447 502 2502 De
519 2465 580 2503 eo
605 2448 696 2518 qui
715 2449 769 2501 in
798 2448 1145 2511 calumniam,
1169 2447 1247 2501 vel
1269 2444 1721 2515 reprehensionem
1750 2445 1996 2500 incurrit.

491 2541 649 2608 Quod
677 2542 722 2595 si
759 2541 960 2609 aliquis
990 2540 1059 2594 ab
1103 2540 1434 2603 infidelibus,
1472 2539 1602 2608 quia
1632 2553 1739 2590 non
1769 2545 1855 2592 est
1881 2552 1999 2591 am-

419 2635 564 2704 plius
594 2648 783 2688 eorum
815 2633 1075 2703 nequitiae
1101 2646 1355 2695 consors,
1390 2631 1764 2684 calumniosas
1794 2628 1999 2698 patitur

416 2726 755 2793 delationes;
790 2725 928 2780 sciat
975 2724 1065 2779 ille
1095 2740 1154 2780 se
1190 2724 1405 2778 beatum
1436 2738 1565 2778 esse
1609 2720 1752 2791 apud
1785 2720 1994 2776 Deum:

417 2816 878 2887 quemadmodum
908 2824 962 2870 et
994 2815 1259 2870 Dominus
1290 2817 1344 2869 in
1375 2815 1669 2885 Evangelio
1713 2815 1994 2885 loquitur:

423 2930 445 2963 ι
475 2910 629 2966 Beati
659 2910 794 2965 estis
822 2924 946 2964 cum
980 2910 1365 2964 maledixerint
1394 2908 1571 2973 vobis,
1601 2908 1684 2963 vel
1722 2908 1997 2977 persecuti

413 3018 514 3058 vos
547 3002 769 3063 fuerint,
795 3003 881 3057 vel
904 3001 1139 3055 dixerint
1170 3001 1458 3055 adversum
1479 3015 1577 3056 vos
1608 3015 1768 3055 omne
1792 3000 1995 3055 malum

414 3096 670 3159 verbum,
702 3095 1052 3158 mentientes,
1097 3104 1321 3165 propter
1372 3109 1458 3149 me
1488 3113 1500 3147 :
1545 3092 1780 3164 gaudete
1809 3101 1864 3148 et
1898 3109 1996 3148 οι·
2025 3133 2067 3190 C

412 3190 653 3253 sultate,
699 3189 958 3258 quoniam
1018 3202 1230 3242 merces
1291 3195 1471 3241 vestra
1521 3186 1745 3255 copiosa
1799 3192 1883 3241 est
1934 3185 1991 3240 in

409 3281 568 3336 cmlis
590 3281 655 3334 “.
683 3300 701 3332 ι
737 3279 839 3347 Qui
885 3280 1051 3349 igitur
1079 3279 1437 3333 mendacibus
1487 3280 1760 3349 appetitur
1801 3278 1994 3332 convi-

410 3373 534 3437 ciis,
566 3373 613 3428 is
655 3387 781 3427 vere
825 3372 1018 3427 beatus
1062 3380 1182 3437 est;
1217 3371 1659 3443 quandoquidem
1706 3369 1992 3441 Scriptura

407 3465 545 3520 dicit
569 3483 581 3518 :
621 3482 639 3515 ι
666 3463 761 3518 Vir
785 3464 1055 3533 reprobus
1087 3477 1196 3516 non
1228 3469 1473 3517 tentatur
1496 3478 1526 3516 a
1557 3461 1667 3517 Deo
1690 3463 1791 3518 ⁸⁵.›
1820 3462 1992 3518 Porro

406 3557 504 3630 qui
533 3557 658 3611 mali
693 3556 975 3627 quidpiam
1010 3555 1189 3625 egisse
1223 3555 1603 3618 convincetur,
1638 3555 1728 3610 ille
1759 3571 1867 3609 non
1899 3572 1993 3611 so-

408 3650 524 3705 lum
554 3650 740 3703 nocuit
771 3649 895 3712 sibi,
921 3664 1108 3703 verum
1137 3648 1302 3702 etiam
1335 3647 1390 3700 in
1413 3662 1705 3703 commune
1735 3648 1992 3704 Ecclesia:

407 3757 614 3813 corpus
655 3749 710 3797 et
761 3742 814 3796 in
865 3755 1080 3796 sacram
1133 3740 1437 3794 doctrinam
1490 3740 1792 3807 injuriosus
1848 3740 1988 3809 fuit;

406 3835 570 3905 quasi
594 3851 713 3891 eam
746 3836 1088 3889 honestatem
1117 3849 1281 3904 quam
1313 3833 1699 3902 praedicamus,
1730 3835 1989 3903 operibus

406 3942 519 3981 non
552 3927 867 3996 probemus,
899 3941 1316 3994 mereamurque
1348 3925 1514 3979 etiam
1550 3941 1651 3981 nos
1696 3926 1846 3980 illam
1891 3941 1989 3982 ex-

408 4021 815 4091 probrationem
859 4035 888 4071 a
933 4018 1162 4074 Domino
1199 4018 1429 4073 audire:
1469 4038 1488 4069 (
1521 4018 1738 4085 Dicunt,
1777 4026 1833 4074 et
1876 4035 1987 4074 non

409 4111 703 4165 faciunt“.
734 4130 751 4159 ι
798 4112 1144 4180 Quapropter
1194 4111 1443 4164 homines
1492 4110 1836 4180 huiusmodi,
1891 4111 1985 4184 qui

2104 1891 2398 1962 ἁμαρτίαν.
2433 1893 2507 1944 Οὐ
2553 1891 2881 1962 πιστεύομεν
2921 1888 3035 1954 οὑν,
3078 1892 3316 1961 ἀδελφοὶ,
3359 1894 3700 1964 λουσάμενόν

2100 2001 2221 2036 τινα
2238 1984 2300 2037 τὸ
2316 1985 2416 2053 τῆς
2438 1983 2584 2054 ζωῆς
2603 1984 2843 2055 λουτρὸν,
2866 1983 2944 2036 ἔτι
2978 1983 3242 2055 πράσσειν
3259 1985 3327 2037 τὰ
3346 1987 3456 2038 τῶν
3477 1986 3701 2057 ἀνόμων

2100 2075 2478 2146 ἀσελγήματα.
2524 2077 2581 2129 '0
2622 2076 2678 2129 δὲ
2723 2077 3049 2147 ἁμαρτήσας
3094 2076 3231 2147 μετὰ
3272 2077 3334 2130 τὸ
3384 2077 3697 2149 βάπτισμα,

2099 2159 2256 2230 οὗτος
2286 2167 2380 2220 ἐὰν
2414 2167 2488 2239 μὴ
2537 2168 2808 2239 μεταγνῷ,
2854 2168 2948 2222 καὶ
2978 2168 3255 2240 παύσηται
3294 2168 3391 2223 τοῦ
3436 2169 3701 2242 πλημμε-

2099 2258 2230 2324 λεῖν,
2262 2263 2343 2324 είς
2372 2260 2598 2329 γέενναν
2635 2262 3120 2333 κατακριθήσεται.

2627 2354 3021 2407 ΚΕΦΑΛΑΙΟΝ
3060 2356 3143 2408 Η’.

2206 2442 2347 2511 Περὶ
2373 2446 2967 2515 συκοφαντουμένου,
3000 2447 3132 2516 ἤτοι
3156 2447 3586 2517 ἐλεγχομένων.

2169 2535 2233 2588 Εἰ
2261 2534 2318 2588 δέ
2345 2552 2429 2599 τις
2457 2536 2562 2589 ὑπὸ
2591 2537 2837 2592 ἀπίστων
2868 2540 3247 2611 συκοφαντηθῇ
3275 2540 3362 2593 διὰ
3390 2542 3456 2593 τὺ
3493 2540 3709 2610 μηκέτι

2100 2630 2283 2693 αὑτοῖς
2332 2630 2793 2699 συνασελγαίνειν,
2843 2632 3158 2699 γινωσκέτω
3201 2633 3285 2685 ὅτι
3345 2632 3622 2704 μακάριος
3671 2636 3702 2685 ὁ

2098 2719 2339 2783 τοιοῦτος
2365 2721 2599 2793 ὑπάρχει
2620 2722 2739 2793 Θεῷ
2759 2723 2891 2793 (22)·
2925 2723 3107 2787 καθὼς
3135 2725 3229 2777 καὶ
3256 2726 3285 2777 ὁ
3302 2725 3512 2797 Κύριος
3541 2727 3599 2778 ὲν
3620 2726 3703 2795 τῷ

2100 2812 2416 2884 Εὑαγγελίῳ
2443 2814 2611 2882 λέγει’
2650 2833 2669 2866 ι
2697 2815 2975 2885 Μακάριοι
3008 2817 3153 2880 ἐστε,
3181 2818 3308 2870 ὅταν
3355 2818 3703 2871 ὀνειδίσωσιν

2100 2904 2265 2975 ὑμᾶς,
2295 2905 2327 2976 ἢ
2356 2904 2647 2970 διώξωσιν,
2684 2906 2718 2978 ἢ
2749 2909 2945 2961 είπωσι
2975 2907 3095 2961 καθ’
3128 2909 3281 2979 ὑμῶν
3311 2912 3421 2963 πᾶν
3451 2910 3704 2981 πονηρδν

2102 2998 2277 3072 ῥῆμα,
2307 2998 2641 3069 ψευδόμενοι,
2692 3000 2876 3052 ἕνεκεν
2906 2999 3061 3071 ὲμοῖν
3095 3001 3335 3072 χαίρετε,
3379 3004 3478 3054 καὶ
3522 3002 3704 3070 ἀγαλ-

2099 3088 2306 3153 λιᾶσθε,
2324 3090 2405 3143 ὅτι
2427 3092 2455 3142 ὁ
2486 3090 2675 3162 μισθὸς
2706 3092 2857 3162 ὑμῶν
2879 3091 3045 3155 πολὺς
3070 3094 3129 3145 ὲν
3150 3097 3261 3156 τοῖς
3289 3095 3561 3164 οὐρανοῖς.
3578 3114 3597 3144 ι
3635 3096 3703 3146 ΕΞ

2100 3180 2193 3237 οὖν
2208 3200 2290 3247 τις
2307 3182 2722 3255 βλασφημηθείη
2751 3183 2845 3238 ἐπὶ
2869 3183 3163 3257 ψεύσματι,
3187 3186 3499 3258 μακάριοςὸ
3524 3187 3708 3240 τοιοῦ-

2098 3292 2209 3340 τος.
2241 3277 2403 3345 Λέγει
2438 3276 2547 3348 γὰρ
2576 3280 2607 3349 ἡ
2650 3278 2864 3349 Γραφή·
2903 3297 2923 3329 ι
2960 3278 3121 3348 Ἀνὴρ
3150 3277 3427 3347 ἀδόκιμος,
3456 3279 3707 3349 ἀπείρα-

2100 3384 2225 3432 στος
2266 3369 2418 3440 παρὰ
2450 3368 2587 3440 Θεῷ.
2615 3388 2633 3421 ι
2668 3370 2732 3422 Εἰ
2770 3369 2827 3422 δέ
2856 3387 2939 3433 τις
2967 3369 3196 3441 ἐλεγχθῇ
3225 3368 3443 3441 πράξας
3484 3387 3541 3422 τι
3569 3371 3707 3425 ἂνο-

2100 3478 2222 3533 μον,
2236 3462 2266 3515 ὁ
2278 3460 2515 3525 τοιοῦτος
2531 3462 2591 3514 οὑ
2610 3462 2766 3532 μόνον
2784 3462 2976 3516 ἑαυτὸν
2994 3462 3243 3533 ἔϐλαψεν,
3261 3463 3395 3517 ἀλλά
3416 3464 3514 3516 καὶ
3536 3463 3705 3533 βλαπ-

2099 3572 2174 3626 φη
2183 3553 2312 3624 μίαν
2332 3552 2661 3625 προσέτριψε
2686 3553 2765 3625 τῷ
2793 3554 2955 3625 κοινῷ
2975 3555 3075 3625 τῆς
3105 3558 3429 3628 Ἐκκλησίας
3450 3557 3704 3628 σώματι,

2099 3646 2195 3701 καὶ
2220 3650 2287 3717 τῇ
2314 3645 2650 3718 διδασκαλίᾳ,
2683 3648 2759 3711 ὡς
2791 3647 2865 3719 μὴ
2897 3648 3195 3703 ποιούντων
3223 3650 3431 3715 ἐκεῖνα,
3459 3649 3499 3705 ἃ.
3534 3650 3705 3719 λέγο-

2099 3755 2196 3810 μεν
2224 3733 2362 3792 εἶναι
2396 3738 2558 3803 καλὰ,
2590 3740 2684 3793 καὶ
2728 3741 3203 3813 όνειδισθησόμεθα
3248 3744 3342 3796 καὶ
3383 3745 3550 3815 ἡμεῖς
3585 3745 3703 3797 ὑπὸ

2093 3829 2190 3884 τοῦ
2219 3831 2446 3903 Κυρίου,
2473 3831 2555 3885 δτι
2590 3849 2609 3883 ι
2639 3833 2891 3900 Λέγουσι,
2941 3834 3034 3887 καὶ
3061 3835 3123 3887 οὑ
3169 3834 3437 3888 ποιοῦσιν.
3468 3855 3489 3887 ι
3528 3836 3701 3889 ’Ὅθεν

2093 3924 2220 3986 τοὺς
2261 3922 2538 3985 τοιούτους
2578 3924 2932 3995 ἐλεγχθέντας
2978 3925 3194 3997 ἀληθῶς
3213 3966 3229 3991 ,
3276 3929 3699 3999 παραιτήσεται

2096 4014 2233 4085 μετὰ
2278 4017 2593 4089 παρρησίας
2627 4018 2656 4070 ὁ
2693 4018 3011 4085 ἐπίσκοπος,
3052 4021 3101 4073 εί
3149 4019 3226 4092 μὴ
3269 4020 3699 4091 μεταϐάλωνται

2093 4106 2183 4159 τὸν
2212 4108 2429 4178 τρόπον.

409 4221 539 4261 vere
570 4205 805 4258 convicti
854 4204 1077 4267 fuerint,
1108 4204 1213 4258 nisi
1253 4219 1433 4259 mores
1470 4204 1820 4271 mutaverint,
1860 4204 2157 4275 episcopus
2188 4198 2415 4258 ﬁdenter
2441 4202 2737 4261 abdicabit.

1020 4381 1249 4437 CAPUT
1291 4382 1381 4439 IX.

480 4476 800 4547 Episcopum
828 4492 932 4529 non
962 4475 1145 4529 debere
1169 4492 1282 4529 esse
1317 4475 1619 4530 muneribus
1649 4476 1907 4546 pervium.

479 4570 707 4640 Oportet
752 4568 899 4623 enim
945 4567 1263 4636 episcopum
1294 4583 1404 4622 non
1449 4568 1611 4623 modo
1642 4568 1983 4640 inculpatum

410 4678 554 4725 esse,
584 4660 681 4715 sed
711 4666 764 4714 et
787 4673 1146 4729 personarum
1177 4673 1286 4713 non
1326 4666 1749 4729 acceptatorem,
1779 4661 1985 4731 quique

407 4762 726 4824 peccatores
752 4752 1065 4805 humaniter
1086 4751 1336 4820 castiget.
1368 4750 1525 4816 Quod
1558 4752 1602 4805 si
1636 4751 1741 4805 sibi
1763 4767 1985 4823 quoque

408 4848 551 4901 male
594 4844 877 4907 conscius,
926 4852 981 4899 et
1030 4844 1196 4898 certis
1249 4843 1504 4913 personis
1553 4844 1854 4914 gratiﬁcari
1884 4860 1983 4900 cu-

409 4938 586 5007 piens,
633 4936 856 4991 sordide
900 4935 1138 5005 acceptis
1188 4937 1529 4999 muneribus,
1570 4938 1847 4993 sceleroso
1890 4954 1986 5009 pe-

409 5031 673 5100 percerit,
706 5045 941 5099 eumque
987 5031 1041 5083 in
1084 5028 1326 5083 Ecclesia
1373 5045 1596 5085 manere
1643 5033 1982 5100 permiserit,

407 5131 462 5175 et
514 5123 814 5192 neglexerit
867 5121 1081 5178 divinas
1116 5137 1179 5176 ac
1221 5120 1536 5178 Dominicas
1564 5140 1756 5189 voces,
1797 5125 1984 5180 dicen-

496 5280 544 5311 "
573 5279 759 5335 Matth.
788 5296 842 5335 ιι
877 5286 932 5336 et
974 5294 1095 5334 xm.
1192 5278 1238 5311 ⁸³
1268 5278 1430 5335 Prov.
1466 5295 1513 5345 l,
1547 5280 1600 5335 8.

2634 4386 3029 4442 ΚΕΦΑΛΑΙΟΝ
3063 4386 3141 4442 Θ¹.

2095 4478 2221 4537 “Ott
2245 4481 2691 4550 ἀδωροδόκητον
2717 4481 2871 4535 εἶναι
2897 4479 3013 4549 χρὴ
3042 4482 3148 4534 τὸν
3181 4479 3525 4535 ἐπίσκοπον
3546 4482 3693 4553 (23).

2163 4575 2237 4627 Οὑ
2257 4573 2365 4644 γὰρ
2396 4572 2553 4643 μόνον
2569 4572 2918 4642 ἀπρόσκοπον
2936 4568 3075 4625 εἶναι
3103 4572 3210 4645 χρὴ
3237 4573 3330 4626 τὸν
3350 4574 3696 4637 ἐπίσκοπον,

2091 4664 2227 4719 ἀλλὰ
2255 4665 2348 4717 καί
2386 4663 2908 4735 ἀπροσωπόληπτον,
2937 4665 2995 4718 ὲν
3035 4666 3363 4736 χρηστότητι
3409 4667 3699 4737 σωφρονί-

2090 4756 2249 4821 ζοντα
2269 4757 2394 4819 τοὺς
2421 4755 2852 4828 ἁμαρτάνοντας.
2882 4758 2944 4811 Et
2974 4757 3030 4810 δὲ
3056 4757 3150 4811 καὶ
3170 4757 3332 4819 αὐτὸς
3349 4758 3453 4810 οὑκ
3484 4759 3698 4810 εὐσυν-

2091 4847 2297 4917 είδητος
2358 4848 2637 4919 ὑπάρχων,
2691 4848 3164 4921 προσωπολήπτης
3217 4850 3532 4920 γενόμενος,
3588 4850 3697 4904 διὰ

2086 4946 2206 4992 τινα
2244 4941 2603 5013 αἰσχροκερδῆ
2637 4941 2997 5012 δωροληψίαν,
3028 4943 3272 5013 φείσεται
3312 4942 3409 4996 τοῦ
3454 4944 3694 5013 ἀνόμως

2087 5031 2443 5103 ἁμαρτόντος,
2487 5033 2653 5097 ὲάσας
2718 5035 2863 5106 ὲντῇ
2914 5035 3206 5106 Ἐκκλησία
3254 5036 3437 5105 μένειν
3485 5036 3691 5097 αὑτὸν,

2086 5124 2443 5199 παρακούσας
2476 5126 2578 5197 τῆς
2606 5126 2755 5191 θείας
2778 5128 2871 5181 καὶ
2892 5128 3175 5198 Κυριακῆς
3204 5127 3392 5196 φωνῆς
3419 5128 3519 5198 τῆς
3557 5128 3695 5197 (24)

1708 5281 1754 5312 ⁸⁵
1790 5279 1985 5335 Matth.
2013 5300 2015 5304 ‘

2171 5323 2184 5336 .
2263 5280 2308 5313 ⁸⁸
2336 5279 2455 5337 Jac.
2482 5297 2539 5348 1,
2576 5282 2680 5348 12,
2728 5283 2816 5339 15,
2892 5284 2938 5315 ⁸⁸
2970 5282 3163 5339 Matth.
3211 5300 3384 5348 χχιιι,
3421 5284 3475 5338 3.

1725 5455 2081 5514 VARIORUM
2112 5455 2321 5513 ΝΟΤΑΞ
2335 5500 2349 5513 .

479 5610 599 5695 (211).
632 5612 743 5665 Kal
797 5611 1118 5684 δοκοῦντες
1170 5612 1300 5683 γάρ.
1345 5614 1411 5665 Οἱ
1456 5614 1502 5667 δ.
1544 5612 1599 5666 δέ
1635 5653 1650 5676 ,
1687 5612 1826 5668 alter
1878 5626 1980 5667 co-

398 5688 521 5745 dex.
562 5686 731 5738 Cum.

468 5755 590 5821 ηε]
631 5754 772 5821 Θεῷ.
802 5753 952 5809 Alter
978 5754 1149 5811 codex
1172 5752 1331 5811 Vind.
1360 5751 1510 5826 παρὰ
1540 5752 1675 5824 Θεῷ.
1707 5751 1774 5811 lo.

2155 5614 2270 5690 (ea)
2310 5614 2600 5690 Inscriptio
2634 5617 2746 5672 ham
2776 5618 2929 5675 deest
2962 5620 3017 5674 in
3057 5628 3289 5690 utroque
3332 5623 3545 5678 codice.
3589 5624 3685 5683 lo.

2155 5686 2269 5758 (24)
2316 5687 2446 5757 Τῆς.
2493 5687 2615 5743 Haec
2655 5690 2846 5743 vocula
2898 5690 3050 5746 deest
3092 5692 3146 5745 in
3196 5686 3370 5747 altero
3415 5693 3536 5749 cod.
3592 5694 3685 5754 Ι..
