3816 6432
480 371 583 427 619

1327 370 1383 423 S.
1423 363 1819 423 CLEMENTIS
1852 366 1872 419 ι
1906 362 2072 420 ROM.
2108 360 2309 417 PONT.
2346 358 2573 417 OPERA
2606 357 2834 416 DUBIA.

3612 352 3709 408 620

480 497 618 543 tum.
650 485 717 540 Et
746 486 790 542 si
826 484 1029 541 fuerint
1060 492 1173 539 tres
1204 498 1307 539 Vll‘l
1339 482 1393 536 in
1430 481 1609 536 medio
1635 481 1756 552 ejus
1777 520 1791 545 ,
1830 479 1965 548 Noe,
1998 487 2053 533 et

2158 478 2215 530 ἐν
2244 476 2394 547 μέσῳ
2422 477 2613 547 αὐτῆς,
2646 475 2788 539 Νῶε,
2819 474 2913 528 καὶ
2953 472 3196 536 Ἰὼ6,καὶ
3222 469 3437 542 Δανιὴλ,
3449 463 3591 523 οὗτοι

476 578 582 634 Job
601 619 617 641 ,
647 587 702 634 et
733 577 919 632 Daniel
955 594 971 643 ;
1002 575 1106 645 ipsi
1135 574 1190 629 in
1223 590 1323 630 sua
1353 574 1569 643 justitia
1600 576 1900 630 servabunt
1930 575 2048 627 aui-

478 685 597 727 mas
642 684 809 730 suas,
865 668 941 722 ait
988 664 1199 720 Adonai
1258 664 1523 721 Dominus
1543 666 1610 721 ’⁵.
1648 666 2047 737 Ἀρετιὶεείιιιε

478 759 779 817 declaravit
810 758 1130 828 Scriptura,
1156 757 1367 828 justum
1406 772 1531 812 cum
1570 757 1778 827 injuste
1818 775 2048 814 convcr-

478 860 690 908 santem
710 890 726 917 ,
752 866 860 905 una
887 865 1011 905 cum
1042 865 1109 905 eo
1136 864 1244 904 non
1273 850 1520 905 interire.
1553 848 1833 921 Siquidem
1860 852 1916 906 in
1943 852 2048 907 hoc

478 944 685 999 mundo
724 942 860 1012 justi
908 949 962 995 et
1010 940 1203 1011 injusti
1244 941 1410 997 simul
1452 952 1874 1013 congregantur,
1924 944 2049 999 vitae

478 1034 874 1089 communitate
894 1073 909 1098 ,
944 1048 1054 1087 non
1084 1033 1248 1088 etiam
1278 1033 1589 1088 sanctitatis
1614 1050 1630 1101 ;
1661 1049 1768 1104 qua
1798 1034 1852 1089 in
1882 1049 2048 1090 causa

478 1124 639 1179 amici
669 1124 764 1179 Dei
802 1140 913 1179 non
960 1131 1225 1195 peccant,
1267 1124 1514 1194 quinimo
1549 1142 1567 1176 ι
1611 1124 1830 1180 Patrem
1885 1141 2046 1181 suum

476 1215 571 1286 qui
596 1214 649 1269 in
676 1215 832 1271 costis
851 1222 937 1271 est
964 1234 982 1267 ›
1017 1216 1329 1280 imitantur,
1356 1232 1374 1266 ι
1406 1215 1499 1285 qui
1525 1216 1695 1271 solem
1721 1233 1882 1271 suum
1912 1219 2046 1273 oriri

478 1308 609 1362 facit
652 1323 816 1378 super
859 1308 1040 1378 justos
1082 1316 1136 1363 et
1178 1308 1537 1379 injustos,.et
1566 1326 1585 1359 ι
1613 1307 1843 1364 imbrem
1885 1326 2045 1365 suum

485 1417 503 1450 ι
530 1398 667 1469 pluit
700 1414 865 1469 super
907 1400 1079 1454 malos
1127 1406 1181 1454 et
1226 1399 1400 1454 bonos
1420 1399 1489 1453 ".
1527 1418 1547 1452 ι
1573 1400 1619 1431 ’°
1640 1398 1827 1471 Neque
1874 1402 2044 1457 ullum

478 1490 608 1545 inde
634 1490 937 1561 periculum
967 1490 1087 1546 viro
1114 1490 1266 1561 justo
1293 1508 1308 1557 ;
1344 1506 1470 1545 nam
1503 1490 1558 1545 in
1592 1492 1771 1547 stadio
1809 1493 2047 1550 victores

473 1581 641 1636 victis
680 1589 810 1637 sunt
848 1582 1137 1653 permisti;
1179 1590 1235 1636 at
1273 1581 1328 1636 in
1369 1597 1586 1637 corona:
1615 1582 1909 1640 donatione
1945 1585 2047 1640 soli

477 1682 662 1728 astant
709 1674 804 1745 qui
855 1674 1070 1729 fortiter
1120 1681 1545 1745 pugnaverunt,
1604 1690 1705 1729 nec
1753 1676 2046 1747 quisquam

476 1773 795 1831 coronatur,
826 1765 930 1821 nisi
962 1765 1055 1836 qui
1084 1765 1323 1836 legitime
1357 1766 1648 1821 certaverit
1669 1766 1735 1819 "'.
1787 1766 1833 1798 ⁸⁸
1866 1767 2048 1824 Unus—

476 1857 711 1929 quisque
739 1857 803 1913 de
832 1858 1013 1928 seipse
1055 1858 1407 1912 conﬁtebitur
1443 1873 1506 1913 ac
1536 1857 1919 1929 respondebit,
1950 1876 2047 1915 ue-

475 1966 584 2020 que
606 1950 817 2020 justum
849 1965 974 2004 cum
1007 1950 1214 2019 injuste
1242 1950 1389 2005 Deus
1430 1950 1657 2021 perdet;
1701 1951 2046 2022 quandoqui-

476 2041 599 2097 dem
631 2042 773 2111 apud
800 2057 923 2097 etin]
956 2042 1220 2112 quidquid
1253 2042 1427 2112 culpae
1454 2058 1564 2097 non
1594 2053 1678 2099 est
1708 2044 2043 2113 obnoxium,

474 2147 580 2187 nec
619 2133 816 2188 ultioni
853 2133 1160 2203 subjectum
1199 2140 1305 2189 est.
1341 2132 1529 2204 Neque
1566 2135 1712 2189 enim
1751 2134 1918 2191 Noem
1950 2137 2047 2191 de-

474 2224 712 2291 mersit,
760 2239 940 2294 neque
991 2223 1185 2278 Lotum
1239 2226 1531 2293 incendit,
1566 2243 1743 2297 neque
1800 2227 2044 2284 Raabam

474 2314 666 2385 patria:
702 2316 917 2370 excidio
962 2316 1414 2386 comprehendit;
1447 2324 1503 2371 et
1547 2318 1595 2373 si
1639 2318 1803 2384 libet,
1851 2329 2044 2376 nostra

473 2420 693 2475 quoque
744 2420 1053 2477 cognosce,
1102 2405 1274 2463 Judas
1322 2407 1526 2464 sodalis
1578 2419 1788 2476 noster,
1839 2419 2045 2467 sortem

471 2497 765 2552 ministerii
792 2498 1082 2553 nobiscum
1112 2512 1455 2555 communem
1489 2502 1737 2571 accepit,
1770 2511 1823 2557 et
1854 2501 2043 2559 Simon

472 2589 667 2660 uagus
698 2590 967 2661 baptismo
1001 2588 1212 2644 Domini
1249 2590 1495 2662 signatus
1525 2591 1665 2659 fuit;
1701 2610 1889 2649 verum
1918 2610 2042 2651 cum

473 2691 705 2752 uterque
735 2698 936 2753 pravus
979 2682 1320 2748 exstitisset,
1354 2685 1446 2739 ille
1490 2686 1709 2755 quidem
1750 2687 1944 2757 laqueo
1984 2703 2044 2744 se

471 2775 801 2845 suspendit;
834 2775 927 2829 hic.
950 2791 1082 2830 vero
1112 2783 1311 2846 praeter
1333 2776 1616 2831 hominum
1657 2788 1908 2834 naturam
1947 2796 2045 2835 vo-

470 2865 671 2931 litans,
698 2866 852 2939 gravi
881 2882 1015 2923 casu
1047 2868 1251 2924 fractus
1275 2876 1380 2925 est.
1411 2870 1491 2924 Ad
1521 2870 1636 2925 haec
1655 2910 1670 2936 ,
1703 2871 1843 2925 Area
1874 2871 2042 2927 Noem

473 2968 532 3015 et
575 2958 718 3015 ﬁlios
756 2960 879 3031 ejus
917 2961 1424 3031 complectebatur;
1472 2962 1567 3018 sed
1610 2964 1762 3020 solus
1804 2963 2044 3021 Cbamus

472 3065 708 3121 nequam
758 3059 1044 3122 repertus,
1092 3053 1147 3107 in
1196 3052 1306 3107 ﬁlio
1353 3068 1546 3124 paruas
1583 3054 1753 3111 dedit.
1799 3054 1955 3123 Quod
1994 3058 2042 3114 si

470 3150 656 3214 patres
684 3158 783 3212 pro
819 3142 946 3199 ﬁliis
973 3158 1083 3199 non
1116 3145 1443 3215 puniuntur,
1477 3162 1655 3216 neque
1687 3147 1781 3203 filii
1816 3164 1913 3218 pro
1943 3165 2043 3219 pa-
2066 3166 2111 3226 ο

470 3234 649 3291 tribus
676 3274 692 3299 ,
722 3235 891 3306 liquet
914 3236 1060 3306 quod
1092 3251 1270 3307 neque
1296 3252 1496 3293 uxores
1525 3253 1624 3308 pro
1654 3238 1902 3305 maritis,
1938 3256 2039 3295 ne-

469 3343 579 3398 que
600 3328 789 3383 [amuli
811 3343 911 3398 pro
934 3327 1194 3392 dominis,
1211 3343 1386 3399 neque
1407 3330 1622 3400 cognati
1645 3346 1744 3400 pro
1766 3331 2036 3402 cognatis,

471 3435 651 3491 neque
681 3421 843 3475 amici
874 3436 973 3493 pro
1003 3422 1197 3477 amicis
1218 3460 1232 3486 ,
1266 3438 1451 3491 neque
1472 3421 1607 3492 justi
1643 3439 1741 3492 pro
1770 3424 1992 3493 mjustis
2020 3440 2039 3494 ;

468 3512 697 3582 etquod
736 3512 938 3583 singuli
978 3511 1045 3568 de
1083 3513 1201 3569 suis
1250 3514 1510 3584 operibus
1551 3515 2035 3571 examinabuntur.

469 3601 605 3657 Nam
637 3618 667 3657 a
697 3601 812 3658 Noe
840 3619 941 3674 pro
970 3604 1175 3659 mundo
1198 3619 1373 3675 poena:
1400 3620 1510 3660 non
1535 3614 1666 3662 sunt
1686 3615 1911 3670 exactae,
1937 3622 2039 3663 nec

467 3694 638 3751 Lotus
667 3711 766 3766 pro
799 3694 1051 3752 Sodomis
1080 3696 1336 3752 incendio
1364 3697 1757 3770 conﬂagravit,
1776 3715 1894 3754 nec
1924 3698 2036 3753 Ra-

468 3786 571 3840 aba
604 3802 703 3857 pro
732 3785 1169 3844 Hiericbuntinis
1198 3789 1447 3860 jugulata
1477 3797 1564 3845 est
1584 3829 1599 3855 ,
1631 3806 1733 3846 nec
1777 3791 2038 3848 Israelitle

465 3889 567 3943 pro
612 3873 881 3945 [Egyptiis
927 3878 1197 3934 submersi
1231 3890 1378 3935 sunt.
1411 3879 1842 3936 Coutuberuium
1888 3881 2036 3935 enim

460 3964 644 4033 justus
662 3967 991 4031 injustorum
1017 3970 1353 4027 damnationi
1375 3988 1481 4028 non
1502 3972 1750 4037 involvit,
1773 3972 1869 4029 sed
1895 3985 2038 4026 una-

467 4055 713 4113 uimitas.
739 4056 910 4128 Igitur
925 4058 1205 4137 attendere
1222 4073 1328 4113 non
1353 4058 1615 4116 debemus
1643 4061 1764 4116 istis
1795 4062 2035 4118 homini-

467 4146 594 4211 bus,
614 4147 680 4203 ad
700 4148 899 4203 caedem
921 4164 1138 4220 semper
1156 4151 1446 4221 promptis,
1470 4151 1830 4209 humanitatis
1855 4154 2036 4210 osori-

466 4238 593 4303 bus,
634 4240 1038 4298 criminationis
1076 4242 1360 4309 studiosis,
1389 4251 1443 4299 et
1482 4244 1727 4315 quicum
1774 4253 2038 4317 praetextu

2075 1832 2119 1887 B

2151 571 2210 622 ὲν
2239 572 2307 641 τῇ
2336 568 2646 638 δικαιοσύνῃ
2692 568 2870 621 αὐτῶν
2919 565 3151 619 σώσουσι
3188 562 3288 627 τάς
3316 561 3494 634 ψυχὰς
3525 561 3713 624 αὐτῶν,

2150 663 2300 731 λέγει
2339 660 2560 715 Ἀδωναῖ
2589 660 2812 731 Κύριος.
2846 678 2864 710 ι
2895 657 3215 728 Σαφέστατα
3241 655 3352 727 (57)
3379 654 3711 726 δεδήλωκενὴ

2150 754 2363 828 Γραφὴ,
2394 754 2477 807 δτι
2533 752 2706 807 συνὼν
2772 750 2977 813 δίκαιος
3016 749 3185 820 ἀδίκῳ
3227 748 3290 801 οὐ
3338 745 3713 801 συναπόλλυται

2153 850 2269 920 μετ’
2306 846 2495 902 αὑτοῦ.
2548 846 2636 899 Ἐν
2665 843 2774 915 γὰρ
2798 843 2877 913 τῷ
2895 842 3084 912 κόσμῳ
3102 841 3276 912 τούτῳ
3295 841 3388 894 κα)¹
3409 839 3603 892 δίκαιοι
3629 839 3717 891 καὶ

2147 942 2322 996 ἀδικοι
2354 936 2604 1010 ἀλλήλοις
2634 933 3081 1003 συναγελάζονται
3107 932 3359 1003 κοινωνίᾳ
3380 930 3516 1000 βίου,
3536 931 3595 983 οὐ
3612 928 3716 1000 μὴν

2148 1033 2243 1088 καὶ
2270 1031 2568 1101 ὁσιότητος·
2602 1029 2696 1083 καὶ
2724 1030 2895 1097 τούτῳ
2928 1025 3027 1095 οὐχ
3072 1022 3474 1096 ἁμαρτάνουσιν
3512 1021 3563 1073 οἱ
3606 1020 3718 1073 Θεο-

2148 1125 2339 1195 φιλεῖςο
2377 1121 2611 1195 μιμηταὶ
2645 1120 2755 1190 γάρ
2797 1119 2904 1171 εἰσι
2948 1116 3041 1170 τοῦ
3084 1114 3297 1187 Πατρὸς
3324 1113 3505 1167 αὐτῶν
3544 1110 3634 1165 τοῦ
3659 1113 3717 1165 ὲν

2146 1220 2262 1279 τοῖς
2292 1216 2561 1287 οὐρανοῖς,
2582 1210 2675 1264 τοῦ
2708 1210 2799 1263 τὸν
2825 1209 2976 1280 ἥλιον
3020 1206 3186 1262 αὑτοῦ
3227 1204 3606 1267 ἀνατέλλοντος
3628 1205 3718 1257 ἐπὶ

2146 1307 2386 1371 δικαίους
2419 1305 2514 1359 καὶ
2543 1302 2780 1365 ἀδίκους,
2813 1301 2907 1355 καὶ
2938 1299 3223 1371 βρέχοντος
3250 1296 3414 1352 αὐτοῦ
3441 1296 3534 1350 τὸν
3572 1297 3717 1349 ὑετὸν

2146 1402 2240 1454 ἐπὶ
2266 1399 2556 1470 πονηροὺς,
2585 1396 2678 1449 καὶ
2706 1391 2964 1462 ἀγαθούς.
3006 1388 3296 1447 Καῖοὺδὲν
3335 1387 3661 1442 κινδυνεύσει
3690 1387 3718 1438 ὁ

2146 1495 2350 1557 δίκαιος
2377 1494 2443 1547 ὲκ
2469 1490 2677 1544 τούτου·
2710 1489 2768 1541 ὲν
2796 1485 2905 1558 γὰρ
2933 1484 3010 1556 τῷ
3042 1483 3238 1555 σταδίῳ
3266 1482 3360 1537 καὶ
3377 1481 3720 1552 νικηταὶ,καὶ

2146 1584 2433 1659 νικώμενοί
2460 1586 2617 1648 εἰσιν,
2651 1583 2709 1637 ὲν
2735 1582 2791 1636 δὲ
2819 1581 2899 1653 τῷ
2928 1578 3177 1649 στεφάνῳ
3209 1578 3357 1649 μόνοι
3386 1576 3438 1628 οί
3464 1573 3721 1643 γενναίως

2146 1679 2570 1752 ἀγωνισάμενοι,
2611 1675 2784 1739 οὐδεὶς
2812 1674 2868 1728 δὲ
2917 1671 3294 1743 στεφανοῦται,
3345 1669 3441 1722 ὲάν
3470 1666 3548 1738 μὴ
3577 1666 3724 1737 νομί-

2151 1794 2267 1848 μως
2309 1773 2541 1844 ἀθλήσῃ.
2588 1770 2859 1831 Ἕκαστος
2903 1767 3012 1839 γὰρ
3057 1765 3189 1837 περὶ
3237 1761 3430 1818 ἑαυτοῦ
3472 1759 3724 1831 ἐξομολο-

2146 1869 2374 1939 γήσεται
2394 1866 2462 1927 ⁸³,
2491 1864 2586 1917 καὶ
2614 1863 2676 1916 οὐ
2700 1861 2774 1933 μὴ
2806 1858 3141 1930 συναπολέσῃ
3170 1858 3198 1909 ὁ
3227 1855 3358 1919 Θεὸς
3384 1854 3478 1908 τὸν
3522 1853 3727 1906 δίκαιον

2150 1958 2287 2031 μετά
2324 1956 2419 2010 τοῦ
2453 1955 2660 2017 ἀδίκου,
2701 1951 2927 2023 ἐπείπερ
2961 1951 3092 2021 παρ’
3121 1946 3270 2018 αὐτῷ
3314 1945 3375 1999 τὸ
3408 1943 3725 2016 ἀναμάρτηο

2149 2068 2239 2105 τον
2261 2046 2623 2118 ἀτιμώρητον.
2656 2041 2791 2095 (οὔτε
2838 2042 2947 2113 γὰρ
2985 2040 3074 2093 τὸν
3112 2040 3234 2091 Νῶε
3262 2036 3621 2095 κατέκλυσεν.
3649 2034 3728 2089 οὗ·

2145 2159 2205 2195 τε
2234 2141 2325 2195 τὸν
2351 2136 2472 2193 Λὼτ
2499 2133 2844 2205 κατέφλεξεν,
2874 2132 2996 2186 οὔτε
3026 2130 3124 2202 τὴν
3151 2130 3319 2184 Ῥαὰϐ
3352 2128 3725 2183 συναπώλεσεν

2145 2235 2194 2286 εί
2223 2232 2280 2284 δὲ
2316 2228 2568 2301 βούλεσθε
2608 2227 2810 2296 γνῶναι
2861 2226 2953 2279 καὶ
2998 2223 3066 2276 τά
3111 2223 3195 2292 ἐφ’
3223 2220 3383 2293 ἡμῶν
3435 2220 3727 2291 γενόμενα.

2160 2323 2360 2385 Ἰούδας
2401 2323 2497 2374 σὺν
2541 2322 2675 2391 ἡμῖν
2702 2317 2798 2381 ῶν,
2830 2315 2988 2370 ἔλαϐε
3032 2314 3125 2368 τὸν
3163 2313 3366 2384 κλῆρον
3398 2313 3503 2382 τῆς
3548 2311 3730 2365 διακο-

2144 2416 2284 2479 νίας,
2315 2415 2374 2467 ὃν
2403 2414 2496 2467 καὶ
2522 2415 2704 2483 ἡμεῖς,
2736 2412 2829 2464 καὶ
2856 2410 3039 2479 Σίμων
3067 2409 3096 2460 ὁ
3114 2405 3307 2474 Μάγος
3323 2404 3420 2475 τὴν
3451 2405 3512 2457 ὲν
3540 2403 3732 2474 Κυρίῳ

2147 2505 2435 2579 σφραγῖδα·
2467 2503 2580 2558 ἀλλ’
2613 2502 2871 2575 ἑκάτερος
2900 2499 3078 2554 αὐτῶν
3120 2496 3454 2567 ἀναδειχθεὶς
3503 2494 3731 2565 φαῦλος.

2143 2601 2173 2653 ὁ
2204 2600 2302 2672 μὲν
2330 2596 2613 2669 ἀπήγξατο
2642 2594 2775 2665 (58),
2823 2594 2851 2645 ὁ
2892 2591 2949 2645 δὲ
2994 2590 3145 2663 παρά
3196 2589 3359 2659 φύσιν
3406 2586 3733 2656 ἱπτάμενος,

2145 2689 2435 2762 συνετρίϐη
2466 2686 2599 2759 (59).
2636 2686 2747 2741 Καὶ
2778 2686 2835 2738 ὲν
2864 2687 2932 2755 τῇ
2962 2680 3200 2752 κιϐωτῷ,
3231 2680 3355 2733 Νῶε
3403 2678 3499 2732 καὶ
3540 2678 3595 2730 οἱ
3629 2678 3735 2729 υἱοὶ

2143 2782 2313 2839 αὐτοῦ
2344 2780 2611 2852 ὑπῆρχον·
2643 2777 2778 2832 ἀλλά
2806 2775 3089 2847 πονηρὸςὸ
3112 2773 3236 2845 Χὰρ
3270 2771 3515 2843 εὑρεθεὶς
3550 2768 3736 2841 μόνθςν

2142 2877 2223 2939 εἰς
2238 2874 2327 2927 τὸν
2346 2873 2459 2926 υἱὸν
2480 2869 2695 2936 ἐδέξατο
2711 2868 2976 2940 τιμωρίαν
2992 2865 3124 2939 (60).
3145 2866 3206 2919 El
3227 2864 3282 2917 δὲ
3300 2863 3411 2935 (61)
3435 2863 3534 2915 καὶ
3561 2861 3737 2915 πατέο

2144 2984 2238 3038 ρες
2265 2965 2403 3037 ὑπὲρ
2432 2963 2640 3017 παίδων
2661 2962 2721 3014 οὐ
2751 2959 3143 3032 τιμωροῦνται,
3172 2958 3296 3011 οὔτε
3326 2958 3435 3010 υἱοὶ
3462 2956 3610 3029 ὺάρ
3641 2974 3743 3008 πα·

2140 3058 2336 3130 τὲρων,
2366 3056 2546 3130 δῆλον,
2589 3056 2667 3119 ῶς
2696 3054 2818 3108 οὔτε
2859 3056 3117 3122 γυναῖκες
3144 3052 3285 3123 ὑπὲρ
3328 3050 3566 3121 ἀνδρῶν,
3611 3048 3741 3101 οὔτε

2141 3148 2346 3202 οἰκέται
2375 3148 2515 3219 ὑπὲρ
2550 3145 2847 3209 δεσποτῶν,
2876 3143 3001 3198 οὔτε
3033 3146 3313 3213 συγγενεῖς
3356 3144 3499 3214 ὑπὲρ
3534 3159 3745 3211 συγγε-

2141 3242 2271 3305 νῶν,
2303 3239 2426 3293 οὕτε
2467 3240 2610 3308 φίλοι
2652 3239 2794 3311 ὑπὲρ
2823 3237 3013 3308 φίλων,
3045 3237 3167 3291 οὔτε
3193 3238 3390 3291 δίκαιοι
3434 3236 3583 3309 ὑπὲρ
3614 3237 3742 3292 ἁδί-

2140 3349 2271 3386 κων·
2321 3331 2435 3385 ἀλλ’
2463 3331 2692 3395 ἕκαστος
2720 3331 2862 3402 ὑπὲρ
2889 3329 2983 3383 τοῦ
3013 3330 3217 3383 οἰκείου
3257 3328 3420 3401 ἔργου
3449 3328 3545 3382 τὸν
3573 3328 3747 3397 λόγον

2140 3422 2593 3494 ἀπαιτηθήσεται.
2639 3421 2777 3475 Οὔτε
2804 3420 2913 3493 γὰρ
2956 3421 3079 3475 Νῶε
3109 3422 3248 3491 ὑπὲρ
3276 3420 3368 3473 τοῦ
3411 3420 3628 3491 κόσμου
3661 3420 3748 3475 δί-

2141 3529 2244 3584 κην
2273 3512 2631 3585 εἰσεπράχθη,
2679 3511 2802 3565 οὔτε
2846 3511 2971 3567 Λὼτ
3014 3512 3155 3583 ὑπὲρ
3200 3512 3451 3583 Σοδόμων
3481 3513 3747 3585 ὲπυρπο-

2139 3604 2298 3677 λήθη,
2329 3604 2453 3657 οὔτε
2490 3604 2680 3669 Ῥαὰϐ,
2711 3605 2852 3676 ὑπὲρ
2893 3605 3314 3677 Ἰεριχουντείων
3335 3604 3579 3677 ἐσφάγη,
3611 3605 3749 3658 οὔτε

2139 3699 2168 3750 ὁ
2210 3696 2424 3770 Ἰσραὴλ
2465 3696 2574 3769 (62)
2618 3698 2758 3769 ὑπὲρ
2796 3697 3108 3766 Αἰγυπτίων
3152 3696 3253 3728 ¹⁰⁰’
3296 3697 3357 3750 οὐ
3387 3697 3499 3770 γὰρ
3528 3698 3562 3768 ἡ
3612 3715 3751 3751 συν-

2137 3788 2351 3860 οίκησις
2390 3788 2707 3859 κατακρίνει
2746 3790 2873 3851 τοὺς
2916 3788 3160 3852 δικαίους
3202 3788 3299 3842 σὺν
3339 3791 3454 3852 τοῖς
3497 3789 3750 3854 ἀδίκοις,

2136 3881 2250 3936 ἀλλ’
2280 3882 2314 3952 ἡ
2341 3881 2440 3953 τῆς
2466 3880 2691 3952 γνώμης
2717 3881 2957 3951 ὁμόνοια.
2990 3880 3065 3934 Οὐ
3094 3880 3203 3952 χρὴ
3251 3875 3344 3934 οὖν
3372 3882 3490 3943 τοῖς
3518 3882 3753 3952 ἑτοιμο-

2141 3973 2408 4037 θανάτοις,
2438 3974 2534 4028 καὶ
2565 3973 2675 4044 (65)
2707 3972 3133 4045 μισανθρώποις,
3182 3973 3276 4029 καὶ
3307 3973 3753 4045 φιλεγκλήμοσι,

2138 4067 2235 4120 καὶ
2276 4064 2413 4137 μετὰ
2457 4065 2782 4137 προφάσεως
2826 4064 3201 4129 θανατοποιοῖς
3250 4064 3546 4136 προσέχειν

2140 4158 2365 4230 Ἕτερος
2392 4155 2500 4228 γὰρ
2528 4157 2669 4229 ὑπὲρ
2697 4157 2883 4229 ἐτέρου
2913 4157 3012 4211 οὑκ
3041 4156 3391 4211 ἀποθανεῖται
3424 4157 3560 4228 (65)’
3597 4157 3761 4211 ἀλλὰ

2142 4266 2161 4300 ι
2200 4251 2408 4320 σειραῖς
2434 4248 2542 4302 τῶν
2571 4248 2764 4302 ἑαυτοῦ
2795 4249 3078 4321 ἁμαρτιῶν
3098 4250 3328 4314 ἕκαστος
3357 4251 3693 4320 σφίγγεται.
3729 4271 3751 4304 ι

466 4337 698 4387 mortem
742 4332 1036 4404 ginferunt.
1120 4335 1274 4391 Alter
1335 4337 1480 4391 enim
1549 4353 1649 4407 pro
1693 4338 1865 4394 altero
1923 4355 2035 4395 non

2158 4342 2267 4396 ἰαί·
2293 4360 2311 4394 ι
2348 4341 2480 4396 Ἰδοὺ
2509 4341 2815 4414 ἄνθρωπος,
2834 4343 2929 4396 καὶ
2954 4342 3015 4395 τὸ
3042 4342 3202 4414 ἔργον
3230 4343 3396 4397 αὑτοῦ
3418 4344 3528 4417 πρὸ
3559 4362 3760 4415 προσ-

464 4422 724 4490 xuoritur,
739 4425 834 4482 sed
856 4444 874 4479 ι
888 4425 1113 4484 funibus
1125 4444 1351 4484 suorum
1367 4443 1714 4499 peccatorum
1730 4434 2032 4504 unusquis-

2137 4434 2289 4489 ὡπου
2316 4434 2501 4491 αὐτοῦ.
2540 4453 2560 4489 ι
2586 4437 2677 4489 Δεῖ
2703 4435 2762 4490 δὲ
2788 4436 2936 4507 ἡμᾶς
2956 4435 3173 4508 βοηθεῖν
3216 4439 3329 4501 τοῖς
3362 4437 3591 4492 συνοῦσι
3616 4438 3761 4521 (66)

535 4600 583 4633 ’⁵
605 4600 799 4687 ξετερι).
834 4619 946 4668 xw,
983 4605 1195 4687 lin"
1227 4605 1417 4687 Matth.
1457 4625 1512 4671 v,
1544 4610 1632 4687 λιες.
1660 4680 1673 4687 _
1710 4611 1823 4687 "_l.
1858 4610 2033 4681 lgnat.

2159 4614 2354 4687 terpol.
2404 4614 2471 4670 ad
2520 4613 2734 4674 Philad.
2787 4618 2841 4673 δ.
2938 4617 3056 4672 nu
3109 4577 3250 4677 Tim.
3276 4635 3338 4687 ιι,
3373 4622 3429 4678 5.
3508 4622 3765 4683 "cum

459 4667 805 4739 Anastasius,
835 4685 1029 4746 quast.
1065 4676 1152 4730 35.
1267 4667 1518 4734 “Anast'.
1553 4667 1966 4750 ἀπολογήσετῖιι.

2066 4684 2135 4715 ¹⁰⁶
2191 4684 2382 4741 Anast.
2441 4687 2752 4755 Αἰγυπτίων
2806 4690 3218 4763 κατεποντίσθη.

1762 4871 2127 4931 νΑιιιοιιυΜ
2158 4874 2392 4931 NOTAE.

553 5044 643 5110 56)
678 5046 873 5101 Οὗτοι.
908 5044 967 5102 1η
996 5047 1188 5103 eodem
1218 5047 1510 5105 omittitur.
1536 5050 1707 5107 CLnn.

552 5116 640 5251 57)
672 5117 1043 5185 Sag-satura.
1076 5116 1349 5187 Praeponit
1381 5135 1523 5173 unus
1543 5120 1921 5185 ὲνταῦθα,1ιὶο.
1956 5124 2033 5180 lD.

552 5185 619 5237 58
686 5186 1026 5251 Ἁπήτξατο.
1064 5186 1121 5242 lu
1156 5200 1387 5251 utroque
1407 5189 1626 5251 ἣγξατο.
1660 5192 1736 5245 lu.

552 5185 640 5260 {i8}
685 5186 1026 5260 ᾉπήτξατο.
1055 5186 1121 5260 lu
1156 5185 1387 5260 utroque
1407 5189 1626 5260 ἣγξατο.
1660 5192 1736 5245 lo.

531 5255 643 5325 (fill)
673 5257 1019 5323 Συνετρίῦη.
1052 5255 1670 5325 Ριτεῐὶείιίθιιειίπεσὼν.
1705 5260 1783 5316 In.
1850 5290 1859 5307 ει

530 5320 641 5402 (60)
671 5328 777 5402 ξις
804 5320 913 5402 τ-ιξν
938 5320 1072 5381 υὶύν
1099 5320 1344 5402 ἐδέξατο
1370 5330 1681 5402 τιμωρίαιί.
1705 5330 1771 5385 1η
1793 5333 1906 5401 ﬁlio
1928 5349 2036 5402 por-

458 5408 557 5474 nus
594 5392 741 5474 dedit
766 5411 785 5448 :
813 5396 1367 5474 Chanaan,e_tienes.
1396 5392 1481 5474 fx,
1507 5392 1606 5456 '25.
1641 5392 1833 5458 Notavi
1870 5392 2034 5474 porro

459 5462 529 5539 ad
572 5465 872 5539 marginem
910 5466 1189 5539 Anastasii
1216 5468 1548 5539 quaestiones
1570 5486 1762 5527 carere
1788 5462 2029 5539 voéulis,

457 5533 538 5595 είς
571 5532 676 5602 ,τὸν
697 5532 870 5602 ὐὶόνς
904 5537 1001 5592 sed
1041 5547 1170 5592 tunc
1200 5532 1308 5592 non
1339 5537 1581 5594 videram
1628 5558 1729 5596 ms.
1780 5532 2023 5599 codicem

2068 5065 2117 5124 ε)
2144 5058 2357 5140 ratione
2381 5072 2417 5140 ε
2447 5057 2677 5140 scripto,
2711 5058 2987 5140 versione,
3026 5072 3090 5112 ac
3114 5072 3301 5140 sensu,
3331 5058 3639 5140 legendum
3696 5062 3768 5113 in

2141 5128 2453 5198 Anastasio,
2501 5127 2716 5183 ut’hic:
2756 5128 2893 5182 Οὔτε
2939 5127 3133 5198 δίκαιοι
3167 5128 3306 5198 ὑπὲρ
3346 5127 3459 5181 τῶν
3500 5128 3773 5183 ἀδίκων.

2141 5194 2368 5252 Demum
2408 5198 2576 5253 verbo
2606 5197 3003 5269 κατεποντίσθη
3042 5194 3320 5254 auctiores
3349 5216 3416 5252 ac
3449 5198 3778 5268 pleniores

2139 5275 2268 5322 sunt
2290 5269 2638 5337 qumstiones.
2669 5268 2806 5324 Cor.
2866 5271 2873 5277 '

2212 5336 2321 5390 (61)
2351 5341 2420 5390 El
2447 5337 2533 5390 δέ.
2568 5338 2688 5390 ’Ότι
2715 5340 2794 5390 δέ.
2826 5345 2873 5390 ul

2234 5407 2301 5461 62

2233 5477 2300 5531 65

2230 5546 2299 5600 64

2351 5341 2420 5393 El
2447 5337 2533 5393 δέ.
2568 5338 2688 5393 ’Ότι
2715 5340 2794 5401 δέ,
2826 5344 3066 5408 uterque
3086 5337 3270 5392 minus
3312 5337 3473 5395 bene.
3504 5337 3718 5393 CLI-zu.

2365 5409 2427 5461 '0
2470 5408 2733 5477 Ἰσραήλ.
2769 5409 2832 5463 Οἱ
2874 5407 3223 5530 Ἰσραηλῖται,
3256 5410 3396 5490 alter
3418 5409 3633 5464 codex.
3680 5410 3777 5463 lo.

2367 5478 2876 5530 Ἑτοιιλοθανάτοιο
2898 5479 3016 5530 καί.
3089 5484 3252 5530 esurit
3279 5496 3334 5530 In
3363 5489 3644 5530 utroaue-
3682 5481 3777 5530 lo-

2367 5478 2876 5548 Ἑτοιμοθανὰτοις
2898 5478 3016 5533 καί.
3044 5478 3252 5533 Desunt
3279 5480 3334 5531 in
3363 5489 3644 5548 utroque.
3682 5481 3780 5534 lo.

2351 5549 2700 5619 Προσέχειν.
2744 5549 2910 5603 Addit
2938 5550 3075 5604 alter
3109 5566 3123 5603 :
3160 5549 3280 5601 Ὀτι
3323 5548 3381 5602 δὲ
3408 5548 3588 5611 οὕτως
3632 5549 3782 5619 ἔχει

2302 5337 2324 5619 ἓ

458 5601 626 5684 valde
643 5605 1001 5684 antiquumet
1020 5608 1233 5684 bonum
1245 5606 1425 5678 Regia:
1446 5608 1814 5684 Bibliotheca,
1832 5614 1895 5669 in
1916 5631 2027 5684 quo
2131 5601 2242 5672 καί.
2279 5601 2354 5674 In.

460 5672 726 5755 scriptum
767 5672 874 5755 est,
904 5672 1118 5755 eiecti»)
1145 5677 1296 5742 υἱῶν,
1326 5672 1471 5748 quod
1506 5690 1560 5755 et
1589 5672 1809 5755 videtur.
1833 5672 2027 5755 legisse

461 5739 764 5832 tientiauus
811 5739 1078 5832 Henetus
1104 5739 1291 5832 earum
1331 5739 1693 5832 quaestionum
1725 5739 2023 5832 interpres,
2096 5784 2097 5789 η

2358 5687 2777 5759 Ἀποθανεῖτᾳι.
2806 5687 2959 5759 Alter
2981 5691 3319 5759 τιμωρεῖται.
3354 5686 3433 5759 in.

2225 5686 2291 5739 65
2358 5687 2777 5744 Ἀποθανεῖται.
2806 5687 2959 5743 Alter
2981 5691 3319 5759 τιμωρεῖται.
3356 5686 3433 5743 In.

2203 5687 2316 5828 (66)
2348 5758 2638 5814 Συνοῦσι.
2685 5757 2748 5814 F.
2782 5757 3007 5813 σινοῦσι.
3042 5757 3195 5815 Alter
3221 5757 3461 5824 νοσοῦσι,
3495 5767 3548 5815 ut
3592 5758 3787 5817 bene

466 5825 748 5884 magisque
773 5815 1032 5875 convenit
1061 5816 1247 5875 sensui
1271 5815 1436 5892 hujus
1466 5820 1592 5879 loci.
1632 5821 1829 5897 Postea
1858 5815 2024 5883 simili
2131 5815 2367 5899 conjecit
2399 5829 2724 5885 Cotelerius.
2757 5829 2832 5885 In.
