3816 6428
456 404 560 461 623

1304 409 1360 463 S.
1396 404 1796 464 CLEMENTIS
1825 410 1849 465 Ι
1882 410 2046 468 ROM.
2084 411 2284 489 PONT.
2322 410 2549 469 OPERA
2583 410 2808 469 DUBIA.

3594 413 3689 470 0‘24

457 528 564 573 tem
591 537 607 585 ;
636 533 829 574 omnes
850 517 1079 589 justitiae
1101 518 1222 588 ejus
1239 558 1254 585 ,
1281 521 1582 575 secundum
1608 536 1798 577 omnes
1822 522 2017 595 iniqui-

2146 528 2408 599 ἐποίησεν,
2438 529 2498 580 οὐ
2543 528 2616 599 μὴ
2651 526 2979 599 μνησθῶσιν,
3023 526 3084 579 ἐν
3121 528 3187 597 τῇ
3231 525 3416 598 ἀδικίᾳ
3441 526 3693 605 αὖτοῦ.ᾕ

456 618 596 665 tates
629 610 766 680 quas
796 609 957 675 fecit,
988 625 1098 664 non
1128 612 1615 681 memorabuntur;
1653 615 1707 667 in
1740 615 2027 686 iniquitate

454 718 557 757 sua
588 717 695 773 qua
726 698 909 772 inique
931 703 1070 772 egit,
1100 710 1152 756 et
1182 702 1237 757 in
1267 711 1493 772 peccato
1522 702 1626 759 suo
1653 704 1800 776 quod
1832 724 2025 778 pecca-

453 792 565 857 vit,
601 794 655 847 in
687 793 821 863 ipsis
852 794 1139 849 morietur.
1174 812 1194 845 »
1225 792 1291 848 Ει
1320 803 1445 865 post
1476 812 1649 866 pauca
1683 800 1849 854 verba
1869 841 1886 869 ,
1928 802 2026 855 ad-

449 885 571 954 jicit
598 902 611 939 :
640 902 659 936 ι
685 882 833 938 Cum'
859 885 1120 939 averterit
1144 900 1203 941 se
1227 887 1448 956 iniquus
1473 888 1540 942 ab
1567 884 1855 959 iniquitate
1884 907 1982 947 sua
2006 932 2022 957 ,

452 992 616 1045 quam
647 974 805 1037 fecit;
833 984 887 1030 et
931 974 1122 1031 fecerit
1167 972 1441 1048 judicium
1481 989 1535 1035 et
1573 980 1887 1052 justitiam;
1934 985 2024 1039 hic

453 1066 689 1119 animam
723 1081 879 1121 suam
911 1068 1182 1134 servavit,
1214 1079 1269 1124 et
1309 1070 1509 1125 avertit
1548 1070 1607 1127 Se
1652 1074 1721 1128 ab
1760 1074 2019 1132 omnibus

450 1146 824 1224 impietatibus
855 1158 1008 1223 suis,
1045 1149 1185 1230 quas
1223 1158 1395 1229 fecit;
1442 1163 1551 1216 vita
1588 1164 1768 1232 vivet,
1798 1174 1853 1223 et
1906 1181 2020 1222 non

451 1246 737 1302 morietur.
774 1266 793 1300 ι
831 1248 894 1302 Et
924 1249 1065 1304 infra
1100 1270 1113 1306 :
1152 1269 1170 1303 ι
1214 1250 1671 1325 Unumquemque
1705 1256 1862 1326 juxta
1903 1259 2020 1313 vias

453 1328 664 1427 vestras
705 1339 966 1417 judicabo
990 1356 1109 1408 vos,
1148 1340 1347 1400 domus
1386 1342 1590 1411 lsrael,
1634 1346 1768 1402 dicit
1810 1348 2021 1404 Adonai

451 1428 715 1486 Dominus
748 1432 811 1487 ".
845 1450 862 1483 ι

1030 1582 1263 1643 CAPUT
1302 1588 1397 1644 XV
1409 1632 1423 1646 .

486 1717 640 1783 Quod
674 1724 918 1774 sacerdos
953 1738 1044 1776 nec
1080 1733 1295 1792 peccata
1318 1726 1588 1795 negligere
1625 1724 1849 1794 debeat,
1892 1744 1989 1785 nec.

797 1803 1067 1861 proruptus
1105 1811 1216 1848 esse
1257 1794 1325 1848 ad
1362 1794 1666 1851 vindictam.

522 1899 708 1958 Videte
729 1942 744 1968 ,
779 1904 875 1958 ﬁlii
905 1905 1078 1960 nostri
1107 1906 1423 1963 charissimi
1444 1950 1459 1976 ,
1488 1924 1597 1979 quo
1638 1918 1800 1980 pacto
1832 1907 2016 1966 Dom’i-
2049 1914 2091 1970 Β

449 2008 553 2048 nus
581 1992 725 2049 Deus
754 2004 961 2060 noster,
993 2013 1116 2051 eum
1145 1997 1362 2067 justitia
1394 2000 1709 2056 misericors
1748 2011 1868 2067 est,
1916 2003 2019 2058 bo-

449 2100 555 2140 nus
579 2093 633 2140 et
662 2086 940 2141 hominum
972 2103 1198 2157 amans;
1235 2108 1253 2142 ι
1285 2101 1339 2145 et
1368 2093 1658 2149 absolvens
1688 2110 1797 2149 non
1839 2095 2021 2152 absol-

451 2190 539 2234 vet
566 2194 721 2236 reum
751 2180 791 2210 “
818 2198 833 2247 ;
866 2199 886 2233 ι
915 2196 1241 2237 conversum
1271 2176 1564 2241 admittens
1608 2192 1663 2240 et
1704 2180 2017 2253 vivificaris,

450 2287 558 2325 non
594 2272 909 2342 relinquens
947 2262 1277 2342 suspicionis
1318 2274 1498 2329 locum
1542 2276 1611 2332 iis
1655 2277 1749 2349 qui
1796 2279 2022 2349 cupiunt

452 2362 807 2418 inclementer
831 2364 1115 2433 judicare,
1147 2371 1201 2419 et
1234 2374 1551 2436 peceatores
1594 2364 1823 2425 omnino
1865 2386 2022 2424 aver—

448 2454 556 2505 sari
580 2492 597 2518 ,
629 2468 730 2508 nec
760 2468 884 2508 cum
913 2453 994 2509 eis
1020 2456 1432 2513 communicare
1462 2459 1547 2514 vel
1574 2458 1631 2514 in
1667 2462 2019 2518 sermonibus

448 2543 735 2600 hortativis
768 2554 824 2600 et
853 2547 1240 2603 consolatoriis
1262 2588 1276 2613 ,
1308 2549 1509 2619 quibus
1546 2560 1775 2620 possent
1818 2552 2019 2608 adduci

447 2633 514 2688 ad
545 2636 918 2706 pmnitentiam
946 2656 959 2692 :
998 2646 1192 2693 contra
1226 2655 1369 2710 quos
1402 2640 1545 2697 Deus
1573 2658 1671 2713 per
1709 2643 1909 2700 Isaiam
1942 2646 2019 2701 ait

444 2726 719 2799 episcopis
766 2748 779 2783 :
819 2718 838 2780 ι
872 2728 1251 2786 Consolamini
1277 2774 1294 2801 ,
1333 2734 1695 2789 consolamini
1754 2738 2017 2807 populum

448 2833 627 2901 meum
652 2819 985 2901 sacerdotes,
1002 2816 1286 2893 loquimini
1310 2825 1377 2880 ad
1390 2840 1485 2880 cor
1503 2824 1891 2899 llierosolymze
1913 2829 1977 2883 ¹².
1993 2848 2011 2882 ι

449 2900 558 2964 Vos
582 2900 748 2980 igitur
774 2902 897 2981 opon
914 2900 991 2967 tct
1012 2952 1027 2977 ,
1054 2915 1374 2985 prOphetam
1400 2916 1709 2983 audientes,
1741 2920 2016 2975 consolari

390 3022 397 3029 -
443 3011 500 3054 ct
564 2992 843 3056 adhortari
882 2992 1231 3074 peceatores,
1281 3007 1349 3061 ad
1393 3010 1779 3079 pmnitentiam
1824 3012 2018 3083 impel-

447 3089 594 3175 lere,
627 3103 681 3175 et
720 3093 790 3148 ad
828 3088 1089 3171 optimam
1133 3113 1284 3167 spem
1329 3098 1640 3169 adducere;
1682 3117 1791 3155 non
1833 3112 2017 3157 autem

451 3172 721 3269 suspicari
774 3178 927 3269 quod
962 3202 1061 3269 per
1101 3178 1423 3244 cliarilatem
1464 3207 1591 3263 erga
1630 3208 1725 3249 eos
1775 3195 2019 3264 peccatis

445 3260 633 3329 eorum
658 3252 1073 3350 parti‘cipabitis.
1098 3279 1358 3337 Libenter
1382 3297 1511 3354 ergo
1526 3252 1871 3355 pmnileiites
1893 3301 2019 3342 sus-
2045 3252 2088 3312 Ο

406 3442 411 3445 _
446 3366 640 3450 ripite;
664 3360 731 3450 de
761 3359 951 3424 eorum
991 3360 1350 3430 conversione
1374 3366 1482 3430 laati
1506 3394 1521 3443 ;
1549 3386 1866 3447 peccatores
1890 3395 2017 3433 cum

361 3519 369 3529 ,
447 3446 824 3543 misericordia
871 3472 924 3518 et
965 3458 1414 3522 miserationibus
1452 3446 1718 3538 judicate.
1770 3467 1828 3525 Si
1871 3471 2018 3525 enim

444 3544 817 3637 ambulantem
843 3546 1000 3627 juxta
1029 3556 1229 3613 flumen
1259 3567 1313 3614 et
1350 3558 1751 3627 labescentem,
1786 3560 2019 3619 furcillis

449 3645 721 3715 propellas
745 3636 809 3701 ac
840 3645 894 3700 in
921 3640 1135 3703 amnem
1165 3649 1415 3720 dejicias,
1440 3668 1564 3707 cum
1591 3652 1774 3724 potius
1796 3669 2017 3708 manum

449 3728 729 3819 porrigere
785 3737 1117 3809 debuisses;
1178 3739 1401 3797 fratrem
1462 3752 1615 3797 tuum
1672 3744 2015 3801 interemisti.

447 3818 685 3884 9mm:
715 3818 897 3901 itaQue
923 3824 1126 3887 labanti
1195 3828 1474 3889 dexteram
1517 3834 1765 3903 tradere,
1793 3851 1861 3890 ne
1892 3837 2020 3891 lun-

448 3916 598 3977 ditus
628 3922 893 3991 intereat;
923 3932 981 3979 ut
1002 3933 1057 3979 et
1080 3926 1314 3997 populus
1345 3924 1722 3992 admoneatur,
1748 3918 1802 3982 et
1826 3942 2020 3998 pecca-

446 4004 531 4068 tor
554 4031 665 4071 non
688 4010 910 4072 omnino
936 4026 1141 4087 pereat.
1167 4009 1395 4088 Oportet
1419 4024 1600 4073 autem
1629 4026 1701 4084 te,
1739 4018 2015 4089 episcope,

447 4124 620 4178 neque
653 4098 879 4181 peccata
909 4109 1096 4180 populi
1130 4109 1404 4180 negligere
1426 4150 1439 4175 ,
1472 4125 1652 4180 neque
1685 4110 2016 4179 pmnitentes

447 4200 726 4267 fastidire;
758 4190 827 4257 ne
854 4196 1113 4273 tanquam
1144 4196 1451 4273 imperitus,
1484 4201 1701 4257 Domini
1732 4203 1874 4258 ovile
1903 4202 2017 4259 dis-

446 4279 679 4362 perdas,
731 4290 1039 4366 nomenque
1080 4293 1287 4350 Christi
1348 4309 1580 4361 novum,
1623 4295 1769 4366 quod
1812 4295 2016 4365 populo

518 4431 564 4464 ⁸⁸
592 4426 818 4495 Αηὲεῑ..
865 4432 997 4489 ibid.
1030 4433 1071 4463 “
1110 4431 1346 4498 Nahum,
1380 4451 1426 4498 ι,
1462 4435 1523 4499 ‘5;
1559 4432 1730 4489 Exod.
1791 4449 1976 4498 xxxw,
2005 4429 2093 4497 l7,

2128 620 2407 692 ἠδίκησεν,
2440 623 2534 674 καὶ
2575 621 2631 673 ἐν
2660 622 2725 693 τῇ
2772 620 3015 691 ἁμαρτίᾳ
3041 618 3231 680 αὑτοῦ,
3260 610 3294 691 ᾖ
3338 619 3600 691 ἥμαρτεν,
3640 620 3693 675 ἐν

2131 713 2270 782 αὐτῇ
2314 711 2685 766 ἀποθανεῖται.
2728 731 2747 763 ι
2794 711 2905 764 Καὶ
2948 712 3063 782 μετ’
3095 709 3249 778 ὀλίγα
3288 710 3503 779 ἐπάγει·
3552 731 3569 763 ι
3616 713 3695 769 Ἐν

2131 801 2210 873 τῷ
2255 803 2594 875 ἀποστρέψαι
2634 804 2833 874 ἄνομον
2876 802 2984 856 ἀπὸ
3030 805 3130 874 τῆς
3173 803 3403 873 ἀνομίας
3446 802 3608 857 αὐτοῦ
3634 800 3696 875 ἧς

2131 894 2377 966 ἐποίησε,
2424 896 2519 949 καὶ
2552 898 2767 967 ποιήσει
2806 899 2978 968 κρῖμα
3021 895 3117 950 καὶ
3143 894 3509 967 δικαιοσύνην,
3553 889 3696 961 οὗτος

2128 986 2225 1059 τὴν
2259 986 2435 1058 ψυχὴν
2466 987 2630 1041 αὐτοῦ
2659 987 2911 1058 ἐφύλαξε,
2959 988 3053 1041 καὶ
3081 986 3423 1058 ἀπέστρεψεν
3465 988 3573 1041 ἀπὸ
3602 1002 3697 1040 πα-

2128 1079 2235 1131 σῶν
2277 1079 2385 1133 τῶν
2416 1080 2675 1133 ἀσεϐειῶν
2716 1078 2883 1133 αὐτοῦ
2912 1073 2986 1133 ὧν
3014 1080 3259 1150 ἐποίησε,
3293 1080 3402 1150 ζωῇ
3450 1078 3697 1150 ζήσεται,

2126 1171 2222 1225 καὶ
2249 1172 2348 1225 οὐκ
2389 1170 2757 1225 ἀποθανεῖται.
2790 1191 2807 1223 ι
2856 1172 2964 1224 Καὶ
2993 1169 3141 1241 ἐξῆςο
3213 1190 3231 1221 ι
3271 1172 3541 1224 Ἕκαστον
3569 1172 3699 1224 κατά

2126 1263 2225 1328 τάς
2256 1265 2408 1329 ὁδοὺς
2437 1264 2590 1336 ὑμῶν
2621 1263 2793 1337 κρινῶ
2824 1265 2989 1335 ὑμᾶς,
3018 1259 3167 1327 οἶκος
3209 1262 3421 1335 Ἰσραὴλ
3455 1262 3587 1332 (75),
3617 1262 3697 1314 λέ-

2127 1352 2212 1425 γει
2242 1356 2467 1410 Ἀδωναῖ
2484 1356 2705 1428 Κύριος.
2731 1375 2749 1409 ι

2630 1578 3023 1632 ΚΕΦΑΛΔΙΟΝ
3064 1580 3161 1631 lE'.

2126 1718 2255 1769 Ὅτι
2286 1714 2401 1783 χρὴ
2436 1713 2555 1783 τὸν
2584 1713 2740 1782 ἱερέα
2765 1712 3000 1783 μήποτε
3029 1711 3298 1782 παρορᾷν
3340 1715 3415 1768 τὰ
3449 1714 3703 1783 ἁμαρτή-

2155 1782 2334 1857 ματα,
2361 1782 2514 1854 μήτε
2542 1782 2860 1852 πρόχειρον
2886 1784 3040 1837 εἶναι
3072 1784 3142 1837 ἐν
3168 1784 3248 1850 τῷ
3279 1782 3669 1853 τιμωρεῖσθαι.

2202 1900 2416 1971 Ὁρᾶτε,
2442 1890 2622 1951 ’τέκνα
2666 1898 2825 1969 ἡμῶν
2873 1898 3228 1971 ἡγαπημένα,
3275 1901 3393 1964 πῶς
3438 1900 3707 1971 εῠσπλαγ-

2125 2010 2251 2065 χνος
2282 1991 2418 2063 μετά
2450 1991 2796 2061 δικαιοσύνης
2828 1989 3033 2061 Κύριος
3058 1992 3086 2043 ὁ
3132 1991 3264 2055 Θεὸς
3294 1995 3326 2062 ἡ
3337 1992 3475 2063 μῶν,
3508 1994 3707 2062 ἀγαθὸς

2125 2086 2219 2139 καὶ
2247 2083 2647 2155 φιλάνθρωπος,
2694 2102 2713 2134 ι
2752 2081 2846 2136 καὶ
2874 2082 3066 2136 ἀθωῶν
3094 2083 3194 2139 οὐκ
3223 2084 3468 2137 ἀθωώσει
3497 2086 3589 2138 τὸν
3608 2086 3711 2140 ένο-

2124 2194 2218 2248 χον
2256 2175 2388 2248 (76),
2428 2194 2447 2227 ι
2499 2176 2594 2229 καὶ
2633 2173 2724 2228 τὸν
2770 2175 3168 2247 ἐπιστρέφοντα
3210 2176 3574 2248 προσιέμενος
3616 2180 3709 2231 καὶ

2123 2267 2424 2333 ζωοποιῶν,
2461 2265 2537 2339 μὴ
2576 2265 2892 2320 καταλιπὼν
2934 2267 3097 2320 τόπον
3126 2267 3384 2330 ὑπονοίας
3425 2270 3541 2331 τοῖς
3567 2269 3712 2339 ἀπη-

2122 2361 2228 2425 νῶς
2262 2360 2605 2432 βουλομένοις
2647 2358 2875 2431 κρίνειν,
2921 2358 3014 2411 καὶ
3058 2358 3238 2411 τέλεον
3270 2358 3711 2429 ἀποστρέφεσθαι

2121 2455 2248 2517 τοὺς
2276 2452 2708 2524 ἁμαρτάνοντας,
2741 2450 2835 2504 καὶ
2882 2450 2957 2522 μὴ
3001 2453 3275 2504 κοινωνεῖν
3303 2452 3492 2514 αὐτοῖς
3541 2452 3711 2520 λόγων

2121 2545 2549 2618 παρακλητικῶν
2578 2543 2716 2614 πρὸς
2741 2542 3029 2614 μετάνοιαν
3049 2544 3337 2611 ἐναγαγεῖν
3373 2543 3708 2614 δυναμένων·

2121 2633 2203 2702 οἷς
2231 2638 2296 2691 ἐκ
2324 2638 2433 2692 τῶν
2475 2636 2734 2690 ἐναντίων
2774 2637 2803 2688 ὁ
2832 2634 2963 2698 Θεὸς
2990 2634 3078 2688 διὰ
3121 2635 3344 2688 Ἡσαΐου
3388 2634 3539 2703 λέγει
3574 2634 3712 2705 πρὸς

2120 2731 2247 2794 τοὺς
2264 2729 2611 2792 ἐπισκόπους
2636 2746 2653 2780 ι
2678 2727 3075 2800 Παρακαλεῖτε,
3093 2728 3461 2799 παρακαλεῖτε
3475 2727 3567 2781 τὸν
3586 2728 3717 2780 λαόν

2126 2838 2248 2893 μου,
2288 2822 2471 2892 ἱερεῖς,
2502 2820 2773 2891 λαλήσατε
2791 2821 2871 2882 είς
2900 2818 2998 2891 τὴν
3028 2818 3256 2889 καρδίαν
3282 2818 3662 2890 Ἰερουσαλήμ.
3692 2838 3713 2869 ι

2121 2915 2169 2968 Χ
2175 2914 2242 2986 ρὴ
2256 2910 2349 2968 οὖν
2366 2915 2508 2985 ὑμᾶς
2524 2911 2689 2967 αὑτοῦ
2704 2911 3020 2975 ἀκούοντας,
3040 2910 3377 2983 παρακαλεῖν
3390 2909 3521 2973 τοὺς
3535 2912 3721 2981 ἡμαρ-

2119 3007 2375 3078 τηκότας,
2398 3006 2491 3059 καὶ
2511 3003 2623 3077 (77)
2642 3003 2779 3077 πρὸς
2801 3003 3085 3075 μετάνοιαν
3107 3004 3427 3074 παρορμᾷν,
3457 3002 3553 3055 καὶ
3570 3000 3721 3054 ειόἑλ⁸

2120 3099 2280 3162 πιδας
2335 3101 2529 3161 ποιεῖν,
2574 3096 2669 3151 καὶ
2718 3095 2791 3167 μὴ
2838 3098 3085 3151 ὑπονοεῖν
3105 3134 3119 3159 ,
3160 3096 3237 3159 ὡς
3280 3095 3575 3158 κοινωνοὺς
3634 3110 3721 3163 γι-

2120 3190 2377 3261 νομένους
2400 3190 2509 3243 τῶν
2540 3187 3040 3260 πλημμεληθέντων
3068 3189 3273 3252 αὐτοῖς,
3306 3188 3496 3241 ἕνεκεν
3514 3186 3621 3257 τῆς
3639 3188 3719 3249 είς

2120 3282 2319 3345 αὐτοὺς
2365 3280 2604 3353 ἀγάπης.
2678 3280 2956 3351 ’Δσμένως
3013 3279 3069 3334 δὲ
3132 3280 3262 3342 τοὺς
3316 3277 3718 3350 μετανοοῦντας

2120 3372 2505 3446 προσδέχεσθε,
2535 3373 2819 3445 χαίροντες
2860 3372 2947 3424 ἐπ’
2979 3372 3187 3435 αὐτοῖς,
3221 3371 3359 3442 μετά
3388 3371 3579 3435 ἐλέους
3624 3370 3723 3423 καὶ

2118 3465 2419 3538 οἰκτιρμῶν
2465 3465 2743 3537 κρίνοντες
2787 3466 2917 3527 τοὺς
2961 3462 3397 3535 ἁμαρτάνοντας.
3453 3461 3583 3515 Ἐὰν
3610 3461 3724 3533 γὰρ

2119 3558 2210 3611 τὸν
2239 3537 2391 3629 παρὰ
2420 3555 2666 3627 ποταμὸν
2710 3554 2996 3626 βαδίζοντα
3040 3556 3136 3608 καὶ
3179 3553 3442 3625 μέλλοντα
3481 3537 3753 3607 arceat!

2120 3667 2231 3704 νειν
2261 3649 2510 3721 κεραίαις
2542 3648 2655 3723 (78)
2683 3647 2832 3713 ὦσας
2878 3648 2990 3721 (79)
3022 3649 3102 3711 εἰς
3129 3647 3220 3701 τὸν
3252 3646 3500 3717 ποταμὸν
3542 3645 3724 3716 ἐμϐά-

2126 3741 2224 3814 λῃς
2251 3740 2371 3793 ἀντὶ
2397 3739 2491 3793 τοῦ
2520 3743 2677 3811 χεῖρα
2701 3739 2899 3811 μᾶλλον
2930 3738 3138 3812 ὀρέξαι,
3169 3737 3473 3808 ἐφόνευσας
3504 3754 3601 3790 σου
3620 3738 3725 3789 τὸν

2124 3831 2369 3901 ἀδελφόνο
2437 3831 2555 3885 δέον
2621 3832 2821 3903 μᾶλλον
2892 3831 2972 3903 τῷ
3025 3831 3385 3885 ὀλισθαίνοντι
3438 3830 3727 3885 ἐπιδοῦναι

2123 3922 2322 3989 δεξιὰν,
2367 3924 2454 3977 ἵνα
2501 3923 2576 3995 μὴ
2618 3924 2836 3988 τελείως
2866 3924 3135 3995 ἀπόληται
3154 3962 3169 3988 ,
3216 3924 3365 3987 ὅπως
3395 3922 3492 3976 καὶ
3533 3924 3563 3976 ὁ
3590 3924 3728 3986 λαὸς

2123 4016 2461 4087 νουθετῆται,
2493 4017 2588 4071 καὶ
2633 4018 2663 4070 ὁ
2707 4017 3033 4089 ἁμαρτήσας
3080 4017 3156 4089 μὴ
3185 4016 3328 4070 κατά
3358 4018 3466 4071 πᾶν
3513 4016 3730 4087 ἀπόλη-

2122 4124 2233 4161 ται.
2266 4108 2356 4160 Δεῖ
2380 4108 2438 4161 δέ
2465 4125 2545 4172 σε,
2576 4102 2621 4162 ὦ
2646 4109 2934 4172 ἐπίσκοπε,
2972 4110 3109 4181 μήτε
3156 4110 3407 4181 παρορᾷν
3434 4109 3505 4162 τὰ
3535 4110 3732 4180 ἀμαρ-

2121 4201 2341 4271 τήματα
2369 4198 2462 4253 τοῦ
2495 4200 2649 4265 λαοῦ,
2683 4201 2821 4273 μήτε
2847 4202 2975 4266 τοὺς
3006 4201 3405 4273 μετανοοῦντας
3435 4200 3728 4272 ἀποστρέ-

2121 4290 2338 4361 φεσθαι,
2359 4291 2508 4356 ὅπως
2529 4291 2605 4365 μὴ
2630 4292 2973 4368 διαφθείρῃς,
3002 4293 3080 4358 ὡς
3097 4294 3343 4364 ἄπειρος,
3364 4292 3428 4345 τὺ
3456 4293 3729 4363 ποίμνιον

2134 4431 2188 4488 in
2213 4431 2375 4490 LXX.
2452 4434 2495 4466 ¹²
2521 4430 2628 4491 lsa.
2653 4446 2743 4498 XL,
2775 4432 2827 4488 l.

1709 4595 2078 4681 VARIORUM
2110 4594 2350 4653 norm.

468 4804 469 4807 η
514 4740 651 4816 (75)_
685 4736 877 4807 Ύμᾶς,
924 4738 1087 4804 οἶκος
1128 4734 1391 4805 Ἰσραήλ.
1452 4734 1790 4789 Omittuntur
1833 4736 1890 4789 in
1942 4735 2021 4787 al-

2146 4730 2340 4813 ιρωῶν,
2368 4727 2925 4816 ὶᾱᾳιξορῶιὶυξωῃα
2950 4734 3361 4816 repmsen‘tatj.
3377 4727 3433 4782 in
3458 4728 3727 4816 testimo-

569 4853 584 4867 .
693 4824 782 4863 an.

445 4808 757 4975 miisizzbraz
782 4898 985 4956 ἁθωῶν
1012 4900 1121 4954 οὐκ
1148 4892 1410 4954 ἀθωὼαει
1437 4898 1542 4951 τὸν·
1570 4898 1807 4975 ἕνοχοις.
1842 4894 2021 4951 Verba

447 4964 737 5055 lle‘braica,
762 4988 934 5044 Exod.
961 5003 1150 5053 xxXIv,
1176 4988 1235 5054 7;
1267 4985 1407 5041 Nab.
1434 5000 1473 5051 ι,
1494 4987 1702 5073 ὅςπρὲν
1726 4964 1801 5044 R5
1821 4995 1950 5064 .‘lpn
1969 4995 2021 5040 et

447 5078 762 5145 absolvenda
793 5097 898 5134 non
925 5078 1174 5134 absolvet.
1222 5076 1395 5132 ϐιωρὶ
1424 5075 1816 5146 reddiderunt,
1848 5077 2015 5146 priori

447 5154 567 5207 loco
599 5169 665 5207 ex
688 5167 874 5212 sensu,
900 5149 995 5204 καὶ
1021 5149 1081 5203 οὐ
1111 5145 1363 5217 καθαριεῖ
1389 5145 1478 5199 τὸν
1507 5145 1706 5217 ἔνοχον,
1738 5145 1910 5201 altero
1943 5146 2012 5201 ad

446 5218 695 5286 verbum,
745 5222 839 5275 ml.
866 5218 1056 5273 ἁθωῶν
1088 5218 1187 5271 οὐκ
1215 5214 1479 5286 ἁθωώσει.
1511 5214 1683 5286 Quam
1730 5223 2018 5286 utramque

447 5284 756 5349 versionem
787 5290 1073 5357 conjunxit
1107 5296 1312 5343 noster.
1366 5284 1493 5340 Scio
1526 5284 1752 5357 Bovium
1782 5294 1835 5357 et
1853 5284 2012 5357 Iur-

449 5362 665 5417 rianum
707 5355 1155 5416 Comtilutionu‘m
1209 5358 1533 5426 interpretes
1564 5356 1761 5426 legisse
1800 5355 2016 5426 ἀθῶον,

448 5442 611 5501 atque
641 5431 715 5485 ita
744 5428 1070 5502 impressum
1087 5442 1218 5502 esse
1240 5427 1297 5481 in
1318 5423 1556 5502 editione
1579 5423 2012 5502 Graeco-Latina.

449 5494 577 5571 Scin
597 5516 811 5571 quoque
824 5494 958 5571 'eam
991 5496 1320 5571 scripturam
1346 5494 1658 5571 confirmari
1684 5495 2018 5571 editionihus

451 5564 633 5632 LXXI
648 5566 700 5624 et
722 5564 1124 5633 commentario
1145 5566 1201 5622 S.
1226 5565 1564 5635 Hieronymi,
1588 5564 1713 5619 licet
1733 5565 1787 5618 in
1810 5578 1876 5635 eo
1892 5580 2018 5635 per-

449 5655 641 5711 peram
663 5638 1186 5711 etcontrajnentem
1213 5637 1390 5705 magni
1408 5634 1659 5711 [laeteris
1691 5634 2017 5711 excudatur,

448 5702 544 5766 καὶ
584 5708 774 5763 ἀΟωῶν
796 5706 906 5761 ὀὐκ
932 5707 1199 5772 ἀθωὼσει,
1230 5702 1392 5775 atque
1422 5702 1489 5760 Et
1513 5702 1905 5775 nocentenLnon
1932 5704 2019 5773 fa-

450 5784 593 5835 ciens
626 5780 967 5846 innocentem,
1012 5792 1113 5846 pro
1157 5768 1252 5829 καὶ
1293 5768 1488 5835 ἀθῶον.
1514 5768 1726 5844 proque
1753 5768 1826 5826 ‘Et
1868 5768 2020 5846 inno-

456 5861 673 5905 centem.
727 5842 927 5905 Verum
967 5842 1030 5900 in
1080 5846 1556 5904 Constitutionibus
1612 5842 1809 5900 sensus
1854 5844 2021 5915 exigit

2126 4802 2220 4854 nio
2242 4809 2421 4854 autem
2442 4797 2686 4852 Nahumi
2710 4798 2902 4853 ἁθωῶν
2932 4806 3154 4853 servant
3191 4797 3436 4868 Cyrillus
3469 4800 3539 4868 (si
3574 4799 3733 4852 bene

2128 4870 2361 4941 legatur)
2404 4878 2459 4924 et
2485 4868 2876 4941 Theodoritus,
2908 4868 3324 4941 necnon_codex
3343 4869 3547 4941 Regius
3567 4868 3681 4922 3’29
3703 4908 3726 4930 .

2125 4936 2218 5009 qui
2246 4936 2481 4995 sedecim
2511 4939 2807 5009 prephetas
2838 4953 2944 4992 una
2967 4953 3091 5009 cum
3116 4936 3462 5009 diversorum
3491 4938 3731 5009 Grato-

2126 5007 2246 5064 rum
2276 5007 2722 5078 iuterpretatibne
2752 5007 3163 5078 complectitur;
3188 5015 3247 5061 ut
3277 5008 3417 5061 nihil
3440 5009 3625 5062 dicam
3644 5008 3735 5063 de

2126 5097 2229 5136 ms.
2252 5076 2640 5140 Alexandrino,
2658 5087 2711 5132 et
2733 5076 2891 5144 aliis;
2919 5092 2948 5130 a
2966 5076 3374 5149 Theophylacto
3395 5094 3529 5133 vero
3560 5087 3735 5132 utra-

2124 5168 2230 5221 que
2262 5150 2424 5205 lectio
2456 5151 2897 5221 proponitur,_ac
2920 5147 3245 5221 explicatur.
3278 5147 3418 5202 Cor.

2196 5221 2305 5292 (77)
2334 5217 2711 5292 Παρακαὶξζν
2736 5218 2879 5292 τοὺς
2898 5218 3318 5292 ᾐμαρτηκότας
3348 5219 3470 5274 καί.
3500 5220 3737 5276 Desunt

2124 5289 2179 5345 in
2204 5286 2380 5344 altero
2407 5286 2599 5343 codice
2628 5286 2862 5353 Vindob.
2896 5288 3063 5343 Cum.

2196 5360 2305 5442 (7_8)
2338 5361 2641 5442 κεραίαις..
2679 5355 2965 5442 omittitur
3156 5357 3333 5412 altero
3518 5363 3739 5442 Vind-_,

2124 5426 2271 5500 quod
2287 5426 2461 5485 vertit
2491 5428 2821 5491 Cotelerius,
2866 5426 3119 5497 furcillis,
3148 5443 3214 5481 ex
3246 5428 3570 5498 conjectura
3595 5468 3610 5490 ,
3649 5440 3731 5479 ιιι

2124 5509 2280 5570 puto.
2336 5501 2518 5570 potius
2570 5512 2732 5570 quam
2782 5513 2849 5552 ex
2897 5504 3179 5570 comperto
3232 5513 3338 5552 usu
3392 5500 3573 5570 vocis,
3617 5500 3734 5567 qui

2124 5567 2371 5639 eXemplo
2400 5568 2713 5639 probandus
2739 5575 2882 5639 erat,
2917 5569 2962 5622 si
2992 5568 3140 5639 quod
3170 5569 3524 5639 suppetebat.
3544 5567 3636 5639 ⁸Ιι).

2196 5636 2720 5711 (79)__"Q_c-a¢_.__Al_ler
2748 5638 2915 5711 habet
2959 5636 3259 5711 παντελῶς,
3278 5636 3439 5711 ξηυοά
3473 5637 3743 5692 infertur

2125 5709 2192 5782 ad
2207 5707 2477 5782 ’ἐμϐἀλῃς.
2509 5707 2640 5763 Vitii
2682 5707 2961 5782 quidpiam
2984 5707 3211 5782 subesse
3240 5707 3482 5775 videtur,
3512 5722 3738 5780 quain-

2125 5780 2209 5836 vis
2237 5775 2505 5836 sententia
2534 5793 2645 5835 non
2676 5775 2747 5835 sit
2775 5775 3031 5834 obscura.
3058 5775 3136 5833 lo.
