3816 6388
456 295 551 352 6⁸51

1312 293 1370 349 8.
1403 290 1799 349 CLEMENTIS
1827 293 1851 348 Ι
1884 290 2051 349 ΒΟΜ.
2086 292 2290 350 PONT.
2325 293 2557 351 OPERA
2586 292 2815 352 DUBIA.

3612 298 3725 355 632

452 410 620 464 nibus
647 413 770 464 esto
797 407 1106 473 sollicitus;
1137 421 1206 462 ne
1228 414 1452 477 propter
1471 415 1527 462 te
1556 405 1800 463 offensus
1828 407 2027 478 aliquis

2144 408 2270 479 ἔχων
2314 406 2478 479 βάρος
2517 408 2649 479 (99),
2687 410 2780 463 καὶ
2820 408 3004 478 μεῖζον
3034 408 3318 480 βαστάζων
3353 410 3595 482 φορτιονο
3626 416 3724 481 γέ-

432 507 660 571 pereat.
710 499 910 553 Laicus
953 497 1101 553 enim
1146 499 1233 553 sui
1276 505 1489 553 tantum
1536 512 1729 553 curam.
1766 499 1939 569 gerit;
1973 505 2030 551 tu

448 592 722 654 omnium,
756 597 818 644 ut
846 591 938 661 qui
971 590 1096 660 plus
1125 590 1312 645 oneris
1346 588 1551 645 habeas
1581 596 1636 645 et
1663 590 1873 661 majore
1898 609 2032 662 pon-

447 683 577 738 dere
616 682 883 752 graveris.
936 680 1211 749 Scriptum
1252 692 1491 751 namque
1527 688 1659 737 est:
1718 700 1737 735 ι
1783 682 1852 737 Et
1892 684 2032 741 dixit

448 772 713 829 Dominus
740 772 807 827 ad
838 770 1078 841 Moysem
1106 789 1123 826 :
1157 769 1240 825 Tu
1271 778 1326 826 et
1346 770 1532 830 Aaron
1560 774 1873 844 suscipietis
1900 790 2033 845 pec—

448 874 571 922 cata
603 864 894 921 sacerdotii
921 864 965 895 ³⁹
992 906 1005 917 .
1047 876 1069 918 ι
1123 862 1467 933 Quapropter
1515 872 1775 934 tanquam
1806 865 1874 920 de
1909 866 2031 935 plu-

451 961 607 1016 ribus
635 959 901 1014 rationem
931 956 1271 1020 redditurus,
1298 971 1487 1011 curam
1509 956 1755 1013 omnium
1783 958 2024 1025 sustine;

452 1068 520 1109 ac
548 1066 714 1109 sanos
740 1050 959 1121 quidem
989 1064 1295 1117 conserva;
1326 1063 1422 1104 eos
1454 1064 1606 1114 vero,
1642 1050 1735 1120 qui
1765 1066 2028 1120 peccave-

452 1151 601 1211 runt,
633 1144 889 1214 increpa;
917 1140 1239 1211 jejunioque
1260 1141 1503 1206 attritos,
1524 1142 1851 1197 remissione
1873 1142 2022 1209 leva;

448 1244 502 1292 et
535 1236 1001 1305 ingemiscentem,
1039 1235 1294 1288 universa
1320 1240 1579 1303 precante
1608 1248 1708 1303 pro
1739 1249 1804 1288 eo
1833 1234 2025 1289 Eccle-

448 1330 551 1395 sia,
574 1328 781 1401 recipe,
798 1340 1084 1396 manuque
1105 1327 1380 1395 imposita,
1404 1326 1663 1395 permitte
1684 1333 1743 1381 ut
1763 1327 2023 1398 deinceps

448 1437 572 1477 cum
602 1436 764 1492 grege
794 1426 1032 1481 maneat.
1058 1418 1128 1472 At
1152 1418 1554 1473 somniculosos
1586 1424 1640 1472 et
1663 1418 1886 1487 ignavos
1902 1434 2025 1473 ver-

447 1529 531 1577 sa,
560 1512 803 1575 sutl‘ulci,
836 1512 1028 1574 incita,
1060 1510 1369 1573 consolare,
1404 1524 1565 1577 sana;
1596 1510 1823 1564 edoctus
1847 1525 2024 1579 quan-

2133 515 2375 571 γραπται
2411 499 2541 571 γάρ’
2578 519 2596 550 ι
2631 501 2741 554 Καὶ
2768 495 2889 553 εἶπε
2917 500 3122 573 Κύριος
3146 502 3303 572 ,πρὸς
3337 503 3603 573 Μωῦσῆψ
3644 506 3720 558 Σὺ

2132 591 2226 648 καὶ
2267 589 2474 661 ’Δαρὼν
2509 590 2745 662 λήψεσθε
2788 592 3061 664 ἁμαρτίας
3086 593 3185 663 τῆς
3215 592 3508 663 ἱερατείας.
3548 613 3569 646 ι
3632 595 3724 660 Ὠς

2089 700 2104 714 ο
2131 683 2262 753 περὶ
2290 682 2547 735 πλειόνων
2575 680 2668 736 οὖν
2687 683 2956 751 ἁπολογού
2964 700 3145 754 μενος,
3166 685 3296 755 περὶ
3316 683 3535 739 πάντων
3564 686 3726 756 φρόν-

2128 772 2268 837 τιζε,
2299 774 2394 834 καὶ
2434 776 2560 837 τοὺς
2603 776 2700 845 μὲν
2743 776 2935 843 ὑγιεῖς,
2968 776 3254 846 συντήρειο
3284 777 3412 840 τοὺς
3435 776 3495 830 δὲ
3524 777 3724 848 ’ἡμαρ-

2127 866 2383 937 τηκότας,
2427 865 2689 929 νουθέτει,
2730 868 2825 920 καὶ
2856 866 3054 920 στιϐὦν
3082 868 3140 920 ἐν
3183 869 3249 939 τῇ
3280 868 3529 939 νηστείᾳ,
3562 870 3623 921 ἐν
3653 872 3721 940 τῇ

2128 958 2318 1027 ἀφέσει
2349 958 2646 1030 ἐλάφρυνον
2674 960 2767 1013 καὶ
2782 959 3242 1027 προσκλαόσαντα
3269 960 3512 1030 εἰσδέχου
3547 961 3725 1031 (100),

2128 1049 2310 1121 πάσης
2366 1052 2464 1122 τῆς
2519 1051 2843 1123 Ἐκκλησιας
2888 1052 3028 1123 ὑπὲρ
3070 1051 3235 1105 αὐτοῦ
3284 1053 3571 1124 δεομένης,
3629 1054 3729 1107 xui

2127 1141 2511 1214 χειροθετήσας
2539 1144 2722 1205 αὑτὸν,
2753 1143 2816 1198 Eu
2857 1144 3041 1197 λοιπὸν
3085 1140 3223 1198 εἶναι
3253 1145 3311 1198 ἐν
3341 1144 3418 1216 τῷ
3457 1146 3725 1216 ποιμνίῳ.

2126 1235 2267 1298 Τοὺς
2294 1235 2351 1289 δὲ
2397 1234 2663 1299 ὑπνώδεις
2690 1236 2784 1290 καὶ
2819 1237 3184 1308 παρειμένους
3226 1238 3549 1310 ἐπίστρεφε,
3594 1239 3731 1291 ὐπο-
3779 1275 3783 1279 ι

2127 1324 2372 1397 στήριξε,
2408 1326 2735 1397 παρακάλει,
2784 1328 3073 1399 θεράπευε,
3123 1331 3487 1401 ἐπιστάμενος
3531 1330 3730 1400 ἡλίκον

2128 1417 2317 1489 μισθὸν
2345 1416 2489 1491 ἔχεις
2513 1417 2686 1473 ταῦτα
2712 1420 2975 1474 ἐπιτελῶν
3006 1421 3103 1492 (1),
3135 1422 3334 1494 ὥσπερ⁴
3353 1420 3447 1476 οὖν
3480 1424 3579 1476 καί
3614 1423 3727 1475 κεν.

2122 1511 2276 1564 δυνον
2305 1509 2399 1563 ἐὰν
2429 1509 2708 1584 ἀμελήσῃς
2737 1510 2812 1582 (2)
2842 1511 3067 1565 τούτων.
3100 1512 3261 1581 Λέγει
3288 1513 3397 1585 γὰρ
3426 1514 3569 1585 πρὸς
3596 1515 3727 1578 τοὺς

446 1614 556 1663 tant
585 1605 915 1668 mercedem,
946 1602 996 1659 si
1029 1602 1225 1658 feceris
1256 1601 1390 1665 ham,
1423 1600 1639 1671 capies;
1674 1608 1865 1655 contra
1894 1617 2023 1657 vero

2144 1600 2459 1675 ιμελοῢντας
2503 1600 2599 1656 τοῦ
2639 1602 2768 1657 λαοῦ
2814 1603 3149 1667 ἐπισκόπους
3189 1604 3472 1677 Ἰεζεκιήλ·
3529 1624 3548 1655 ι
3589 1606 3730 1660 Οὐαὶ

444 1708 712 1771 quantum
755 1696 1071 1759 discrimen,
1106 1695 1153 1749 si
1184 1692 1513 1763 neglexeris.
1552 1690 1687 1745 Nam
1731 1693 2021 1762 episcopos

2144 1697 2236 1759 τοῖς
2254 1694 2584 1765 ποιμέσιτοῦ
2612 1694 2848 1767 Ἰσραὴλ,
2870 1696 2950 1751 ὅτι
2973 1695 3108 1767 (5-4)
3131 1697 3445 1767 ἐποίμαινον
3466 1697 3723 1761 ἑαυτούς’

445 1758 708 1865 populum
740 1788 1200 1861 parvipendentes
1227 1758 1373 1840 hunc
1404 1786 1459 1839 in
1487 1784 1707 1839 modum
1729 1758 2023 1855 alloquitur

2144 1789 2189 1841 n3
2231 1784 2302 1840 τὰ
2339 1758 2588 1857 πρόϐατα
2628 1758 3007 1857 ποιμαίνουσιν
3048 1758 3099 1840 oi
3130 1758 3406 1859 ποιμένες,
3450 1790 3567 1842 ἀλλ’
3599 1758 3728 1844 ἐαυ-

446 1883 693 1941 Ezechiel
726 1902 738 1937 :
778 1901 795 1933 ι
839 1880 928 1935 Vae
960 1878 1275 1950 pastoribus
1304 1876 1544 1943 lsraelis,
1576 1877 1705 1947 quia
1731 1878 2026 1946 pascebant

446 1975 774 2045 semetipsos
808 1991 822 2027 :
856 1980 1107 2043 pastores
1135 1985 1249 2025 non
1298 1976 1530 2041 pascunt
1564 1983 1695 2023 oves
1737 1984 1888 2034 suas,
1929 1968 2025 2025 sed

446 2066 698 2138 seipsos?
742 2064 851 2124 Lac
897 2062 1207 2127 comeditis,
1256 2072 1311 2118 et
1340 2063 1487 2117 lanis
1530 2061 1831 2125 vestimini,
1878 2062 2025 2131 quod

443 2158 684 2217 validum
712 2166 795 2217 est
824 2156 1109 2223 occiditis;
1147 2170 1279 2211 oves
1308 2171 1418 2210 non
1450 2153 1678 2225 pascitis
1712 2173 1726 2209 :
1760 2154 1908 2225 quod
1934 2155 2023 2210 in-

447 2249 663 2309 ﬁrmum
694 2258 913 2305 estnon
946 2246 1272 2311 roborastis,
1307 2246 1453 2317 quod
1488 2254 1753 2316 :egrotum
1782 2261 1892 2300 non
1929 2262 2023 2301 sa-

444 2342 644 2407 naStis,
679 2339 824 2413 quod
850 2337 1192 2397 confractum
1242 2354 1351 2394 non
1400 2338 1689 2410 alligastis,
1738 2338 1886 2408 quod
1928 2339 2026 2393 ab-

442 2435 647 2504 iectum
674 2436 797 2491 non
840 2432 1163 2496 reduxistis,
1209 2438 1265 2487 et
1290 2430 1436 2502 quod
1480 2429 1757 2501 perditum
1787 2445 1898 2486 non
1936 2446 2026 2486 re-

444 2527 730 2599 quisistis;
772 2534 829 2582 et
876 2527 1171 2597 imperiose
1216 2524 1529 2595 castigastis
1566 2539 1662 2580 eas
1707 2539 1833 2579 cum
1876 2523 2024 2578 ludi-

446 2622 569 2679 brio
602 2640 616 2677 :
650 2629 705 2676 et
733 2620 997 2693 dispersa:
1027 2625 1182 2683 sunt,
1212 2632 1278 2672 eo
1309 2616 1452 2688 quod
1485 2630 1595 2673 non
1625 2622 1772 2671 esset
1803 2623 2023 2685 pastor,

445 2722 503 2769 et
530 2712 685 2771 facta!
701 2719 831 2768 sunt
861 2710 918 2765 in
949 2709 1359 2765 devorationem
1405 2708 1662 2765 omnibus
1693 2707 1885 2763 bestiis
1923 2707 2029 2762 sal-

447 2813 540 2863 tus
560 2803 627 2860 “.
658 2824 678 2857 ι
710 2804 776 2857 Et
809 2804 1007 2858 iterum
1040 2821 1054 2856 :
1090 2819 1109 2855 ι
1147 2800 1215 2855 Ει
1259 2815 1370 2855 non
1400 2800 1737 2870 quaesierunt
1774 2807 2025 2869 pastores

444 2911 578 2954 oves
604 2909 794 2961 meas;
821 2903 879 2951 et
910 2894 1209 2965 pascebant
1240 2902 1486 2963 pastores
1510 2891 1745 2960 seipsos,
1771 2905 1902 2945 oves
1926 2907 2026 2946 au-

447 2996 559 3043 tem
589 3001 740 3043 meas
762 3001 872 3040 non
896 2986 1193 3056 pascebant
1210 2984 1276 3039 “.
1308 3002 1327 3035 ι
1363 2984 1429 3037 Ει
1454 2983 1617 3055 paulo
1640 2989 1800 3051 post;
1834 3000 1853 3033 ι
1888 2983 2027 3037 Ecce

444 3095 548 3151 ego
576 3078 647 3141 ad
690 3086 969 3150 pastores;
1017 3085 1072 3133 et
1114 3076 1391 3147 requiram
1442 3089 1543 3145 ego
1584 3089 1715 3129 oves
1764 3088 1916 3129 meas
1957 3073 2023 3129 de
2049 3105 2093 3163 ρ

448 3184 614 3233 manu
655 3186 878 3238 eorum;
927 3180 979 3226 et
1029 3169 1228 3225 faciam
1272 3176 1333 3226 ut
1363 3173 1584 3223 cessent
1618 3181 1850 3236 pascere
1894 3181 2023 3223 oves

448 3278 632 3331 ineas;
663 3270 719 3318 et
747 3275 859 3318 non
882 3260 1121 3331 amplius
1141 3268 1393 3332 pastores
1414 3265 1638 3330 pascent
1662 3258 2021 3329 semetipsos;

448 3363 503 3413 et
532 3355 773 3411 liberabo
797 3370 928 3414 oves
948 3368 1097 3409 meas
1122 3352 1192 3408 de
1221 3369 1385 3415 manu
1408 3367 1631 3417 eorum;
1653 3359 1705 3406 et
1728 3367 1839 3406 non
1860 3361 2025 3407 erunt

451 3448 561 3505 illis
581 3448 638 3511 in
660 3447 1071 3503 devoratiouem
1091 3447 1158 3500 η.
1190 3464 1211 3499 ι
1238 3443 1305 3504 Ει
1331 3443 1400 3497 ad
1424 3444 1685 3515 populum
1707 3445 1872 3499 etiam
1896 3459 2023 3498 con-

447 3555 644 3597 versus
672 3541 747 3593 ait
772 3558 785 3595 :
816 3557 834 3590 ι
858 3537 1002 3595 Ecce
1017 3537 1392 3609 egojudicabo
1413 3536 1556 3595 inter
1576 3552 1730 3592 ovem
1753 3536 1822 3599 ad
1841 3552 2018 3602 ovem,

445 3638 506 3689 et
542 3634 769 3689 arietem
819 3631 889 3687 ad
919 3631 1169 3686 arietem.
1202 3629 1477 3691 Parumne
1522 3640 1641 3686 erat
1678 3629 1859 3695 vobis,
1894 3631 2022 3700 quia

449 3724 650 3783 bonam
686 3738 949 3795 pascuam
985 3722 1396 3793 depascebatis;
1426 3733 1480 3778 et
1499 3723 1764 3794 reliquias
1804 3738 2022 3793 pascua:

448 3816 858 3877 conculcabatis
889 3815 1118 3887 pedibus
1151 3815 1372 3879 vestris,
1416 3826 1471 3870 et
1499 3830 1629 3871 oves
1654 3815 2025 3871 conculcatio—

447 3922 550 3973 nes
564 3910 763 3981 pedum
782 3916 1088 3968 vestrorum
1108 3908 1468 3964 comedebant
1482 3906 1565 3961 “‘2
1583 3926 1602 3960 ι
1629 3908 1695 3963 Et
1714 3916 1837 3979 post
1849 3923 2024 3979 pauca

517 4106 563 4151 8.-
599 4107 761 4167 Num.
807 4124 965 4173 xvnt,
1001 4109 1053 4171 ‘I.
1128 4109 1175 4139 ⁸ο
1215 4108 1414 4167 Ezech.
1472 4124 1661 4175 xxxiv,
1716 4108 1832 4166 2—5.

2120 1874 2354 1931 τούὸοτὸ
2368 1877 2512 1947 γάλα
2538 1878 2874 1943 κατεσθίετε,
2905 1879 2998 1933 καὶ
3026 1878 3096 1932 τὰ
3131 1880 3259 1951 έρια
3300 1882 3723 1952 περιϐάλλεσθε,

2125 1981 2187 2020 το
2217 1970 2437 2040 ἰσχυρὸν
2482 1968 2737 2038 σφάζετε,
2780 1969 2851 2025 τὰ
2892 1971 3142 2043 πρόϐατα
3168 1973 3229 2026 οὐ
3273 1974 3621 2044 ποιμαενετε,
3664 1974 3726 2028 τὸ

2125 2058 2510 2131 ἐνοχλούμενον
2550 2062 2649 2115 οὐκ
2681 2061 3020 2132 ἐνισχύσατε,
3064 2066 3159 2118 κα).
3198 2067 3259 2119 τὸ
3294 2068 3583 2140 ἄρρωστον
3625 2071 3725 2123 οὐκ

2130 2152 2374 2215 ἱὰσασθε,
2423 2154 2519 2211 καὶ
2558 2152 2621 2206 τὸ
2659 2155 3118 2227 συντετριμμένον
3148 2158 3208 2211 οὑ
3257 2159 3619 2231 κατεδήσατε,
3664 2161 3726 2212 τὸ

2126 2244 2431 2316 ἐξωσμένον
2492 2245 2554 2298 οὐ
2614 2246 3124 2320 κατεπεστρέψατε,
3176 2249 3271 2303 καὶ
3319 2249 3383 2301 τὸ
3442 2250 3725 2315 ἀπολωλὸς

2125 2338 2224 2391 οὐκ
2252 2335 2551 2409 ἐζητήσατε
2570 2354 2583 2369 ο
2616 2338 2708 2391 καὶ
2738 2339 2795 2390 ἐν
2823 2339 3014 2410 κράτει
3036 2340 3397 2395 ἐπαιδεύσατε
3419 2342 3565 2395 αὐτὰ
3588 2344 3725 2413 μετὰ

2126 2428 2442 2501 ἐμπαιγμοῦ
2463 2447 2476 2459 ·
2509 2431 2603 2484 καὶ
2630 2430 3000 2503 διεσπάρησαν
3038 2432 3189 2504 παρὰ
3232 2434 3293 2487 τὸ
3324 2434 3399 2507 μὴ
3432 2430 3578 2488 εἶναι
3608 2453 3727 2489 ποι-

2129 2523 2284 2593 μένα,
2314 2520 2409 2576 καὶ
2437 2521 2686 2590 ἐγένοντο
2716 2525 2797 2587 εἰς
2824 2524 3168 2596 κατάϐρωμα
3196 2527 3333 2578 πᾶσι
3362 2529 3477 2590 τοῖς
3510 2526 3726 2597 θηρίοις

2124 2613 2219 2667 τοῦ
2246 2614 2570 2687 δρυμοῦ
2610 2633 2629 2668 ι
2676 2617 2788 2670 Καὶ
2816 2616 3000 2670 πάλινο
3051 2638 3070 2669 ι
3106 2619 3217 2672 Καὶ
3245 2618 3346 2672 οὐκ
3384 2616 3726 2691 ἐξεζήτησαν

2125 2708 2175 2759 οἱ
2209 2706 2465 2778 ποιμένες
2491 2706 2561 2760 τὰ
2588 2707 2836 2780 πρόϐατά
2882 2726 3005 2780 μου,
3052 2711 3146 2764 καὶ
3176 2712 3495 2781 ἐποίμαινον
3526 2712 3577 2764 οι
3608 2729 3727 2765 ποι-

2128 2797 2289 2870 μένες
2316 2798 2563 2862 ἑαυτοὺς,
2591 2797 2662 2853 τὰ
2687 2801 2744 2855 δέ
2771 2801 3021 2873 πρόϐατά
3053 2820 3153 2874 μου
3182 2804 3283 2856 οὐκ
3311 2803 3658 2873 ἐποίμαινον.
3702 2823 3722 2856 ι

2125 2890 2235 2943 Καὶ
2265 2890 2380 2959 μετ’
2424 2889 2621 2957 ὀλίγον·
2677 2910 2696 2944 ‹
2750 2892 2879 2946 Ἰδοὺ
2926 2893 3037 2961 ἐγὼ
3079 2893 3216 2965 πρὸς
3249 2895 3375 2958 τοὺς
3417 2896 3725 2966 ποιμένας,

2125 2982 2220 3035 καὶ
2248 2980 2535 3055 ἐκζητήσω
2564 2982 2675 3053 ἐγὼ
2701 2983 2771 3037 τὰ
2800 2983 3049 3056 πρόϐατά
3080 3002 3181 3056 μου
3212 2986 3276 3038 ἐκ
3302 2986 3489 3058 χειρὸς
3515 2988 3723 3053 αὐτῶν,

2126 3075 2221 3127 καὶ
2265 3076 2604 3130 καταπαύσω
2649 3078 2847 3140 αὐτοὺς
2884 3076 2978 3129 τοῦ
3023 3078 3330 3149 ποιμαίνειν
3359 3078 3430 3131 τὰ
3472 3081 3725 3151 πρόϐατά

2134 3184 2258 3238 μου,
2310 3168 2403 3221 xui
2443 3170 2504 3222 οὐ
2538 3168 2895 3240 ποιμανοῦσιν
2940 3170 3021 3223 ἔτι
3067 3170 3117 3222 οἱ
3162 3170 3419 3241 ποιμένες
3460 3173 3721 3236 ἑαυτοὺς,

2129 3261 2223 3315 καὶ
2266 3260 2499 3333 ῥύσομαι
2528 3260 2600 3315 τὰ
2646 3261 2895 3334 πρόϐατά
2927 3278 3028 3333 μου
3058 3262 3123 3315 ἐκ
3144 3262 3334 3333 ,χειρὸς
3362 3263 3546 3315 αὐτῶν
3566 3303 3581 3327 ,
3630 3265 3724 3317 καὶ

2128 3355 2229 3409 οὐκ
2255 3354 2463 3410 ἔσονται
2491 3357 2675 3420 αὐτοῖς
2702 3358 2783 3420 εἰς
2823 3356 3184 3428 κατάϐρωμα.
3224 3376 3243 3409 ι
3278 3360 3390 3412 Ku‘t
3422 3356 3497 3429 (6)
3529 3357 3723 3425 ἐπειρέ-

2131 3466 2216 3519 ρει
2245 3450 2338 3504 καὶ
2366 3450 2503 3521 πρὸς
2529 3449 2619 3502 τὸν
2646 3448 2771 3502 λαὸν
2800 3447 2993 3517 λέγων·
3047 3467 3065 3500 ι
3118 3449 3245 3501 Ἰδοὺ
3274 3447 3384 3516 ἐγὼ
3414 3448 3589 3520 κρινῶ
3618 3448 3723 3501 ἀνὰ

2135 3541 2298 3610 μέσον
2326 3540 2599 3612 προϐάτου
2629 3543 2708 3604 εἰς
2737 3541 3030 3613 πρόϐατον,
3063 3542 3157 3596 καὶ
3185 3540 3342 3613 κριὸν
3371 3541 3514 3613 πρὸς
3542 3540 3718 3612 κριόν.

2129 3633 2223 3704 Μὴ
2270 3632 2465 3704 μικρὸν
2508 3629 2575 3704 ἦν
2621 3634 2771 3704 ὑμῖν,
2815 3633 2894 3686 ὅτι
2922 3634 3024 3705 τὴν
3052 3629 3222 3704 νομὴν
3250 3634 3350 3706 τὴν
3397 3634 3573 3705 καλὴν
3616 3632 3724 3685 ἐνέ-

2133 3723 2318 3795 μεσθε,
2349 3725 2441 3778 καὶ
2468 3723 2538 3777 τὰ
2565 3724 2868 3783 κατάλοιπα
2895 3726 2993 3797 τῆς
3021 3723 3191 3797 νομῆς
3219 3729 3579 3779 κατεπατεῖτε
3609 3727 3721 3788 τοῖς

2129 3817 2288 3869 ποσὶν
2319 3815 2493 3887 ὑμῶν,
2526 3818 2619 3870 καὶ
2645 3816 2715 3869 τὰ
2745 3817 2992 3889 πρόϐατα
3020 3817 3091 3870 τὰ
3133 3818 3433 3888 πατήματα
3475 3818 3586 3869 τῶν
3622 3833 3720 3870 πο-

2128 3907 2235 3962 δῶν
2263 3907 2416 3979 ὑμῶν
2445 3907 2666 3979 1ἡσθιονς
2706 3928 2723 3961 ι
2758 3910 2867 3964 Καὶ
2894 3909 3143 3982 ἐπιφέρει
3174 3912 3291 3980 μετ’
3321 3908 3500 3979 ὀλίγασ
3550 3927 3572 3963 ι
3607 3909 3721 3964 Καὶ

1924 4109 1968 4146 ﬂ
2002 4104 2176 4172 lbid.,
2229 4107 2284 4163 8.
2361 4107 2407 4139 "
2455 4107 2626 4174 lbid.,
2656 4108 2743 4162 11.
2821 4107 2867 4138 ⁸³
2892 4106 3058 4175 lbid.,
3088 4113 3273 4172 19-20.

1753 4279 2119 4337 VARIORUM
2154 4280 2389 4340 ΝΟΤτΕ.

519 4463 632 4535 (99)
681 4464 778 4528 Ὡς
803 4462 1014 4517 πλεῖον
1040 4463 1199 4531 ἔχων
1218 4464 1431 4533 βάρος,
1464 4465 1617 4527 Alter
1653 4464 1775 4520 cod.
1820 4463 2028 4519 Vindo-

519 4553 579 4586 ιιι.
612 4533 791 4586 πλεῖον
821 4530 913 4586 οὖν
949 4532 1111 4586 Βάρος
1139 4534 1295 4586 ἔνων.
1321 4533 1525 4586 Desunt
1552 4535 1604 4586 iu
1641 4552 1706 4586 eo
1733 4536 1896 4586 verba
1936 4550 2026 4586 se-

2144 4464 2463 4586 presb§tero
2484 4466 2595 4536 egit
2620 4466 2903 4537 Synesius.
2937 4465 3097 4532 cujus
3133 4464 3257 4520 vide
3299 4466 3464 4519 sodes
3506 4465 3703 4533 episto-

2144 4542 2243 4586 lam
2280 4536 2311 4586 ϐ
2356 4578 2368 4586 .
2406 4534 2516 4586 Nec
2551 4539 2724 4586 omitti
2758 4538 2917 4586 debet
2952 4536 3184 4586 illustris
3214 4537 3368 4586 locus
3403 4536 3549 4586 anud
3573 4534 3703 4586 Por-

450 4530 579 4593 bon.
612 4530 791 4605 πλεῖον
821 4530 913 4605 οὖν
947 4530 1111 4605 βάρος
1139 4530 1525 4604 ἐχων.1)θευηι
1552 4535 1604 4589 iu
1641 4552 1706 4605 eo
1733 4536 1896 4589 verba
1936 4550 2026 4588 sc-

2139 4542 2243 4587 lam
2280 4534 2368 4590 67.
2406 4534 2725 4590 Nec-omitti
2758 4538 2917 4591 debet
2952 4536 3184 4590 illustris
3214 4537 3368 4589 locus
3403 4536 3549 4604 apud
3573 4534 3711 4588 Por—

448 4605 675 4685 quentia
703 4592 845 4685 :Ku‘.
869 4592 1050 4685 μεῖζον
1073 4592 1357 4685 βαστάζων
1384 4606 1620 4685 Ἔορτίον.
1646 4604 1776 4685 Quae
1797 4612 2030 4685 possunt

2144 4605 2386 4685 phyrium
2410 4606 2477 4659 de
2499 4605 2689 4685 Styge:
2710 4606 3179 4685 Ἐξομολογοῦνται
3202 4605 3295 4685 ἐπ).
3308 4606 3425 4685 τῶν
3438 4592 3642 4685 saepe»;
3666 4607 3716 4659 εῑ

451 4672 666 4736 abesse,
698 4673 793 4729 sed
824 4672 1019 4730 melius
1058 4683 1143 4729 est
1180 4676 1257 4740 ὡς
1299 4672 1481 4730 πλεῖον
1509 4672 1675 4745 quam
1700 4672 1882 4729 πλεῖον
1910 4672 2026 4729 οὖν.

448 4748 619 4808 Casu.

521 4813 669 4939 (190)
684 4811 796 4868 Καὶ
811 4817 1343 4897 προσκλαύσειιντα,
1374 4835 1428 4899 κ.
1445 4834 1495 4869 τ.
1510 4815 1696 4897 Lilic,
1711 4832 1832 4885 cap.
1855 4815 1941 4878 16,
1958 4814 2022 4870 61

555 4888 629 4939 Ib.
657 4900 776 4939 vm.
808 4899 929 4939 can.
960 4884 1016 4939 8.
1050 4888 1347 4939 multisuue
1388 4904 1441 4939 in
1480 4889 1615 4939 locns
1643 4886 1889 4939 Patrum.
1929 4884 2022 4939 dc-

448 4895 504 4941 et
532 4884 629 4939 lib.
657 4900 776 4948 vm,
808 4899 929 4953 cap.
960 4884 1016 4956 8.
1050 4887 1347 4956 multisque
1388 4889 1441 4940 in
1480 4886 1615 4942 locis
1643 4884 1889 4947 Patrum,
1929 4884 2027 4939 de-

449 4956 691 5026 claratur
725 4968 845 5008 mos
870 4955 1150 5023 antiquus,
1186 4955 1486 5011 seCundum
1516 4972 1676 5026 quem
1710 4957 1756 5026 is
1802 4956 1895 5024 qui
1935 4956 2023 5026 in-

450 5025 763 5101 nocentiam
802 5033 1026 5101 peccato
1042 5027 1314 5101 amissam
1347 5025 1668 5101 pmuiteutia
1700 5025 1900 5101 ductus
1928 5025 2025 5080 dc-

449 5095 634 5159 ﬂebat,
667 5094 882 5154 cunctis
912 5111 1009 5164 pro
1040 5097 1133 5149 illo
1161 5094 1434 5151 Deum‘ac
1477 5097 1775 5151 antistitem
1821 5096 2021 5217 delpre-

449 5165 728 5217 cautibus.
777 5163 1033 5217 Ecclesia:
1071 5168 1463 5217 restituebatur
1513 5181 1544 5217 a
1597 5164 1849 5217 praesule.
1904 5179 2021 5217 .cae

449 5165 728 5229 cantibus,
777 5163 1033 5220 Ecclesia:
1071 5168 1463 5227 restituebatur
1513 5181 1544 5219 a
1597 5164 1849 5232 praesule.
1881 5163 2026 5233 Lege

448 5236 729 5290 ordinaria
759 5234 1030 5290 videlicet.
1062 5234 1336 5291 Interdum
1357 5237 1501 5292 enim
1530 5234 1769 5304 episcopi
1798 5236 2025 5288 utebanv

452 5316 543 5376 tur
568 5313 834 5376 potestate
864 5321 1002 5371 sua;
1036 5315 1196 5375 atque
1226 5314 1320 5369 aut
1362 5308 1662 5361 reluctante
1710 5306 1913 5376 p0pulo
1949 5304 2022 5376 ad

451 5375 752 5435 Ecclesiam
778 5383 1114 5435 revertentes
1145 5377 1519 5439 admittebant,
1554 5382 1646 5427 aut
1675 5382 1867 5427 contra
1906 5375 2025 5444 ple-

452 5446 577 5501 bem
609 5459 709 5517 pro
734 5446 1110 5517 peccatoribus
1146 5448 1511 5517 postulantem
1552 5446 1881 5517 recusabant
1923 5458 2022 5497 au-

452 5516 589 5586 dire.
612 5513 829 5569 ’i’rioris
867 5516 1007 5583 juris
1036 5513 1340 5586 exemplum
1372 5514 1681 5586 suppeditat
1715 5513 2020 5586 Cyprianus

456 5587 509 5638 in
545 5584 781 5653 Epistola
812 5587 900 5647 55.
947 5587 1011 5643 ad
1055 5584 1388 5647 ('Zoru'clium,
1440 5584 1565 5639 ante
1603 5585 1783 5645 linem,
1831 5585 1900 5637 ab
1935 5584 2018 5637 his

452 5657 636 5713 verbis
664 5673 677 5708 :
707 5654 750 5709 0
775 5658 820 5708 si
849 5672 1049 5723 posses,
1074 5657 1243 5724 frater
1267 5657 1595 5717 charissime,
1628 5655 1747 5707 istic
1772 5660 2019 5707 interesse

456 5727 744 5783 uobiscum.
792 5726 1087 5785 Posteriori
1133 5743 1260 5784 vero
1302 5728 1427 5797 jure
1474 5743 1599 5781 cum
1640 5725 2015 5796 Lamponiauo

2130 4691 2183 4725 τι
2205 4675 2470 4747 ἥμαρτον
2496 4674 2589 4747 καὶ
2605 4674 2791 4747 δέησιν
2808 4674 3106 4747 ποιοῦνται,
3125 4676 3287 4747 ἵναλοί
3308 4675 3489 4747 λοιποὶ
3510 4674 3713 4747 εὔξαιν-

2129 4760 2220 4815 ται
2249 4744 2376 4815 περὶ
2402 4746 2599 4815 αὐτῶν,
2632 4744 2724 4801 καὶ
2751 4745 3086 4815 νηστεύσωσι
3131 4744 3321 4815 χρόνον
3349 4744 3476 4797 τινὰ
3507 4744 3707 4797 ἱκανόν.

2130 4811 2244 4877 Hoc
2276 4786 2380 4879 esrt,
2423 4787 2753 4883 Conﬁientur
2802 4786 2914 4869 indi
2960 4817 3024 4868 ad
3078 4786 3221 4867 ιιιίῖῗί
3268 4814 3475 4868 ostium
3529 4830 3709 4866 coram

2131 4884 2275 4947 aliis,
2307 4884 2355 4937 si
2383 4885 2508 4955 quid
2537 4888 2739 4955 peccati
2767 4886 3152 4949 commiserint;
3180 4894 3475 4955 rogantque
3498 4892 3555 4935 ut
3584 4884 3708 4936 reli-

2128 4955 2219 5034 qui
2265 4970 2360 5021 pro
2398 4954 2528 5034 ipsis
2579 4967 2749 5021 orent,
2797 4967 2846 5011 et
2897 4955 3141 5009 idoneum
3182 4954 3453 5025 quoddam
3508 4963 3707 5021 tempus

2120 5024 2379 5093 jejunent.
2412 5024 2549 5081 Cor.
3198 5024 3201 5025 ⁷

2127 5162 2181 5216 ID
2200 5094 2277 5166 (1)
2329 5095 2667 5149 Ἐπιτελῶν.
2713 5095 2884 5150 Alter.
2916 5094 3038 5149 cod.
3071 5096 3241 5150 ποιῶν
3279 5095 3476 5150 eodem
3514 5108 3703 5148 sensu.

2150 5179 2275 5304 Di?)
2329 5232 2687 5305 Ἀμξλήσῃςο
2730 5233 2881 5289 Alter
2933 5234 3057 5289 cod.
3105 5231 3337 5305 ἀμελής.
3383 5236 3482 5290 sed
3552 5234 3705 5303 sequi

2126 5301 2405 5393 pporterlet
2433 5301 2784 5376 ﬁ;,neytigens
2816 5310 2912 5369 sis,
2946 5306 3093 5361 unde
3122 5301 3278 5360 forte,
3313 5305 3523 5361 factum
3567 5301 3703 5375 ἁμε-

2126 5374 2313 5446 λήσῃς.
2343 5373 2510 5435 Οιιὶιι.
2591 5373 2600 5375 ⁷
2664 5373 2675 5375 ἡ

2195 5442 2336 5580 (ε-ι)
2382 5444 2541 5525 "Ou.~
2556 5444 2620 5497 υἱ
2648 5444 2702 5498 in
2731 5445 3055 5525 altero~cod.
3098 5444 3174 5501 lu.

2223 5514 2276 5580 5)
2317 5516 2567 5580 Δρυμου.
2586 5516 2735 5568 Alter
2757 5517 2951 5580 ἀγρου,
2980 5523 3039 5569 ut
3070 5516 3173 5568 hab

2223 5514 2276 5587 Eii»)
2317 5511 2567 5587 Apupgz}.
2586 5516 2735 5568 Alter
2757 5516 2951 5587 ἀγροῦ,
2980 5523 3039 5569 ut
3070 5516 3269 5587 habent
3300 5511 3440 5587 LXX
3476 5512 3604 5566 lntt.
3633 5512 3700 5566 In.

2194 5581 2272 5652 (6)
2310 5581 2443 5639 Kal.
2475 5581 2629 5661 Εἶτα,
2670 5581 3004 5653 alter—cod“
3037 5584 3184 5661 quod
3209 5585 3437 5649 rectius,
3483 5593 3700 5659 preplet

2125 5670 2377 5724 sequens,
2412 5655 2523 5709 καί.
2558 5655 2632 5713 In.
