3706 6252
148 278 246 343 633
1091 294 1665 357 CONSTITUTIONES

1804 301 2371 364 πωπω-ιω.
2405 310 2469 365 I'.
3270 324 3373 379 054

144 398 423 467 γνώσεσθε,
464 401 551 456 διτι
580 404 702 473 ἐγὼ
750 404 995 479 Κύριος,
1039 412 1131 463 καὶ
1171 413 1324 481 ὑμεῖς
1350 411 1593 481 πρόϐατα
1627 412 1674 464 τὶ

1828 415 2111 485 subiungit
2142 434 2155 469 :
2194 434 2212 467 ι
2251 417 2315 472 Et
2346 426 2685 491 mgnascetis
2717 426 2847 495 quia
2876 441 2980 496 ego
3010 428 3290 497 Dominus.
3321 453 3374 491 ιιι

156 495 309 566 νομῆς
335 512 460 566 μου,
488 498 796 569 ἄνθρωποί
827 518 930 573 μου
970 504 1089 556 ἐστὲ
1106 542 1121 567 ,
1150 506 1243 557 καὶ
1269 503 1375 571 ἐγὼ
1400 502 1528 563 Θεὸς
1555 502 1674 571 ύμῶ

1830 524 1927 562 vos
1954 521 2085 562 oves
2130 523 2346 576 pascuae
2386 530 2555 579 ιιιοιος
2586 516 2834 572 hmines
2865 520 2971 573 mei
3009 524 3166 583 estis.
3196 534 3248 579 et
3273 544 3374 598 ego

153 589 286 657 λέγει
326 591 556 646 ’Δδωνατ
586 595 828 665 Κύριος.
872 616 890 648 ι

1829 598 1970 654 Deus
2000 607 2199 667 vester,
2230 600 2363 656 dicit
2390 604 2596 659 Adonai
2628 605 2888 664 Dominus
2907 611 2975 665 “.
3006 631 3028 664 ι

684 688 1087 740 ΚΕΦΑΛΑΙΟΝ
1123 687 1222 738 ιθν.
1597 773 1605 775 ξ

2393 714 2619 771 CAPUT
2657 718 2795 775 XIX.

153 772 260 824 ὀτι
303 771 402 825 καὶ
446 774 483 827 ὁ
526 776 797 845 ποιμὴν,
844 777 1076 846 ἀμελῶς
1120 776 1433 845 φερόμενος
1482 773 1613 840 περὶ
1655 790 1674 825 1

1826 798 1977 865 Quod
2004 810 2204 868 pastor,
2235 804 2403 857 ovium
2440 808 2722 877 negligens,
2746 827 2921 865 omna:
2959 818 3162 881 solvat;
3190 828 3239 872 el
3260 824 3366 877 oris

211 865 470 930 πρόϐατα
494 904 510 929 ,
574 867 773 935 δίκην
825 870 1121 931 τιννυσιν,
1177 867 1273 921 καὶ
1323 869 1385 919 τὸ
1441 867 1731 933 πρόϐατον

203 952 284 1022 μὴ
313 955 390 1025 (7)
423 958 820 1025 πειθαρχοῦν
846 958 927 1023 τῷ
953 958 1200 1025 ποιμένι,
1228 953 1541 1016 κολάζεται.

219 1044 510 1098 Ἀκούσατε
539 1048 593 1099 oi
627 1049 963 1111 ἐπίσκοποι,
1007 1049 1099 1100 καὶ
1140 1046 1401 1100 ἀκούσατε
1437 1047 1487 1097 οἱ
1526 1044 1674 1096 λαῖκο

1894 1044 2090 1099 Audite
2131 1047 2390 1118 episc0pi,
2434 1058 2489 1105 et
2513 1052 2695 1108 audite
2725 1060 2867 1117 Iatcl,
2899 1072 3007 1124 quo
3033 1060 3194 1114 modo
3230 1062 3362 1117 dicit

144 1134 212 1195 ὧς
236 1134 309 1204 (8)
340 1152 508 1205 φησιν
537 1139 568 1190 6
596 1136 767 1200 Θεὸς·
811 1159 829 1190 ‹
878 1138 1061 1209 Κρινῶ
1090 1138 1238 1208 κριὸν
1269 1137 1401 1207 πρὸς
1426 1134 1595 1204 κριὸν,
1626 1151 1674 1185 κε

1823 1131 2003 1188 Deus:
2041 1152 2058 1185 ι
2095 1134 2358 1191 Judicabo
2386 1140 2605 1193 arietem
2637 1142 2702 1194 ad
2734 1143 2977 1211 arietem,
3026 1157 3080 1201 et
3108 1164 3261 1204 ovem
3290 1152 3360 1208 ad

144 1226 399 1294 πρόϐατον
446 1226 592 1297 πρὸς
639 1230 948 1299 πρόϐατον·
992 1248 1010 1280 ι
1036 1229 1126 1281 καὶ
1153 1227 1285 1297 πρὸς
1311 1227 1434 1286 τοὺς
1458 1222 1674 1292 ποιμένα

1822 1236 1973 1276 ovem
1994 1224 2067 1290 ";
2105 1244 2123 1275 ι
2158 1234 2211 1279 et
2240 1243 2346 1295 quo
2386 1230 2544 1283 modo
2592 1234 2900 1298 pastoribus
2941 1237 3045 1292 ait:
3083 1238 3358 1297 Judicabi~

143 1315 294 1383 λέγει·
340 1317 705 1388 Κριθήσεσθε
756 1320 943 1372 ἕνεκεν
986 1321 1082 1388 τῆς
1121 1318 1368 1387 ἀπειρίας
1412 1314 1582 1368 αὐτῶν
1627 1331 1674 1365 κς

1819 1315 1951 1366 mini
1980 1323 2197 1383 propter
2225 1318 2544 1385 imperitiam
2570 1329 2823 1386 vestram,
2856 1333 2904 1378 et
2938 1337 3157 1396 propter
3172 1334 3357 1387 ovium

142 1407 226 1475 τῆς
256 1410 333 1469 είς
357 1408 428 1459 τὰ
456 1410 726 1477 πρόϐατα
758 1410 1071 1479 διαφθορᾶς
1111 1408 1398 1469 τουτέστιν,
1428 1406 1674 1456 ὲπίσκοπι

1819 1404 2171 1470 perditionem
2217 1426 2230 1460 ι
2274 1408 2376 1460 hoc
2428 1422 2530 1475 est,
2564 1410 2883 1481 Episcopum
2924 1417 2994 1471 ad
3044 1422 3354 1491 episcopum

142 1497 265 1566 πρὸς
291 1498 599 1552 ἐπίσκοπον
632 1501 843 1571 κρινῶ,
882 1502 975 1553 καὶ
1016 1499 1195 1551 λαῖκὺν
1238 1496 1373 1567 πρὸς
1399 1495 1599 1555 λαῖκὺν,
1629 1510 1674 1544 κς

1812 1492 2089 1559 judicaho,
2134 1503 2189 1550 et
2232 1490 2424 1551 laicum
2473 1502 2538 1553 ad
2588 1503 2802 1566 laicum,
2850 1516 2902 1559 et
2948 1490 3248 1578 principem
3289 1514 3354 1566 ad

141 1587 361 1657 ἄρχοντα
389 1590 534 1659 πρὸς
563 1591 844 1660 ἄρχοντα.
872 1590 1073 1658 Λογικὰ
1099 1589 1205 1659 γὰρ
1231 1588 1299 1640 τὰ
1325 1587 1584 1657 πρόϐατα,
1628 1603 1674 1637 κι

1818 1583 2135 1652 principem.
2195 1586 2504 1644 Rationales
2531 1592 2673 1643 enim
2704 1602 2830 1647 sunt
2874 1603 2981 1649 tam
3010 1614 3158 1663 oves,
3195 1617 3355 1669 quam
3378 1650 3391 1662 ,

142 1679 186 1730 οἱ
212 1680 347 1750 κριοὶ
372 1674 549 1745 οὗτοι,
582 1682 707 1733 ἀλλ’
760 1681 863 1733 οὐκ
907 1682 1089 1747 ἄλογα·
1138 1680 1223 1733 ἵνα
1273 1680 1476 1747 μήποτε
1522 1677 1645 1744 εἴπῃ

1817 1675 2047 1737 arietes,
2101 1692 2208 1730 non
2257 1687 2433 1731 autem
2499 1682 2724 1735 rationis
2768 1694 3050 1753 expertes;
3100 1706 3168 1743 ne
3218 1692 3357 1745 forte

140 1767 328 1831 λαῖκδς,
362 1771 488 1822 Ὀτι
518 1770 641 1839 ἐγὼ
670 1771 952 1841 πρόϐατόν
979 1773 1112 1839 είμι,
1149 1770 1239 1821 καὶ
1265 1769 1324 1820 οὐ
1363 1766 1580 1835 ποιμὴν,
1624 1783 1674 1816 κε

1817 1764 1987 1820 laicus
2017 1766 2160 1819 dicat
2187 1787 2198 1821 :
2229 1768 2339 1836 Ego
2367 1771 2483 1824 ovis
2510 1786 2649 1833 sum,
2682 1780 2735 1825 et
2769 1790 2874 1827 non
2917 1785 3130 1844 pastor;
3158 1780 3203 1834 si
3234 1783 3355 1835 nul-

139 1858 309 1912 οὐδένα
335 1860 496 1929 λόγον
530 1862 610 1932 (9)
643 1861 896 1932 ἐμαυτοῦ
938 1861 1257 1931 πεποίημαι,
1297 1857 1406 1910 ἀλλ’
1443 1860 1470 1910 6
1516 1856 1674 1924 ποιμὴ

1815 1854 1918 1906 lam
1949 1858 2050 1909 mei
2084 1860 2344 1910 rationem
2387 1859 2573 1922 habui,
2623 1861 2814 1915 viderit
2864 1874 3066 1932 pastor,
3115 1870 3161 1923 is
3204 1872 3355 1925 solus

140 1951 330 2018 ὕψεται,
371 1956 467 2006 κα)⁸
509 1954 687 2016 αὐτὸς
742 1953 903 2023 μόνος
940 1951 1390 2021 είσπραχθήσεται
1435 1951 1531 2020 τὴν
1578 1949 1674 2000 ὑπὲ

1813 1960 2000 2012 poenas
2029 1962 2127 2015 pro
2170 1963 2254 2002 me
2282 1949 2452 2003 dabit.
2482 1949 2613 2004 Nam
2661 1955 2819 2007 sicuti
2859 1956 2977 2010 ovis
3004 1973 3122 2025 quae
3153 1960 3352 2015 bonum

141 2042 259 2111 ἐμοῦ
287 2043 462 2115 δίκην.
499 2046 731 2115 ’Ὠσπερ
764 2044 872 2112 γὰρ
898 2042 973 2113 τῷ
1002 2042 1146 2111 καλῷ
1176 2043 1386 2111 ποιμένι
1414 2042 1473 2092 τὸ
1496 2041 1567 2109 μὴ
1587 2040 1674 2091 ἀκ(

1813 2042 2079 2102 pastorem
2107 2053 2214 2091 non
2246 2040 2508 2107 sequitur,
2541 2043 2680 2110 lupis
2702 2045 2945 2114 exposita
2968 2056 3049 2100 est
3070 2048 3135 2101 ad
3166 2050 3355 2105 interi-

2130 917 2229 955 non
2261 906 2493 961 obediens
2522 916 2742 977 pastori,
2770 908 3034 981 punietur.

139 2133 341 2187 λουθοῦν
386 2136 715 2207 πρόϐατον,
769 2136 949 2198 λύκοις
993 2135 1227 2187 ἔκκειται
1271 2135 1347 2194 είς
1390 2130 1709 2201 διαφθορὰν,

139 2224 267 2278 οὓτω
293 2227 368 2298 τῷ
414 2228 655 2298 πονηρῷ
705 2228 929 2298 ποιμένι
970 2226 1031 2279 τὸ
1070 2224 1407 2285 ἀκολουθοῦν,
1453 2223 1711 2292 πρόδηλον

138 2314 350 2383 ἔχειτὸν
381 2318 645 2380 θάνατον,
680 2320 772 2370 ὅτι
814 2315 1206 2386 κατατρώξεται
1246 2315 1389 2367 αὐτό.
1437 2314 1523 2366 Διὸ
1550 2330 1711 2382 φευκ-

139 2404 247 2461 τέον
272 2406 377 2461 ἀπὸ
405 2408 517 2460 τῶν
549 2409 814 2479 φθορέων
847 2409 1131 2478 ποιμένων.

666 2520 1063 2573 ΚΕΦΛΛΑΙΟΝ
1101 2520 1182 2571 Κ’.

203 2606 392 2676 Ὅπως
417 2609 541 2678 χρὴ
573 2610 732 2674 τοὺς
760 2610 1122 2677 ἀρχομένους
1149 2604 1481 2673 πειθαρχεῖν
1519 2604 1640 2670 τοῖς

579 2679 888 2745 ἄρχουσιν
913 2679 1273 2739 ἐπισκόποις.

199 2763 295 2819 Τδν
326 2768 509 2836 μέντοι
541 2770 791 2838 ποιμένα
817 2770 905 2820 τὸν
941 2766 1137 2835 ἀγαθὸν
1182 2769 1209 2818 ὁ
1251 2764 1433 2826 λαῖκὸς
1474 2763 1703 2832 τιμάτω,

138 2855 409 2922 ἀγαπάτω,
460 2860 775 2928 φοϐείσθω,
818 2860 891 2921 ὡς
930 2858 1113 2929 κύριον
1142 2856 1271 2927 (10),
1312 2857 1385 2918 ὡς
1425 2854 1702 2924 δεσπότην,

138 2942 205 3005 ὡς
232 2946 485 3019 ἀρχιερέα
516 2948 688 3011 Θεοῦ,
720 2950 796 3010 ὡς
824 2948 1129 3001 διδάσκαλον
1171 2946 1459 3007 εὐσεϐείας.
1504 2947 1561 2999 '0
1597 2946 1702 3016 γάρ

140 3035 286 3088 αὑτοῦ
312 3039 552 3102 ἀκούων,
584 3039 833 3111 Χριστοῦ
863 3039 1065 3102 ἀκούει,
1098 3040 1189 3092 καὶ
1226 3041 1254 3091 6
1293 3038 1449 3090 αὑτὸν
1477 3037 1698 3099 ἀθετῶν,

138 3127 353 3196 Χριστὸν
380 3131 593 3193 ἀθετεῖ,
623 3131 728 3183 καὶ
758 3133 785 3183 ὁ
824 3130 911 3182 τὸν
952 3130 1180 3198 Χριστὸν
1213 3128 1283 3198 μὴ
1311 3127 1609 3197 δεχόμενος,
1639 3126 1699 3178 ού

137 3217 329 3288 δέχεται
356 3222 448 3274 τὸν
477 3220 657 3275 αὐτοῦ
689 3221 821 3273 Θεὸν
849 3222 939 3273 καὶ
967 3221 1199 3289 Πατέρα.
1236 3238 1254 3269 t
1294 3218 1350 3269 '0
1393 3218 1561 3287 ὑμῶν,
1594 3217 1700 3287 γάρ

138 3326 304 3377 φησιν,
335 3312 579 3373 ἀκούων,
613 3310 754 3381 ἐμοῦ
784 3310 986 3371 ἀκούει,
1017 3311 1107 3361 καὶ
1133 3312 1159 3362 6
1190 3310 1329 3378 ὑμᾶς
1349 3306 1571 3369 ἀθετῶν,
1600 3308 1699 3377 ἐμὲ

134 3399 318 3462 ἀθετεῖ,
350 3404 445 3454 καὶ
473 3405 502 3455 6
544 3403 654 3472 ἐμὲ
695 3401 921 3463 ἀθετῶν,
966 3400 1143 3453 ἀθετεῖ
1184 3400 1272 3451 τὸν
1315 3396 1699 3450 ἀποστείλαντά

138 3505 215 3557 με.
242 3509 261 3542 ι
307 3490 546 3561 Ὀμοίως
576 3495 607 3545 6
636 3492 933 3553 ἐπίσκοπος
976 3492 1050 3552 ὡς
1098 3491 1259 3542 τέκνα
1300 3489 1424 3549 τοὺς
1482 3487 1697 3550 λαῖκοῦς

133 3579 406 3645 ἀγαπάτω,
450 3581 688 3635 θάλπων
734 3581 827 3634 κα)⁸
872 3584 1106 3651 στέργων
1137 3580 1245 3650 (ii)
1283 3581 1346 3649 τῇ
1377 3579 1571 3648 σπουδῇ
1600 3580 1697 3649 τῆς

134 3669 359 3741 ἀγάπης,
389 3673 468 3735 ὡς
497 3672 608 3735 ὠά,
643 3674 726 3735 είς
752 3673 1092 3741 περιποίησιν
1118 3670 1359 3731 νοσσίων,
1402 3669 1434 3739 ἢ
1476 3670 1550 3730 ὡς
1575 3687 1695 3723 νοσ-

135 3759 234 3821 σία,
263 3761 708 3831 ἀγκαλιζόμενος
733 3765 812 3823 εἰς
838 3761 1175 3832 περιποίησιν
1202 3759 1443 3829 ὀρνίθωνο
1490 3760 1694 3823 πάντας

132 3851 404 3916 νουθετῶν,
448 3856 595 3906 πᾶσι
646 3856 760 3914 τοῖς
802 3851 1136 3923 πληκτισμοῦ
1182 3850 1291 3920 (12)
1336 3850 1692 3920 ὲπιδεομένοις

131 3936 493 4014 ἐπιπλήσσων,
526 3944 674 3997 ἀλλά
704 3945 777 4015 μὴ
807 3944 1075 4015 πλήσσων,
1097 3941 1399 4003 ὑποπιέζων
1417 3944 1493 4003 είς
1511 3942 1691 4011 ἐντρο-

130 4030 250 4099 πὴν,
277 4034 412 4087 ἀλλά
442 4035 561 4106 (15)
600 4036 677 4106 μὴ
709 4037 787 4096 είς
826 4034 1151 4104 ἀνατροπὴν,
1180 4030 1437 4083 νουθετῶν
1466 4033 1544 4092 είς
1572 4032 1691 4083 ὲπι-

134 4124 378 4195 στροφὴν,
421 4125 707 4195 ἐπιτιμῶν
748 4127 829 4186 είς
860 4124 1156 4195 διόρθωσιν,
1186 4123 1278 4175 καὶ
1305 4121 1567 4191 εὐθύτητα
1594 4137 1689 4173 πο-

132 4211 271 4278 ρείας
292 4230 305 4247 ·
336 4215 397 4266 τὸ
431 4216 663 4286 ἰσχυρὸν
688 4214 988 4284 φυλάσσων,
1019 4214 1278 4274 τουτέστι,
1305 4211 1365 4262 τὸ
1392 4210 1595 4280 ἑδραῖον
1621 4213 1685 4281 τῇ

132 4300 297 4358 πίστει
315 4304 562 4372 ἀσφαλὲς
582 4323 652 4375 τη
661 4306 788 4375 ρῶψ
818 4305 907 4357 τὸν
923 4306 1047 4357 λαὸν
1067 4302 1347 4373 εἰρηνικῶς
1366 4301 1680 4370 ποιμαίνων·

1812 2135 1954 2192 tum;
2003 2129 2077 2181 ita
2124 2145 2243 2196 quae
2272 2133 2470 2185 malum
2510 2143 2780 2201 pastorem
2826 2148 3092 2201 sectatur,
3125 2152 3349 2198 mortem

1810 2217 1980 2271 vitare
2020 2220 2234 2288 nequit;
2267 2222 2333 2273 ab
2371 2237 2464 2284 eo,
2516 2211 2761 2289 scilicet,
2795 2228 3159 2286 devorabitur.
3205 2233 3351 2298 Quo-

1810 2306 1955 2361 circa
1994 2308 2228 2378 fugiendi
2258 2318 2385 2364 sunt
2411 2314 2701 2381 perniciosi
2730 2326 2998 2384 pastores.

2376 2508 2601 2564 CAPUT
2640 2511 2755 2566 XX.

1807 2593 2075 2658 Quomodo
2102 2596 2318 2665 subjecti
2365 2602 2667 2721 ρναᾶριὶδὶιὶει
2698 2602 2797 2655 sibi
2845 2604 3093 2670 episcopis
3139 2606 3344 2660 obedire

2490 2688 2516 2721 e
2549 2686 2645 2721 ean
2674 2711 2687 2721 .

2490 2686 2687 2723 εοεαηι.

1874 2753 1918 2785 ⁵⁸
1945 2752 2003 2805 Et
2039 2755 2251 2822 quidem
2286 2757 2485 2809 bonum
2524 2766 2792 2826 pastorem
2829 2760 2998 2816 laicus
3029 2774 3337 2828 veneretur,

1803 2852 1965 2907 amet,
1994 2854 2213 2907 metuat,
2247 2854 2498 2915 tanquam
2521 2847 2819 2914 dominum,
2848 2860 3098 2922 tanquam
3124 2856 3336 2922 herum,

1803 2940 2058 3001 tanquam
2099 2934 2191 2989 Dei
2232 2938 2556 3004 pontiﬁcem,
2599 2951 2854 3010 tanquam
2883 2948 3338 3019 Inagistrumpie-

1805 3023 1952 3077 tatis.
1983 3025 2083 3088 Qui
2113 3027 2252 3079 enim
2284 3030 2433 3082 audit
2455 3047 2598 3095 eum,
2641 3034 2914 3091 Christum
2945 3039 3124 3108 audit;
3155 3051 3207 3097 et
3244 3048 3336 3115 qui

1802 3116 2007 3180 spernit
2032 3133 2175 3180 eum,
2206 3118 2477 3174 Christum
2511 3126 2743 3191 spernit;
2775 3135 2827 3180 et
2868 3130 2959 3197 qui
3008 3148 3113 3186 non
3145 3137 3336 3207 recipit

1798 3204 2094 3271 Christum,
2124 3224 2232 3261 non
2253 3212 2441 3279 recipit
2488 3213 2631 3267 illius
2672 3214 2836 3270 Deum
2887 3235 2949 3272 ac
2990 3221 3223 3278 Patrem.
3249 3204 3337 3282 Ᾱὶι

1798 3297 1939 3349 enim
1970 3316 1984 3351 :
2025 3317 2043 3349 ι
2078 3299 2180 3363 Qui
2208 3316 2305 3355 vos
2333 3303 2501 3364 audit,
2528 3319 2612 3357 me
2652 3307 2827 3371 audit;
2860 3319 2913 3363 et
2940 3313 3028 3378 qui
3060 3330 3155 3369 vos
3177 3331 3333 3384 sper-

1796 3388 1897 3449 nit,
1938 3404 2022 3443 me
2053 3392 2284 3458 spernit;
2328 3399 2381 3444 et
2429 3395 2518 3460 qui
2564 3412 2647 3449 me
2692 3402 2918 3465 spernit,
2963 3406 3167 3469 spernit
3209 3422 3331 3459 cum

1794 3478 1887 3545 qui
1916 3494 2000 3533 me
2034 3481 2257 3535 misit".
2291 3501 2309 3532 ι
2362 3481 2619 3538 Similiter
2663 3488 2947 3556 episcopus
2980 3492 3145 3548 laicos
3181 3503 3238 3547 ut
3271 3497 3332 3553 Ιί-

1794 3568 1896 3622 lios
1926 3570 2140 3639 diligat;
2174 3574 2435 3627 naturalis
2461 3576 2642 3628 studio
2669 3578 2943 3633 charitatis
2972 3596 3328 3652 prosequens,

1793 3673 1856 3712 ac
1879 3659 2086 3723 fovens,
2116 3664 2271 3731 quasi
2294 3678 2393 3717 ova
2425 3666 2490 3718 ad
2516 3668 2876 3722 exclusionem
2913 3674 3200 3739 pullorum,
3236 3688 3327 3730 aut

1791 3752 1945 3818 quasi
1994 3753 2165 3821 pullos
2205 3761 2263 3806 ut
2310 3755 2363 3807 in
2411 3756 2636 3823 gallinas
2676 3757 2973 3812 educentur
3011 3761 3134 3815 sinu
3180 3780 3329 3818 com-

1791 3842 2029 3909 plectens
2064 3862 2077 3897 :
2112 3853 2336 3898 cunctos
2380 3845 2703 3911 admonens;
2743 3864 2931 3902 omnes
2967 3853 3061 3919 qui
3092 3857 3325 3924 castiga-

1791 3932 1934 3985 tione
1963 3931 2199 4001 indigent
2232 3934 2447 3995 Iaadens,
2479 3936 2572 3988 sed
2598 3952 2704 3989 non
2739 3939 2982 3998 illidens:
3008 3942 3080 3994 ad
3108 3959 3325 4001 conver-

1789 4027 1992 4079 sionem
2037 4041 2304 4094 premens,
2339 4041 2446 4079 non
2476 4037 2652 4080 autem
2697 4029 2764 4081 ad
2792 4032 3153 4099 eversionem;
3192 4052 3323 4091 sua-

1787 4116 1918 4171 dens
1940 4117 2005 4169 ad
2025 4132 2350 4186 regressum;
2380 4118 2664 4187 increpans
2685 4128 2744 4172 ut
2770 4122 3005 4190 corrigat
3028 4132 3083 4176 et
3103 4126 3158 4178 in
3180 4127 3323 4180 viam

1786 4218 1987 4261 rectam
2040 4207 2267 4261 deducat
2321 4225 2333 4260 :
2391 4208 2531 4276 quod
2571 4209 2782 4264 firmum
2819 4220 2902 4265 est
2950 4215 3217 4281 retinens;
3266 4216 3320 4270 id

1784 4309 1889 4365 est,
1940 4301 2083 4369 quod
2137 4299 2239 4353 ﬁde
2283 4299 2564 4354 fundatum
2611 4310 2714 4363 est,
2778 4302 2832 4355 in
2883 4311 2996 4356 tuto
3041 4320 3261 4359 servans
3301 4325 3317 4367 :7

129 4389 184 4440 τὸ
208 4392 599 4464 ἐνοχλούμενον
619 4394 899 4464 ἐνισχύων,
930 4394 1186 4455 τουτέστι,
1213 4393 1274 4444 τὸ
1302 4389 1674 4461 πειραζόμενον

1804 4393 2036 4457 ιοωιιυιη
2100 4390 2320 4459 paciﬁce
2380 4405 2606 4459 pascens
2661 4412 2673 4447 :
2724 4395 2867 4463 quod
2920 4409 3178 4462 quassum
3234 4405 3317 4451 est

133 4479 184 4529 ὲν
205 4484 268 4549 τῇ
292 4484 550 4555 νουθεσίᾳ
584 4485 969 4556 στερροποιῶν·
1001 4485 1061 4536 τὸ
1089 4484 1399 4553 ἀρῤωστοῦν
1441 4481 1682 4550 ἰώμενος,

1778 4484 2070 4547 roborans;
2116 4485 2214 4537 hoc
2264 4491 2382 4547 est,
2431 4485 2573 4553 quod
2618 4487 2913 4539 tentatione
2968 4488 3312 4549 concutitur,

133 4571 382 4635 τουτέστι,
426 4576 489 4626 τὸ
526 4576 721 4628 νοσοῦν
750 4575 815 4625 ὲκ
856 4576 951 4644 τῆς
980 4575 1208 4636 πίστεως
1233 4576 1291 4627 ὲν
1317 4573 1565 4643 διχονοίᾳ,
1599 4572 1674 4624 διὰ

1804 4574 2143 4629 idmonitione
2188 4577 2531 4629 consolidans
2577 4595 2590 4629 :
2642 4578 2786 4644 quod
2817 4583 3070 4644 :egrotum
3101 4585 3185 4629 est
3226 4593 3314 4630 sa-

136 4659 219 4728 τῆς
242 4661 590 4727 διδασκαλίας
642 4663 977 4735 θεραπεύων·
1021 4665 1080 4716 τὸ
1120 4664 1558 4736 συντετριμμένον
1589 4680 1685 4714 κα-

137 4750 416 4822 ταδεσμῶν,
446 4755 723 4817 τουτέστι,
758 4753 820 4805 τὸ
848 4755 1323 4826 πεπλανημένον,ἢ
1350 4755 1409 4806 τὸ
1427 4753 1683 4823 τεθραυσ-

1780 4680 1942 4728 nans;
1997 4666 2040 4718 Id
2071 4673 2172 4725 est,
2208 4665 2347 4732 quod
2379 4681 2443 4717 ex
2488 4664 2591 4719 ﬁde
2618 4669 2899 4720 vacillante
2950 4665 3185 4729 laborat,
3218 4682 3317 4733 per

1778 4753 2077 4807 doctrinam
2101 4769 2296 4807 curans
2330 4774 2341 4808 :
2373 4755 2514 4822 quod
2547 4758 2837 4808 contritum
2868 4762 2947 4809 cst
2975 4754 3180 4821 ligans;
3212 4755 3317 4809 hoc

173 4879 213 4910 “
237 4880 428 4938 Ezech.
457 4900 646 4945 xxxw,
676 4882 775 4944 '59,
805 4880 885 4933 51.
916 4880 1094 4935 "ibid.
1123 4884 1203 4940 i7.
1256 4886 1300 4918 “
1332 4886 1367 4938 Ι.
1408 4882 1594 4952 'lgnat.
1638 4885 1883 4955 interpol.
1961 4888 2024 4940 ad
2062 4886 2223 4940 'l‘rall.
2251 4888 2301 4942 7.
2370 4889 2414 4921 ⁸⁷
2433 4888 2560 4943 Luc.
2581 4904 2634 4951 ι,
2660 4889 2743 4942 16.

1413 5032 1768 5091 VARIORUM
1804 5037 2035 5094 ΝΟΤᾸΞ.

223 5160 270 5244 Ζ)
303 5162 583 5244 {timui-pf;
621 5164 895 5244 in‘altero
922 5163 1298 5228 codicum,nec
1329 5168 1663 5226 malc.CLt-:n.

223 5160 250 5211 7
303 5162 583 5244 ψήῚδμή
621 5166 680 5243 in
718 5164 895 5216 altero
922 5163 1298 5228 codicum,nec
1329 5168 1663 5226 malc.Ct.t-:n.

302 5231 915 5369 Εδέιζξίάξῖόῗαον.
960 5298 1079 5369 Ηιεο
1109 5304 1267 5356 verba
1297 5311 1351 5355 et
1390 5307 1663 5369 sequentia

144 5360 200 5431 ad
220 5360 353 5431 δίκην
376 5366 560 5419 des-unt
606 5368 668 5418 in
724 5360 900 5415 altero
929 5368 1130 5420 codice.
1163 5370 1297 5423 Sunt
1331 5360 1515 5423 revera
1550 5387 1665 5425 am-

1851 5171 1957 5241 (10)
2001 5170 2093 5234 Ὠς
2119 5171 2338 5241 κύριον.
2355 5171 2783 5241 Prmmittitalter
2806 5167 2978 5241 codex
2995 5164 3070 5227 ὼς
3096 5172 3336 5236 πατέρα,

1780 5235 2080 5305 o'nittitque
2102 5240 2241 5305 quod
2269 5240 2508 5305 sequitur
2528 5240 2601 5299 ὡς
2622 5239 2909 5305 δεσπότην.
2942 5235 3018 5305 ID:

1852 5308 1938 5377 H)
1975 5297 2251 5373 Στέρῖγων.
2286 5297 2422 5377 Idem
2451 5297 2616 5377 habet
2642 5297 2972 5377 θερμαίνων.
3005 5297 3081 5372 In:

1852 5363 1936 5447 12)
1990 5363 2383 5440 Ηλῇἓιτισμοῡ.
2434 5375 2582 5426 Alter
2636 5363 3072 5447 διαπληκτισμοῦ
3152 5363 3340 5432 δεομέυ

154 5428 368 5505 piilicatio
388 5450 581 5505 eorm",
618 5446 763 5500 quae
809 5433 1047 5497 proxime
1079 5445 1517 5505 antecesserunt;
1569 5443 1660 5493 scd
1760 5428 1885 5505 νοίς.
1924 5428 1997 5496 in.

150 5495 255 5618 nihil
291 5508 413 5556 vetat
448 5495 572 5558 haec
597 5495 845 5570 quoque
883 5514 997 5555 esse
1054 5518 1083 5555 a
1132 5503 1426 5577 Scripturis
1478 5495 1657 5563 manu.

202 5576 241 5615 ο.
792 5608 803 5617 .

202 5576 241 5615 υ.
792 5608 803 5617 .

1828 5514 1938 5581 (15)
1988 5508 2185 5581 Ἀλλά.
2233 5508 2605 5581 Hanc_voceni
2650 5518 2697 5565 et
2733 5520 2851 5565 tres
2886 5506 3205 5571 sequentes
3241 5514 3351 5556 non

1789 5576 2008 5652 legimus
2042 5580 2093 5636 in
2124 5580 2287 5631 altero
2317 5576 2433 5630 cod.
2470 5579 2540 5634 lu.
