3816 6416
390 295 497 352 656

1236 297 1296 356 S.
1330 298 1724 355 CLEMENTlS
1756 301 1776 355 l
1810 300 1978 356 80M.
2015 251 2217 356 DONT.
2253 300 2484 357 OPERA
2514 299 2743 357 DUBIA.

3533 304 3644 362 636

385 424 495 477 est,
526 413 674 484 quod
716 428 914 484 vagum
941 421 1048 480 est,
1080 417 1165 472 vel
1195 418 1470 482 collisum,
1503 418 1584 473 vel
1617 420 1689 473 ita
1721 423 1959 490 peccatis

2078 424 2243 486 ιένον,
2274 424 2307 496 ἢ
2336 424 2397 476 τὸ
2426 422 2797 494 διατεταγμένον
2840 421 2900 475 ἐν
2947 420 3243 492 ἁμαρτίαις
3286 421 3366 485 είς
3410 421 3647 492 χωλείαν

386 506 733 561 confractum
764 518 822 561 ut
854 509 908 562 in
938 508 1025 561 via
1057 508 1350 573 claudicet,
1393 526 1491 580 per
1528 512 1960 569 exhortationem

384 599 812 652 consolatoriam
841 600 1107 655 vinciens.
1132 598 1504 666 Peccatorem,
1548 604 1825 673 episcope,
1864 606 1962 660 de-

387 688 535 745 lictis
561 690 893 757 deonerans,
926 698 979 746 et
1006 693 1211 761 optima
1240 708 1337 762 spe
1359 695 1596 763 replens,
1622 702 1735 765 jam
1761 698 1961 753 robus-

388 787 502 835 tum
540 782 597 835 in
626 781 927 836 Eeclesiam
974 785 1222 848 restitue,
1258 792 1420 854 atque
1468 786 1635 841 reduc
1680 788 1747 841 ad
1794 789 1956 845 ovile.

386 870 542 939 Quod
565 875 851 943 expulsum
885 874 989 927 fuit
1016 890 1242 944 revoca;
1274 877 1378 931 hoc
1421 887 1525 942 est,
1558 880 1701 950 quod
1750 881 1805 934 in
1846 897 1962 951 poe-

385 978 511 1017 nam
541 972 891 1035 peccatorum
916 981 1141 1021 suorum
1171 968 1406 1036 eiectum
1440 969 1568 1034 fuit,
1598 987 1667 1026 ne
1695 973 1845 1027 sinas
1878 974 1961 1027 fo-

386 1057 464 1112 ris
483 1072 833 1127 permanere;
861 1059 957 1113 sed
987 1071 1333 1130 assumptum
1353 1070 1407 1117 et
1426 1078 1771 1129 conversum,
1794 1066 1961 1123 redde

382 1149 553 1219 gregi,
586 1165 682 1217 seu
712 1149 1077 1207 immaculata:
1099 1151 1357 1209 Ecclesiae
1386 1156 1587 1225 popqu
1616 1176 1628 1210 :
1652 1158 1799 1227 quod
1828 1174 1959 1215 vero

384 1243 625 1313 perierat
662 1244 909 1313 require;
943 1244 997 1298 id
1025 1253 1130 1310 est,
1162 1248 1306 1317 quod
1335 1249 1683 1304 multitudine
1714 1260 1960 1320 peccato-

382 1351 503 1390 rum
543 1351 768 1390 suorum
796 1354 950 1407 spem
977 1339 1173 1394 salutis
1204 1340 1478 1405 amiserat,
1514 1340 1758 1398 funditus
1788 1342 1958 1398 inter-

382 1429 463 1485 ire
487 1444 557 1484 ne
584 1430 902 1500 permiseris
931 1450 944 1485 :
975 1432 1122 1501 quod
1151 1448 1219 1487 ex
1257 1434 1424 1487 animi
1465 1444 1684 1504 torpore
1710 1452 1773 1491 ac
1803 1439 1957 1507 supi-

380 1520 555 1576 nitate
600 1523 654 1575 in
684 1537 936 1591 soporem
977 1524 1127 1579 venit
1172 1532 1227 1579 et
1256 1525 1393 1580 adeo
1422 1541 1639 1597 gravem
1679 1543 1954 1595 somnum,

385 1622 445 1667 ut
472 1629 627 1668 suam
660 1615 825 1668 vitam
854 1630 963 1670 non
1003 1617 1349 1684 recordetur;
1380 1618 1637 1690 quodque
1667 1621 1827 1692 longe
1871 1637 1958 1677 re-

382 1713 551 1763 cessit
581 1724 611 1762 a
642 1710 862 1778 proprio
891 1725 1071 1781 grege,
1112 1711 1187 1764 ita
1216 1720 1275 1765 ut
1312 1712 1569 1767 inciderit
1600 1713 1655 1768 in
1690 1715 1848 1785 lupos
1889 1716 1956 1771 ad

2059 515 2201 579 ὁδοῦ,
2244 516 2531 569 ἐπιδέννων
2580 514 2692 585 (14)
2720 514 2822 567 ’διὰ
2882 513 3296 585 παρακλητικῆς
3340 513 3645 578 νουθεσίας,

2061 609 2374 681 ἐλαφρύνων
2404 608 2512 662 ἀπὸ
2543 606 3028 680 παραπτωμάτων,
3061 607 3155 660 καὶ
3189 605 3407 659 εὔελπιν
3446 606 3641 669 ποιῶν,

2059 700 2221 763 οὕτω,
2254 701 2533 772 ῥωμαλέον
2562 702 2618 754 ἐν
2653 703 2720 771 τῇ
2765 699 3057 771 Ἐκκλησία
3086 697 3445 761 ἀποκαθίστα,
3474 699 3644 751 ἐπαν-
3698 714 3701 715 ⁷

2060 792 2207 861 άγων
2249 794 2307 844 ἐν
2354 795 2419 862 τῇ
2448 792 2673 863 ποίμνῃ.
2705 792 2777 845 Τὸ
2815 790 3119 862 ἐξωσμένον
3159 791 3476 862 ἐπίστρεφε,
3518 809 3644 844 του·-

2058 885 2227 947 τέστι,
2256 884 2317 937 τὸ
2344 886 2401 936 ἐν
2430 886 2725 956 ἁμαρτίαις
2751 884 3039 953 γενόμενον
3066 883 3160 937 καὶ
3202 884 3281 945 είς
3324 884 3643 961 ἐπιτίμησιν

2059 976 2454 1047 ἐκϐεϐλημένον
2488 978 2561 1048 μή
2592 978 2696 1030 ἐῶν
2725 975 2828 1042 ἐξω
2852 976 3147 1046 διαμένειν,
3195 972 3331 1028 ἀλλά
3357 974 3643 1047 προσλαμμ-

2058 1068 2351 1139 δανόμενος
2379 1070 2472 1123 καὶ
2500 1068 2840 1140 ἐπιστρέφων
2862 1066 3202 1121 ἀποκαθίστα
3231 1067 3289 1118 ἐν
3315 1068 3382 1137 τῇ
3411 1066 3642 1137 ποίμνῃ,

2058 1162 2353 1227 τουτέστιν,
2384 1162 2442 1215 ἐν
2470 1161 2548 1232 τῷ
2578 1161 2693 1232 λαῷ
2719 1161 2817 1232 τῆς
2844 1159 3075 1231 ἀμώμου
3124 1157 3435 1228 ἐκκλησίας·
3480 1157 3543 1210 τὸ
3582 1156 3642 1210 δέ

2057 1253 2334 1317 ἀπολωλὸς
2362 1252 2602 1324 ἐκζήτει,
2630 1253 2893 1317 τουτέστι,
2931 1253 2992 1305 τὸ
3035 1252 3139 1305 ὑπὸ
3184 1251 3419 1323 πλήθους
3461 1267 3643 1322 παρα-

2058 1345 2365 1417 πτωμάτων
2394 1344 2589 1398 ἐαυτοῦ
2622 1344 2735 1418 (15)
2767 1344 3071 1398 ἀπελπίσαν
3095 1345 3195 1415 τῆς
3236 1344 3530 1416 σωτηρίας,
3563 1344 3641 1414 μή

2057 1438 2225 1509 ἐάσῃς
2251 1437 2448 1500 τελέως
2478 1436 2791 1491 ἀπολέσθαι·
2839 1435 2897 1489 τὸ
2942 1436 3047 1489 ὑπὸ
3075 1435 3277 1507 πολλῆς
3302 1435 3516 1505 ψύξεως
3540 1434 3643 1503 ψυ-

2056 1530 2216 1600 χικῆς
2245 1528 2352 1599 (16)
2384 1530 2479 1582 καὶ¹
2505 1528 2765 1599 νωχελίας
2793 1528 3063 1582 κάθυπνον
3093 1528 3401 1598 γενόμενον,
3431 1526 3528 1581 καὶ
3552 1526 3643 1579 διὰ

2058 1620 2253 1690 βαρέος
2297 1619 2466 1673 ὕπνου
2508 1620 2606 1692 τῆς
2649 1620 2841 1674 ἐαυτοῦ
2885 1618 3029 1691 ζωῆς
3074 1618 3460 1690 ἐπιλαθόμενον
3480 1658 3495 1683 ,
3548 1618 3643 1673 καί

2062 1711 2277 1784 μακρὰν
2306 1713 2689 1783 ἀποστατῆσαν
2720 1713 2819 1783 τῆς
2851 1711 2985 1775 ἰδίας
3013 1711 3270 1782 ποίμνης,
3300 1710 3377 1774 ὡς
3417 1711 3512 1764 καὶ
3551 1708 3643 1761 λύ-

382 1817 596 1868 escam;
628 1802 680 1855 id
718 1810 775 1855 tu
806 1803 1131 1873 pervestiga,
1163 1811 1217 1858 et
1244 1803 1516 1860 monendo
1558 1814 1845 1875 converte,
1892 1824 1955 1864 ac

2078 1824 2175 1871 ιοις
2219 1808 2535 1878 περιπεσεῖν
2579 1807 2659 1868 είς
2702 1804 2866 1875 βορὰν
2911 1804 3044 1875 (17),
3092 1805 3156 1857 σὺ
3202 1801 3498 1874 ἀναζήτει,
3546 1801 3641 1854 καὶ

382 1900 445 1946 ιιι
479 1893 664 1963 vigilet
693 1893 935 1956 hortare,
968 1902 1024 1949 et
1048 1910 1199 1964 spem
1231 1896 1442 1964 insere;
1474 1913 1650 1968 neque
1678 1900 1794 1970 ipse
1825 1915 1956 1956 con-

379 1988 543 2044 cedas
565 1997 626 2041 ut
656 1988 802 2042 dicat
821 1988 967 2058 quod
997 2003 1027 2040 a
1048 1987 1377 2058 quibusdam
1406 1988 1611 2044 dictum
1641 1999 1724 2047 est
1760 2011 1775 2042 :
1807 2010 1825 2043 ι
1850 1993 1957 2046 Im-

381 2080 612 2149 pietates
643 2087 843 2135 nostra:
870 2096 1035 2150 super
1077 2096 1201 2145 nos,
1230 2088 1285 2136 et
1331 2097 1434 2137 nos
1465 2083 1520 2136 in
1552 2083 1690 2153 ipsis
1718 2085 1956 2140 tabesci-

380 2186 524 2234 mus,
556 2180 612 2225 et
643 2188 751 2241 quo
780 2173 944 2227 modo
972 2173 1216 2229 vivemus
1234 2173 1319 2229 ⁸⁸2
1358 2192 1377 2225 ι
1415 2173 1739 2245 Episcopus,
1767 2177 1814 2231 si
1838 2179 1954 2232 ﬁeri

379 2265 575 2334 possit,
610 2267 865 2321 delictum
907 2266 1137 2320 alterius
1176 2266 1336 2336 quasi
1380 2266 1660 2337 proprium
1700 2270 1955 2326 conside-

381 2365 484 2423 ret,
509 2367 562 2413 et
589 2361 862 2429 peceatori
893 2359 1041 2414 dicat
1071 2378 1085 2415 :
1119 2359 1196 2414 Te
1228 2361 1390 2415 modo
1423 2360 1508 2416 fac
1555 2370 1868 2428 convertas,
1897 2373 1952 2420 et

376 2466 478 2522 ego
506 2462 732 2506 mortem
760 2452 856 2505 tibi
884 2451 1121 2505 debitam
1145 2453 1461 2521 suscipiam,
1491 2454 1951 2523 quemadmodum

377 2542 645 2597 Dominus
667 2557 765 2612 pro
794 2558 880 2597 me
899 2550 954 2597 et
982 2558 1080 2612 pro
1110 2546 1362 2600 omnibus
1391 2555 1644 2603 mortuus
1679 2556 1785 2604 est.
1813 2548 1949 2603 Nam

381 2654 403 2687 ι
438 2635 616 2690 bonus
666 2642 854 2705 pastor
898 2636 1136 2690 animam
1196 2652 1350 2691 suam
1412 2639 1567 2710 ponit
1609 2656 1708 2710 pro
1755 2642 1950 2697 ovibus

377 2727 496 2784 suis
528 2746 542 2782 :
576 2727 949 2782 mercenarius
992 2734 1172 2782 autem
1201 2737 1256 2783 et
1299 2731 1391 2800 qui
1424 2746 1534 2785 non
1582 2739 1668 2786 est
1716 2740 1908 2803 pastor
1931 2774 1947 2798 ,

374 2822 538 2893 cujus
567 2837 676 2876 non
708 2829 838 2876 sunt
863 2836 994 2877 oves
1030 2822 1286 2892 prepriaz,
1323 2823 1469 2878 videt
1497 2824 1685 2893 lupum
1726 2826 1951 2880 venien-

374 2924 509 2981 tem,
551 2934 571 2968 ι
606 2915 710 2969 hoc
738 2920 842 2978 est,
874 2914 1173 2979 diabolum,
1214 2933 1231 2965 ι
1269 2923 1323 2970 et
1346 2915 1569 2969 dimittit
1597 2932 1748 2982 oves,
1779 2927 1831 2973 et
1858 2919 1946 2972 fu-

374 3010 490 3080 git;
522 3015 577 3063 et
606 3008 768 3078 lupus
790 3007 933 3076 rapit
958 3021 1054 3062 eas
1077 3006 1141 3061 ⁵⁸.
1181 3025 1200 3059 ι
1240 3007 1509 3073 Quocirca
1541 3010 1684 3063 scire
1710 3017 1942 3078 oportet,

2058 1898 2321 1952 νουθετῶν
2351 1899 2668 1970 ἐπίστρεφε,
2699 1898 2795 1951 καὶ
2822 1898 3011 1967 νήφειν
3041 1894 3372 1967 παρακάλει,
3412 1893 3510 1948 καὶ
3550 1892 3640 1944 ἐλ-

2058 1991 2186 2044 πίδα
2217 1988 2537 2062 ὑπόσπειρε,
2569 1989 2644 2060 μὴ
2688 1987 3173 2060 συγχωρῶνούτῷ
3213 1986 3391 2056 λέγειν
3432 1986 3496 2039 τὸ
3536 1986 3643 2039 ὑπό

2054 2098 2216 2137 τινων
2246 2082 2356 2154 (18)
2389 2081 2699 2154 εἰρημένον,
2730 2082 2811 2134 ὅτι
2841 2099 2861 2131 ι
2900 2080 2983 2133 Τά
3012 2079 3334 2152 ἀσεϐήματα
3365 2078 3524 2150 ἡμῶν
3555 2078 3641 2146 ἐφ’

2055 2178 2206 2247 ἡμῖν,
2236 2176 2330 2230 καὶ
2358 2177 2516 2247 ἡμεῖς
2545 2175 2603 2229 ἐν
2633 2173 2816 2237 αὐτοῖς
2843 2171 3143 2245 τηκόμεθα,
3174 2173 3269 2225 καὶ
3310 2172 3428 2235 πιῖις
3474 2170 3641 2243 ζησό-

2058 2268 2230 2340 μεθα;
2266 2287 2285 2319 ι
2321 2269 2383 2321 Ei
2411 2262 2520 2321 οἷόν
2547 2284 2609 2320 τε
2640 2263 2753 2331 οὖν,
2786 2265 3145 2319 ίδιοποιείσθω
3183 2268 3211 2318 6
3254 2265 3555 2327 ἐπίσκοπος
3582 2264 3641 2316 τὸ

2054 2359 2451 2431 πλημμέλημα,
2499 2360 2594 2413 καὶ
2641 2359 2845 2426 λεγέτω
2888 2357 2966 2429 τῷ
3013 2358 3395 2429 ἡμαρτηκότι,
3444 2359 3529 2410 ὅτι
3576 2358 3641 2411 σὺ

2057 2453 2213 2525 μόνον
2241 2452 2588 2524 ἐπίστρεψον,
2631 2449 2785 2519 κάγὼ
2815 2450 2906 2503 τὸν
2940 2452 3078 2522 ὑπὲρ
3108 2449 3201 2503 σοῦ
3234 2450 3463 2504 θάνατον
3511 2452 3642 2503 ἀνα-

2052 2543 2294 2614 δέξομαι,
2337 2544 2413 2606 ὠς
2453 2547 2481 2597 6
2525 2544 2728 2615 Κύριος
2772 2544 2865 2597 τὸν
2909 2544 3048 2614 ὑπὲρ
3088 2542 3223 2613 ἐμοῦ
3258 2545 3352 2596 καὶ
3394 2544 3638 2596 πάντων.

2034 2636 2122 2689 "0
2170 2636 2372 2708 ποιμήν
2420 2634 2529 2708 γὰρ
2570 2637 2599 2689 6
2641 2617 2802 2699 καλὸς
2856 2636 2956 2707 τὴν
2988 2635 3165 2707 ψυχὴν
3212 2633 3378 2688 αὑτοῦ
3424 2634 3645 2705 τίθησιν

2052 2728 2192 2799 ὺπέρ
2219 2727 2327 2779 τῶν
2363 2726 2664 2799 προϐάτων·
2708 2730 2737 2781 6
2764 2726 2820 2779 δὲ
2852 2725 3119 2797 μισθωτὸς
3162 2727 3257 2779 καὶ
3282 2726 3384 2778 οὐκ
3413 2723 3491 2777 ὢν
3523 2742 3645 2777 ποι-

2054 2820 2183 2891 μήν,
2213 2812 2274 2871 οὗ
2301 2818 2402 2893 οὐκ
2429 2818 2544 2872 ἐστι
2572 2818 2643 2871 τά
2670 2817 2919 2897 πρόϐατα
2951 2816 3058 2871 ἴδια
3075 2857 3090 2881 ,
3135 2816 3330 2889 θεωρεῖ
3355 2816 3447 2869 τὸν
3474 2816 3645 2869 λύκον

2016 2990 2019 2991 ν
2052 2911 2685 2984 ἐρχόμενον,»τουτέστι,
2722 2911 2813 2963 τὸν
2832 2910 3077 2964 διάϐολον
3110 2910 3385 2981 (19),ικα)⁸
3439 2909 3645 2981 ἀφίησι

2050 3005 2120 3058 τά
2148 3005 2421 3077 πρόϐατα,
2449 3006 2541 3058 καὶ
2569 3004 2781 3073 φεύγει,
2812 3005 2905 3057 καὶ
2922 3006 2951 3057 6
2978 3002 3138 3067 λύκος
3181 3000 3418 3074 ἀρπάζει
3441 2998 3643 3055 αὐτὰ.»

371 3100 520 3172 quod
549 3100 714 3163 Deus,
745 3099 838 3169 qui
869 3100 1183 3155 misericors
1210 3110 1314 3165 est,
1354 3101 1799 3173 delinquentibus
1828 3123 1946 3177 pce-

2078 3098 2262 3152 Ξίδέναι
2314 3094 2408 3151 οὖν
2456 3098 2765 3170 προσήκει,
2828 3097 2910 3149 ὅτι
2962 3098 3074 3160 τοῖς
3119 3097 3503 3168 ἡμαρτηκόσιν
3550 3094 3645 3146 εὖ·

373 3191 659 3247 nitentiam
685 3190 1044 3260 jurejurando
1075 3193 1346 3261 promisit.
1381 3194 1482 3258 Qui
1530 3211 1658 3250 vero
1689 3197 1939 3268 deliquit,

372 3298 428 3340 et
450 3286 593 3339 hanc
615 3284 683 3339 de
712 3284 1034 3354 pmnitentia
1065 3284 1465 3354 professionem
1498 3286 1592 3342 Dei
1620 3289 1856 3359 ignorat,
1890 3300 1944 3345 et

371 3377 610 3432 divinam
640 3376 1115 3431 mansuetudinem
1159 3385 1322 3448 atque
1367 3380 1686 3449 patientiam
1731 3386 1941 3451 nescit,

373 3471 708 3540 insuperque
734 3479 953 3525 sanctas
981 3468 1306 3557 ‘Seripturas
1342 3474 1715 3554 pcenitentiam
1749 3477 1946 3546 praedi-

371 3570 562 3619 cantes
588 3580 698 3619 non
730 3565 1033 3635 cognoscit,
1068 3565 1297 3630 scilicet,
1335 3581 1365 3618 a
1390 3573 1442 3621 te
1470 3582 1578 3621 non
1606 3568 1865 3635 edoctus;
1896 3571 1943 3626 is

371 3665 593 3727 propter
632 3657 906 3712 inscitiam
945 3658 1114 3727 perit;
1143 3664 1198 3715 at
1230 3665 1311 3723 tu,
1344 3666 1606 3729 tanquam
1657 3661 1943 3733 indulgens

371 3758 560 3817 pastor
593 3756 648 3803 et
678 3746 960 3804 studiosus
1010 3749 1316 3818 pabulator,
1362 3754 1599 3822 require,
1645 3770 1942 3813 numerans

369 3854 587 3910 gregem
655 3858 669 3893 :
726 3839 871 3911 quod
930 3839 1275 3896 desideratur
1308 3844 1606 3916 investiga,
1652 3848 1795 3902 sicut
1835 3848 1944 3905 Do-

370 3934 554 3989 minus
582 3932 745 3997 Deus,
772 3934 950 3989 bonus
976 3935 1139 3990 Pater
1168 3943 1374 4001 noster,
1411 3938 1501 4007 qui
1535 3937 1812 3993 doctorem
1842 3956 1943 3995 no-

370 4034 544 4081 strum
587 4022 797 4088 Jesum,
838 4024 1033 4080 Filium
1077 4042 1258 4090 suum,
1297 4035 1575 4096 pastorem
1622 4031 1829 4086 bonum
1877 4048 1941 4089 ac

371 4115 707 4170 Salvatorem
746 4116 918 4180 misit,
956 4125 1005 4172 ει
1039 4118 1317 4172 mandavit
1346 4119 1395 4173 ei
1430 4121 1739 4192 relinquere
1767 4139 1942 4179 nona-

367 4208 520 4279 ginta
564 4222 756 4262 novem
804 4223 934 4264 oves
981 4208 1038 4262 in
1068 4210 1371 4275 montibus,
1419 4219 1474 4267 et
1526 4230 1826 4285 properare
1872 4218 1939 4272 ad

366 4298 714 4369 quaerendam
743 4314 863 4355 eam
892 4316 1013 4369 quae
1040 4310 1337 4367 erraverat,
1360 4303 1745 4377 inventamque
1776 4325 1941 4379 super

366 4391 626 4446 humeros
655 4407 786 4447 suos
812 4393 1081 4457 attollere,
1106 4400 1160 4448 et
1181 4394 1249 4448 ad
1279 4411 1494 4466 gregem
1526 4408 1766 4467 portare,
1805 4417 1941 4471 gau-

2049 3191 2354 3263 σπλαγχνος
2381 3190 2455 3244 ῶν
2496 3194 2524 3245 ὁ
2554 3189 2707 3254 Θεὸς,
2756 3188 2895 3261 μετά
2922 3191 3085 3262 ὅρκου
3119 3190 3410 3260 μετάνοιαν
3452 3190 3640 3259 ἐπηγ-

2043 3285 2278 3354 γείλατο·
2322 3288 2351 3339 6
2412 3283 2467 3336 δὲ
2512 3284 2834 3355 ἁμαρτήσας
2882 3284 2976 3336 καὶ
3016 3283 3114 3356 τὴν
3161 3281 3493 3351 ἐπαγγελίαν
3539 3280 3640 3334 τοῦ

2044 3377 2180 3431 Θεοῦ
2200 3378 2300 3449 τὴν
2328 3376 2456 3448 περὶ
2490 3375 2775 3446 μετάνοιαν
2807 3373 3036 3442 ἀγνοῶν,
3066 3373 3161 3427 καὶ
3186 3373 3247 3426 τὸ
3277 3372 3641 3446 μακρόθυμον

2044 3470 2140 3524 καὶ
2168 3468 2486 3535 ἀνεξίκακον
2516 3467 2680 3520 αὑτοῦ
2724 3467 2798 3538 μὴ
2837 3465 3216 3536 ἐπιστάμενος,
3260 3465 3341 3518 ἔτι
3391 3465 3500 3535 μὴν
3540 3466 3641 3519 καὶ

2042 3560 2142 3625 τάς
2176 3561 2337 3630 ἁγίας
2364 3558 2587 3631 Γραφάς
2612 3558 2713 3621 τὰς
2739 3557 2942 3629 ταύτην
2971 3557 3351 3631 κηρυσσούσας
3378 3557 3440 3609 ού
3468 3555 3640 3625 γινώ-

2047 3668 2214 3717 σκων,
2237 3652 2333 3706 ἀτε
2357 3652 2430 3724 μὴ
2464 3649 2797 3723 μεμαθηκὼς
2825 3649 2977 3721 παρά
3007 3649 3123 3713 σοῦ,
3145 3648 3441 3702 ἀπόλλυται
3460 3649 3533 3712 ⁸⁸,
3566 3651 3635 3703 σὺ

2042 3744 2098 3799 δὲ
2130 3745 2206 3808 ὠς
2234 3743 2584 3816 φιλόστοργος
2625 3743 2828 3815 ποιμὴν
2876 3742 2969 3795 καὶ
3011 3742 3087 3806 ὡς
3120 3741 3403 3804 σπουδαῖος
3432 3744 3638 3812 νομεὺς

2042 3834 2318 3909 ἀναζήτει,
2361 3836 2609 3908 ἀριθμῶν
2636 3835 2734 3906 τὴν
2767 3834 3021 3906 ποίμνην·
3054 3834 3117 3887 τὸ
3161 3833 3343 3887 λεῐπσδ
3384 3832 3634 3905 ἐκζήτει,

2042 3928 2118 3991 ὡς
2149 3927 2354 4001 Κύριος
2381 3931 2409 3982 6
2438 3928 2569 3991 Θεὸς
2598 3930 2626 3981 6
2655 3927 2859 3997 ἀγαθὸς
2878 3928 3068 3999 Πατὴρ
3088 3927 3266 3998 ἡμῶν,
3298 3925 3638 3988 ἀποστείλας

2040 4020 2131 4076 τὸν
2160 4020 2350 4074 ἐαυτοῦ
2379 4020 2505 4073 Υἱὸν
2538 4020 2770 4089 ποιμένα
2812 4018 2974 4073 καλὸν
3004 4020 3097 4072 καὶ
3134 4018 3364 4089 Σωτῆρα
3408 4016 3503 4070 τὸν
3552 4016 3633 4068 δι-

2040 4111 2305 4168 δάσκαλον
2353 4112 2508 4184 ήμῶν
2550 4111 2776 4183 Ἰησοῦν,
2812 4110 3111 4182 ἐπιτρέψας
3158 4110 3305 4181 αύτῷ
3351 4109 3511 4161 ἐάσαι
3559 4110 3636 4161 τὰ

2043 4205 2551 4277 ἐννενήκονταεννέα
2592 4206 2683 4258 ἐπὶ
2727 4204 2836 4278 (20)
2884 4204 2954 4257 τὰ
2997 4204 3122 4276 ὅρη,
3155 4205 3250 4257 καὶ
3290 4202 3632 4275 πορευθῆναι

2042 4298 2134 4353 ἐπὶ
2162 4298 2263 4371 τὴν
2295 4296 2519 4369 ζήτησιν
2541 4296 2633 4349 τοῦ
2656 4296 3091 4368 πεπλανημένου,
3122 4296 3215 4350 καὶ
3242 4295 3470 4367 εὑρόντα
3492 4290 3633 4367 ἆραι

2040 4392 2134 4444 ἐπὶ
2158 4392 2282 4454 τοὺς
2314 4390 2505 4443 ἐαυτοῦ
2554 4389 2757 4462 ὤμους,
2806 4391 2900 4443 καὶ
2947 4390 3133 4461 φέρειν
3179 4390 3237 4442 ἐν
3282 4390 3351 4459 τῇ
3393 4388 3627 4459 ποίμνῃ,

363 4483 545 4539 dendo
582 4485 651 4540 de
692 4486 810 4540 ovis
846 4486 1071 4556 perditae
1112 4490 1525 4558 recuperatione
1552 4491 1618 4546 ".
1645 4490 1770 4547 Pari
1805 4508 1936 4564 ergo

2078 4486 2299 4558 αίροντα
2324 4484 2418 4538 ἐπὶ
2453 4486 2518 4555 τῇ
2549 4484 2762 4556 εὑρέσει
2789 4483 2882 4536 τοῦ
2914 4482 3267 4545 ἀπολωλότος.
3305 4480 3499 4545 Οὕτως
3531 4477 3629 4534 οὖν

366 4575 549 4640 modo,
581 4591 615 4629 ο
657 4577 935 4647 episcope,
979 4587 1032 4633 et
1059 4585 1115 4632 tu
1165 4578 1275 4634 Deo
1305 4581 1669 4637 obedientiam
1703 4592 1932 4654 praesta,

363 4666 494 4723 dum
528 4670 674 4738 quod
705 4668 939 4738 perierat
962 4671 1219 4741 requiris,
1250 4674 1399 4743 quod
1429 4676 1776 4732 aberraverat
1804 4677 1936 4732 diri-

2043 4581 2279 4653 ύπήκοος
2308 4579 2458 4648 γίνου
2488 4580 2582 4633 καὶ
2610 4574 2758 4645 σὺ,ῶ
2779 4581 3064 4644 ἐπίσκοπε,
3087 4578 3334 4650 ἐκζητῶν
3364 4580 3427 4632 τὸ
3456 4578 3627 4633 ἀπολ-

2036 4675 2192 4741 ωλὸς,
2223 4674 2567 4729 κατευθύνων
2607 4675 2669 4729 τὸ
2708 4674 3143 4745 πεπλανημένον,
3180 4672 3533 4745 ἐπιστρέφων
3560 4670 3631 4725 τὸ

433 4825 480 4859 ⁸⁸
511 4822 707 4881 Ezeeh.
731 4825 1029 4893 xum,10.
1094 4826 1324 4884 “Joan.
1367 4846 1423 4894 ιι,
1458 4832 1543 4885 ll.
1621 4832 1667 4864 ⁵ο
1698 4833 1769 4889 al.
1801 4833 1931 4889 add.

2098 4836 2282 4901 ἀνοίας
2312 4876 2328 4890 .
2401 4838 2444 4869 ⁸⁸
2477 4836 2663 4891 Matth.
2700 4850 2865 4901 xvzu;
2906 4834 3038 4891 Luc.
3085 4853 3175 4894 xv.

1673 4985 2041 5047 VARIORUM
2072 4989 2305 5048 ΝΟΤᾸΕ.

431 5132 545 5206 (li)
596 5135 973 5212 Ἐπιδέιςνων.
1003 5135 1120 5212 Vox
1141 5145 1223 5212 est
1251 5137 1442 5212 nihili,
1475 5156 1572 5210 pro
1602 5155 1709 5210 qua
1740 5141 1922 5212 legen-

359 5204 649 5279 dum,aut
679 5207 924 5273 ἐπιὸέων,
956 5217 1049 5262 aut
1077 5209 1402 5279 ἐπιδεσμῶν,
1446 5204 1503 5262 ιιί
1531 5204 1635 5266 est'
1656 5212 1709 5264 in
1754 5204 1926 5268 altero

359 5274 548 5360 codice
592 5274 1129 5360 Vindobonensi,._ut
1175 5274 1379 5360 postea
1416 5281 1773 5360 rescivimus;
1821 5284 1925 5338 hoc

358 5355 464 5419 est,
500 5345 687 5419 ligans,
723 5356 780 5401 ut
821 5350 997 5404 solent
1029 5349 1066 5402 ii
1096 5345 1190 5419 qui
1221 5351 1465 5404 membra
1511 5353 1683 5405 fracta
1730 5345 1925 5409 curare

360 5415 571 5485 νυιιιιιι.
602 5416 767 5471 Miror
795 5415 1127 5474 Cotelerium'
1152 5422 1253 5473 hoc
1282 5436 1389 5473 non
1415 5421 1636 5485 vidisse,
1670 5438 1794 5475 nam
1819 5424 1923 5479 hoc

360 5483 511 5538 verbi
554 5496 855 5542 monstrum
885 5491 938 5543 in
972 5490 1086 5545 Ind.
1116 5488 1302 5544 GI'IBCO
1334 5483 1629 5546 recensuit.
1668 5495 1924 5548 (Jun.—

359 5553 593 5607 Tantum
622 5558 775 5612 abest
800 5568 860 5613 ut
916 5560 1173 5613 ἐπιδέννω
1200 5561 1411 5614 verbum
1444 5562 1702 5624 sitniliili,
1739 5572 1796 5616 ut
1827 5566 1923 5617 ha-

360 5626 746 5699 beatur,sensu
766 5628 951 5699 ligo,in
970 5631 1283 5699 Symmachi
1307 5630 1557 5685 versione
1576 5633 1924 5699 ls.vr,testan-

359 5706 414 5752 te
430 5694 730 5783 Kreco‘pio:
754 5694 1159 5783 ἐπιόεννομένου
1175 5701 1282 5783 .(sc.
1306 5702 1655 5783 τραύματος).
1688 5694 1887 5783 [inter].

425 5766 471 5839 (l
485 5767 539 5839 5)
557 5767 819 5825 Ἑαυτοῦ.
836 5769 984 5825 Alter
1000 5766 1157 5827 habet
1171 5766 1413 5835 ἑαυτούς,
1444 5766 1716 5831 ιίιριιιίυερ.
1750 5774 1917 5831 Casu.

2111 5142 2225 5215 (16)
2268 5144 2561 5212 Ψυχικῆς.
2594 5142 2806 5199 Omittit
2836 5154 3085 5216 uterque.
3122 5161 3226 5203 nec
3255 5163 3395 5205 sane
3424 5165 3623 5206 neces-

2035 5216 2238 5269 sariu.u
2272 5223 2355 5267 est
2385 5222 2438 5268 et
2465 5216 2689 5269 oll'endit
2721 5232 2898 5270 aures.
2939 5215 3014 5271 In.

2102 5284 2214 5355 (17)
2252 5286 2356 5361 Εἰς
2379 5284 2593 5361 βοράν,
2625 5284 2848 5343 Rectius
2877 5303 3040 5357 quam
3074 5287 3239 5361 βορᾷ,
3267 5292 3417 5360 quod
3445 5303 3531 5348 est
3562 5294 3614 5347 in

2032 5355 2204 5408 altero
2234 5356 2441 5408 codice.
2477 5355 2551 5409 In.

2127 5424 2213 5484 18)
2265 5425 2411 5476 ’Υπό
2439 5442 2633 5478 τινων.
2665 5424 2944 5479 Omittitur
2973 5426 3025 5479 in
3056 5429 3249 5482 altero.
3283 5428 3360 5484 In.

2127 5424 2191 5476 18
2265 5425 2411 5476 ’Υπό
2439 5442 2633 5478 τινων.
2665 5424 2944 5479 Omittitur
2973 5426 3025 5479 in
3056 5429 3249 5482 altero.
3283 5428 3360 5484 In.

2100 5424 2213 5565 (19)
2256 5494 2532 5547 Τουτέστι
2559 5495 2664 5547 τὸν
2689 5496 2988 5551 διάϐολον.
3035 5496 3381 5554 Ouiittuntnr
3423 5502 3477 5555 in
3528 5505 3611 5556 al-

2029 5572 2169 5626 tero,
2201 5572 2253 5617 et
2283 5565 2517 5630 glossam
2548 5566 2812 5620 redolent.
2844 5566 2922 5622 In.

2100 5635 2211 5756 (20‘)
2242 5634 2388 5714 Ἐπί.
2410 5635 2695 5689 Antcccdit
2720 5639 2772 5690 in
2801 5637 2971 5693 altero
3008 5640 3129 5693 cod.
3163 5640 3259 5692 ἐπὶ
3295 5644 3362 5712 τῇ
3395 5642 3611 5712 ἐρήμῳ,

2102 5722 2146 5756 ar
2205 5705 2341 5756 aeile
2368 5705 2708 5756 exciderunt.
2741 5716 2961 5756 nrontnr
2992 5710 3374 5756 rmatitimmn
3404 5721 3611 5756 νηνιιειι-

2027 5721 2146 5828 quin
2170 5704 2341 5827 lfacile
2368 5705 2708 5773 exciderunt,
2741 5716 2961 5779 propter
2992 5704 3374 5780 repetitionem
3404 5704 3614 5767 ιῖυὲοὶιιὶι·

2027 5790 2135 5828 επ.
2190 5790 2245 5828 ι).

2026 5790 2135 5829 επι.
2170 5790 2245 5831 ιι).
