3816 6342
190 270 287 327 637

1090 275 1697 342 CONSTI'I'UTIONES
1729 285 2411 356 APOSTOLICE.—-LIB.
2451 297 2519 356 Il.

182 384 416 455 ἅψεα-τός’
462 385 709 452 ἐξουσίαν
754 386 864 460 γάρ
894 386 1040 461 ἔχεις
1067 391 1438 465 ἐπιστρέφειν,
1469 398 1563 450 καὶ⁵
1608 399 1704 454 άπι

1811 451 1819 465 ,
1847 403 1952 471 gis,
1985 406 2132 475 quod
2170 423 2473 468 secesserat
2508 431 2763 487 revocas;
2793 430 3118 491 potestatem
3148 430 3293 483 enim
3321 432 3421 487 ha-

182 478 402 533 στέλλειν
440 478 873 551 τεθραυσμένους
912 483 971 535 ὲν
998 481 1211 551 ἀφέσειο
1241 484 1331 540 διὰ
1372 487 1465 541 σοῦ
1496 490 1524 542 ὀ
1551 491 1743 564 Σωτὴρ

177 571 308 638 λέγει
348 570 426 641 τῷ
453 572 768 643 παρειμένῳ
794 573 854 627 ὲν
887 574 1184 647 ἁμαρτίαις
1203 592 1220 608 '
1248 596 1267 629 ι
1317 576 1615 649 Ἀφέωνταί
1648 600 1741 635 σου

1845 494 1943 550 bes
1985 501 2301 565 revocandi,
2333 512 2389 559 et
2414 505 2725 564 dimittendi
2775 513 3090 573 confractos
3124 519 3176 573 in
3226 525 3421 580 remis-

1844 588 2053 680 sionem
2074 593 2150 660 ⁸¹;
2186 610 2283 664 per
2323 604 2377 652 te
2408 596 2681 668 Salvator,
2713 605 2779 659 ad
2810 610 3046 680 paralysi
3090 610 3416 669 delictorum

174 665 225 716 αἱ
254 663 534 733 ἁμαρτίαι.
581 664 644 716 Ἡ
674 665 859 729 πίστις
887 682 980 719 σου
1011 667 1221 722 σέσωκέ
1264 686 1344 722 σε·
1393 671 1628 742 πορεύου
1662 676 1704 727 el

1842 663 2331 742 laborantemiait:
2384 707 2403 741 ι
2439 663 2827 751 Remittuntur.
2842 670 3063 768 peccata
3110 714 3201 759 tua
3234 706 3301 763 ⁸³.
3334 706 3416 765 Fi-

173 755 399 827 εἰρήνην.
434 772 452 807 ι
488 755 693 827 Εἰρήνη
722 757 778 810 δὲ
810 759 904 811 καί
930 758 1097 831 λιμὴν
1121 756 1234 831 (21)
1263 762 1498 834 γαληνός
1527 764 1675 818 ἐστιν
1704 768 1737 838 ἡ

171 848 253 903 τοῦ
271 848 504 920 Χριστοῦ
539 849 851 921 Ἐκκλησία·
874 853 955 914 είς
970 852 1035 922 ἢν
1050 850 1192 905 λύων
1210 855 1336 917 τοὺς
1350 855 1739 928 ἡμαρτηκότας

168 939 492 993 ἀποκαθίστα
535 942 709 1009 ὑγιεῖς
746 941 842 995 καὶ
883 941 1169 1013 ἀμώμους,
1212 945 1519 1011 εὐέλπιδας,
1567 964 1734 1002 σπου-

165 1033 348 1096 δαίους,
362 1034 694 1104 ἐργοπόνους
712 1036 770 1087 ὲν
788 1037 900 1097 τοῖς
917 1035 1141 1104 ἀγαθοῖς
1157 1036 1359 1113 ἔργοιςο
1381 1038 1458 1103 ὡς
1476 1039 1737 1114 ἔμπειρος

167 1126 247 1179 καὶ
274 1124 565 1197 συμπαθὴς
598 1126 783 1197 ἰατρὸς
808 1127 1018 1191 πάντας
1042 1128 1105 1181 ἰῶ
1255 1132 1383 1195 τοὺς
1401 1133 1459 1185 ὲν
1488 1133 1733 1207 ἁμαρτίᾳ.

165 1216 613 1287 πεπλανημένους.
653 1237 670 1270 ι
700 1218 776 1271 Οὐ
804 1217 913 1288 γὰρ
933 1219 1123 1290 χρείαν
1144 1219 1359 1290 ἔχουσιν
1384 1224 1433 1275 οἱ
1458 1223 1733 1294 ἰσχύοντες

166 1308 350 1377 ίατροῦ,
383 1308 501 1362 ἀλλ’
531 1310 581 1362 οἱ
610 1310 798 1374 κακῶς
840 1310 1074 1381 ἔχοντες.
1122 1308 1325 1365 τΗλθεν
1368 1314 1478 1385 γὰρ
1525 1318 1554 1369 ό
1600 1316 1731 1381 Υἱὸς

161 1398 240 1452 τοῦ
258 1399 543 1471 ἀνθρώπου
574 1400 747 1453 σῶσαι
777 1401 873 1453 καὶ
900 1399 1133 1472 ζητῆσαι
1159 1402 1221 1454 τὸ
1245 1402 1677 1475 πεπλανημένον.
1704 1427 1722 1459 ι

172 1490 353 1560 Ἰατρὸς
394 1487 491 1543 οὖν
540 1490 617 1543 ὢν
662 1490 775 1562 (23)
829 1492 929 1563 τῆς
987 1492 1311 1565 Ἐκκλησίας
1354 1494 1449 1548 τοῦ
1494 1497 1724 1569 Κυρίου,

158 1582 379 1654 πρόσαγε
407 1582 715 1655 θεραπείαν
744 1584 1077 1656 κατάλληλον
1108 1585 1325 1657 ἑκάστῳ
1366 1587 1477 1641 τῶν
1505 1590 1724 1645 νοσούν-

156 1692 268 1737 των,
294 1676 452 1727 παντὶ
482 1675 695 1746 τρόπῳ,
719 1674 1010 1747 θεράπευε,
1044 1676 1257 1745 ὑγίαζε,
1280 1676 1452 1742 σώους
1481 1680 1724 1735 ἀποκαθ-

159 1767 263 1819 ίστα
308 1770 372 1838 τῇ
415 1766 736 1839 Ἐκκλησία·
790 1767 1045 1839 ποίμαινε
1098 1769 1161 1823 τὸ
1207 1770 1490 1841 ποίμνιον,
1543 1773 1617 1844 μὴ
1664 1775 1722 1826 ὲν
1755 1755 1797 1814 Β

157 1860 322 1929 κράτει
353 1859 496 1930 μετά
524 1859 867 1931 ὲμπαιγμοῦ,
899 1861 975 1925 ὡς
1002 1861 1456 1927 κατεξουσιάζων,
1495 1864 1608 1917 ἀλλ’
1644 1864 1721 1930 ὼς

155 1950 332 2022 ποιμὴν
360 1952 602 2023 χρηστὸς
627 1952 705 2023 τῷ
734 1952 919 2024 κόλπῳ
968 1952 1217 2022 συνάγων
1262 1953 1331 2007 τά
1377 1955 1538 2026 ἀρνία
1583 1955 1717 2028 (24),

155 2043 233 2096 καὶ
257 2043 348 2107 τὰς
374 2044 432 2096 ὲν
461 2045 666 2116 γαστρὶ
697 2045 925 2115 ἐχούσας
955 2045 1309 2117 παρακαλῶν.

644 2158 1038 2211 ΚΕΦΑΛΑΙΟΝ
1075 2160 1205 2212 KA’.

157 2268 265 2322 ὀτι
290 2270 577 2336 κίνδυνος
597 2271 901 2339 μονομερῆ
930 2271 1133 2336 κρίσιν
1176 2270 1568 2336 ποιήσασθαι,
1616 2272 1715 2326 καὶ

182 2342 442 2409 τιμωρίαν
470 2342 675 2409 ὁρίσαι
705 2341 854 2394 κατὰ
874 2341 979 2395 τοῦ
1001 2340 1248 2409 μηδέπω
1269 2341 1675 2410 ἐλεγχθέντος.

214 2499 329 2551 Ἔσο
371 2498 428 2551 δὲ
473 2496 753 2569 χρηστὸς,
798 2496 1003 2565 ἀγαθὸς
1029 2536 1043 2559 ,
1094 2497 1275 2567 ἤπιος,
1327 2496 1512 2562 ἄδολος
1561 2499 1710 2570 (25),

152 2589 377 2661 ἀψευδὴς,
411 2590 487 2661 μὴ
521 2589 778 2661 σκληρὸς,
811 2590 884 2661 μὴ
916 2588 1177 2661 αὐθάδηςν
1213 2589 1287 2661 μὴ
1309 2590 1601 2661 ἀπότομος,
1636 2593 1709 2665 μὴ

150 2680 354 2745 ἀλαζὼν,
390 2682 465 2753 μὴ
495 2680 752 2753 ἀνηλεὴς,
786 2680 860 2752 μὴ
890 2680 1290 2751 τετυφωμένος,
1324 2681 1398 2753 μὴ
1422 2681 1711 2753 ἀνθρωπά-

152 2791 336 2846 ρεσκος,
368 2775 442 2846 μὴ
471 2772 668 2836 δειλὸς,
706 2772 780 2844 μὴ
812 2772 1099 2842 δίγνωμος,
1133 2771 1416 2842 ἐμπαίζων
1451 2774 1563 2836 τοῖς
1607 2774 1710 2827 ὑπὸ

152 2868 199 2921 σὲ
222 2867 375 2931 λαοῖς,
420 2867 497 2939 μὴ
541 2864 911 2936 ἀποκρύπτων
959 2865 1054 2917 ἀπ’
1095 2863 1275 2917 αὐτῶν
1320 2863 1391 2917 τά
1435 2864 1529 2917 τοῦ
1574 2864 1708 2918 Θεοῦ

149 2958 327 3030 νόμιμα
354 2959 447 3012 καὶ
476 2959 609 3021 τοὺς
628 2958 757 3027 περὶ
780 2956 1067 3027 μετανοίας
1085 2955 1296 3023 λόγους,
1324 2956 1397 3027 μὴ
1420 2956 1710 3028 πρόχειρος

149 3050 265 3120 πρὸς
289 3050 346 3103 τὺ
386 3050 591 3115 ἐξῶσαι
628 3050 722 3102 καὶ
749 3047 1021 3111 ἐκϐαλεῖν,
1052 3047 1166 3101 ἀλλ’
1195 3047 1463 3119 ἀσφαλὴς,
1497 3048 1570 3120 μὴ
1614 3066 1705 3117 φι-

148 3138 476 3213 λεπιτιμητὴς
507 3141 621 3213 (26)
652 3140 950 3211 προπετὴς,
985 3140 1059 3212 μὴ
1086 3139 1525 3212 παραδεχόμενος
1561 3141 1705 3195 κατά

147 3246 267 3294 τινος
306 3232 611 3303 μαρτυρίαν
654 3231 781 3284 ἄνευ
808 3230 977 3301 τριῶν
1007 3230 1214 3283 πιστῶν
1244 3232 1354 3303 (27)
1388 3231 1700 3305 μαρτύρων,

150 3324 438 3377 καὶτούτων
481 3318 561 3377 ὧν
588 3326 617 3377 ὁ
645 3323 844 3395 τρόπος
972 3323 1464 3395 μεμαρτυρημένος
1509 3325 1698 3390 πάλαι,

148 3415 224 3467 καὶ
248 3417 290 3468 εἰ
320 3416 390 3488 μὴ
420 3417 514 3469 ἀπ’
550 3414 751 3486 ἔχθρας
785 3414 1092 3484 κινούμενοι
1121 3414 1155 3485 ἢ
1193 3414 1408 3483 φθόνου.
1439 3416 1560 3468 Εἰσὶ
1590 3416 1699 3488 γὰρ

147 3505 303 3560 πολλοὶ
339 3506 836 3579 ἐπιχαιρεσίκακοι,
876 3505 1240 3578 πρόγλωσσοι,
1268 3507 1492 3580 τριττὴν
1520 3506 1697 3575 γλῶσ-

149 3612 228 3649 σαν
253 3597 453 3668 ἔχοντες
483 3599 620 3669 (28),
656 3598 989 3670 μισάδελφοι,
1033 3597 1192 3669 ἔργον
1219 3597 1490 3668 τιθέμενοι
1537 3616 1699 3671 σκορ-

146 3689 296 3751 πίζειν
338 3690 405 3744 τὰ
464 3689 706 3762 Χριστοῦ
756 3689 1022 3762 πρόϐατα·
1071 3683 1145 3742 ὧν
1203 3690 1250 3741 εί
1295 3689 1696 3761 παραδέχεσθαι

147 3778 292 3845 θέλεις
320 3784 441 3847 τοὺς
470 3784 667 3851 λόγους
696 3782 953 3853 ἀκρίτως,
983 3782 1295 3854 διασπερεῖς
1340 3799 1433 3834 σου
1482 3782 1544 3835 τὸ
1575 3783 1695 3835 ποί-

148 3887 293 3939 μνιον,
320 3876 411 3927 καὶ
440 3873 786 3946 παραδώσεις
818 3872 1002 3937 λύκοις
1031 3875 1109 3936 είς
1142 3872 1502 3943 κατάϐρωμα,
1535 3891 1692 3926 τουτ-

199 4029 238 4059 ⁸¹
262 4028 387 4086 an.
428 4046 505 4092 tv,
534 4030 621 4084 i9.
675 4030 721 4061 ⁸⁸
739 4028 929 4084 Matth.
961 4044 1037 4091 ιιι,
1068 4028 1122 4080 2.
1200 4030 1246 4060 ⁸³
1271 4028 1436 4082 Marc.
1469 4044 1521 4090 v,
1558 4027 1649 4081 3i.

1822 4026 2012 4081 Matth.
2042 4043 2118 4090 ix,
2146 4028 2234 4079 12.

1810 808 1813 809 ν
1839 770 1938 826 des
1960 780 2050 827 tua
2077 783 2131 831 te
2162 779 2375 835 salvum
2402 782 2531 838 fecit
2557 804 2571 852 ;
2616 789 2753 843 vade
2784 791 2837 844 in
2864 808 2997 862 pace
3018 796 3081 849 ".
3124 818 3142 849 ι
3174 798 3285 854 Pax
3317 818 3417 856 au-

1840 870 1948 917 tem
1984 873 2039 919 et
2066 871 2400 939 tranquillus
2432 885 2627 944 portus
2658 893 2743 936 est
2772 882 3017 941 Ecclesia
3046 889 3251 947 Christi
3288 914 3301 950 :
3343 896 3413 952 ad

1838 969 2002 1025 quam
2035 970 2353 1029 peccatores
2394 968 2730 1028 absolvendo
2777 979 3005 1034 restitue
3034 997 3199 1037 sanos
3228 996 3280 1040 et
3312 988 3415 1040 im-

1836 1052 2165 1120 maculatos,
2213 1057 2353 1115 bene
2403 1072 2729 1131 sperantes,
2778 1071 3094 1136 studiosos,
3144 1075 3199 1129 in
3252 1078 3411 1132 bonis

1834 1147 2094 1216 operibus
2130 1149 2434 1210 laboriosos
2460 1175 2473 1210 :
2501 1165 2559 1210 ut
2582 1159 2788 1228 peritus
2809 1169 2864 1215 et
2899 1163 3210 1222 misericors
3238 1170 3411 1224 medi-

1832 1257 1933 1298 cus
1962 1245 2220 1301 omnibus
2246 1247 2299 1300 in
2332 1259 2555 1316 peccato
2590 1255 2940 1311 versantibus
2967 1259 3206 1315 medere.
3236 1282 3255 1312 ί
3285 1262 3406 1317 Non

1829 1338 1975 1392 enim
2001 1354 2140 1408 opus
2168 1341 2371 1395 habent
2401 1343 2612 1399 medico
2636 1347 2729 1415 qui
2760 1349 2964 1413 valent,
2997 1350 3093 1406 sed
3125 1354 3218 1423 qui
3262 1358 3406 1413 male

1830 1431 2033 1487 habent
2066 1435 2112 1465 ⁵⁸
2252 1434 2412 1489 Venit
2440 1438 2585 1491 enim
2617 1438 2789 1497 Filius
2823 1443 3059 1504 hominis
3106 1450 3321 1506 salvare
3349 1463 3406 1507 et

1827 1542 2074 1595 qumrere
2099 1528 2245 1597 quod
2274 1538 2554 1584 erraverat
2573 1532 2640 1588 ".
2674 1552 2693 1585 ι
2728 1534 2862 1590 Cum
2885 1553 3016 1610 ergo
3042 1542 3119 1599 sis
3146 1543 3404 1603 Ecclesia:

1828 1617 2039 1674 Domini
2078 1622 2339 1687 medicus,
2379 1624 2422 1655 ⁵⁷
2456 1627 2687 1696 singulis
2735 1633 2954 1699 aegrotis
2985 1637 3400 1695 convenientem

1825 1716 2151 1771 medicinam
2188 1718 2405 1782 adhibe,
2436 1721 2582 1774 omni
2615 1724 2794 1784 modo.
2830 1740 2984 1789 cura,
3027 1744 3185 1794 sana,
3221 1736 3405 1802 sospia

1818 1814 1900 1863 tes
1933 1806 2098 1862 redde
2118 1807 2374 1863 Ecclesia:
2398 1824 2413 1862 :
2440 1823 2604 1878 pasce
2631 1827 2846 1885 gregem
2878 1821 2943 1887 ⁵⁸,
2965 1839 3075 1879 non
3105 1828 3400 1898 imperiose

1820 1914 1945 1954 cum
1996 1901 2230 1954 ludibrio
2259 1940 2274 1963 .
2334 1902 2490 1970 quasi
2525 1913 2847 1974 potestatem
2873 1926 3132 1974 exercens
3166 1919 3244 1984 ³⁹;
3300 1923 3396 1977 sed

1818 1992 2163 2063 utbenignus
2194 2002 2400 2063 pastor,
2432 1997 2486 2050 in
2528 1998 2709 2054 sinum
2740 2018 2912 2074 agnos
2942 2024 3311 2085 congregans,
3343 2028 3397 2072 et

1819 2084 1957 2141 fetas
1986 2085 2298 2141 refocillans
2321 2089 2389 2144 ‘°.

2403 2202 2632 2259 CAPUT
2670 2206 2810 2265 XXI.

1817 2316 1969 2382 Quod
2008 2317 2296 2401 periculum
2337 2320 2411 2401 sit.
2446 2334 2549 2370 una
2596 2329 2801 2373 tantum
2825 2334 2974 2390 parte
3018 2330 3201 2384 audita
3245 2334 3395 2401 juai-

1886 2404 2034 2469 care,
2063 2397 2112 2440 et
2135 2404 2338 2455 pmnam
2377 2387 2648 2443 decernere
2689 2387 2872 2446 contra
2908 2401 3134 2469 eumqui
3162 2387 3391 2459 nonduin

1886 2468 2150 2512 convictus
2181 2468 2280 2513 est.

1882 2552 2013 2607 Esto
2062 2559 2241 2605 autem
2296 2551 2589 2615 humanus,
2643 2553 2841 2620 bonus,
2897 2557 3057 2623 lenis,
3114 2562 3385 2630 sincerus,

1810 2664 1996 2714 verax,
2024 2664 2134 2703 non
2168 2647 2361 2709 durus,
2392 2664 2498 2702 non
2529 2657 2843 2716 contumax,
2871 2669 2979 2708 non
3016 2657 3244 2727 rigidus,
3276 2678 3387 2718 non

1812 2757 2093 2811 arrogans,
2126 2757 2237 2795 non
2277 2741 2689 2802 immisericors.
2717 2761 2827 2799 non
2874 2747 3113 2815 inflatus,
3147 2769 3254 2808 non
3298 2771 3390 2813 as-

1812 2843 2076 2898 sentator,
2106 2851 2217 2889 non
2268 2835 2570 2904 improbus,
2619 2851 2727 2890 non
2770 2840 3092 2909 versipellis,
3121 2863 3227 2902 non
3263 2851 3389 2906 illu-
3468 2870 3477 2879 θ

1810 2930 1945 2984 dens
1973 2928 2072 2982 tibi
2101 2928 2362 2997 subjectis
2390 2930 2625 2999 populis,
2669 2929 2761 2985 Dei
2803 2932 2946 3003 leges
2984 2945 3146 3008 atque
3172 2943 3239 2998 de
3268 2960 3388 3014 ρω-

1809 3024 2038 3079 nitentia
2082 3038 2361 3078 sermones
2414 3023 2523 3078 illis
2577 3040 2685 3078 non
2724 3028 3028 3095 occultans,
3064 3046 3170 3086 non
3203 3050 3390 3104 proni-

1732 3104 1772 3160 C
1808 3129 1932 3189 plus
1962 3118 2029 3171 ad
2058 3118 2437 3188 expellendum
2488 3126 2541 3175 et
2581 3120 2946 3191 ejiciendum;
2981 3126 3074 3181 sed
3105 3130 3384 3199 prudens,

1809 3232 1909 3271 nec
1956 3217 2048 3285 qui
2092 3216 2323 3270 libenter
2361 3230 2423 3269 ac
2454 3217 2760 3286 procaciter
2804 3220 3093 3291 increpes;
3144 3241 3243 3280 nec
3291 3228 3384 3297 qui

1807 3310 2176 3366 testimonium
2222 3310 2485 3365 adversus
2542 3313 2847 3382 quempiam
2909 3315 3204 3383 admittas,
3264 3323 3383 3379 sine

1803 3404 1981 3458 tribus
2012 3404 2262 3458 ﬁdelibus
2292 3404 2543 3467 testibus,
2579 3404 2753 3474 iisque
2783 3424 3013 3476 quorum
3048 3426 3226 3467 mores
3247 3414 3383 3484 jam-

1805 3496 2014 3565 pridem
2045 3496 2327 3565 approbati
2364 3495 2494 3556 sint.
2533 3504 2588 3551 et
2617 3497 2911 3553 dummodo
2947 3517 3120 3571 neque
3146 3504 3381 3561 inimici-

1805 3588 1894 3642 tiis
1923 3603 2096 3656 neque
2134 3588 2335 3642 invidia
2364 3588 2657 3643 ducantur.
2692 3588 2842 3642 Multi
2870 3593 3070 3662 quippe
3114 3606 3241 3650 sunt
3270 3614 3382 3652 ma-

1802 3681 1983 3745 levoli,
2015 3680 2254 3745 dicaces,
2276 3680 2491 3735 tertiam
2520 3681 2757 3750 linguam
2800 3681 3058 3737 habentes
3090 3685 3153 3749 ⁶¹,
3186 3704 3378 3745 osores

1801 3772 2050 3837 fratrum,
2086 3773 2138 3826 id
2167 3788 2385 3842 operam
2430 3773 2642 3838 dantes,
2673 3782 2731 3826 ut
2759 3773 2958 3829 Christi
3008 3792 3136 3832 oves
3164 3779 3377 3849 disper‘

1798 3876 1928 3940 gant
1953 3886 1967 3922 :
2002 3866 2193 3919 horum
2220 3865 2265 3919 si
2294 3864 2590 3920 delationes
2624 3872 2825 3920 temere
2848 3868 2929 3921 vis
2952 3870 3221 3938 excipere,
3249 3887 3372 3941 gre-

2338 4025 2541 4101 f‘Luc.
2576 4043 2718 4101 ιιιιι.Δ
2756 4027 2844 4083 10.
2906 4030 3009 4084 ⁸⁷1.
3072 4030 3247 4101 lgnat.
3300 4035 3371 4090 ad

144 4094 299 4169 Polyc.
321 4101 375 4155 2.
430 4102 479 4133 ⁸⁸
508 4100 711 4156 Ezech.
747 4116 934 4155 xxxrv.
961 4100 1018 4154 4.
1093 4100 1137 4133 ⁸⁸
1172 4100 1361 4154 Matth.
1392 4114 1484 4163 xx,
1506 4100 1600 4153 25.
1674 4097 1720 4128 ⁶⁰
1747 4098 1853 4154 lsa.
1884 4113 1973 4162 xc,
2009 4099 2095 4151 tl.
2159 4097 2203 4128 ⁶¹
2227 4097 2391 4152 Eccli.
2427 4113 2622 4161 xxvm,
2654 4096 2742 4154 16.
2785 4133 2789 4137 -

1428 4252 1793 4311 VARIORUM
1826 4253 2059 4311 NOT/E.

202 4393 297 4464 (2|)
324 4394 541 4466 Λιμήν.
579 4392 716 4449 Male
745 4392 1005 4447 omittunt
1051 4389 1109 4445 in
1151 4399 1384 4462 utroque
1414 4390 1691 4448 Vindobo-
1721 4398 1766 4452 D
1794 4394 1936 4466 rium
1968 4399 2071 4452 est.
2102 4391 2230 4466 quia
2253 4405 2342 4444 res
2357 4404 2561 4466 _p_er_se
2596 4390 2732 4445 satis
2763 4390 3101 4466 intelligitur.
3139 4394 3246 4451 Pro
3291 4394 3367 4452 ὧν

142 4465 679 4605 ξιῗῗκιλθοιῑυε
710 4533 847 4588 alter
879 4530 1123 4603 ἰώμενος.
1151 4527 1297 4586 Idem
1316 4546 1421 4605 pro
1444 4533 1688 4604 ἁμαρτίᾳ

143 4602 285 4677 habet
303 4607 616 4677 ἁμαρτίαις.
652 4603 725 4657 In.

196 4673 295 4743 (23)
326 4668 450 4730 Ὧν.
484 4675 634 4729 Alter
661 4673 782 4727 cod.
813 4671 1099 4743 ὑπάρχων.
1124 4668 1200 4743 In.

200 4740 298 4812 (24)
329 4745 410 4810 Τῷ
437 4746 643 4808 κόλπῳ
672 4740 1049 4812 συνάγωντά
1071 4740 1264 4812 ἀρνία,
1288 4759 1343 4795 κ.
1369 4759 1418 4795 τ.
1438 4742 1487 4795 λ.
1507 4742 1685 4797 Habes

142 4810 337 4893 Iestigia
381 4817 603 4893 integrae
650 4813 918 4893 vei-siqnis
974 4810 1176 4893 Senum
1227 4810 1295 4893 Is.
1330 4828 1417 4893 xc,
1456 4814 1513 4867 il
1551 4813 1686 4893 τιτῷ

174 4880 355 4953 ραχίονι
376 4880 540 4938 abso?)
573 4883 787 4947 συνάξει
809 4883 996 4953 ἄρνας,
1014 4880 1105 4933 καὶ
1127 4880 1183 4931 ὲν
1208 4882 1285 4951 τῷ
1315 4882 1497 4953 κόλπῳ
1517 4880 1682 4953 αυτοῦ

201 4949 387 5017 στάσει,
418 4958 514 5008 καὶ
541 4957 597 5007 ἐν
621 4954 818 5024 γαστρὶ
848 4949 1106 5024 ’ἐχούσας
1130 4949 1524 5024 παρακαλέσει.
1568 4951 1684 5024 Hoc

143 5034 211 5076 est
234 5024 364 5093 apud
394 5019 819 5094 Hieronymum:
851 5019 923 5094 In;
947 5019 1172 5094 brachio
1213 5019 1309 5073 suo
1351 5021 1683 5091 congregabit

144 5088 371 5159 agnoi,'et
400 5096 454 5147 in
485 5088 725 5148 sinu'suo
752 5088 1000 5159 portabit,
1040 5099 1089 5143 et
1132 5088 1465 5159 prwgnantes
1496 5088 1683 5145 conso-

145 5158 329 5217 labitur.
366 5164 543 5218 Minus
586 5165 722 5218 bene
754 5158 1037 5230 quotquot
1077 5158 1340 5214 venerunt
1388 5161 1440 5213 in
1486 5178 1679 5215 manus

145 5244 270 5297 meas
314 5234 453 5293 libri,
484 5238 596 5288 sive
636 5233 847 5297 excusi,
889 5232 1003 5285 sive
1054 5244 1217 5281 manu
1257 5231 1486 5291 exarati,
1524 5240 1581 5284 ut
1625 5240 1681 5284 et

144 5296 349 5418 ﬁgulus
396 5320 457 5357 ac
498 5296 1101 5371 Procopius,0mittunt
1152 5314 1335 5358 voces,
1380 5302 1473 5353 καὶ
1518 5303 1574 5353 ὲν
1601 5300 1679 5370 τῷ

212 5388 299 5418 πω
325 5373 485 5418 αὐτοῦ
518 5372 795 5418 ϐαστάσει-
830 5384 966 5418 unus
998 5369 1164 5418 codex
1204 5368 1432 5418 celeber-
1484 5370 1676 5418 Renali

145 5368 299 5423 κόλπω
325 5373 485 5426 αὐτοῦ
518 5368 796 5443 βαστάσει,
830 5384 966 5440 quas
998 5369 1164 5426 codex
1204 5368 1433 5423 celeber.
1484 5368 1677 5424 Renati

145 5426 371 5510 Marchali
424 5445 610 5497 tribuit
650 5442 860 5510 Aquila:
896 5448 949 5493 et
1007 5437 1356 5509 Symmacho,
1393 5454 1515 5494 cum
1567 5441 1676 5493 sint

144 5506 289 5581 etiam
309 5513 652 5581 interpretum
684 5506 845 5566 LXX.
872 5510 1009 5563 Cor.

204 5578 282 5639 (25
326 5576 586 5649 Ἀδὸλος.
611 5582 772 5637 Deest
804 5581 857 5635 in
899 5581 1067 5633 altero
1092 5576 1214 5632 cod.
1244 5576 1551 5632 Viudobon.
1576 5577 1671 5633 CL.

204 5580 301 5719 (ἓϐ)
328 5651 792 5719 Φιλεπιτιμητής.
823 5649 1103 5704 Omittitur
1145 5649 1211 5719 in,
1231 5649 1403 5702 altero
1432 5647 1553 5703 cod.
1594 5645 1670 5702 lo.

203 5645 301 5785 (26)
328 5645 792 5722 Φιλεπιὲιμητής.
823 5649 1103 5704 Omittitur
1145 5649 1199 5701 in
1231 5649 1403 5702 altero
1432 5647 1553 5703 cod.
1594 5645 1670 5702 lo.

222 5716 302 5785 ιη
331 5722 574 5785 amor.
605 5722 765 5785 Deest
791 5721 847 5784 in
890 5720 1062 5781 altero
1117 5718 1236 5777 cod.
1272 5734 1371 5783 nec
1421 5732 1670 5781 accessa-

222 5716 302 5790 27)
331 5716 765 5785 Πιστῶνξῡοεει
791 5721 847 5784 in
890 5720 1062 5781 altero
1117 5718 1236 5777 cod.
1272 5734 1371 5783 nec
1421 5732 1675 5781 accessa.

1792 4463 1937 4534 quod
1968 4462 2216 4534 sequitur
2244 4460 2446 4534 ρει-ἐάν
2476 4460 2531 4513 in
2564 4469 2810 4534 utroque.
2844 4461 2916 4534 lp.

1884 4534 1973 4601 28)
2010 4533 2216 4599 Τρίτην
2242 4530 2533 4598 γλῶσσαν
2556 4532 2799 4599 ἔχοντες
2849 4532 3107 4601 Linguam
3152 4538 3359 4590 tertiam

1790 4601 2003 4658 liebrmi
2040 4601 2333 4672 appellant,
2359 4601 2594 4669 linguam
2638 4601 2993 4672 oblocutoris,
3029 4612 3213 4672 utpote
3249 4624 3362 4661 meo.

1788 4673 1930 4726 diam
1958 4675 2097 4727 inter
2122 4671 2420 4724 auditorem
2446 4685 2508 4723 ac
2527 4686 2648 4724 eum
2673 4670 2739 4724 de
2764 4688 2869 4740 quo
2893 4688 3071 4725 sermo
3091 4670 3356 4732 habetur:

1786 4743 2048 4813 aiuntque
2080 4742 2279 4813 rlingua
2319 4741 2483 4813 tertia
2515 4741 2687 4813 tribus
2713 4744 3016 4813 perniciem
3054 4744 3357 4811 importari,

1786 4810 2112 4871 detrahenti.
2144 4810 2470 4865 anscultanti
2518 4818 2572 4864 et
2614 4811 2952 4880 insimulati).
2980 4812 3110 4880 Qua:
3134 4810 3358 4880 γλῶσσα

1771 4881 1933 4952 τρίτη
1962 4889 2163 4952 quanta
2189 4881 2326 4932 mala
2357 4880 2573 4939 excitet,
2594 4878 2927 4952 describitur
2948 4880 3008 4952 iu
3032 4877 3196 4952 Eccii.
3226 4895 3345 4945 cap.

1775 4947 1991 5013 x'xvliij
2038 4951 2127 5003 ubi
2174 4961 2351 5003 tamen
2417 4947 2676 5001 nonnulla
2720 4947 3047 5014 exemplaria
3097 4949 3350 5000 videntur

1774 5020 2035 5077 habuisse
2068 5021 2239 5090 τρητή
2262 5060 2277 5079 ,
2314 5019 2412 5071 hoc
2441 5028 2523 5070 est
2567 5015 2954 5090 τετρυπημένη
2978 5055 2992 5077 ,
3035 5018 3308 5090 perforata
3328 5035 3348 5077 ,·

1781 5094 1971 5146 eodem
2020 5084 2182 5143 sensu
2228 5084 2337 5155 quo
2385 5101 2574 5140 servus
2615 5084 2703 5156 iiie
2733 5084 3088 5140 Terentianus
3113 5087 3353 5156 jocatur,

1781 5174 1841 5213 se
1877 5159 2093 5228 quando
2136 5156 2419 5228 mendacia
2434 5163 2622 5228 tacere
2660 5155 2912 5228 iubetur,
2942 5157 3157 5228 plenum
3191 5159 3356 5211 rima~

1780 5225 1909 5284 runi
1930 5246 2072 5290 esse,
2097 5231 2197 5280 hac
2221 5236 2380 5294 atque
2412 5226 2531 5278 illac
2556 5225 2837 5295 perﬂuere.
2876 5225 3096 5295 Egregie
3120 5228 3172 5279 in
3201 5230 3356 5281 scho-

1780 5299 1851 5353 lio
1876 5299 1910 5352 ‘2
1937 5300 2002 5353 ad
2026 5298 2250 5367 gradum
2284 5300 2350 5349 iU
2373 5295 2549 5367 Scalrv
2567 5294 2797 5367 Joannis
2822 5294 3067 5367 Climaci,
3099 5298 3351 5352 Καταλα-

1778 5368 1867 5431 λος
1894 5364 2058 5439 ψυχὴ,
2088 5366 2329 5449 τρίϐολον
2358 5365 2467 5449 ἔχει
2486 5364 2752 5449 γλῶσσαν·
2783 5366 2978 5449 ἑαυτὴν
2996 5366 3125 5449 γὰρ,
3147 5369 3350 5449 march»

1777 5434 2061 5497 ἀκούοντα,
2094 5434 2202 5488 ἔσθ’
2244 5437 2330 5487 ὅτε
2354 5434 2429 5505 δὲ
2477 5435 2569 5505 καὶ
2597 5434 2687 5505 τὸν
2718 5434 3184 5504 καταλαλούμενον
3223 5437 3348 5505 βλά-

1777 5525 1920 5559 πτει.
1960 5508 2150 5559 Anima
2176 5521 2289 5575 qua!
2328 5503 2735 5557 detractionibus
2774 5513 2848 5555 est
2893 5503 3138 5563 obnoa‘ia,
3167 5503 3351 5559 trisul-

1778 5593 1893 5630 cam
1931 5577 2082 5629 habet
2118 5577 2347 5644 linguam
2374 5590 2391 5627 :
2415 5584 2561 5627 nocet
2587 5575 2736 5644 enim,
2763 5583 2810 5625 et
2841 5575 2942 5627 sibi
2970 5576 3091 5643 ipsi,
3120 5586 3168 5631 et
3194 5577 3345 5636 audi-

1779 5650 1902 5717 tori,
1932 5648 2085 5703 etilli
2113 5642 2420 5722 quandoque
2451 5645 2536 5698 cui
2563 5642 2881 5699 detrahitur.
2904 5642 3041 5704 eor.
