3816 6370
411 298 519 355 6'59

1265 290 1323 347 S.
1361 287 1759 345 CLEMENTIS
1788 288 1811 341 l
1850 286 2019 341 ROM.
2058 279 2262 339 PONT.
2296 282 2531 338 OPERA
2566 279 2794 338 DUBIA.

3596 279 3705 337 ειο

413 428 535 485 gem
562 390 718 467 tuum
756 409 1077 481 dissipabis.
1105 416 1163 462 et
1201 406 1578 462 devorandum
1616 402 1803 458 trades
1836 404 2001 473 lupis.
2034 406 2076 462 A
2106 424 2150 476 ές

2176 438 2224 473 τι
2251 420 2491 490 δαίμοσι,
2528 419 2621 471 καὶ
2652 419 2910 489 πονηροῖς
2937 414 3267 489 ἀνθρώποις,
3302 412 3499 486 μᾶλλον
3517 412 3576 469 δδ
3604 416 3706 470 οὐκ

414 507 516 560 hoc
546 512 630 561 est
661 504 1002 559 daanionibus
1031 509 1086 555 et
1112 500 1296 570 pravis
1345 498 1693 562 hominibus;
1743 497 1853 550 imo
1881 511 2011 551 vero

416 615 524 653 non
554 598 892 659 boniinibus,
927 593 1023 651 sed
1072 592 1203 647 feris
1234 592 1476 645 humana
1520 589 1695 643 forma
1743 587 2006 658 praeditis,

412 692 653 748 ethnicis
682 705 895 759 nempe,
928 686 1132 743 ludatis
1162 696 1213 742 et
1243 686 1427 755 impiis
1467 683 1762 739 haereticis.
1801 682 1846 715 ⁶¹
1873 681 2009 736 Nam

414 783 485 838 ad
514 798 639 839 eum
668 784 762 851 qui
794 796 859 835 ex
892 778 1141 833 Ecclesia
1173 778 1387 847 ejectus
1408 783 1522 841 est,
1552 775 1817 830 continuo
1854 788 2014 828 acce-

415 877 556 933 dunt
584 873 879 929 truculenti
915 872 1051 943 lupi,
1086 878 1143 927 et
1171 871 1328 942 quasi
1371 885 1572 941 agnum
1621 869 1887 923 devorare
1914 881 2027 937 ger

416 971 612 1033 stiunt,
643 968 699 1021 in
729 964 1012 1037 proprium
1046 965 1261 1018 lucrum
1310 968 1545 1016 mortem
1577 960 1724 1014 illius
1752 964 2014 1028 reputan-

416 1071 503 1119 tes
518 1081 532 1118 :
547 1060 747 1117 etenim
764 1059 989 1113 illorum
1010 1066 1163 1128 pater
1178 1055 1449 1118 diabolus,
1466 1051 1740 1107 homicida
1760 1059 1847 1106 est
1863 1052 1937 1105 ⁸³ε
1960 1055 2015 1106 et

413 1155 511 1225 qui
543 1151 1092 1224 per-imprudentiam
1125 1156 1277 1204 tuam
1308 1148 1514 1217 injuste
1543 1152 1863 1216 segregatus
1889 1143 2013 1208 fuit,

417 1256 534 1303 tum
561 1246 787 1301 tristitia
832 1259 1152 1315 oppressus,
1190 1250 1245 1298 et
1287 1241 1487 1311 pusillo
1532 1239 1715 1294 animo
1750 1239 2011 1307 ell'ectus;

418 1348 515 1394 aut
542 1339 608 1395 ad
636 1349 825 1411 gentes
852 1338 1190 1409 evagabitur,
1236 1344 1331 1389 aut
1380 1333 1755 1404 implicabitur
1787 1331 2019 1385 haeresi.

416 1432 559 1498 bus;
593 1440 647 1485 et
680 1432 748 1485 ab
778 1431 1019 1486 Ecclesia
1061 1445 1127 1482 ac
1148 1444 1246 1499 spe
1276 1429 1331 1481 in
1365 1426 1534 1481 Deum
1564 1426 1783 1495 penitus
1809 1424 2017 1480 abalie-

418 1524 659 1590 nabitur,
698 1531 863 1593 atque
913 1523 982 1577 ab
1030 1522 1312 1592 impietate
1362 1518 1775 1589 compedietur;
1811 1517 2019 1585 liesque

418 1625 478 1671 tu
528 1617 597 1671 de
650 1616 799 1671 illius
846 1616 1068 1671 interitu
1127 1630 1274 1669 reus.
1307 1612 1479 1666 Porro
1520 1625 1738 1680 aequum
1784 1624 1894 1663 non
1933 1617 2017 1663 est

404 1719 732 1781 ~promptum
761 1708 982 1778 quidem
1014 1723 1137 1762 esse
1180 1706 1247 1759 ad
1286 1703 1615 1773 ejiciendum
1647 1708 2015 1771 peccatorem,

421 1801 639 1855 tardum
665 1815 794 1855 vero
839 1799 907 1853 ad
957 1797 1329 1868 recipiendum
1368 1809 1733 1861 conversum;
1764 1803 1818 1848 et
1844 1801 2013 1849 teme-

420 1894 630 1948 rat-ium
662 1892 884 1962 quidem
915 1892 982 1947 ad
1008 1887 1403 1959 amputandum
1448 1886 1717 1949 existere,
1749 1885 2015 1939 immitem

422 1994 605 2043 autem
652 1986 717 2040 ad
761 1983 1088 2041 medendum
1138 1982 1384 2049 dolenti;
1434 1980 1505 2037 de
1547 1980 1751 2035 talibus
1796 1979 2016 2034 dicente

424 2078 709 2149 Scriptura
748 2076 972 2131 divina:
1012 2095 1031 2127 ι
1076 2074 1250 2129 Pedes
1294 2089 1484 2127 eorum
1509 2072 1575 2126 ad
1600 2070 1865 2125 malitiam
1897 2085 2017 2125 cur-

427 2182 555 2225 runt
589 2191 602 2226 :
632 2172 845 2226 veloces
887 2176 1016 2225 sunt
1056 2167 1123 2222 ad
1151 2165 1540 2222 effundendum
1571 2163 1897 2233 sanguinem
1920 2162 1965 2194 ⁸³⁵
1998 2181 2010 2216 :

423 2264 687 2320 contritio
711 2270 765 2318 et
790 2263 1010 2317 miseria
1036 2262 1092 2315 in
1116 2261 1217 2314 viis
1242 2274 1455 2321 eorum,
1480 2263 1534 2311 et
1556 2256 1698 2310 viam
1724 2255 1876 2325 pacis
1907 2269 2015 2309 non

424 2364 798 2428 Cognoverth
832 2372 847 2410 :
882 2369 993 2408 non
1038 2361 1124 2408 est
1172 2352 1337 2406 timor
1384 2349 1478 2403 Dei
1502 2342 1637 2403 ante
1677 2347 1868 2403 oculos
1924 2361 2019 2401 eo-

427 2465 546 2503 rum
576 2447 643 2502 “.
676 2465 694 2498 ι
725 2444 825 2499 Via
848 2454 1025 2500 autem
1053 2446 1205 2515 pacis
1244 2454 1327 2498 est
1352 2442 1614 2501 Servator
1645 2446 1833 2494 noster
1855 2437 2018 2494 Jesus

423 2540 702 2601 Christus,
736 2538 829 2607 qui
874 2538 1036 2593 etiam
1063 2552 1163 2591 nos
1195 2535 1382 2591 docuit
1406 2534 1491 2588 bis
1517 2532 1696 2587 verbis
1725 2550 1739 2586 :
1768 2548 1787 2581 ι
1820 2529 2019 2584 Dimit-

425 2636 546 2698 tile,
568 2636 635 2704 et;
658 2632 966 2689 dimittetur
995 2630 1183 2698 vobis;
1205 2630 1349 2691 date,
1380 2634 1435 2685 et
1470 2625 1690 2681 dabitur
1708 2624 1861 2679 vobis
1880 2627 1955 2692 ⁶⁶;
1997 2644 2015 2676 ι

424 2729 529 2784 hoc
548 2738 655 2789 est,
672 2726 797 2781 date
812 2734 1161 2795 peccatorum
1184 2720 1586 2783 remissionem,
1600 2727 1654 2774 et
1671 2717 2020 2773 remittentur

312 2846 331 2861 ε·
424 2821 581 2876 vobis
602 2819 800 2874 delicta
828 2813 1319 2887 :quemadmodum
1342 2820 1396 2867 et
1422 2827 1520 2881 per
1540 2809 1842 2864 orationem
1867 2806 2021 2862 insti-

427 2914 532 2967 tuit
555 2910 842 2977 nos,-utad
866 2909 1032 2963 Deum
1060 2907 1371 2962 diceremus
1396 2924 1409 2959 :
1447 2923 1466 2955 ι
1492 2902 1715 2957 Dimitte
1738 2901 1898 2957 nobis
1919 2899 2017 2955 de-

427 3006 541 3059 bita
569 3011 780 3067 nostra,
813 3003 955 3058 sicut
995 3008 1050 3055 et
1078 3015 1179 3053 nos
1200 2998 1530 3053 dimittimus
1552 2995 1893 3050 debitoribus
1920 3009 2021 3048 no~

2112 511 2423 583 ἀνθρώποις
2446 551 2459 574 ,
2538 510 2675 563 ἀλλά
2731 509 2942 581 θηρίοις
2996 504 3469 580 ἀνθρωποειδέσιν,
3560 506 3709 560 ἐθνι-

2115 607 2230 667 κοῖς
2265 602 2400 673 (29),
2432 603 2529 655 καὶ⁸
2570 600 2939 663 Ίουδαῖσταῖς,
2988 598 3085 652 καὶ⁸
3116 596 3468 669 αἰρεσιὼταις
3498 596 3704 661 ἀθέοις·

2112 696 2192 767 τῷ
2220 694 2330 766 γάρ
2358 691 2679 764 ἐκϐληθέντι
2705 693 2805 763 τῆς
2838 691 3185 762 Ἐκκλησίας,
3218 689 3380 751 εὐθὺς
3398 686 3711 759 προσπελά-

2115 786 2301 850 ζουσιν
2331 785 2444 857 (50)
2474 785 2523 837 οἱ
2550 784 2829 855 λυμεῶνες
2868 783 3043 847 λύκοι,
3094 784 3189 836 καὶ
3232 781 3309 845 ὡς
3355 782 3494 852 ἀρνα
3541 778 3711 851 βοράν

2114 878 2397 949 ήγοῦνται,
2431 876 2622 946 κέρδος
2660 875 2800 929 ¹ἴδιον
2843 874 3135 947 ἡγούμενοι
3183 872 3283 945 τὴν
3316 873 3526 925 ἐκείνου
3556 870 3713 924 ἀπώ-

2117 971 2286 1023 λειαν·
2338 970 2433 1023 καὶ
2478 968 2589 1039 γὰρ
2633 971 2661 1022 6
2703 968 2912 1021 τούτων
2940 968 3125 1039 πατὴρ
3154 964 3400 1029 διάϐολος
3425 964 3712 1036 ἀνθρωπο-

2117 1062 2305 1125 κτόνος
2368 1061 2505 1113 ἐστί·
2557 1061 2651 1113 καὶ
2696 1061 2725 1112 6
2768 1060 2857 1113 διά
2900 1060 3001 1130 τῆς
3048 1060 3145 1130 σῆς
3188 1059 3465 1130 ἀκρισίας,
3509 1056 3713 1119 ἀδίκως

2118 1154 2455 1226 ἀφορισθείς,
2479 1154 2571 1207 καὶ
2594 1152 2805 1223 ἀθυμίᾳ
2833 1150 3137 1222 συσχεθεὶς,
3163 1152 3258 1203 καὶ
3287 1149 3710 1219 ὀλιγοψυχήσας,

2118 1248 2152 1319 ἢ
2186 1251 2266 1310 εἰς
2294 1246 2423 1318 ἔθνη
2456 1243 2995 1315 ἀποπλανηθήσεται,
3030 1243 3062 1315 ή
3110 1245 3189 1306 εἰς
3230 1243 3474 1315 αἱρέσεις
3501 1258 3715 1313 συμπο-

2118 1338 2452 1410 δισθήσεται,
2501 1338 2596 1390 καὶ
2630 1335 2908 1398 παντελῶς
2954 1335 3053 1405 τῆς
3111 1335 3435 1406 Ἐκκλησίας
3476 1334 3573 1387 καὶ
3613 1334 3713 1403 τῆς

2119 1431 2199 1492 εἰς
2241 1428 2374 1482 Θεὸν
2420 1428 2633 1491 ἐλπίδος
2676 1425 3270 1498 ἀπαλλοτριωθήσεται,
3317 1428 3410 1480 καὶ
3452 1426 3717 1496 συμποδι-

2122 1522 2377 1594 σθήσεται
2408 1522 2514 1574 ὑπὸ
2542 1521 2816 1584 ἀσεϐείας,
2866 1522 2960 1573 καί
3004 1522 3209 1594 γενήσῃ
3252 1521 3316 1573 σὺ
3362 1521 3461 1591 τῆς
3502 1520 3716 1572 ἐκείνου

2121 1612 2398 1676 ἀπωλείας
2427 1613 2626 1683 ἔνοχος.
2658 1614 2734 1666 Οὐ
2764 1612 2873 1682 γάρ
2901 1612 3109 1666 δίκαιόν
3136 1613 3308 1677 ἐστιν,
3352 1613 3573 1683 ἕτοιμον
3619 1613 3718 1682 μὲν

2121 1700 2261 1760 εἶναι
2289 1704 2570 1758 ἐκϐάλλειν
2598 1705 2690 1758 τὸν
2719 1704 3097 1776 ἡμαρτηκότα,
3118 1704 3351 1775 ὀκνηρὸν
3371 1703 3426 1756 δὲ
3447 1704 3721 1775 ὑπάρχειν

2118 1801 2198 1862 εἰς
2225 1800 2287 1851 τὸ
2316 1796 2711 1870 προσδέχεσθαι
2740 1796 2830 1849 τὸν
2858 1795 3280 1867 ἐπιστρέφοντα,
3307 1798 3400 1848 καὶ
3422 1796 3720 1866 πρόχειρον

2120 1892 2220 1963 μὲν
2251 1893 2331 1955 εἰς
2356 1891 2419 1944 τὸ
2446 1890 2801 1953 ἀποκόπτειν,
2825 1889 3026 1960 ἀνηλεῆ
3054 1888 3110 1941 δὲ
3132 1891 3212 1951 εἰς
3238 1889 3299 1941 τὸ
3324 1889 3417 1941 τὸν
3444 1889 3719 1957 ἀλγοῦντα

2122 1984 2323 2037 ἰᾶσθαι·
2375 1984 2503 2055 περὶ
2533 1983 2643 2054 γὰρ
2670 1983 2779 2036 τῶν
2807 1981 3067 2036 τοιούτων
3096 1982 3242 2050 λέγει
3271 1983 3306 2053 ή
3337 1982 3458 2035 Θεία
3486 1983 3682 2054 Γραφή
3701 1999 3714 2011 ·

2124 2096 2143 2129 ι
2172 2079 2235 2130 Oi
2269 2077 2427 2140 πόδες
2460 2077 2640 2129 αὐτῶν
2686 2079 2767 2139 εἰς
2798 2076 2996 2129 κακίαν
3036 2076 3308 2147 τρέχουσι’
3354 2077 3567 2146 ταχινοί
3613 2078 3720 2128 εἰσι

2117 2168 2212 2223 τοῦ
2258 2168 2471 2239 ἐκχέειν
2515 2163 2673 2238 αἷμα·
2747 2167 3061 2239 σύντριμμα
3122 2169 3217 2221 καὶ
3261 2168 3611 2240 ταλαιπωρία
3660 2173 3720 2224 ἐν

2115 2264 2238 2325 ταῖς
2263 2261 2402 2325 ὁδοῖς
2428 2261 2631 2323 αὐτῶν,
2662 2262 2756 2314 καὶ
2776 2261 2893 2313 ὁδὸν
2922 2261 3146 2332 εἰρήνης
3173 2262 3273 2315 οὐκ
3304 2261 3573 2330 ἔγνωσαν*
3620 2265 3719 2318 οὐκ

2119 2354 2233 2408 ἔστι
2278 2355 2441 2423 φόϐος
2485 2352 2620 2407 Θεοῦ
2662 2354 2927 2411 ἀπέναντι
2972 2354 3081 2406 τῶν
3120 2354 3414 2426 ὀφθαλμῶν
3462 2358 3661 2410 αὐτῶν.
3697 2377 3716 2408 ι

2131 2447 2279 2511 Ὁδὸς
2307 2446 2364 2500 δὲ
2393 2447 2614 2518 εἰρήνης
2642 2448 2789 2499 ἐστὶν
2819 2449 2847 2500 6
2875 2446 3067 2518 Σωτὴρ
3095 2448 3251 2518 ήμῶν
3295 2448 3503 2519 Ἰησοῦς
3529 2450 3558 2501 6
3588 2451 3723 2519 Χρι-

2122 2540 2266 2604 στὸς,
2312 2538 2372 2602 ὃς
2416 2539 2510 2592 καὶ
2565 2537 2802 2602 ἐδίδαξεν
2853 2539 3001 2608 ἡμᾶς
3062 2538 3257 2606 λέγων⁹
3295 2558 3315 2590 ι
3351 2540 3576 2607 Ἅφετε,
3628 2544 3724 2594 καὶ

2120 2630 2454 2702 ἀφεθήσεται
2485 2631 2634 2702 ὑμῖν,
2664 2630 2854 2694 δίδοτε,
2886 2630 2982 2683 καὶ
3021 2630 3304 2702 δοθήσεται
3335 2632 3484 2703 ύμῖν·
3515 2651 3534 2683 ι
3568 2650 3723 2685 τουτ-

2121 2721 2257 2788 έστι,
2288 2721 2459 2775 δίδοτε
2504 2723 2696 2792 ἄφεσιν
2740 2722 3046 2795 ἁμαρτιῶν,
3090 2725 3184 2775 καὶ
3224 2722 3561 2795 ἀφεθήσεται
3591 2725 3723 2795 ὑμῖν

2120 2814 2190 2869 τά
2219 2815 2642 2888 παραπτώματα
2674 2817 2806 2887 (51)·
2858 2816 2934 2880 ὡς
2962 2818 3056 2870 καὶ
3096 2816 3185 2870 διά
3223 2818 3321 2889 τῆς
3363 2820 3533 2891 εὐχῆς
3575 2821 3725 2889 ἡμᾶς

2122 2907 2406 2960 ἐπαίδευσε
2448 2908 2625 2977 λέγειν
2670 2908 2808 2979 πρὸς
2860 2908 2951 2962 τὸν
3004 2908 3155 2962 Θεόνο
3195 2929 3212 2961 ι
3257 2911 3429 2979 ’Ἄφες
3472 2912 3607 2981 ἡμῖν
3654 2912 3727 2966 τά

2122 2999 2463 3071 ὀφειλήματα
2492 3000 2670 3072 ἡμῶν,
2694 3002 2768 3064 ὡς
2798 3004 2891 3054 καὶ
2922 3003 3082 3073 ἡμεῖς
3110 3004 3342 3073 ἀφίεμεν
3368 3006 3486 3067 τοῖς
3516 3004 3727 3072 ὀφειλέ-

430 3097 638 3151 stris‘".
662 3096 878 3161 sQuare
904 3094 950 3149 si
980 3092 1361 3163 peccatoribus
1388 3090 1603 3145 veniam
1626 3104 1735 3142 non
1750 3086 2015 3147 tribuitis,
2048 3107 2093 3168 ρ
2122 3110 2150 3145 τ

2176 3110 2241 3155 ιις
2271 3092 2447 3163 ήμῶν.
2482 3112 2500 3143 ι
2552 3092 2675 3145 Ἐἀν
2718 3089 2809 3146 οὖν
2857 3093 2931 3165 μή
2978 3094 3151 3164 ἀφῆτε
3192 3097 3305 3157 τοῖς
3350 3096 3725 3167 ἡμαρτηκόσι,

428 3188 704 3259 quanme
737 3195 1083 3258 peccatorum
1117 3190 1424 3239 vestrorum
1459 3181 1672 3236 veniam
1701 3178 2020 3251 accipietis?

428 3283 512 3337 Au
540 3297 647 3336 non
668 3287 861 3335 contra
882 3295 980 3333 vos
1022 3277 1170 3347 ipsos
1203 3274 1385 3345 ligatis
1405 3313 1419 3337 ,
1446 3288 1572 3327 cum
1605 3271 1790 3326 dicitis
1822 3285 1919 3325 vos
1945 3270 2024 3323 di-

430 3375 667 3437 mittere,
695 3380 747 3428 et
772 3387 878 3426 nou
903 3370 1216 3424 dimittitis?
1241 3368 1433 3422 Annon
1456 3374 1640 3420 vestro
1660 3365 1740 3418 ori
1758 3379 2023 3433 repugna-

432 3466 581 3529 bitis,
604 3462 858 3523 dicendo,
889 3462 1239 3524 Dimiuimus,
1271 3469 1325 3514 et
1359 3476 1469 3516 non
1500 3456 1859 3513 dimittendo?
1904 3454 2023 3525 Sej-

429 3559 715 3614 toteenim
746 3557 892 3628 quod
929 3557 1019 3627 qui
1053 3556 1204 3610 nulla
1234 3554 1525 3624 iniquitate
1568 3560 1884 3607 contactum
1933 3534 2027 3605 ab-

424 3652 569 3722 jieit,
596 3658 690 3705 aut
714 3650 778 3704 ad
815 3651 1011 3704 bonam
1046 3648 1254 3719 frugem
1294 3660 1573 3702 reversum
1602 3660 1712 3699 non
1757 3643 2020 3706 admittit,

433 3746 621 3801 fratris
645 3744 732 3801 sui
755 3744 1076 3799 interfector
1096 3750 1201 3807 est,
1224 3750 1279 3798 et
1300 3740 1624 3812 sanguinem
1662 3739 1785 3809 ejus
1820 3737 2020 3801 fundit,

432 3850 494 3893 ut
517 3840 722 3895 Cainus
757 3839 913 3894 Abeli
954 3837 1176 3905 fratris;
1211 3836 1546 3906 sanguisque
1587 3834 1736 3891 illius
1776 3834 2024 3888 clamans

434 3932 502 3986 ad
556 3931 748 3999 Deum,
789 3930 1104 4002 requiretur
1154 3929 1220 3985 ⁸⁸.
1266 3927 1457 3983 Justus
1499 3927 1703 3997 quippe
1748 3926 1949 3995 injuste
1993 3940 2024 3979 a

418 4038 710 4094 quoquam
754 4024 997 4087 occisus,
1021 4021 1167 4093 apud
1208 4021 1381 4076 Deum
1421 4020 1731 4090 requiescet
1773 4018 1831 4073 in
1872 4024 2028 4073 aster-

435 4130 590 4176 num,
623 4123 679 4169 et
709 4115 874 4170 simili
897 4115 1060 4171 modo
1092 4114 1187 4184 qui
1218 4113 1288 4167 ab
1319 4112 1581 4182 episc0pu
1604 4124 1891 4181 perperam
1914 4108 2029 4164 fue-

436 4207 507 4260 rit
526 4208 1055 4261 excommunicatus.
1083 4205 1191 4260 Sed
1210 4205 1303 4274 qui
1320 4204 1676 4273 inculpatum,
1694 4201 1851 4273 quasi
1881 4212 2025 4257 esset

437 4299 770 4365 scelerosus,
812 4300 1093 4365 eliminat,
1143 4299 1190 4355 is
1228 4299 1623 4366 interemptore
1669 4297 1866 4352 saevior
1916 4301 2023 4361 est,

434 4405 547 4451 non
579 4393 879 4464 respiciens
928 4393 995 4446 ad
1038 4390 1476 4447 misericordiam
1516 4389 1634 4452 Dei,
1674 4406 1775 4444 nec
1817 4404 2027 4445 memor

506 4552 555 4585 ⁶²
581 4552 753 4616 lguat.
787 4553 854 4606 ad
904 4551 1122 4616 Smyrn.
1158 4552 1211 4605 4.
1293 4550 1339 4581 ⁸³
1374 4549 1511 4605 Joan
1546 4565 1668 4616 vui,
1706 4550 1796 4606 44.

1002 4567 1122 4625 yrn.
1293 4550 1339 4581 ⁸³
1374 4549 1511 4605 Joan
1546 4565 1668 4625 νιιι,
1706 4550 1796 4625 μ..
1827 4620 1858 4625 _
1908 4550 1956 4581 εδ
1988 4550 2150 4607 Prov.

2195 4563 2236 4615 ι,
2297 4550 2396 4620 lli;
2449 4549 2520 4608 Is.
2554 4567 2677 4619 ux;
2729 4552 2891 4609 Rom.
2948 4570 3029 4622 ιιι,
3084 4556 3169 4613 l5.

435 4623 495 4682 9,,
571 4624 617 4655 ⁸⁸
636 4618 1076 4685 Luc.v|,57,'58.
1146 4622 1189 4652 ⁸⁷
1224 4618 1417 4676 Matth.
1458 4637 1537 4686 v1,
1579 4620 1665 4674 12.
1742 4622 1787 4653 ⁸⁸
1818 4620 1955 4677 Gen.
1989 4637 2065 4677 ιν.
2146 4652 2152 4657 ·

2126 3184 2242 3248 πῶς
2275 3186 2430 3255 ὑμεῖς
2458 3185 2692 3257 λήψεσθε
2720 3187 2819 3258 τὴν
2852 3187 3044 3255 ἄφεσιν
3072 3186 3181 3239 τῶν
3211 3188 3498 3258 ἁμαρτιῶν
3528 3188 3725 3259 ύμῶνς

2123 3276 2243 3347 ούχί
2262 3278 2568 3330 τούναντίον
2588 3280 2814 3341 ἑαυτοὺς
2835 3277 2945 3349 (52)
2961 3278 3273 3349 δεσμεύετε,
3295 3279 3552 3347 λέγοντες
3571 3280 3727 3349 ἀφιέ-

2123 3388 2231 3433 ναι,
2262 3370 2355 3424 καὶ
2400 3370 2473 3443 μὴ
2504 3371 2789 3440 ἀφιέντες;
2824 3372 2884 3425 ού
2927 3372 3004 3443 τῷ
3047 3372 3256 3425 ἑαυτῶν
3298 3374 3530 3443 στόματι
3573 3376 3720 3427 ἐναν-

2121 3462 2476 3536 τιωθήσεσθε,
2507 3464 2756 3533 λέγοντες
2784 3464 3025 3533 ἀφιέναι,
3056 3467 3150 3518 καὶ
3183 3466 3257 3539 μὴ
3301 3466 3596 3535 ἀφιέντες;
3640 3485 3718 3535 γιο

2123 3555 2361 3610 νώσκετε
2409 3555 2518 3629 γὰρ
2563 3558 2646 3611 ὅτι
2688 3560 2716 3611 6
2758 3557 2849 3610 τὸν
2881 3559 2954 3629 μὴ
2989 3558 3324 3630 ἀδικήσαντα
3353 3559 3657 3623 ἐκϐάλλων,
3692 3562 3727 3631 ἦ

2122 3650 2214 3702 τὸν
2242 3649 2639 3721 ἐπιστρέφοντα
2671 3649 2743 3721 μὴ
2775 3650 3222 3720 προσδεχόμενος,
3258 3654 3452 3722 φονεὺς
3486 3653 3601 3723 (53)
3630 3653 3729 3705 τοῦ

2125 3740 2353 3810 ἀδελφοῦ
2383 3741 2547 3794 αὐτοῦ
2576 3743 2717 3805 ἐστι,
2748 3743 2842 3794 καὶ
2870 3736 3011 3813 αἷμα
3040 3743 3241 3813 ὲκχέει,
3272 3744 3350 3807 ὡς
3380 3744 3525 3797 Καῒν
3559 3745 3729 3797 Ἀϐελ

2124 3834 2218 3887 τοῦ
2249 3834 2479 3903 ἀδελφοῦ
2511 3834 2645 3907 (54),
2677 3836 2770 3888 κα)⁵
2797 3835 2857 3888 τὸ
2886 3830 3025 3907 αἷμα
3052 3836 3219 3890 αὑτοῦ
3250 3836 3391 3906 βοῶν
3423 3838 3564 3908 πρὸς
3591 3838 3730 3891 Θεὸν

2125 3926 2579 4001 ἐκζητηθήσεταιο
2647 3928 2853 3992 δίκαιος
2897 3929 3006 4001 γὰρ
3048 3930 3249 3995 ἀδίκως
3292 3931 3575 3999 φονευθεὶς
3621 3932 3730 3984 ὑπό

2124 4039 2290 4086 τινος,
2323 4022 2478 4094 παρά
2505 4022 2623 4094 Θεῷ
2652 4023 2710 4076 ὲν
2738 4023 3041 4077 ἀναπαύσει
3071 4022 3224 4078 ἔσται
3269 4028 3350 4089 εἰς
3390 4025 3484 4078 τὸν
3529 4025 3726 4078 αἰῶνα·

2127 4116 2387 4180 ὡσαύτως
2416 4118 2511 4170 καὶ
2539 4120 2567 4171 6
2598 4118 2842 4188 ματαίως
2869 4117 2979 4187 (⁸55)
3002 4116 3319 4188 ἀφορισθεὶς
3347 4117 3456 4173 ὑπὸ
3475 4117 3570 4171 τοῦ
3600 4120 3731 4171 ἐπι-

2129 4208 2351 4264 σκόπου.
2397 4210 2455 4263 Ὀ
2492 4210 2589 4281 μὲν
2618 4209 2866 4263 ἐκϐαλὼν
2896 4211 2971 4273 ὼς
3003 4210 3188 4280 λοιμὸν
3218 4210 3309 4264 τὸν
3339 4212 3605 4273 ἀναίτιον,
3634 4230 3735 4265 πι-

2127 4301 2387 4373 κρότερος
2428 4301 2635 4370 φονέως
2677 4305 2706 4355 6
2748 4302 3007 4365 τοιοῦτος,
3038 4304 3138 4357 οὐκ
3179 4304 3402 4374 ἀφορῶν
3430 4308 3511 4368 εἰς
3539 4304 3600 4357 τὸ
3628 4304 3730 4356 τοῦ

2129 4393 2264 4447 Θεοῦ
2319 4393 2488 4460 ἔλεος,
2536 4394 2654 4448 οὐδὲ
2706 4396 3062 4468 μνημονεύων
3107 4396 3274 4452 αὑτοῦ
3328 4400 3430 4471 τὴν
3478 4400 3575 4451 ἐπὶ
3614 4400 3731 4460 τοῖς

3280 4556 3327 4588 ⁸⁸
3350 4555 3499 4613 Psal.
3555 4572 3726 4624 xxxv,

1747 4799 2117 4857 VARIORUM
2150 4798 2386 4861 NOT/E.

508 4981 645 5056 (ἳξί)⁵
666 4978 976 5056 Ἰζθνικοῖς,
1006 4978 1104 5056 καὶ
1146 4977 1558 5056 Ἰουδαζσταῖς,
1608 4976 1707 5031 καὶ
1763 4976 2030 5056 αἱρεᾳιώ-
2060 4974 2150 5056 0.]

2176 4976 2503 5056 mlaistarum
2549 4979 2667 5044 dat.
2726 4996 2792 5037 co
2839 4980 2986 5051 quod
3042 4980 3262 5056 Legem,
3298 4983 3605 5056 Prophetas
3656 5002 3724 5041 ac

436 5049 917 5118 ταις.’.1υι1ιιίειιιε,
962 5050 1179 5120 opinor,
1224 5049 1479 5118 appellat,
1516 5063 1627 5103 non
1667 5057 1775 5102 tam
1809 5049 2026 5104 Judazos

438 5138 600 5247 ﬂuam
629 5122 992 5190 judaizantes.
1033 5120 1303 5186 Quocirca
1352 5122 1531 5175 statim
1583 5126 1724 5187 post,
1783 5121 2022 5189 gentium

481 5200 704 5246 untaxat
727 5207 791 5244 ac
835 5192 1118 5246 hazreseon
1175 5190 1507 5245 mentionem
1558 5189 1705 5247 facit.
1745 5187 2022 5244 Judaistas

2133 5045 2303 5101 Deum
2332 5047 2643 5105 Judaaorum
2678 5068 2786 5107 non
2820 5045 3163 5107 aversentur.
3189 5054 3327 5109 Cor.

2198 5116 2312 5188 (50)
2340 5120 2851 5196 Προσξτελιὶζοινσι.
2900 5124 3050 5176 Alter
3081 5122 3242 5196 Vind.
3293 5128 3722 5196 προσπαίζουσι.

481 5187 704 5272 untaiat
727 5207 791 5244 ac
835 5192 1134 5272 liazreseon.
1175 5190 1518 5272 mentionem.
1558 5189 1708 5272 facit,
1745 5187 2029 5272 Judaistas
2123 5201 2150 5241 e

2176 5228 2178 5234 ν
2209 5203 2331 5272 me}
2365 5191 2440 5255 ὡς
2466 5192 2639 5255 λύκοι,
2675 5194 2870 5248 deinde
2896 5208 2996 5261 pro
3021 5194 3304 5264 ἡγοῦνται,
3338 5187 3472 5250 αὐτὸ
3505 5187 3725 5251 ποιοῦν-

438 5263 811 5331 complectens
858 5262 912 5316 in
951 5261 1223 5316 haereticis
1255 5260 1425 5331 :f'lm
1467 5259 1637 5331 esse:
1662 5261 2028 5331 Χριστιανοὺς
2124 5273 2150 5309 τ

2176 5274 2235 5331 ιι,
2269 5261 2439 5317 Cncn.

452 5328 803 5413 ξιοηδδέιῖέιν,Δ
822 5342 907 5413 est
944 5332 1014 5387 29
1056 5348 1241 5413 canon
1282 5330 1485 5413 Sj'iiodi
1528 5328 1885 5413 Laodicenae,
1931 5330 2025 5413 καὶ

439 5406 497 5461 ὲν
534 5402 613 5474 τῷ
658 5402 924 5474 Σαϐϐάτῳ
959 5402 1259 5474 σχολάζειν,
1294 5400 1430 5474 aqua
1466 5400 1794 5474 ἐργάζεσθαι
1826 5401 2025 5474 αὐτοὺς

438 5475 500 5533 δν
534 5470 609 5558 τῇ.
648 5475 782 5544 αὐτῇ
822 5470 1026 5592 litt-6'9?
1063 5475 1162 5544 τὴν
1209 5473 1265 5527 δὲ
1296 5470 1578 5542 Κυριακὴν
1625 5470 2023 5592 πὲοτιμῶνταςν

440 5545 556 5592 slva
582 5542 846 5592 ούναιντο.
876 5561 974 5592 crvo
1009 5543 1156 5592 ἀζειν
1196 5543 1272 5592 ὠς
1306 5541 1636 5592 Χοιστιανοί.
1690 5542 1731 5592 Αἰ
1774 5540 1829 5592 δὲ
1874 5542 2023 5592 εὐρε-

440 5545 556 5611 εῐγε
577 5540 1156 5613 δύναιντοξσχολάζειν
1196 5543 1272 5605 ὠς
1306 5540 1636 5613 Χριστιανοί.
1670 5540 1731 5613 Εἰ
1774 5540 1829 5593 δὲ
1854 5542 2027 5613 Πεύρε-

444 5610 585 5668 θεῖεν
616 5610 947 5675 ’1ουδαῐστα“ι,
970 5613 1209 5667 ἔστωσαν
1230 5610 1474 5682 ἀνάθεμα
1497 5610 1648 5681 ποιρά
1668 5612 1902 5681 Χριστῷ.
1935 5611 2026 5664 Sic

442 5686 499 5746 in
554 5684 790 5753 Dialogis
841 5685 935 5753 qui
981 5682 1200 5751 Origcni
1255 5683 1637 5753 ascribuntur,
1693 5683 1910 5751 dialogo
1967 5682 2022 5743 ἓ,

443 5755 663 5821 Marcus
715 5752 1003 5812 haereticus
1067 5753 1420 5819 Marcionista
1470 5752 1769 5809 Catholicis
1827 5769 2026 5809 nomen

2335 5332 2805 5417 Παραπζεὶψᾳζιι.
2836 5333 3001 5417 Addit
3038 5335 3175 5417 alter
3203 5337 3595 5417 codexﬁpﬁsv.
3622 5336 3716 5417 lo.

2134 5482 2166 5520 ῃ
2198 5400 2308 5524 (5‘11!)
2335 5404 2641 5527 Ἑαιίτούς.
2675 5405 2824 5460 Alter
2853 5406 3046 5459 ἑαυτὸν
3074 5405 3363 5477 δεσμεύεις
3391 5400 3587 5475 λέγων,
3622 5409 3687 5462 ιιι
3711 5439 3725 5447 -

2176 5484 2239 5524 US
2284 5488 2424 5528 )CIIC.
2478 5490 2530 5527 Ι).

2179 5515 2596 5664 λδρἶῖὗοιῖἔύς.
2647 5542 2887 5615 Uterque
2932 5546 3083 5611 cod.,
3128 5546 3346 5617 φονεύει
3372 5547 3466 5601 τὸν
3494 5548 3724 5616 ἀδελφὸν

2179 5629 2315 5664 που.
2372 5630 2422 5664 Ι).

2132 5630 2315 5668 αυτου.
2351 5630 2422 5667 ιι).

2206 5684 2317 5825 (54)
2350 5685 2457 5738 Τοῦ
2485 5684 2769 5754 ἀδελφοῦ.
2804 5685 2976 5739 Αὐτοῦ
3008 5686 3061 5743 in
3088 5685 3278 5751 Vind.,
3308 5688 3531 5745 rectius.
3569 5688 3641 5742 In.

2204 5754 2295 5823 (55
2340 5756 2631 5821 Ματαίως.
2687 5755 2907 5820 Ἀδίκως
2931 5757 3068 5813 alter
3089 5757 3213 5813 cod.
3247 5758 3324 5815 lo.

2204 5754 2316 5823 (55)
2340 5756 2631 5821 Ματαίως.
2687 5755 2907 5820 Ἀδίκως
2931 5757 3068 5813 alter
3089 5757 3213 5813 cod.
3247 5758 3324 5815 lo.
