3816 6412
447 437 554 491 659

1303 429 1360 482 S.
1404 421 1803 482 CLEMENTIS
1836 422 1855 475 Ι
1894 419 2063 478 ROM.
2092 416 2295 474 PONT.
2332 415 2562 473 OPERA
2596 412 2828 471 DUBIA.

3622 409 3713 465 660

442 550 630 619 venit;
665 550 812 605 hunc
840 547 1070 613 imitari,
1102 545 1264 601 mites
1296 560 1440 609 esse,
1473 543 1709 614 quietos,
1742 541 2034 607 humanos,
2065 543 2114 601 Α
2140 536 2196 609 ἐχ

2156 536 2283 610 ἔχειν
2324 536 2424 601 δεῖ,
2461 514 2663 589 τούτου
2705 532 2947 606 μιμητὰς
2990 530 3101 616 (50)
3146 524 3285 583 εἶναι
3327 527 3462 601 (51),
3511 530 3714 599 πραεῖς.

444 641 853 710 misericordes,
901 637 1181 709 paciﬁcos,
1223 644 1481 706 expertes
1530 635 1665 699 irae;
1716 630 1785 687 ad
1832 630 2036 686 docen-

443 735 598 799 dum,
648 731 1103 796 convcrtendum,
1152 727 1549 798 recipiendum,
1601 723 1936 780 hortandum
1983 730 2041 777 et

443 826 837 885 consolandum
860 821 1306 879 accommodatas
1330 839 1344 888 ;
1376 836 1484 875 non
1517 833 1894 891 percussores,
1924 830 2037 871 nou

445 919 763 984 iracundos,
786 933 897 971 non
926 914 1379 977 contumeliOsos,
1402 928 1514 967 non
1546 917 1891 982 arrogantes,
1924 923 2037 963 non

442 1021 872 1083 contemptores,
922 1025 1033 1064 non
1079 1007 1412 1069 vinolentos,
1464 1019 1576 1059 non
1621 1002 1894 1066 ebriosos,
1925 1016 2038 1057 non

443 1111 799 1175 sumptuosos
830 1109 1058 1164 temere,
1092 1114 1203 1153 non
1234 1094 1596 1167 voluptarios,
1630 1109 1743 1148 non
1772 1107 2038 1147 consum-

442 1203 630 1266 ptores
655 1210 670 1260 ;
702 1206 814 1248 non
845 1196 1064 1245 utentes
1096 1187 1191 1243 Dei
1222 1185 1384 1241 donis
1413 1193 1679 1255 tanquam
1709 1182 1909 1237 alienis
1941 1178 2039 1236 sed

439 1299 700 1358 tanquam
732 1284 995 1357 propriis,
1033 1291 1092 1337 ut
1121 1281 1456 1337 constitutos
1487 1278 1542 1333 in
1593 1278 1767 1333 bonos
1816 1276 2040 1347 dispen—

442 1388 677 1446 satores,
709 1387 878 1448 utque
909 1375 1179 1431 rationem
1238 1388 1269 1427 a
1318 1371 1429 1427 Deo
1474 1369 1864 1440 reposcendos.
1916 1367 2044 1439 Epi-

443 1487 648 1533 scopus
678 1470 963 1525 moderato
991 1466 1140 1522 victu
1169 1471 1466 1519 contentus
1497 1461 1570 1516 sit
1595 1478 1611 1527 ;
1662 1460 1791 1515 item
1836 1460 2037 1515 vestitu

443 1562 513 1617 ad
547 1560 935 1618 necessitatem
964 1565 1018 1613 et
1049 1557 1394 1611 honestatem
1427 1560 1555 1622 apto
1587 1569 1603 1609 :
1648 1550 1810 1606 bonis
1854 1548 2042 1605 Domi-

444 1655 587 1712 nicis
630 1662 891 1724 tanquam
956 1648 1235 1706 extraneis
1281 1660 1391 1700 non
1440 1644 1719 1710 abutatur,
1766 1641 1863 1699 sed
1912 1656 2038 1697 cum

444 1746 609 1803 modo
668 1764 683 1801 :
745 1765 765 1796 ι
828 1743 1037 1814 Dignus
1084 1748 1170 1796 est
1227 1738 1377 1795 enim
1436 1734 1730 1807 operarius
1786 1732 2040 1789 mercede

444 1853 546 1894 sua
592 1838 663 1893 ⁸⁸.
723 1855 744 1889 ι
793 1834 913 1889 Non
946 1834 1017 1888 sit
1047 1832 1389 1893 luxuriosus,
1422 1844 1533 1883 non
1567 1828 1829 1897 impensae
1848 1841 1913 1880 ac
1942 1840 2026 1880 or-

2138 632 2421 705 ὴσυχίους,
2444 628 2874 699 εὐσπλάγχνους,
2905 625 3225 696 ἐλεήμονας,
3246 622 3577 694 εἰρηνικοὺς,
3606 620 3713 692 ἀορ,

2139 726 2364 797 γήτους,
2407 722 2770 787 διδακτικοὺς,
2819 717 3299 791 ὲπιστρεπτικοῦς,
3346 713 3722 777 εἰσδεκτικοὺςο

2139 817 2609 891 παρακλητικοὺς,
2636 813 2711 887 μὴ
2736 813 3006 885 πλήκτας,
3040 809 3116 883 μὴ
3143 807 3414 883 ὀργίλους,
3450 804 3525 877 μὴ
3576 802 3716 877 ὑδρι-

2142 912 2295 975 στάς,
2329 910 2404 982 μὴ
2432 908 2719 974 ἀλαζόνας,
2754 903 3271 978 μὴιὺπεροπτικοὺς,
3297 899 3370 973 μὴ
3389 897 3715 968 οἰνόφλυγας,

2144 1004 2219 1078 μὴ
2251 1002 2537 1076 μεθύσους,
2571 988 2647 1073 μὴ
2677 996 3147 1060 είκαιοδαπάνους,
3199 993 3273 1067 μὴ
3309 990 3614 1065 τρυφητάςι
3657 992 3717 1063 μὴ

2140 1094 2575 1158 πολυδαπάνους,
2612 1091 2688 1164 μὴ
2716 1092 2793 1155 ὡς
2820 1088 3122 1161 ἀλλοτρίοις
3154 1086 3295 1164 *ἀλλ’
3324 1086 3401 1149 ὡς
3437 1086 3590 1147 ἰδίοις
3623 1089 3720 1149 τοῖς

2139 1187 2237 1242 τοῦ
2274 1185 2410 1242 Θεοῦ
2438 1156 2635 1257 δόμασι
2662 1156 3003 1256 χρωμένους,
3042 1180 3120 1243 ὡς
3152 1156 3394 1247 ἀγαθοὺς
3418 1178 3719 1249 οἰκονόμους

2141 1278 2515 1343 καθεστῶτας,
2556 1277 2649 1341 ὡς
2712 1273 3004 1347 μέλλοντας
3042 1270 3391 1326 ἀπαιτεῖσθαι
3443 1270 3601 1343 παρά
3639 1272 3721 1325 τοῦ
3782 1294 3787 1307 η

2142 1371 2276 1428 Θεοῦ
2304 1372 2395 1426 τὸν
2421 1371 2599 1440 λόγον.
2622 1367 2886 1439 Αὐτάρκη
2914 1366 3085 1437 ὲχὲτω
3115 1363 3344 1436 τροφὴν,
3380 1365 3476 1417 καὶ
3525 1365 3723 1435 ἀμφια-

2143 1466 2303 1539 σμδν,
2327 1466 2356 1517 ό
2386 1465 2707 1527 ἐπίσκοπος,
2748 1461 2841 1515 τὸν
2886 1462 2955 1532 τῇ
3004 1459 3165 1531 χρείᾳ
3204 1459 3301 1513 καὶ
3335 1460 3401 1529 τῇ
3449 1456 3724 1529 σεμνότητι

2141 1560 2511 1633 προσήκονταο
2567 1555 2643 1629 μὴ
2687 1557 2802 1618 τοῖς
2843 1554 3143 1626 Κυριακοῖς
3196 1551 3274 1616 ὡς
3320 1550 3624 1623 ἀλλοτρίοις
3648 1567 3727 1603 κε-

2142 1651 2389 1726 χρήσθων
2450 1648 2585 1706 ἀλλά
2635 1647 3083 1721 μεμετρημένως.
3114 1643 3339 1710 "Aine;
3371 1644 3482 1716 γὰρ
3527 1644 3558 1696 ό
3587 1644 3728 1715 ἐργά-

2141 1762 2243 1818 της
2272 1745 2368 1799 τοῦ
2409 1742 2602 1817 μισθοῦ
2635 1740 2802 1797 αὑτοῦ
2834 1742 2971 1794 ἐστι.
2992 1738 3121 1811 »Μὴ
3164 1738 3441 1802 σπάταλος
3497 1736 3633 1809 (52),
3663 1737 3727 1808 μὴ

2144 1838 2441 1910 πέρπερος,
2472 1834 2607 1890 ἀλλά
2640 1834 2815 1907 μόνων
2844 1832 2959 1906 (55)
2989 1832 3099 1887 τῶν
3133 1830 3272 1904 πρὸς
3303 1830 3568 1885 σύστασιν
3598 1830 3730 1901 ἐφιέ-

444 1938 610 1985 natus
638 1928 893 2000 cupidus,
926 1926 1023 1982 sed
1057 1923 1500 1980 necessariarum
1530 1920 1799 1976 duntaxat
1845 1932 2029 1973 rerum
2064 1921 2108 1982 Β
2139 1947 2322 2003 μενος,

445 2030 732 2096 appetens.

1016 2122 1249 2181 CAPUT
1293 2120 1464 2176 XXV.

444 2252 525 2305 De
565 2247 837 2320 primitiis,
882 2252 931 2320 et
958 2240 1227 2320 (decimis;
1267 2248 1316 2293 et
1365 2253 1467 2319 quo
1506 2233 1664 2320 modo
1692 2230 2040 2320 del-recten:-

516 2302 728 2444 zc'opus,
760 2302 835 2371 ex.
872 2312 959 2370 eis
996 2312 1072 2367 vel
1114 2312 1225 2379 ipse
1266 2302 1522 2378 accipere,
1572 2305 1649 2360 vel
1681 2305 1803 2359 aliis
1851 2302 2039 2358 distri-

554 2406 695 2444 uere.

554 2406 695 2445 uere.

514 2502 771 2559 Decimas
800 2508 854 2555 et
897 2496 1193 2569 primitias,
1241 2508 1363 2565 qua:
1405 2491 1565 2562 juxta
1594 2488 1691 2544 Dei
1719 2485 2039 2543 mandatum
2124 2482 2141 2519 η’

444 2602 765 2665 erogantur,
796 2595 1108 2654 consumat,
1156 2596 1216 2642 ut
1248 2586 1526 2641 hominem
1558 2581 1655 2637 Dei
1699 2582 1888 2647 decet;
1917 2594 2040 2652 quae

444 2702 617 2744 causa
647 2698 951 2757 pauperum
982 2688 1179 2752 sponte
1219 2676 1601 2740 conferuntur,
1636 2682 1785 2730 recte
1834 2672 1891 2727 in
1938 2688 2041 2743 pu-

447 2780 632 2851 pillos,
664 2775 884 2840 viduas,
914 2771 1170 2837 alllictos,
1203 2778 1259 2825 et
1307 2767 1628 2841 peregrinos
1679 2766 1874 2835 inopes
1919 2761 2037 2819 dis-

446 2876 660 2941 penset,
688 2867 856 2931 velut,
891 2865 986 2935 qui
1029 2864 1227 2918 habeat
1258 2862 1457 2916 horum
1504 2857 1904 2930 impendiorum
1950 2870 2043 2909 ra-

446 2962 831 3016 tiocinatorem
879 2956 1073 3019 Deum,
1123 2970 1155 3008 a
1195 2968 1305 3025 quo
1337 2954 1439 3024 ipsi
1468 2951 1584 3006 lucc
1612 2948 1929 3021 procuratio
1954 2954 2040 3003 est

452 3051 770 3108 commissa.
826 3047 969 3115 Quin
1039 3046 1239 3110 etiam,
1314 3060 1349 3098 o
1421 3043 1714 3116 episcopi,
1783 3040 2041 3097 omnibus

451 3144 742 3217 egentibus
807 3142 958 3212 juste
1005 3140 1434 3212 dispertientes;
1481 3144 1537 3192 et
1578 3136 1684 3206 ipsi
1735 3132 2039 3191 Dominicis

451 3239 620 3293 rebus
650 3242 895 3298 utentes,
937 3233 1031 3290 sed
1084 3248 1196 3287 non
1246 3232 1591 3295 abutentes;
1619 3243 1689 3283 ex
1736 3226 1805 3282 iis
1851 3226 2036 3282 cibum
2065 3274 2107 3332 ε

452 3336 770 3393 sumentes,
833 3326 929 3382 sed
990 3341 1101 3381 non
1163 3341 1260 3380 eas
1323 3325 1678 3379 absumentes
1739 3319 1884 3384 soli,
1928 3319 2039 3373 imo

451 3440 577 3482 cum
617 3420 906 3493 egentibus
937 3419 1456 3484 communicantes;
1500 3414 1831 3473 inoll‘ensum
1868 3412 2040 3468 Deum

453 3516 730 3572 habetote.
797 3510 934 3566 Nam
1001 3510 1049 3566 si
1118 3510 1221 3565 soli
1299 3509 1441 3563 bona
1493 3505 1589 3562 Dei
1630 3503 2044 3575 consumpseri-

452 3612 557 3673 tis,
601 3607 707 3660 hoc
766 3604 835 3661 ab
876 3618 942 3659 eo
999 3612 1261 3672 tanquam
1332 3599 1677 3655 insatiabiles
1724 3606 1781 3654 et
1841 3596 2043 3653 solico—

454 3700 716 3761 mcdones
751 3697 1011 3769 probrum
1068 3693 1461 3766 reportabitis;
1512 3711 1530 3745 ι
1566 3691 1679 3749 Lac
1728 3688 2041 3753 comeditis.

452 3805 507 3850 et
531 3794 677 3849 lanis
704 3790 1083 3863 operimini”.
1129 3807 1147 3839 ι
1186 3788 1251 3842 Et
1281 3786 1389 3841 alio
1429 3786 1486 3841 in
1518 3785 1642 3841 loco
1673 3800 1688 3837 :
1728 3804 1747 3837 ι
1780 3783 2041 3853 Nunquid

410 3938 411 3941 η
453 3884 773 3942 habitabilis
807 3882 908 3938 soli
936 3883 989 3936 in
1017 3890 1166 3938 terra
1216 3876 1321 3933 ιιι.
1350 3880 1701 3950 Quapropter
1728 3884 1785 3933 et
1814 3877 1873 3931 in
1900 3874 2045 3947 Lege

453 3977 770 4037 mandatum
822 3985 910 4033 est
954 3975 1114 4029 vobis
1160 3994 1175 4032 ι
1228 3992 1246 4024 ι
1296 3972 1500 4044 Diliges
1535 3971 1847 4043 proximum
1888 3978 2042 4025 tuum

453 4072 601 4127 sicut
631 4068 947 4140 teipsum”.
986 4088 1007 4121 ι
1036 4067 1216 4138 Atque
1238 4066 1356 4122 haec
1376 4066 1640 4133 dicimus,
1667 4081 1779 4123 non
1806 4072 1868 4119 ut
1888 4064 2047 4120 labo-

456 4164 613 4221 ribus
663 4161 867 4217 vestris
924 4160 1242 4215 nullatenus
1287 4158 1587 4225 Iruamini;
1636 4159 1908 4229 scriptum
1959 4164 2047 4211 est

455 4257 606 4315 enim
638 4274 653 4310 :
700 4272 720 4306 ι
756 4252 877 4311 Non
916 4252 1168 4324 alligabis
1204 4267 1269 4308 os
1315 4251 1442 4311 bovi
1482 4252 1855 4319 trituranti“;
1896 4268 1915 4302 ι
1948 4248 2045 4305 sed

458 4358 519 4403 ut
548 4347 827 4405 moderate
870 4362 998 4402 cum
1025 4346 1240 4415 justitia
1278 4346 1530 4405 utamini.
1570 4344 2044 4412 Quemadmodum

458 4452 591 4513 ergo
616 4443 718 4498 bos
748 4440 805 4495 in
836 4454 964 4495 area
987 4455 1246 4517 operans,
1274 4442 1417 4495 cami
1450 4440 1625 4495 libero
1646 4454 1762 4505 ore,
1797 4439 2046 4510 pascitur

459 4532 707 4605 quidem,
736 4532 834 4589 sed
862 4547 971 4589 non
1002 4539 1176 4589 totum
1201 4531 1522 4604 depascitur
1554 4549 1566 4583 :
1595 4535 1670 4588 ita
1690 4540 1744 4589 et
1766 4548 1864 4591 vos
1891 4533 2046 4589 labo-

2660 2128 3061 2186 ΚΕΦΑΛΔΙΟΝ
3095 2129 3226 2183 ΚΕ’.

2141 2247 2287 2317 Περὶ
2315 2245 2622 2317 ἀπαρχῶν,
2645 2244 2747 2301 καὶ
2788 2242 3074 2317 δεκατῶν,
3250 2240 3677 2317 51w¢_dgpe{.l€t
3705 2242 3733 2293 ὁ

2244 2309 2564 2383 πίσκοὲεός,
2593 2316 2632 2385 ἢ
2663 2315 2847 2381 αὐτὸς
2882 2311 3367 2385 μεταλαμϐάνειν
3409 2309 3735 2377 ἐξαύτῶν,

2118 2446 2121 2451 .
2148 2396 2187 2451 «³
2209 2390 2251 2459 ἢ
2282 2389 2503 2457 ἑτέροις
2530 2386 2850 2456 διανέμειν.

2209 2503 2293 2557 Τά
2318 2501 2569 2573 διδόμενα
2585 2500 2705 2553 κατ’
2735 2497 2954 2571 ἐντολὴν
2970 2496 3105 2552 Θεοῦ
3121 2496 3230 2551 τῶν
3246 2495 3492 2551 δεκατῶν
3526 2495 3623 2551 καὶ
3640 2494 3739 2547 τῶν

2139 2594 2427 2667 ἀπαρχῶν,
2444 2593 2521 2656 ὡς
2537 2590 2672 2646 Θεοῦ
2691 2591 2979 2663 ἅνθρωπος
3006 2588 3364 2644 ἀναλισκέτωο
3400 2587 3472 2642 τά
3499 2589 3743 2660 είσφερό-

2144 2704 2281 2760 μενα
2301 2686 2394 2739 ἐπὶ
2412 2684 2684 2757 προφάσει
2704 2684 2957 2755 πενήτων
2978 2681 3224 2744 ἑκούσια,
3241 2679 3426 2743 καλῶς
3451 2680 3745 2751 οίκονομεί-

2139 2800 2239 2845 τω,
2259 2781 2534 2853 ὀρφανοῖς,
2570 2778 2666 2832 καί
2686 2777 2905 2849 χήραις,
2939 2775 3034 2829 καὶ
3064 2773 3423 2845 θλιϐομένοις,
3459 2775 3557 2828 καὶ
3581 2772 3747 2840 ξένοις

2140 2872 2563 2946 ἀπορουμένοις,
2608 2869 2686 2933 ὼς
2736 2868 2875 2940 ἔχων
2923 2866 3055 2921 Θεὸν
3110 2865 3463 2937 λογιστευτὴν
3521 2866 3745 2928 τούτων,

2138 2966 2232 3021 τδν
2280 2963 2663 3037 ὲγχειρίσαντα
2699 2960 2852 3032 αὐτῷ
2878 2960 3085 3030 ταύτην
3112 2958 3211 3030 τὴν
3241 2959 3587 3030 οἰκονομίαν*
3619 2960 3749 3013 πᾶσι

2140 3059 2197 3113 δὲ
2225 3056 2337 3130 (54)
2366 3059 2481 3120 τοῖς
2501 3054 2773 3126 δεομένοις
2802 3051 2941 3125 μετά
2965 3050 3312 3123 δικαιοσύνης
3340 3050 3751 3122 ὲπιμερίξοντες

2143 3150 2279 3222 (55),
2302 3149 2399 3203 καὶ
2414 3149 2572 3219 ὑμεῖς
2590 3145 2748 3200 αὐτοὶ
2764 3144 3037 3217 χρώμενοι
3051 3146 3117 3198 ἐκ
3143 3144 3252 3197 τῶν
3278 3143 3605 3215 Κυριακῶν,
3624 3143 3753 3197 ἀλλά

2147 3243 2221 3316 μὴ
2255 3238 2701 3315 παραχρώμενοι,
2734 3237 3007 3303 ἐσθίοντες
3036 3237 3098 3303 ἐξ
3120 3235 3323 3301 αὐτῶν,
3355 3235 3493 3289 ἀλλά
3524 3236 3608 3309 μὴ
3637 3253 3755 3289 κατ.

2140 3335 2410 3398 εσθίοντες
2439 3332 2579 3387 αὐτὰ
2602 3332 2773 3405 μόνοι,
2796 3329 3180 3394 κοινωνοῦντες
3205 3329 3262 3383 δὲ.
3293 3331 3409 3393 τοῖς
3435 3328 3752 3400 χρῄζουσιν,

2139 3427 2487 3500 ἀπρόσκοποι
2517 3424 2637 3497 Θεῷ
2680 3422 2921 3493 γίνεσθε·
2968 3420 3066 3475 ἐὰν
3110 3420 3221 3493 γὰρ
3255 3419 3407 3493 μόνοι
3452 3420 3602 3475 αὺτά
3632 3422 3758 3475 ἀνα-

2140 3519 2373 3591 λὼσητε,
2404 3515 2843 3590 ὀνειδισθήσεσθε
2868 3514 3024 3587 παρὰ
3043 3513 3203 3577 Θεοῦ,
3232 3512 3490 3581 λέγοντος
3519 3514 3606 3578 ὡς
3625 3513 3759 3584 πρὸς

2140 3612 2450 3685 ἀπλήστους
2468 3612 2563 3666 καὶ
2584 3609 2941 3683 μονοφάγουςο
2970 3628 2990 3660 ι
3027 3607 3100 3660 To
3118 3606 3259 3676 γάλα
3290 3605 3640 3671 κατεσθίετε,
3672 3608 3760 3660 καὶ

2140 3706 2212 3761 τὰ
2257 3705 2378 3779 ἔρια
2417 3702 2826 3776 περιϐάλλεσθε.
2868 3720 2887 3753 ι
2921 3699 3035 3754 Καὶ
3085 3699 3143 3752 ὲν
3178 3696 3379 3761 ἄλλοις·
3420 3715 3441 3749 ι
3477 3698 3577 3770 Μὴ
3609 3700 3759 3768 οίκή-

2143 3816 2265 3854 σετε
2288 3798 2437 3871 μόνοι
2468 3798 2562 3850 ἐπὶ
2587 3795 2689 3867 τῆς
2718 3793 2858 3866 γῆςς
2897 3812 2915 3845 ι
2951 3792 3043 3845 Διὸ
3062 3792 3157 3845 καὶ
3185 3792 3243 3845 ὲν
3274 3789 3354 3861 τῷ
3384 3790 3541 3862 νόμῳ
3590 3807 3762 3862 προσ.

2141 3892 2403 3946 τέτακται
2472 3890 2601 3961 ὑμῖν
2654 3886 2785 3959 (56)·
2833 3905 2852 3939 ι
2889 3886 3223 3955 Ἀγαπήσεις
3248 3882 3342 3937 τὸν
3387 3882 3627 3957 πλησίον
3672 3900 3761 3936 σου

2143 3985 2221 4049 ὡς
2251 3981 2496 4038 σεαυτόν.
2525 4001 2545 4036 ι
2578 3981 2691 4037 Καὶ
2718 3978 2892 4037 ταῦτα
2928 3976 3067 4051 (57)
3098 3976 3353 4049 λέγομεν,
3392 3977 3495 4048 οὐχ
3542 3976 3641 4030 ἴνα
3692 3976 3764 4047 μὴ

2148 4073 2603 4148 μεταλαμϐάνητε
2643 4071 2798 4143 ὑμῶν
2844 4070 2954 4124 τῶν
3010 4069 3208 4123 πόνων·
3264 4068 3589 4141 γέγραπται
3632 4069 3759 4139 γὰρ·

2150 4186 2170 4220 ι
2208 4168 2283 4223 Οὐ
2314 4165 2580 4239 φιμώσεις
2621 4164 2747 4237 βοῦν
2767 4160 3030 4215 ἀλοῶντα·
3060 4180 3078 4214 ι
3099 4161 3213 4216 ἀλλ’
3265 4161 3354 4214 ἴνα
3404 4160 3767 4233 μεμετρημέ-

2144 4278 2252 4325 νως
2285 4259 2423 4334 μετά
2447 4258 2814 4331 δικαιοσύνης.
2850 4257 2947 4311 Ὃν
2974 4255 3175 4328 τρόπον
3206 4251 3300 4309 οὖν
3321 4254 3436 4327 (58)
3466 4256 3496 4307 ό
3518 4252 3659 4325 βοῦς
3679 4256 3770 4325 ερ-

2145 4352 2448 4424 γαζόμενος
2477 4352 2535 4407 ὲν
2561 4354 2629 4423 τῇ
2659 4350 2773 4422 amp
2799 4350 3097 4421 ἀκήμωτος
3126 4347 3261 4419 (59),
3286 4346 3461 4401 ἐσθίει
3496 4347 3627 4417 μὲν,
3650 4346 3769 4400 ἀλλ’

2146 4445 2208 4499 οὐ
2235 4442 2299 4498 τὸ
2330 4445 2440 4498 πᾶν
2460 4442 2740 4496 κατεσθίει
2757 4458 2771 4477 ε
2794 4440 2939 4495 οὕτω
2968 4441 3064 4494 κα)⁵
3103 4441 3263 4511 ὑμεῖς
3290 4439 3671 4511 ἐργαζόμενοι
3691 4440 3771 4500 είς

2149 4537 2248 4610 τὴν
2281 4536 2415 4600 ἅλω,
2443 4536 2721 4598 τουτέστιν
2750 4536 2829 4599 εἰς
2856 4533 2956 4605 τὴν
2998 4532 3339 4604 Ἐκκλησίαν
3359 4530 3457 4585 τοῦ
3488 4531 3658 4593 Θεοῦ,
3704 4531 3767 4581 ὲκ

458 4632 646 4681 rantes
674 4624 732 4683 in
760 4638 889 4682 area
912 4663 929 4689 ,
976 4624 1082 4682 hoc
1107 4632 1224 4689 est,
1256 4624 1312 4683 in
1350 4623 1595 4681 Ecclesia
1625 4624 1743 4692 Dei,
1770 4642 1836 4682 ex
1866 4626 2053 4683 Eccle-
2082 4623 2130 4683 D
2155 4631 2196 4683 τὲ

2156 4630 2256 4701 τῆς
2283 4628 2583 4701 ἐκκλησίας
2611 4626 2822 4680 ἐσθίετε
2864 4625 2999 4698 (60)·
3056 4624 3116 4678 δν
3144 4624 3347 4696 τρόπον
3375 4624 3473 4677 καὶ
3506 4624 3561 4677 οί
3623 4617 3769 4676 λευίο

458 4718 542 4773 sia
571 4716 768 4783 vivite;
800 4716 976 4774 instar
1002 4731 1223 4787 quoque
1254 4717 1573 4781 levitarum,
1619 4717 1714 4787 qui
1760 4718 2047 4774 ministra-
2152 4740 2196 4777 τι

2156 4740 2244 4777 ται
2271 4723 2322 4775 οῖ
2350 4720 2790 4793 λειτουργοῦντες
2816 4723 2885 4791 τῇ
2917 4721 3090 4791 σκηνῇ
3117 4717 3214 4773 τοῦ
3264 4716 3571 4790 μαρτυρίου
3597 4755 3615 4781 ,
3646 4716 3769 4785 ἧτις

459 4808 592 4866 bant
624 4809 921 4867 testimonii
957 4809 1336 4876 tabernaculo,
1369 4808 1516 4879 quod
1540 4810 1689 4865 omni
1712 4825 1780 4873 ex
1801 4818 1957 4882 parte
1982 4809 2045 4872 Ιί-
2152 4811 2196 4891 ἦ

2156 4811 2222 4891 ἣν
2265 4812 2437 4883 τύπος
2480 4812 2583 4889 τῆς
2625 4812 2952 4885 Ἐκκλησιας
2988 4810 3131 4865 κατά
3176 4810 3377 4869 πάνταο
3425 4809 3670 4883 προσέτι
3715 4808 3772 4861 δὲ

532 4987 578 5018 ⁸⁸
616 4984 752 5042 Luc.
783 5003 839 5050 κ.
871 4985 923 5040 7.
1017 4986 1060 5017 ⁸³
1098 4984 1299 5047 Ezecli,
1329 5000 1518 5049 xxxw,
1547 4987 1600 5042 '5.
1680 4989 1725 5023 ⁸³
1752 4988 1823 5044 Is.
1859 5007 1914 5055 v,
1958 4990 2013 5046 8.
2125 4992 2172 5026 ⁸⁸
2204 4992 2335 5049 Lev.
2362 5010 2479 5062 XIX,
2513 4994 2602 5049 l8.
2679 4994 2727 5031 “
2756 4991 2914 5051 Deut.
2950 5005 3079 5055 xxv,
3112 4991 3169 5047 4.

1774 5143 2140 5203 νΑῐὶΙΟΙὶΗΜ
2174 5147 2411 5205 NOTAE.

533 5317 833 5403 (50).Altcr
885 5318 1010 5374 cod.
1062 5319 1271 5403 habet:
1316 5320 1489 5391 ’Υμᾶς
1519 5320 1663 5392 ἔχειν
1702 5322 1811 5377 δεῖν
1851 5323 2043 5379 τούτου
2152 5345 2196 5386 ει

2156 5345 2341 5403 sensu-
2380 5330 2455 5403 ῐυο

463 5390 1393 5472 magpimstvuionmale.Cum.
1472 5458 1496 5472 ν
1549 5390 1577 5392 ”

2228 5400 2340 5472 (56)
2384 5400 2572 5470 Ὑμῖν.
2603 5400 2884 5460 Omittitur
2910 5403 2968 5460 in
2989 5402 3163 5459 altero
3189 5402 3417 5469 codice,
3447 5420 3556 5461 nec
3592 5408 3774 5471 male,

535 5458 647 5599 liii)
668 5458 856 5545 El'rc'u.
888 5459 945 5515 In
972 5463 1164 5517 eodem
1184 5464 1432 5532 scquitur
1446 5458 1585 5518 εἶναι
1607 5468 1800 5535 πραεῖς
1819 5470 1945 5537 χρή.
1966 5465 2043 5519 In.
2158 5486 2196 5531 ιι

536 5518 627 5599 (a9.
668 5534 1003 5597 Σπατιιλος.
1039 5529 1373 5591 ιιίοιιιοοιίος
1400 5554 1414 5589 :
1437 5535 1870 5599 πολυανὰλωτος,
1893 5538 2043 5599 quod

2158 5458 2286 5531 nam
2312 5458 2539 5553 mutuus
2561 5487 2716 5527 amor
2739 5458 2829 5529 est
2851 5458 3111 5529 omnibus
3146 5458 3615 5547 praeceptusjlﬁn.

2227 5542 2340 5599 (57)
2378 5545 2585 5598 Ταυτα.
2605 5542 2739 5599 lbid.
2769 5543 2947 5598 τοῦτο.
2988 5543 3065 5599 Id.

558 5529 647 5599 5?.)
668 5532 1003 5607 Σπάτιιλρς.
1039 5529 1184 5607 Idem
1202 5529 1373 5607 colles
1400 5554 1414 5589 :
1437 5529 1870 5607 πολυανᾶλωταξξ
1893 5529 2043 5607 flu0d

2226 5542 2247 5751 ἓ

503 5602 512 5611 ι
536 5542 647 5599 (3'2)
668 5542 1003 5613 Σπᾱτιιλρς.
1040 5542 1184 5588 luem
1202 5542 1373 5591 cortex
1400 5554 1414 5589 :
1437 5542 1870 5600 πολυανάλωτος,
1893 5542 2043 5607 quod

463 5602 831 5685 videturfsse
860 5619 955 5656 του
973 5602 1259 5685 ᾲσπα-τᾴιλου
1288 5604 1689 5685 glossclna._lu.
1860 5678 1873 5685 _
2002 5676 2015 5685 .

2250 5542 2316 5596 57
2378 5543 2585 5598 Ταῦτα.
2605 5542 2739 5601 Ibid.
2769 5543 2947 5598 τοῦτο.
2988 5543 3065 5600 Id.

2375 5613 2517 5685 0151-.
2548 5611 2683 5669 Ibid.
2714 5613 2842 5685 γάρ.
2874 5612 2962 5685 ιο.

536 5672 646 5761 (53)
666 5675 908 5761 μόνων,
937 5683 1044 5729 etc.
1092 5655 1249 5730 Ideni
1271 5655 1729 5746 ε”έλᾱνὶιὶξῖέὸῖξέε
1768 5694 1818 5730 σ.
1848 5676 2049 5750 ἀρκού-

2160 5753 2171 5761 _
2377 5655 3253 5759 ἶὶἶὰῖυάφίμωτος,
3302 5688 3448 5760 quOd
3496 5697 3600 5745 est
3656 5707 3777 5761 per-

467 5759 642 5818 ιιενρςτ
665 5742 741 5818 Ιυτ

535 5814 646 5883 (54)
678 5814 769 5868 Δέ.
800 5813 859 5868 ln
880 5812 1072 5869 eodem
1096 5814 1291 5869 τοίνυν.
1334 5817 1409 5871 In.

538 5884 646 5955 (55)
716 5883 1197 5958 Ἐπιμερίζοντες.
1229 5935 1237 5959 ι
1264 5886 1399 5946 Ibid.
1454 5887 1794 5962 διανέμοντες
1853 5890 2048 5948 eodem

2158 5754 2668 5896 ιηιέἓθξυίεσθιέτε.
2716 5824 2942 5884 Ἐτθίειν
2969 5827 3234 5901 ὀφείλετε,
3262 5829 3438 5887 codcx
3474 5830 3659 5888 alter.
3696 5834 3775 5887 In.
