3816 6418
395 284 504 341 9:63

1280 282 1341 340 S.
1381 282 1782 341 CLEMENTIS
1814 284 1834 340 I
1869 285 2036 356 ROM.
2071 288 2278 344 PONT.
2319 287 2550 346 OPERA
2601 289 2831 347 DUBIA.

3575 293 3667 351 661

391 404 640 462 omnium
675 411 929 462 nostrum
959 410 1185 474 peccata
1212 402 1269 457 in
1296 402 1446 474 ligno
1490 402 1678 457 crucis
1711 402 1982 474 portavit,

2089 405 2419 478 καρποῦσθε.
2451 409 2704 478 Μιμηταὶ
2729 408 2839 481 γάρ
2867 408 2988 462 ἐστε
3032 408 3268 482 Χριστοῦ
3298 409 3393 463 τοῦ
3437 411 3668 483 Κυρίᾱδ·

390 498 777 555 immaculatus
797 511 896 568 pro
926 495 1265 551 merentibus
1296 494 1625 564 supplicium
1656 494 1978 560 cruciﬁxus;

2086 498 2182 550 καὶ
2208 498 2470 563 ὡσαύτως
2494 500 2539 531 ⁸³
2569 499 2679 572 (69)
2711 500 2930 554 πάντων
2957 501 3352 574 τὰς’ἀμαρτὶας
3379 503 3669 574 ἀνήνεγκεν

390 592 463 645 ita
493 599 546 646 et
576 606 676 646 vos
705 589 879 660 plebis
908 595 1132 658 peccata
1162 585 1446 642 vindicare
1475 595 1722 657 oportet;
1756 601 1880 640 cum
1913 586 1981 642 de

2089 587 2177 642 ἐπὶ
2217 590 2277 643 τὸ
2312 589 2486 655 ξύλον,
2521 593 2854 666 σταυρωθεὶς
2881 595 2909 647 ὁ
2939 595 3165 665 ἄμωμος
3210 595 3350 666 ὑπὲρ
3378 596 3491 648 τῶν
3520 597 3671 650 κολά-

390 681 674 739 Salvatore
700 683 754 736 in
779 681 917 736 Isaia
951 680 1157 733 dictum
1187 679 1259 734 sit
1293 697 1306 733 :
1346 696 1372 729 ιι
1401 678 1511 734 Iste
1537 688 1764 750 peccata
1788 687 1978 734 nostra

2089 698 2219 747 σεως
2246 683 2433 748 ἀξίων,
2462 684 2606 738 οὕτω
2635 687 2729 740 καὶ
2778 687 2922 758 ὑμᾶς
2961 686 3055 739 τοῦ
3098 686 3229 740 λαοῦ
3268 687 3369 751 τὰς
3397 689 3669 761 ἀμαρτὶας

388 785 590 846 portat,
624 783 677 831 et
709 791 808 846 pro
847 773 1007 829 nobis
1041 772 1282 838 dolet";
1321 790 1341 824 ι
1379 780 1434 826 et
1463 779 1622 842 post:
1647 789 1664 822 ι
1700 769 1819 842 Ipse
1851 786 1978 841 pec-

2089 773 2510 838 ἑξιδιοποιεῖσθαι
2539 779 2897 850 χρή·εἱ’ρηται
2926 778 3035 851 γὰρ
3064 780 3191 852 περὶ
3217 779 3312 833 τοῦ
3335 781 3594 852 Σωτῆρος
3620 783 3668 835 ἐν

385 878 507 922 cata
537 869 830 922 multorum
880 865 1044 930 tulit,
1079 872 1135 920 et
1166 871 1390 934 propter
1428 863 1746 934 iniquitates
1783 879 1974 917 eorum

385 961 618 1015 traditus
648 967 750 1014 est.
787 979 805 1010 ι
841 956 908 1011 Ut
939 972 1071 1027 ergo
1105 972 1203 1011 vos
1232 955 1385 1026 scopi
1416 956 1572 1019 estis,
1605 957 1679 1010 ita
1714 963 1769 1010 et
1808 952 1970 1009 Chri-

379 1062 525 1108 stum
567 1067 793 1121 scopnm
838 1050 1091 1116 habetis;
1124 1057 1186 1116 et.
1218 1057 1280 1103 ut
1324 1049 1415 1104 ille
1445 1047 1692 1102 omnium
1726 1053 1969 1102 vestrum

376 1145 657 1214 exemplar
679 1150 784 1209 est,
815 1142 889 1196 ita
919 1151 974 1198 et
1002 1158 1102 1200 vos
1142 1142 1412 1197 laicorum
1446 1140 1650 1212 quibus
1698 1138 1966 1209 praeestis.

374 1235 493 1290 Non
525 1234 670 1290 enim
697 1234 1121 1290 existimandum
1151 1241 1262 1298 est,
1309 1234 1688 1304 episcopatum
1722 1231 1880 1286 facile
1903 1247 1968 1286 ac

371 1331 489 1384 leve
512 1344 653 1384 onus
677 1344 821 1385 esse.
854 1326 1126 1394 Quocirca
1157 1331 1302 1383 sicut
1323 1326 1542 1398 pondus
1575 1325 1767 1392 fertis;
1801 1326 1884 1381 sic
1912 1333 1968 1381 et

369 1421 526 1475 decet
544 1430 603 1476 ut
621 1421 792 1491 primi
825 1419 1041 1477 fructus
1078 1419 1423 1491 percipiatis,
1472 1434 1614 1490 quos
1652 1434 1778 1473 cum
1809 1435 1968 1490 egen-

368 1513 518 1568 tibus
546 1512 995 1578 communicetis;
1045 1521 1234 1582 utpote
1282 1513 1553 1567 rationem
1600 1510 1868 1566 reddituri
1912 1511 1964 1567 ei

365 1607 462 1679 qui
509 1622 636 1662 cum
667 1605 1033 1660 ratiocinator
1062 1611 1249 1658 vester
1280 1603 1518 1670 sederit,
1551 1603 1706 1657 nulla
1748 1603 1962 1659 ratione

2089 869 2308 943 Ἡσαΐᾳ,
2339 871 2419 924 ὅτι
2454 892 2471 922 ι
2514 864 2685 936 Οὗτος
2724 873 2823 936 τὰς
2865 872 3139 944 ἁμαρτίας
3165 872 3323 942 ἡμῶν
3356 873 3536 945 φέρει,
3581 874 3669 928 καὶ

2074 965 2202 1036 περὶ
2232 965 2387 1035 ἡμῶν
2419 965 2687 1018 ὁδυνᾶται.
2731 983 2748 1015 ι
2782 965 2891 1017 Ka‘t
2913 964 3093 1018 πάλιν·
3130 984 3149 1016 ι
3189 963 3364 1028 Αὐτὸς
3396 965 3668 1037 ἁμαρτίας

2073 1056 2284 1110 πολλῶν
2312 1058 2578 1129 ἀνήνεγκε
2599 1097 2614 1120 ,
2646 1058 2740 1112 καὶ
2770 1057 2858 1110 διὰ
2898 1057 2998 1121 τὰς
3037 1058 3268 1129 ἀνομίας
3304 1058 3487 1112 αὐτῶν
3531 1077 3668 1132 παρ-

2070 1147 2501 1222 εδόθη.›Ὥσπερ
2530 1146 2622 1204 οὖν
2652 1151 2811 1221 ὑμεῖς
2841 1151 3032 1203 σκοποί
3060 1151 3204 1212 ἐστε,
3235 1149 3378 1203 οὕτω
3415 1152 3513 1204 καὶ
3549 1169 3666 1205 σκο⁸

2068 1241 2170 1295 πὸν
2198 1242 2348 1314 ἔχετε
2367 1244 2459 1296 τὸν
2487 1245 2743 1317 Χριστόν·
2790 1243 2866 1307 ὡς
2914 1240 3008 1296 οὖν
3037 1243 3200 1307 αὐτὸς
3229 1245 3451 1297 πάντων
3491 1243 3662 1315 ὑμῶν,

2066 1332 2209 1387 οὕτω
2237 1336 2331 1388 καὶ
2361 1337 2518 1407 ὑμεῖς
2553 1337 2663 1389 τῶν
2707 1337 2809 1406 ὑφ’
2856 1336 3001 1406 ὑμᾶς
3048 1334 3273 1388 λαῖκῶν.
3309 1335 3400 1406 Μὴ
3431 1336 3544 1407 γὰρ
3584 1336 3663 1388 νό-

2070 1426 2192 1498 μιζε
2213 1428 2346 1499 (70),
2367 1429 2449 1481 ὅτι
2468 1428 2690 1500 εὐχερὲς
2719 1429 2751 1500 ἢ
2785 1428 3017 1500 ἐλαφρὸν
3047 1428 3266 1500 φορτίον
3281 1428 3444 1481 ἐστὶν
3472 1430 3508 1500 ἡ
3545 1430 3662 1482 ἐπι-

2067 1521 2267 1590 σκοπή.
2299 1520 2422 1593 Χρὴ
2448 1517 2542 1574 οὖν
2575 1521 2651 1584 ὡς
2679 1521 2739 1574 τὸ
2772 1520 2937 1592 βάρος
2966 1520 3181 1593 φέρετε,
3211 1519 3388 1584 οὕτως
3429 1522 3526 1574 καὶ
3560 1520 3662 1575 τῶν

2065 1611 2294 1682 καρπῶν
2326 1611 2576 1684 πρώτους
2608 1612 3066 1685 μεταλαμϐάνειν,
3096 1612 3192 1666 καὶ
3235 1615 3351 1676 τοῖς
3387 1612 3662 1683 δεομένοις

365 1699 565 1769 poterit
598 1697 810 1753 seduci.
837 1697 1067 1768 Uportet
1097 1697 1283 1767 itaque
1307 1711 1403 1751 eos
1423 1737 1438 1762 ,
1462 1695 1555 1766 qui
1585 1693 1850 1750 Ecclesiae
1878 1711 1964 1751 as-
1989 1771 2008 1776 _

2089 1702 2424 1768 ιεταδιδὸναι,
2456 1705 2532 1769 ὡς
2572 1704 2732 1774 λόγον
2765 1705 3057 1775 ὑφέξοντες
3094 1704 3174 1776 τῷ
3201 1705 3662 1776 ἀςταραλογὶστως

363 1791 525 1847 siduo
549 1790 894 1857 incumbunt,
926 1805 990 1845 ex
1021 1789 1284 1844 Ecclesiae
1314 1788 1473 1843 bonis
1503 1787 1726 1851 nutriri,
1757 1787 1958 1859 quippe
1989 1771 2008 1827 Ῑ

2089 1796 2206 1866 μᾶς
2230 1795 2473 1868 μέλλοντι
2502 1771 2855 1866 λογιστεύειν.
2901 1800 2993 1851 Δεῖ
3018 1796 3127 1870 γὰρ
3145 1771 3281 1861 τοὺς
3433 1771 3661 1870 Ἐκκλη-

363 1883 706 1949 sacerdotes,
748 1883 965 1947 levitas,
998 1882 1284 1953 praesides,
1334 1880 1428 1935 Dei
1461 1881 1781 1947 ministros;
1813 1880 1957 1936 sicut

362 1978 418 2030 in
453 1974 827 2030 Numerorum
858 1974 1003 2030 libro
1033 1975 1100 2030 de
1133 1972 1519 2030 sacerdotibus
1553 1971 1820 2044 scriptum
1867 1988 1956 2028 re-

360 2070 595 2143 peritur.
627 2089 647 2124 ι
690 2070 756 2124 Ει
787 2069 925 2124 dixit
952 2068 1218 2123 Dominus
1242 2067 1310 2121 ad
1334 2067 1608 2121 Aaronem
1654 2066 1780 2134 :Tu,
1810 2074 1864 2122 et
1901 2066 1959 2121 II-

360 2163 418 2216 Iii
444 2162 546 2229 tui,
577 2169 632 2218 et
664 2162 862 2218 domus
890 2162 1069 2233 patria
1109 2171 1223 2225 tua,
1257 2161 1543 2230 accipietis
1577 2167 1799 2231 peccata
1825 2173 1955 2214 san-

357 2256 582 2324 ctuarii,
611 2263 666 2312 et
696 2255 988 2312 sacerdotii
1018 2255 1213 2311 vestri.
1249 2253 1387 2309 Ecce
1416 2252 1540 2308 dedi
1571 2253 1728 2310 vobis
1767 2261 1955 2309 custo—

357 2348 503 2402 diam
526 2349 888 2420 primitiarum
910 2366 925 2414 ;
951 2348 1018 2404 de
1039 2348 1296 2404 omnibus
1317 2363 1437 2418 quae
1458 2345 1798 2403 sanctiﬁcata
1824 2355 1954 2402 sunt

356 2440 491 2494 mihi
522 2456 551 2494 a
583 2441 710 2496 Illiis
739 2440 928 2505 Israel,
974 2439 1074 2494 tibi
1105 2440 1230 2496 dedi
1262 2455 1325 2496 ea
1352 2482 1368 2507 ,
1400 2441 1456 2494 in
1492 2441 1782 2507 honorem,
1812 2449 1865 2496 et
1897 2440 1952 2494 Ii-

356 2534 447 2590 liis
476 2534 589 2590 tuis
612 2543 735 2605 post
759 2541 831 2599 te,
865 2533 1168 2605 legitimum
1195 2535 1611 2604 sempiternum.
1635 2532 1700 2586 Et
1718 2534 1823 2588 hoc
1845 2534 1953 2590 erit

353 2627 510 2683 vobis
536 2626 604 2683 de
637 2626 1022 2693 sanctiﬁcatis,
1053 2626 1122 2681 de
1148 2626 1545 2692 oblationibus,
1579 2634 1634 2682 et
1677 2626 1744 2682 de
1765 2642 1953 2682 mune-

353 2721 510 2786 ribus
534 2761 551 2789 ,
593 2730 648 2776 et
679 2720 746 2775 de
777 2721 1034 2776 omnibus
1076 2718 1370 2775 sacriﬁciis
1394 2760 1411 2787 ,
1461 2728 1516 2774 et
1563 2719 1631 2774 de
1661 2717 1810 2773 omni
1853 2718 1948 2774 de-

352 2813 524 2876 licto,
577 2823 630 2868 ct
677 2812 746 2868 de
799 2811 1044 2882 peccatis
1100 2827 1116 2863 :
1176 2819 1231 2868 et
1302 2827 1644 2883 quaecunque
1706 2809 1946 2866 reddunt

350 2905 486 2960 mihi
550 2907 618 2961 de
694 2904 952 2960 omnibus
1007 2904 1260 2969 sanctis,
1318 2903 1415 2958 tibi
1470 2910 1635 2958 erunt
1691 2917 1757 2958 ac
1818 2902 1946 2957 ﬁliis

350 2999 483 3054 tuis.
539 2996 600 3052 In
657 3007 850 3053 sancto
896 2996 1198 3052 comedetis
1224 2997 1318 3051 illa
1340 2996 1407 3050 ".
1434 3014 1452 3048 ι
1481 2995 1548 3051 Ει
1577 2996 1743 3068 paulo
1770 3004 1895 3067 post
1924 3011 1938 3050 :

2063 1888 2154 1960 σία
2183 1889 2670 1962 προσεδρεύοντας,
2703 1891 2767 1944 ὲκ
2793 1890 2895 1960 τῆς
2925 1889 3220 1962 ἐκκλησίας
3249 1889 3658 1961 διατρέφεσθαι,

2059 1977 2156 2032 ac:
2202 1981 2386 2054 ἱερεῖς,
2435 1977 2689 2045 λευὶτας,
2735 1982 3051 2054 προέδρους,
3093 1981 3441 2054 λειτουργοὺς
3481 1981 3656 2035 Θεοῦ·

2058 2070 2242 2137 καθὼς
2269 2074 2326 2126 ὲν
2356 2073 2520 2145 βίϐλῳ
2535 2074 2641 2127 τῶν
2658 2074 2931 2147 Ἀριθμῶν
2956 2075 3265 2146 γέγραπται
3292 2076 3422 2146 περὶ
3448 2075 3561 2128 τῶν
3586 2075 3658 2127 ἱε-

2059 2163 2219 2234 ρέων·
2243 2184 2260 2217 ι
2298 2166 2408 2218 Καὶ
2435 2161 2555 2218 εἷπε
2583 2166 2788 2238 Κύριος
2814 2167 2953 2240 πρὸς
2981 2168 3209 2240 Ἀαρών·
3242 2169 3336 2230 Σὺ,
3357 2169 3454 2221 καὶ
3486 2168 3658 2222 οἱυὶοἱ

2059 2272 2173 2318 σου,
2205 2256 2299 2310 καὶ
2343 2258 2371 2310 ὁ
2400 2253 2548 2322 οἶκος
2575 2261 2812 2331 πατριᾶς
2852 2278 2946 2314 σου
2975 2259 3209 2332 λήψεσθε
3248 2261 3349 2324 τὰς
3378 2261 3658 2331 ἁμαρτίας

2053 2348 2163 2402 τῶν
2189 2349 2382 2416 ἁγίων,
2415 2349 2517 2421 τῆς
2550 2351 2822 2422 ἱερατεὶας
2869 2352 3042 2424 ὑμῶν.
3099 2352 3228 2407 Ἰδοὺ
3271 2352 3481 2406 δέδωκα
3525 2353 3656 2424 ὑμῖν

2053 2440 2153 2512 τὴν
2179 2441 2497 2514 διατήρησιν
2518 2444 2626 2496 τῶν
2655 2444 2941 2515 ἀπαρχῶν·
2972 2445 3081 2498 ἀπὸ
3111 2445 3330 2499 πάντων
3360 2445 3472 2498 τῶν
3501 2447 3654 2517 ἡγια-

2056 2535 2266 2606 σμένων
2290 2553 2380 2606 μοι
2408 2535 2560 2608 παρά
2587 2536 2695 2590 τῶν
2724 2537 2856 2589 υἱῶν
2890 2537 3124 2609 Ἰσραὴλ,
3156 2539 3240 2591 σο)⁸
3272 2537 3483 2590 δέδωκα
3511 2539 3654 2591 αὐτὰ

2051 2631 2131 2694 εἱς
2159 2629 2349 2701 γέρας,
2382 2630 2477 2683 καῖ⁸
2518 2632 2632 2692 τοῖς
2672 2629 2809 2694 υἱοῖς
2839 2647 2932 2684 σου
2966 2630 3102 2702 μετά
3132 2630 3212 2693 σὲ,
3242 2629 3477 2702 νόμιμον
3519 2630 3653 2684 «ω»

2049 2740 2179 2777 νιον.
2211 2723 2323 2776 Καὶ
2350 2721 2508 2775 τοῦτο
2549 2721 2702 2775 ἔσται
2730 2724 2858 2795 ὑμῖν
2884 2722 2992 2776 ἀπὸ
3023 2723 3132 2776 τῶν
3175 2722 3548 2795 ἡγιασμένων,
3591 2723 3655 2777 ὲκ

2047 2813 2156 2868 τῶν
2175 2813 2588 2886 καρπωμάτων,
2619 2814 2714 2868 καὶ
2743 2813 2851 2867 ἀπὸ
2883 2813 2992 2868 τῶν
3017 2814 3224 2886 δώρων,
3256 2817 3351 2868 καὶ
3380 2816 3492 2868 ἀπὸ
3514 2817 3651 2870 πάν-

2045 2923 2155 2959 των
2177 2904 2288 2977 (71)
2304 2905 2412 2958 τῶν
2433 2904 2654 2969 θυσιῶν,
2673 2906 2768 2959 καὶ
2783 2906 2892 2959 ἀπὸ
2913 2905 3096 2977 πάσης
3113 2907 3518 2979 πλημμελείας,
3552 2912 3651 2964 καὶ

2046 2998 2175 3070 περὶ
2207 2996 2510 3070 ἁμαρτιῶν·
2542 2997 2637 3051 καὶ
2662 2998 2762 3051 ὅσα
2803 2997 3114 3051 ἀποδιδόασί
3146 3016 3236 3070 μοι
3278 2999 3387 3053 ἀπὸ
3425 3001 3650 3055 πάντων

354 3109 374 3142 ι
407 3089 614 3146 Omnes
666 3091 924 3161 primitia:
980 3090 1146 3154 olei,
1195 3095 1250 3144 et
1311 3088 1472 3155 vini,
1515 3096 1572 3143 et
1637 3087 1936 3153 frumenti,
1967 3130 2008 3189 ϐ

2089 3091 2155 3146 ῶν
2182 3090 2374 3159 ἁγίων,
2404 3090 2486 3143 σοὶ
2518 3089 2670 3144 ἔσται
2699 3092 2793 3144 καὶ
2819 3095 2933 3155 τοῖς
2965 3093 3102 3155 υἱοῖς
3131 3109 3245 3145 σου.
3285 3093 3372 3146 Ἑν
3399 3093 3481 3164 τῷ
3503 3094 3650 3165 ἁγίῳ

348 3198 690 3253 quaecunque
737 3181 988 3237 dederint
1017 3180 1249 3235 Domino
1269 3220 1284 3245 ,
1327 3180 1424 3234 tibi
1455 3179 1581 3235 dedi
1609 3195 1674 3235 ea
1700 3194 1712 3230 :
1741 3195 1937 3236 omnes

347 3276 621 3346 primitias
648 3275 864 3347 frugum
899 3275 998 3330 tibi
1037 3274 1184 3331 dedi.
1221 3272 1318 3330 His
1350 3273 1563 3328 accedit
1590 3273 1772 3329 omnis
1801 3288 1938 3329 con-

347 3370 608 3425 secratio.
658 3369 930 3424 Przeterea
977 3383 1140 3423 omne
1189 3367 1430 3422 hominis
1459 3382 1524 3421 ac
1557 3366 1785 3436 pecudis
1821 3367 1937 3423 sive

345 3463 565 3517 mundae
581 3463 697 3518 sive
717 3461 1016 3516 immunda:
1037 3461 1463 3532 primogenitum
1488 3479 1502 3515 :
1524 3460 1653 3514 item
1672 3460 1930 3525 victimae,

343 3571 642 3627 earumque
675 3555 1055 3627 pectusculum
1108 3569 1172 3608 ac
1220 3554 1506 3609 brachium
1541 3552 1824 3619 dextrum,
1865 3553 1933 3607 ad

344 3650 663 3705 sacerdotes
693 3648 994 3720 pertinent,
1025 3654 1081 3702 et
1104 3646 1172 3701 ad
1203 3647 1398 3702 levitas
1431 3645 1705 3717 reliquos,
1737 3662 1931 3701 eorum

345 3743 655 3798 comites".
689 3762 708 3794 ι
743 3741 944 3796 Audite
974 3741 1090 3795 haec
1117 3754 1216 3795 vos
1237 3739 1402 3794 etiam
1431 3739 1596 3803 laici,
1629 3738 1804 3793 electa
1834 3737 1932 3793 Dei

344 3831 613 3891 Ecclesia.
644 3833 780 3889 Nam
813 3843 868 3890 et
896 3833 1046 3906 prior
1070 3833 1330 3904 populus,
1369 3849 1387 3883 ι
1420 3830 1515 3886 Dei
1542 3832 1799 3902 populus,
1832 3850 1850 3883 ι
1877 3841 1932 3887 et

349 3944 368 3978 ι
397 3942 532 3998 gens
557 3927 810 3983 sancta“
841 3945 860 3978 ›
893 3926 1215 3981 vocabatur.
1260 3924 1325 3978 Et
1356 3940 1453 3980 vos
1481 3925 1648 3996 igitur
1676 3926 1812 3982 estis
1840 3942 1930 3982 sa-

342 4027 632 4076 crosancta
662 4017 757 4075 Dei
789 4018 1035 4074 Ecclesia
1055 4018 1370 4089 conscripta
1400 4018 1454 4072 in
1480 4019 1658 4082 caelis,
1703 4037 1721 4071 ι
1748 4021 1929 4092 regale

342 4113 737 4176 sacerdotium,
763 4128 897 4184 gens
933 4120 1149 4176 sancta,
1170 4110 1406 4182 populus
1423 4111 1804 4183 acquisitionis
1820 4113 1886 4178 ’⁸,
1901 4131 1920 4165 ι

341 4221 548 4278 sponsa
571 4214 768 4261 ornata
818 4204 1050 4260 Domino
1077 4202 1208 4259 Deo.
1249 4200 1492 4260 Ecclesia
1526 4220 1759 4276 magna,
1816 4204 1925 4260 Ec-

339 4298 510 4353 clesia
541 4298 717 4355 ﬁdelis
737 4338 753 4365 ,
783 4297 1013 4353 auribus
1035 4297 1259 4369 percipe
1293 4312 1415 4367 quae
1443 4297 1598 4366 prius
1629 4297 1775 4352 dicta
1808 4295 1927 4353 fue-

339 4399 510 4446 runt:
556 4389 848 4462 exceptitia
870 4430 885 4454 ,
935 4397 989 4445 et
1018 4389 1243 4446 decima:
1263 4429 1279 4454 ,
1313 4397 1368 4444 et
1399 4389 1655 4460 primitize
1698 4388 1923 4445 Christo

2043 3181 2409 3253 φάγεσθε(7ἓ)
2441 3181 2602 3239 αὐτά.
2642 3201 2661 3234 ι
2686 3181 2797 3236 Kal.
2827 3185 2942 3254 μετ’
2961 3183 3135 3253 ὀλίγα·
3161 3203 3178 3235 ι
3216 3185 3373 3238 Πᾶσα
3414 3187 3648 3258 ἀπαρχὴ

2038 3275 2216 3328 ἐλαίου
2249 3275 2341 3329 καὶ
2369 3275 2513 3328 οίνου
2556 3275 2652 3328 καὶ
2700 3275 2848 3328 σίτου
2872 3315 2885 3338 ,
2917 3276 3017 3329 ὅσα
3045 3275 3110 3329 ἂν
3137 3276 3268 3329 δῶσι
3297 3278 3488 3349 Κυρίῳ
3507 3321 3523 3344 ,
3561 3281 3648 3333 σοὶ

2035 3368 2244 3422 δέδωκα
2284 3367 2443 3422 αῦτά·
2490 3367 2585 3421 καὶ
2610 3367 2679 3422 τὰ
2707 3369 3206 3440 πρωτογεννήματα
3234 3370 3414 3424 πάντα
3445 3389 3528 3424 σοι
3561 3373 3646 3426 δέ·

2035 3462 2202 3517 δωκα.
2251 3461 2363 3516 Καὶ
2392 3461 2642 3533 συνέρρει
2672 3461 2781 3514 πᾶν
2825 3460 3096 3532 ἀνάθεμα·
3131 3463 3238 3516 πᾶν
3283 3463 3644 3534 πρωτότοκον

2034 3553 2321 3626 ἀνθρώπου
2368 3554 2462 3610 καὶ
2491 3555 2721 3626 κτήνους
2761 3552 3004 3625 καθαροῦ
3033 3553 3127 3606 καὶ
3154 3554 3471 3626 ἀκαθάρτου
3497 3597 3514 3622 ,
3543 3557 3643 3609 καὶ

2035 3646 2372 3719 θυσίας(75),
2395 3647 2489 3700 καὶ
2519 3646 2830 3717 στηθηνίου,
2860 3647 2956 3700 καὶ
2988 3646 3272 3719 βραχίονος
3299 3645 3479 3713 δεξιοῦ
3524 3653 3644 3714 τοῖς

2037 3739 2238 3813 ἱερεῦσι
2279 3741 2652 3814 προσανήκει,
2697 3740 2792 3794 καὶ
2829 3743 2944 3804 τοῖς
2973 3740 3182 3804 λοιποῖς
3221 3744 3335 3804 τοῖς
3383 3741 3645 3813 παραμέ-

2031 3850 2210 3888 νουσιν
2240 3834 2424 3896 αὐτοῖς
2486 3829 2744 3895 λευίταις.
2784 3850 2802 3882 ι
2851 3831 3100 3885 Ἀκούετε
3129 3833 3300 3886 ταῦτα
3329 3835 3426 3887 καὶ
3475 3837 3643 3905 ὑμεῖς

2030 3927 2081 3978 οἱ
2114 3925 2312 3990 λαῖκοὶ,
2342 3924 2576 3995 ὲκλεκτὴ
2617 3923 2916 3995 Ἐκκλησία
2941 3923 3034 3977 τοῦ
3066 3923 3232 3979 Θεοῦ.
3265 3925 3380 3980 Καὶ
3439 3927 3557 4000 γὰρ
3606 3930 3638 3982 δ

2029 4018 2156 4082 λαὸς
2183 4018 2445 4090 πρότερον
2478 4036 2496 4069 ι
2520 4016 2654 4070 Θεοῦ
2697 4017 2824 4080 λαὸς
2868 4017 2964 4071 καὶ
3000 4017 3146 4081 ἔθνος
3177 4019 3332 4088 ἆγιον
3356 4039 3375 4072 ι
3409 4021 3642 4091 ὠνομά-

2029 4112 2169 4177 ζετο·
2203 4112 2294 4166 καὶ
2325 4111 2482 4182 ὑμεῖς
2509 4106 2602 4163 οὖν
2631 4109 2755 4162 ἐστε
2784 4108 2914 4177 ἀγὶα
2940 4109 3032 4162 τοῦ
3061 4109 3196 4163 Θεοῦ
3229 4111 3351 4183 ἱερά
3397 4113 3639 4185 Ἐκκλη-

2029 4205 2120 4257 σία
2135 4201 2603 4274 ἀπογεγραμμένη
2626 4202 2681 4254 ὲν
2701 4202 2761 4255 οὐ
2772 4199 3246 4273 ρανῷ,«βασίλειον
3296 4203 3634 4275 ἱεράτευμα,

2027 4295 2176 4359 ἔθνος
2203 4295 2376 4364 ἅγιον,
2404 4293 2638 4357 λαὸς“εἱς
2667 4292 3272 4365 περιποίηωνρνύμφη
3341 4296 3606 4351 κεκαλλω
3625 4327 3637 4334 -

2025 4387 2263 4459 πισμένη
2293 4386 2482 4457 Κυρίῳ
2508 4385 2587 4456 τῷ
2614 4385 2752 4455 Θεῷ.
2782 4384 3077 4455 Ἐκκλησία
3108 4386 3343 4456 μεγάλη,
3387 4389 3635 4459 Ἐκκλη-

344 4485 592 4559 pontilici
624 4493 678 4540 et
707 4483 982 4540 ministris
1003 4483 1124 4552 ejus
1151 4499 1164 4534 :
1195 4481 1422 4537 decima:
1449 4483 1732 4546 salutaris,
1771 4484 1922 4554 prin-
1951 4474 2001 4532 D

2089 4497 2119 4532 α
2147 4479 2316 4550 πιστὴ
2339 4520 2354 4544 ,
2382 4476 2419 4531 ἀ
2448 4477 2712 4550 πρότερον
2740 4476 2972 4548 ἐρρέθη,
3004 4475 3098 4530 νῦν
3141 4477 3423 4542 ὲνωτίζου·
3457 4482 3634 4551 ἀφαι-

335 4576 541 4647 cipium
592 4575 835 4630 nominis
863 4572 1017 4630 Jesu.
1046 4571 1213 4638 Audi,
1244 4587 1404 4629 sacra
1430 4574 1702 4628 catholica
1732 4573 1922 4630 Eccle-

335 4671 439 4739 sia,
469 4685 590 4741 qua:
612 4670 800 4726 decem
826 4667 950 4722 illas
981 4669 1168 4738 plagas
1190 4665 1453 4736 eﬂ'ugisti,
1484 4673 1538 4721 et
1559 4666 1748 4721 decem
1795 4667 1917 4722 illos

334 4780 620 4820 sermones
647 4779 744 4820 seu
772 4761 1103 4831 Decalogum
1143 4759 1426 4830 accepisti,
1453 4768 1508 4815 et
1563 4757 1735 4831 legem
1768 4759 1913 4814 didi-

2031 4573 2241 4644 ρέματα
2259 4613 2274 4638 ,
2303 4569 2400 4625 καὶ
2426 4569 2652 4623 δεκάται
2671 4611 2686 4634 ,
2715 4567 2960 4639 ἀπαρχαὶ
2986 4566 3065 4639 τῷ
3106 4569 3356 4642 ἀρχιερεῖ
3396 4573 3632 4646 Χριστῷ

2027 4667 2120 4719 κοιὶ
2147 4667 2260 4727 τοῖς
2287 4660 2693 4733 λειτουργοῦσιν
2721 4660 2891 4732 αὐτῷ,
2909 4660 3131 4713 δεκάται
3161 4665 3460 4734 σωτηρίου,
3479 4666 3631 4740 ἀρχὴ

2019 4760 2282 4832 ὀνόματος
2298 4755 2470 4828 Ἰησοῦ
2502 4754 2634 4828 (74).
2672 4756 2892 4817 Ἀκουε,
2926 4753 3047 4826 ἱερά
3075 4754 3340 4830 καθολικὴ
3385 4759 3628 4832 Ἐκκλη-

404 4878 449 4911 ⁸⁹
488 4877 551 4934 L.
601 4878 690 4940 Ὡς
719 4876 910 4937 αὐτάς.
981 4873 1030 4907 ⁹⁰
1069 4873 1141 4927 Is.
1175 4886 1297 4939 LIII,
1324 4872 1497 4939 4,12.
1570 4872 1616 4904 ⁹¹
1661 4870 1825 4929 Num.
1851 4887 2008 4936 xvnl,

2089 4912 2096 4935 ,
2131 4871 2185 4925 8.
2261 4872 2308 4906 θ’
2343 4869 2480 4925 Ibid.
2515 4868 2603 4924 12.
2682 4868 2729 4900 ⁸³
2759 4866 2934 4923 Exod.
2980 4883 3097 4932 XIX,
3129 4867 3184 4934 5,
3217 4868 3274 4924 6.
3351 4870 3401 4904 ’⁸
3447 4873 3629 4932 Hebr.

334 4964 433 5018 xu,
462 4950 563 5019 25;
586 4950 606 5006 l
630 4947 749 5004 Pet.
784 4962 847 5013 ιι,
872 4945 927 5001 9.

1648 5055 2014 5113 VARIORUM
2053 5054 2289 5112 ΝΟΤᾸΞ.

400 5183 510 5256 (69)
542 5185 864 5256 Ὡσαύτως.
889 5181 1035 5256 Bene
1058 5175 1616 5256 conjecitgotelerius
1638 5177 1713 5242 ὡς
1733 5178 1914 5242 αὑτός.

335 5247 427 5313 Sic
445 5247 590 5309 enim
616 5247 891 5325 legitur‘in
925 5247 1248 5325 alterocod.
1276 5247 1613 5325 Υἰηάεμϐοτ.

404 5325 515 5396 (70)
543 5325 640 5394 Μὴ
670 5318 783 5395 γὰρ
812 5322 1028 5394 νόμιζε,
1061 5321 1208 5378 Idem
1230 5320 1306 5394 μὴ
1324 5318 1593 5390 νομίζετε,
1621 5336 1730 5375 non
1755 5320 1916 5375 male.

331 5396 482 5519 IDE'IIII
540 5465 808 5521 Πάντων.
838 5465 1002 5521 Deest
1027 5464 1082 5519 in
1112 5463 1284 5517 altero
1313 5477 1418 5517 ms.
1452 5459 1617 5516 Vind.
1660 5460 1739 5515 In.

397 5465 513 5660 (Ἱέ
542 5536 826 5605 Φάγεσθε.
879 5536 1026 5592 Idem
1057 5535 1221 5590 habet
1249 5532 1544 5604 φάγεσθαι,
1581 5532 1686 5587 hoc
1722 5545 1739 5586 ε

331 5625 468 5660 come
509 5619 667 5660 antur
691 5625 722 5660 a
745 5608 906 5660 vobis.
943 5602 1023 5657 ID.

421 5532 513 5605 72)
542 5536 826 5605 Φάγεσθε.
879 5536 1026 5605 Idem
1057 5535 1221 5590 habet
1249 5532 1544 5604 φάγεσθαι,
1581 5532 1686 5587 hoc
1722 5539 1828 5596 est,
1862 5539 1921 5585 ut

324 5602 667 5664 comedantur
691 5625 722 5660 a
745 5608 906 5662 vobis.
943 5602 1023 5657 ID-

397 5681 512 5750 (75)
552 5676 664 5750 Καὶ
691 5676 1086 5750 θυσίαςηΝοιι
1118 5675 1236 5750 sine
1268 5689 1432 5750 causa
1463 5673 1656 5729 Photio
1684 5673 1916 5750 critico-

325 5743 444 5806 rqu
496 5743 736 5805 inuimo
803 5747 1087 5820 displicuit
1141 5743 1590 5802 Constitutionum
1647 5743 1905 5817 phrasis,

2023 5173 2426 5244 avaxoxooeozg
2473 5173 2710 5244 aliisque
2758 5172 2906 5228 vitiis
2956 5172 3230 5228 sermonis
3277 5172 3616 5244 abundans.

2021 5246 2386 5314 Quamobrem
2418 5243 2507 5298 bic
2536 5243 2761 5299 coactus
2796 5259 2917 5300 sum
2949 5260 3057 5314 non
3089 5251 3200 5297 tam
3225 5243 3293 5298 ad
3313 5245 3486 5299 verba
3535 5256 3624 5296 at-

2019 5313 2277 5379 tondere,
2316 5330 2479 5385 quam
2519 5316 2589 5369 ad
2619 5331 2866 5379 sensum,
2897 5322 2956 5385 et
2989 5313 3058 5368 ad
3093 5320 3302 5368 textum
3339 5314 3622 5385 Numero—

2025 5405 2187 5453 rum,
2221 5385 2314 5456 qui
2334 5384 2585 5455 ’carptim
2618 5387 2839 5441 citatur.
2879 5384 3059 5454 Atque
3100 5385 3268 5456 simili
3313 5385 3480 5440 modo
3527 5384 3622 5456 (a-

2023 5454 2282 5587 (é‘iendum
2329 5454 2475 5528 sape
2514 5456 2617 5511 fuit
2669 5456 3062 5527 interpretibus
3108 5455 3342 5525 hujusce
3397 5454 3616 5527 operis.

2057 5542 2169 5582 .or.

2057 5542 2169 5582 ξΟΤ.

2093 5597 2204 5671 (74)
2236 5597 2414 5669 Ἀρχὴ
2445 5599 2734 5671 ὀνόματος
2765 5597 3002 5671 :Ingofv.
3022 5594 3278 5671 Forsitan
3310 5596 3617 5671 isteﬂlocus

2020 5668 2366 5758 oceasipn‘em
2418 5669 2712 5758 praebuerit
2845 5668 3159 5758 Epiphanio
3202 5669 3279 5751 ita
3306 5668 3610 5758 .scr'ibendi

2023 5741 2214 5799 lmresi
2267 5743 2321 5812 8,
2371 5741 2612 5799 sectione
2657 5739 2730 5798 6:
2759 5741 2869 5794 Καὶ
2915 5738 2983 5814 ἦν
3032 5739 3146 5791 ἐκεῖ
3192 5738 3609 5799 amicam;
