3816 6402
396 275 503 331 675

1246 275 1302 328 S.
1337 271 1734 328 CLEMENTIS
1765 270 1785 324 ι
1821 269 1987 326 ROM.
2029 269 2231 325 PONT.
2267 267 2493 325 OPERA
2529 269 2755 325 DUBIA.
2847 332 2855 340 ,

3531 272 3631 330 οτι

393 397 563 458 ditur,
585 392 693 448 nisi
714 407 810 462 per
832 390 1135 448 Christum.
1156 388 1334 455 Quare
1362 387 1430 441 ad
1459 386 1710 442 eumdem
1739 384 1942 439 modun

2064 383 2226 437 πλέον
2258 384 2839 457 παρῤησιαζέσθωσαν.
2886 383 3020 439 Οὐδὲ
3059 381 3168 456 γὰρ
3208 383 3288 455 τῷ
3327 389 3632 457 παντοκρά-

392 500 732 558 quaecunque
777 485 967 540 volunt
1006 481 1166 546 laici,
1210 495 1307 551 per
1356 481 1646 534 diaconum
1701 477 1960 545 episcopo

392 578 780 644 manifestent;
830 584 993 646 atque
1057 576 1132 628 ita
1182 571 1512 628 sententiam
1579 570 1728 624 illius
1784 568 1960 622 adimo

392 671 594 739 pleant.
627 669 761 723 Nam
792 668 934 736 apud
963 666 1199 736 priorem
1230 677 1447 733 quoque
1481 661 1777 732 populum,
1810 659 1949 714 nihil

393 763 537 817 sacri
569 764 620 815 in
653 761 854 829 templo
892 766 986 812 aut
1027 756 1356 811 otl'erebatur
1376 793 1392 818 ,
1425 761 1520 807 aut
1566 753 1728 807 (iebat
1753 752 1960 821 absque

385 848 692 900 sacerdote.
722 867 740 897 ι
762 846 927 902 Labia
952 847 1097 901 enim
1129 842 1430 899 sacerdotis
1455 841 1768 898 custodient
1787 843 1964 897 scien-

390 937 541 1000 tiam,
569 948 621 991 et
669 940 838 1003 legem
879 939 1158 1009 requirent
1188 956 1251 995 ex
1277 956 1372 996 ore
1403 941 1546 1012 ejus,
1585 960 1604 994 ι
1653 939 1732 994 ait
1758 940 1956 996 alicubi

384 1035 665 1097 propheta,
693 1049 712 1084 ‹
734 1032 858 1102 quia
873 1034 1099 1104 angelus
1113 1033 1327 1088 Domini
1343 1037 1729 1106 omnipotentis
1746 1048 1829 1095 est
1852 1042 1912 1093 ¹³.
1926 1057 1946 1092 ι

386 1122 540 1188 Quod
588 1123 633 1177 si
664 1123 972 1177 daemonum
1009 1123 1250 1177 cultores
1288 1121 1344 1174 in
1373 1119 1711 1175 detestandis
1737 1126 1791 1173 et
1818 1119 1954 1172 abo-

389 1215 664 1268 minandis
693 1229 757 1268 ac
787 1214 1017 1284 impuris
1043 1213 1321 1283 Deumque
1352 1211 1754 1267 oﬂ‘endentibus
1777 1211 1953 1266 sacris

385 1305 522 1366 suis.
555 1305 839 1374 hucusque
869 1315 1056 1360 sancta
1081 1319 1144 1358 ac
1170 1304 1355 1359 divina
1383 1303 1707 1358 aemulantur
1732 1321 1746 1356 :
1779 1316 1954 1371 quan-

382 1411 546 1466 quam
573 1411 704 1451 vero
731 1397 1140 1471 comparatione
1165 1396 1319 1460 inita,
1352 1395 1668 1465 longissime
1695 1408 1725 1446 a
1746 1393 1952 1449 sanctis

380 1489 714 1542 caerimoniis
739 1487 1071 1543 secernenda
1107 1489 1177 1542 sit
1203 1486 1562 1542 exsecrabilis
1585 1484 1908 1556 superstitio
1931 1502 1946 1538 :

382 1580 429 1635 si
451 1585 634 1632 tamen
666 1579 722 1633 in
747 1579 1098 1634 illusionibus
1128 1579 1267 1642 suis,
1289 1578 1427 1632 nihil
1456 1578 1576 1633 sine
1600 1576 1735 1632 falso
1765 1592 1952 1632 sacer-

380 1673 505 1727 dote
535 1671 791 1740 oll'erunt,
810 1687 986 1741 neque
1013 1671 1287 1735 eiliciunt;
1323 1669 1432 1723 imo
1457 1668 1608 1722 illum
1638 1667 1947 1738 pontiﬁcem

378 1781 480 1835 pro
519 1765 759 1835 lapidum
790 1778 854 1817 ac
896 1762 1164 1816 idolorum
1207 1775 1302 1814 ore
1350 1759 1573 1823 habent,
1606 1766 1769 1828 atque
1817 1757 1948 1828 quid

378 1857 562 1911 facere
594 1856 786 1925 jubeat
815 1860 1155 1923 exspectant,
1186 1859 1246 1905 ut
1273 1850 1540 1921 quidquid
1567 1851 1797 1920 jusserit
1825 1866 1950 1920 per-

377 1947 584 2010 ﬁciant,
627 1955 743 2000 tum
781 1947 986 2015 absque
1017 1960 1082 1999 eo
1130 1943 1336 1997 faciunt
1378 1942 1546 2006 nihil,
1587 1943 1948 2012 eumdemque

375 2037 649 2093 ﬂaminem
683 2039 890 2092 honore
918 2042 1349 2108 prosequuntur,
1382 2033 1557 2104 ipsius
1588 2048 1787 2088 nomen
1817 2048 1949 2103 quo-

376 2147 485 2202 que
511 2130 822 2186 venerando
843 2169 858 2193 ,
889 2129 958 2183 ad
987 2129 1248 2182 honorem
1281 2125 1705 2179 inanimatarum
1736 2132 1946 2179 statuao

373 2239 519 2287 rum,
554 2230 608 2277 et
655 2222 723 2276 ad
766 2221 970 2276 cultum
1011 2219 1374 2288 malignorum
1404 2215 1719 2286 spirituum.
1752 2213 1809 2269 Si
1841 2215 1941 2279 illi,

374 2315 620 2386 inquam,
645 2314 738 2384 qui
764 2327 903 2367 vana
923 2318 978 2366 et
1004 2310 1140 2365 falsa
1162 2309 1478 2379 Opinantur,
1499 2322 1760 2377 spemque
1787 2321 1942 2364 suam

371 2409 523 2462 nulla
547 2408 600 2462 in
657 2422 716 2462 re
745 2405 1005 2468 solidant,
1039 2403 1243 2458 imitari
1284 2409 1469 2456 tamen
1527 2410 1748 2456 sanctos
1800 2400 1943 2453 ritus

372 2500 593 2555 student
619 2519 632 2554 :
662 2504 868 2569 quanto
897 2496 1109 2567 aequius
1132 2503 1217 2551 est
1248 2510 1367 2560 vos,
1398 2509 1633 2565 quorum
1665 2494 1800 2549 ﬁdes
1823 2493 1940 2548 evi-

369 2591 692 2648 dentissima
717 2631 732 2656 ,
767 2606 895 2661 spes
940 2588 1249 2645 certissima
1278 2595 1398 2653 est,
1433 2594 1490 2642 et
1529 2603 1558 2640 a
1596 2586 1796 2657 quibus
1846 2601 1940 2640 ex-

371 2691 652 2754 spectatur
682 2684 940 2754 gloriosa,
974 2687 1258 2752 perpetua,
1284 2695 1348 2734 ac
1385 2679 1598 2735 stabilis
1642 2679 1940 2749 repromis-

369 2777 452 2830 sio
469 2791 487 2841 ;
507 2775 754 2830 venerari
777 2775 831 2829 in
846 2773 1186 2828 antistitibus
1213 2771 1504 2826 Dominum
1528 2772 1720 2839 Deum,
1748 2781 1802 2828 et
1824 2773 1939 2828 exi-

370 2869 594 2922 stirnare
619 2867 908 2938 episcopos
931 2881 1052 2921 esse
1079 2881 1142 2920 os
1170 2864 1308 2918 Dei?

920 3044 1150 3100 CAPUT
1191 3043 1382 3099 XXIX.

603 3138 734 3204 Qua:
764 3140 832 3192 sit
863 3139 1094 3208 dignitas
1119 3138 1348 3208 episcopi
1375 3147 1423 3191 et
1453 3136 1689 3193 diaconi.

435 3229 568 3284 Nam
595 3233 640 3286 si
667 3231 870 3296 Aaron,
893 3231 1022 3302 quia
1052 3232 1242 3297 verba,
1265 3228 1469 3299 Moysis
1491 3230 1712 3286 nomine
1739 3230 1935 3288 detulit

441 3409 484 3440 “
512 3409 635 3465 Mal.
673 3427 733 3476 ιι,
760 3413 810 3468 7.

2063 492 2188 547 τορι
2218 475 2338 546 Θεῷ
2367 476 2685 547 προσελθεῖν
2714 476 2882 535 ἐστιν.
2911 475 3008 530 ἐάν
3039 476 3113 548 μὴ
3138 476 3226 530 διὰ
3251 477 3346 530 τοῦ
3373 479 3629 548 Χριστοῦ.

2062 568 2249 631 Οὕτως
2276 569 2370 621 καὶ
2413 570 2464 620 οἱ
2508 568 2684 622 λαῖκοὶ
2711 569 2888 621 πάντα
2913 569 3014 621 ὅσα
3062 567 3338 638 βούλονται
3362 607 3378 633 ,
3414 569 3505 622 διὰ
3539 569 3632 622 τοῦ

2059 659 2309 714 διακόνου
2340 661 2552 732 φανερὰ
2579 661 2657 732 τῷ
2686 661 2968 732 ἐπισκόπῳ
2998 661 3342 726 ποιείτωσαν,
3373 661 3468 714 καὶ
3495 660 3636 714 οὕτω

2060 755 2204 808 κατά
2229 755 2293 808 τδ
2319 754 2509 808 δοκοῦν
2534 755 2728 825 ἐκείνῳ
2754 753 3170 808 ἐπιτελείτωσαν
3186 770 3200 785 ⁶
3224 755 3345 808 οὐδὲ
3371 753 3484 825 γὰρ
3505 755 3635 825 πρό-

2057 865 2218 919 τερον
2246 850 2303 900 ἐν
2331 848 2410 918 τῷ
2440 847 2571 917 ἱερῷ
2612 846 2860 916 άγίασμά
2884 864 2938 899 τι
2966 845 3334 919 προσεφέρετο
3361 847 3394 918 ἢ
3425 847 3636 915 ἐγίνετο

2061 941 2188 995 ἄνευ
2217 938 2312 993 τοῦ
2345 939 2549 1010 ἱερέως.
2586 959 2605 991 ι
2633 938 2800 1008 Χείλη
2820 938 2928 1009 γὰρ
2959 937 3146 1009 ἱερέως
3173 936 3468 1006 φυλάξεται
3494 937 3634 1007 γνῶ-

2061 1049 2167 1096 σιν,
2190 1033 2285 1086 καὶ
2311 1031 2474 1102 νόμον
2503 1029 2897 1102 ἐκζητήσωσιν
2927 1032 2992 1083 ἐκ
3007 1030 3102 1084 τοῦ
3124 1030 3389 1100 πόματος
3406 1030 3627 1094 αὐτοῦ,ι

2059 1124 2192 1194 φησί
2221 1141 2322 1176 που
2349 1123 2378 1175 ό
2419 1123 2725 1193 προφήτης,
2786 1141 2805 1174 ι
2833 1123 2913 1176 ὅτι
2956 1121 3183 1190 ἄγγελος
3201 1124 3407 1193 Κυρίου
3438 1139 3634 1176 παντο-

2056 1213 2325 1286 κράτορός
2353 1215 2518 1268 ἐστιν.
2551 1232 2568 1264 ι
2594 1214 2657 1266 Εἰ
2685 1213 2795 1286 γὰρ
2821 1214 2871 1266 οἱ
2916 1214 3024 1266 τῶν
3051 1213 3318 1284 δαιμόνων
3365 1213 3633 1284 Θεραπευ-

2053 1307 2144 1360 ταὶ
2171 1308 2230 1359 ἐν
2259 1309 2372 1370 τοῖς
2403 1307 2668 1377 μυσαροῖς
2711 1307 2807 1360 καὶ
2836 1305 3140 1375 βδελυκτοϊς
3165 1306 3257 1358 καὶ
3299 1305 3630 1377 ἀκαθάρτοις

2054 1398 2522 1471 προσοχθίσμασιν
2566 1397 2745 1451 αὐτῶν
2771 1400 2899 1468 ἄχρι
2926 1397 3020 1450 τοῦ
3048 1397 3207 1467 δεῦρο
3247 1397 3316 1450 τά
3365 1397 3500 1464 ἅγια
3547 1416 3633 1467 μι-

2055 1490 2300 1561 μοῦνται·
2324 1490 2419 1543 καὶ
2450 1490 2665 1561 μακρὰν
2688 1491 2784 1560 μὲν
2804 1490 2896 1541 ἐπ)⁸
2917 1489 3254 1560 συγκρίσεως
3269 1487 3330 1540 τὸ
3362 1487 3630 1557 βδέλυγμα

2051 1582 2373 1654 κεχωρίσθω
2390 1582 2498 1635 τῶν
2531 1582 2718 1651 ἁγίων·
2743 1581 2881 1639 πλὴν
2901 1581 2958 1634 ἐν
2978 1583 3091 1644 τοῖς
3124 1580 3507 1650 ἐμπαίγμασιν
3538 1581 3631 1634 αύο

2049 1676 2178 1738 τῶν,
2193 1677 2316 1730 ἄνευ
2331 1674 2423 1727 τοῦ
2441 1691 2542 1745 μηε
2551 1674 2687 1746 ρέως
2700 1673 2774 1743 (2)
2789 1672 2938 1726 οὐδὲν
2952 1671 3369 1743 προσφέρουσιν,
3382 1671 3510 1723 ούδέ
3521 1672 3631 1723 ἐπι.

2049 1767 2312 1830 τελοῦσιν,
2331 1766 2465 1820 ἀλλὰ
2488 1766 2661 1836 στόμα
2681 1764 2961 1836 νομίζουσι
2979 1764 3086 1816 τῶν
3107 1763 3269 1816 λίθων
3285 1761 3376 1815 τὸν
3395 1763 3626 1833 μηερέα,

2050 1858 2434 1929 περιμένοντες
2460 1857 2512 1909 τί
2556 1856 2848 1929 προστάξει
2876 1858 3049 1908 ποιεῖν
3080 1856 3262 1919 αὐτοῖς
3282 1893 3296 1920 ,
3327 1856 3422 1910 καὶ
3451 1855 3629 1910 πάντα

2049 1947 2085 2002 ἃ
2111 1948 2177 2001 ἂν
2205 1947 2484 2020 προστάξῃ
2513 1949 2697 2012 αὐτοῖς
2717 1987 2732 2011 ,
2759 1949 2946 2000 ,ἐκεῖνα
2981 1946 3289 2000 ἐπιτελοῦσι
3312 1985 3327 2009 ,
3360 1948 3456 2000 καὶ
3499 1947 3628 2003 ἄνευ

2047 2039 2214 2093 αὐτοῦ
2244 2040 2489 2094 ποιοῦσιν
2517 2039 2692 2104 οὐθὲν,
2715 2040 2809 2094 καὶ
2835 2038 3063 2110 τιμῶσιν
3083 2038 3244 2092 αὑτὸν
3271 2039 3362 2092 τὸν
3391 2039 3626 2110 μηερέα,

2047 2132 2142 2184 καὶ
2175 2132 2371 2185 σεπτὸν
2399 2130 2565 2186 αὑτοῦ
2593 2131 2854 2202 ἡγοῦνται
2882 2132 2943 2184 τὸ
2983 2131 3174 2201 δνομα,
3203 2130 3281 2193 είς
3324 2129 3491 2201 τιμὴν
3517 2131 3626 2187 τῶν

2046 2222 2269 2294 ἀψύχων
2290 2224 2514 2287 ξοάνων,
2545 2225 2638 2277 καὶ
2664 2226 2744 2287 είς
2770 2221 3025 2294 λατρείαν
3050 2223 3157 2276 τῶν
3178 2221 3433 2293 πονηρῶν
3465 2239 3627 2277 πνευο

2049 2315 2254 2386 μάτων.
2305 2317 2370 2369 Et
2407 2311 2501 2369 οὖν
2544 2317 2742 2369 ἐκεῖνοι
2776 2314 2979 2385 μάταια
3021 2315 3115 2368 καὶ
3153 2313 3517 2386 διεψευσμένα
3544 2317 3622 2387 (5)

2045 2406 2378 2472 δοξάζοντες,
2401 2407 2495 2460 καὶ
2527 2409 2614 2460 ἐπ’
2633 2407 2807 2461 οὐδενὶ
2836 2406 3036 2477 βεδαίῳ
3056 2406 3270 2477 ἔχοντες
3288 2406 3386 2476 τὴν
3415 2406 3623 2460 ἑαυτῶν

2043 2498 2255 2561 ἐλπίδα,
2285 2499 2658 2569 ἐπιτηδεύουσι
2708 2497 2991 2570 μιμεῖσθαι
3028 2498 3097 2550 τὰ
3149 2496 3298 2565 ἅγια·
3347 2497 3502 2568 πόσῳ
3545 2498 3622 2550 δί-

2045 2607 2200 2644 καιον
2230 2592 2375 2663 ὑμᾶς
2403 2593 2530 2654 τοὺς
2550 2591 2854 2660 φανοτάτην
2875 2590 3057 2642 πίστιν
3086 2589 3179 2642 ita).
3208 2587 3414 2658 ἀψευδῆ
3435 2588 3623 2642 ἐλπίδα

2045 2684 2288 2755 ἔχοντας,
2335 2684 2428 2737 καὶ
2457 2683 2664 2748 ἔνδοξον
2693 2682 2766 2753 (4)
2796 2683 2889 2738 καὶ¹
2917 2681 3133 2735 αἰώνιον
3163 2682 3257 2734 καὶ
3283 2681 3622 2735 ἀδιάπτωτον

2044 2775 2375 2844 ἐπαγγελίαν
2406 2776 2891 2846 ἀπεκδεχομένους,
2913 2777 3077 2845 τιμᾷν
3104 2773 3190 2827 διὰ
3209 2773 3316 2827 τῶν
3343 2773 3624 2844 προεστώ-

2043 2884 2148 2922 των
2179 2867 2381 2940 Κύριον
2409 2868 2498 2921 τὸν
2545 2868 2697 2931 Θεὸν,
2734 2867 3070 2938 ἡγουμένους
3099 2867 3272 2937 στόμα
3299 2866 3436 2919 Θεοῦ
3482 2861 3623 2920 εἶναι.

2042 2962 2168 3024 τοὺς
2196 2961 2525 3024 ἐπισκόπους
2547 2977 2562 3022 ;

2543 3052 2937 3104 ΚΕΦΑΛΑΙΟΝ
2975 3050 3103 3105 ΚΘ⁹.

2099 3145 2194 3212 Τίς
2225 3145 2262 3213 ἡ
2291 3144 2432 3209 ἀξία
2459 3143 2564 3197 τοῦ
2592 3144 2929 3196 ἐπισκόπου
2955 3182 2969 3204 ,
3001 3141 3097 3194 καὶ
3125 3142 3230 3196 τοῦ
3259 3140 3564 3196 διακόνου.

2112 3238 2176 3290 Ei
2206 3236 2313 3308 γὰρ
2331 3235 2536 3308 Ἀαρὼν
2559 3234 2634 3306 (5)
2657 3274 2671 3299 ,
2706 3234 2892 3306 ἐπειδὴ
2914 3235 3129 3305 ἤγγειλε
3161 3234 3239 3305 τῷ
3283 3233 3485 3306 Φαραὼ
3513 3250 3624 3290 πα.-

1665 3573 2029 3632 VARIORUM
2063 3573 2295 3632 ΝΟΤᾸΞ.

363 3748 760 3821 niqueuultimo
797 3748 1057 3821 loquendi
1095 3752 1259 3806 modo
1288 3750 1463 3805 utitur
1494 3749 1726 3821 Optatus
1754 3750 1850 3805 lib.
1885 3766 1925 3812 ι,

2033 3750 2213 3806 dorito
2248 3774 2259 3807 :
2297 3749 2429 3804 Ecce
2473 3751 2728 3805 constitui
2767 3761 2815 3806 te
2860 3753 3016 3806 deum
3056 3750 3350 3806 Pharaonis
3379 3767 3399 3805 .'
3423 3763 3473 3806 et
3506 3753 3620 3806 Aa-

362 3835 488 3943 ἕως.
519 3818 622 3885 39;
653 3827 706 3873 et
733 3820 827 3875 lib.
862 3818 924 3904 1:1.
957 3837 1080 3891 pag.
1111 3822 1200 3888 53,
1230 3829 1393 3890 atque
1421 3837 1487 3875 ex
1513 3818 1578 3875 eo
1608 3821 1930 3904 Theodorus
2034 3837 2130 3875 ron
2160 3822 2330 3891 frater
2369 3832 2490 3874 tuus
2535 3822 2637 3903 erit
2677 3823 2930 3891 propheta
2962 3832 3103 3876 tuus.
3259 3821 3326 3876 Id
3361 3840 3483 3906 vero
3513 3842 3617 3893 quo

407 3891 654 3943 alsamon
700 3899 923 3943 exponit
966 3907 1232 3943 canonem
1274 3893 1362 3943 10.
1407 3890 1923 3943 Neocaesaricnsem.
2033 3895 2230 3943 pacto?
2261 3934 2274 3943 .
2305 3933 2318 3943 .
2349 3933 2362 3943 .
2389 3933 2402 3943 .
2434 3891 2660 3943 Perinde
2700 3910 2762 3943 ac
2815 3893 2952 3943 Deus
2999 3893 3336 3943 nrwcmtebat
3379 3904 3617 3943 mstrue-

407 3891 654 3944 alsamon
700 3893 923 3960 exponit
958 3890 1232 3946 canonem
1274 3893 1362 3954 10,
1407 3890 1923 3946 Neocaesaricnsem.

363 3957 740 4016 Observarunt
771 3957 948 4015 'etiam
976 3963 1081 4016 viri
1131 3962 1300 4024 docti,
1336 3964 1390 4015 in
1444 3976 1654 4015 canone
1700 3961 1931 4016 Eliberi-

364 4039 500 4102 tano
524 4029 614 4092 55.
641 4031 1297 4102 presbylerosﬂministros
1331 4032 1614 4101 appellari.
1646 4031 1783 4086 Co'r.

435 4099 510 4169 (2)
555 4101 664 4170 Τοῦ
687 4099 968 4169 μηερέως.
1004 4101 1122 4155 Dixi
1157 4102 1224 4156 ad
1255 4099 1516 4155 Barnabaz
1541 4117 1660 4170 cap.
1687 4102 1739 4156 9.
1774 4100 1930 4155 Addo

2032 3895 2230 3960 pacto?
2261 3934 2274 3946 .
2305 3933 2318 3946 .
2349 3933 2362 3946 .
2389 3933 2402 3946 .
2434 3891 2660 3946 Perinde
2700 3910 2762 3946 ac
2815 3893 2952 3947 Deus
2998 3893 3336 3961 prwcipiebat
3379 3891 3619 3948 instrue-

2037 3961 2224 4031 batque
2255 3961 2454 4015 Mosen:
2471 4001 2485 4025 ,
2505 3961 2680 4016 Moses
2712 3964 2894 4017 Aaron
2919 3963 3090 4033 ipsum
3120 3962 3469 4016 instituebat:
3485 3981 3620 4033 quu-

2035 4034 2179 4085 circa
2212 4033 2463 4102 propheta
2501 4033 2672 4086 dictus
2713 4043 2792 4087 est
2839 4035 3022 4086 Aaron
3056 4032 3245 4100 fratris
3275 4034 3383 4095 sui,
3425 4033 3480 4085 id
3498 4032 3616 4094 est.

2035 4100 2324 4171 interpres;
2357 4100 2531 4172 Moses
2572 4119 2689 4155 vero
2749 4103 2879 4156 deus
2915 4102 3240 4164 Pharaonis,
3267 4103 3423 4172 quasi
3444 4103 3620 4171 judea:

362 4184 532 4242 nunc,
561 4169 745 4242 forsan
768 4170 1174 4242 ab_Epiphanio
1202 4171 1574 4242 Epimenidem
1599 4169 1927 4242 appellatum
2032 4182 2083 4242 et
2113 4169 2386 4242 magister.
2427 4171 2545 4242 Quo
2583 4174 2640 4225 ﬁt
2671 4179 2732 4227 ut
2773 4173 3041 4242 scriptum
3076 4169 3325 4226 videatur
3350 4188 3380 4242 a
3412 4169 3622 4242 magno

363 4239 532 4312 fuisse
555 4240 746 4310 μιερέα
775 4239 869 4312 τοῦ
901 4239 1570 4312 παίρὰυΚρησὶνείδωλίου,
1594 4239 1701 4312 non
1737 4240 1926 4312 μίθρα,

360 4310 518 4433 (1υὲῗὶ
521 4325 710 4432 2senisu
742 4311 893 4364 nullo
936 4310 1030 4364 aut
1059 4310 1197 4367 falso
1233 4311 1561 4376 ediderunt,
1591 4310 1786 4366 hazreSi
1815 4310 1884 4364 42
1909 4349 1925 4374 ,

362 4395 416 4449 p.
564 4422 576 4433 .
639 4395 692 4434 ο.

428 4379 954 4589 έὲἷὲιεέὶέυσμένα.
993 4449 1363 4521 Ἐψευσμένα,
1396 4449 1514 4504 cod.
1540 4449 1926 4509 Vind.alt.CL.
1957 4417 2008 4475 Β

452 4520 485 4572 4
543 4519 655 4573 Καὶ
696 4519 970 4584 ἔνδοξον.
1024 4521 1116 4574 Hae
1157 4523 1278 4575 dua:
1341 4536 1504 4575 voces
1533 4559 1548 4584 ,
1599 4521 1932 4589 totidemque

543 4519 655 4573 Kal
696 4519 970 4584 ἔνδοξον.
1024 4521 1116 4574 Hae
1157 4519 1278 4575 dua:
1341 4536 1504 4575 voces
1533 4559 1548 4584 ,
1599 4521 1932 4590 totidemque

359 4603 512 4658 seqq.
544 4591 747 4644 absunt
779 4591 847 4644 ab
876 4593 1049 4645 altero
1079 4591 1288 4646 codice.
1320 4591 1395 4645 lo.

429 4659 512 4729 (5)
548 4661 618 4713 Et
662 4659 773 4727 γὰρ
814 4660 1052 4729 Ἀαρών.
1093 4660 1258 4716 Sacra
1289 4663 1398 4715 duo
1427 4661 1593 4717 Musis
1620 4668 1674 4716 et
1703 4661 1932 4716 Aaronis

360 4727 607 4802 Epitheta
653 4727 1060 4802 dilucitlairerat
1100 4730 1466 4787 Theodoritus
1495 4732 1796 4802 quaestione
1840 4732 1930 4796 17,

363 4815 414 4852 ’τη
448 4799 728 4865 Exodum;
774 4800 870 4855 sed
912 4802 1058 4856 illius
1082 4803 1378 4857 declaratio
1415 4799 1576 4857 hodie
1606 4817 1798 4855 manca
1823 4809 1930 4866 est,

359 4870 638 4958 ξιιμ-ἰοειὲῇ
677 4878 731 4958 et
760 4871 1173 4958 tenebris_pltis
1203 4887 1364 4958 quam
1410 4871 1721 4958 Cimmeriis
1766 4872 1936 4958 obro-

363 4939 516 5013 It_t_ta_:
549 4939 675 5013 Πῷς
702 4941 917 5013 ἐγένετο
947 4939 1296 5013 τοῦλἈαρὼν
1318 4940 1556 5013 (melius
1599 4942 1816 5013 codices
1830 4943 1931 4996 He-

397 5008 432 5062 ii
459 5009 677 5091 Φαραὰὶ)
697 5008 894 5093 ’ρέος-ό
926 5011 1164 5093 Ἀίωσῆςξ
1270 5051 1284 5065 .
1315 5008 1522 5093 ’ίῼσπερ
1548 5013 1584 5093 ὁ.
1600 5011 1736 5093 βεὸς
1760 5029 1932 5093 προσῖ-

351 5078 553 5167 3an
589 5078 668 5149 τῷ
697 5082 902 5167 Μωσῇ,
930 5078 1102 5167 οὕτωέ
1132 5083 1161 5167 ῥ
1189 5081 1395 5150 Μωσῆς
1433 5078 1512 5149 τῷ
1558 5078 1934 5167 ,ᾉαρώὶδυζξλιδ

354 5147 554 5272 δῚωκαὶ
595 5147 883 5222 προφήτής
922 5153 951 5203 ὁ
992 5151 1202 5232 Ἀαρῲν
1231 5147 1774 5232 προσηγορεύθηςτοῦ
1805 5153 1934 5204 Μω-

361 5235 394 5272 σ
473 5237 518 5300 ςτ
541 5219 670 5300 Qua
679 5221 835 5276 modo
859 5219 1038 5300 _Mos_es
1063 5222 1182 5300 [uti
1202 5222 1329 5300 deus
1347 5221 1613 5300 Aaroms?
1633 5223 1765 5300 (uno
1789 5221 1934 5300 Pha-

357 5290 584 5360 raonis).
630 5290 1088 5355 Quemadmodum
1139 5291 1280 5344 Deus
1311 5291 1606 5360 imperabat
1645 5290 1820 5356 Mosi,
1857 5293 1935 5344 ita

360 5357 537 5412 Moses
563 5363 783 5415 Aaroni.
819 5362 1173 5426 Quamobrem
1210 5357 1586 5414 etiam'Aaron
1615 5371 1828 5415 vocatus
1857 5369 1936 5414 est

357 5427 617 5498 propheta
674 5431 863 5485 Hosis.
919 5431 1054 5498 Quis
1121 5433 1242 5513 haec
1276 5433 1635 5513 percipiatac
1663 5431 1937 5500 explicet?

359 5497 551 5558 Nemo,
587 5499 841 5558 Hercule.
891 5518 1074 5558 nemo.
1129 5501 1246 5556 Νιει
1294 5503 1417 5556 loco
1464 5501 1601 5556 facis
1649 5502 1938 5555 admoveat

359 5537 551 5562 μνη-ν,
587 5537 841 5564 "meum,
892 5537 1074 5558 "cuiu.
1131 5537 1246 5556 μω.
1294 5537 1417 5556 ww
1464 5537 1601 5556 ...ωε
1649 5537 1936 5555 «manu...

358 5568 618 5623 Catenam
649 5570 962 5626 Graecorum
996 5572 1221 5626 Patrum
1253 5571 1307 5625 in
1341 5571 1796 5632 Pentateuchum,
1817 5571 1936 5624 edi-

359 5650 474 5693 tam
506 5641 850 5712 solummodo
874 5642 1085 5706 Latine,
1132 5641 1428 5696 Francisco
1477 5641 1724 5712 Zephyro
1761 5643 1938 5712 i_nter-

361 5719 550 5785 prete;
586 5710 639 5765 in
670 5725 776 5783 qua
819 5714 888 5768 ad
920 5712 1091 5768 Exodi
1131 5722 1294 5786 caput
1318 5729 1390 5768 vn
1423 5709 1714 5782 legitur‘ex
1759 5709 1936 5767 Theo-

2040 4240 2355 4313 i_nterprete,
2382 4242 2486 4313 hoc
2517 4241 2630 4296 fere
2659 4243 2820 4313 modo
2847 4263 2858 4297 :
2890 4240 3017 4305 Πῶς
3047 4243 3262 4309 ἐγένετο
3286 4241 3382 4294 τοῦ
3412 4240 3622 4313 Φαραὼ

2045 4311 2164 4383 θεὸς
2185 4311 2219 4383 ςό
2248 4311 2456 4383 Μωσῆς
2473 4349 2496 4383 ,ν
2523 4313 2619 4365 καὶ
2662 4311 2756 4364 τοῦ
2786 4313 3040 4383 Μωσέως
3069 4314 3358 4383 προφήτης
3401 4311 3620 4383 Ἀαρὼν

2033 4381 2499 4453 ό-άδελφὸςᾼαύτοῦ
2522 4398 2536 4447 ;
2562 4423 2574 4436 .
2602 4423 2615 4435 .
2644 4422 2657 4436 .
2679 4422 2697 4453 7.
2723 4383 2931 4453 ’Ὠσπερ
2958 4385 2986 4435 ὁ
3014 4381 3144 4453 Θεὸς
3174 4381 3511 4453 προσέταττε
3537 4383 3621 4452 τῷ

2032 4451 2204 4524 Μωσῇ
2229 4490 2242 4513 ,
2261 4451 2444 4524 Δοῦτως
2465 4453 2503 4524 μό
2535 4452 2739 4521 Μωσῆς
2765 4452 2843 4521 τῷ
2877 4451 3227 4524 ᾏαρώνζΔιὸ
3260 4451 3323 4524 δὴ
3353 4455 3452 4505 καὶ
3479 4451 3622 4524 atpo—

2033 4520 2210 4592 φήτης
2251 4522 2279 4572 ό
2321 4520 2527 4592 Ἀαρὼν
2582 4520 2993 4592 προσηγορεύοτῇ
3036 4520 3130 4573 τοῦ
3147 4520 3617 4592 Μωσέωςχτουτ-

2033 4591 2180 4662 ἐστιν
2235 4591 2540 4662 ἑρμηνεύς·
2571 4591 2666 4662 κα).
2693 4594 2720 4643 ὁ
2750 4591 2957 4662 Μωσῆς
3002 4592 3122 4654 Θεὸς
3135 4591 3242 4662 τοῦ
3271 4591 3508 4662 Φαραῲί,
3539 4595 3621 4656 ὡς

2033 4660 2225 4730 κριτὴς
2271 4660 2375 4713 καῖ
2414 4660 2751 4722 διδάσκαλος.
2806 4660 2920 4716 Hoc
2947 4671 3030 4716 est
3066 4685 3078 4716 ;
3112 4660 3387 4726 Quomodo
3435 4661 3618 4716 Moses

2034 4730 2138 4800 fuit
2167 4735 2294 4784 deus
2330 4731 2652 4795 Pharaonis,
2683 4741 2732 4784 et
2764 4730 2932 4785 Mosis
2961 4732 3210 4800 propheta
3233 4732 3421 4786 Aaron
3444 4735 3620 4799 frater

2032 4799 2189 4867 ejus?
2248 4800 2706 4865 Quemadmodum
2753 4801 2892 4856 Deus
2929 4799 3183 4856 mandata
3237 4802 3403 4856 dabat
3447 4802 3618 4866 Hosi,

2033 4871 2113 4922 ita
2143 4867 2316 4923 Moses
2352 4871 2577 4925 Aaroni.
2613 4872 2793 4937 Quare
2826 4881 2873 4925 et
2907 4872 3088 4926 Aaron
3126 4883 3342 4927 vocatus
3377 4885 3458 4928 est
3486 4889 3622 4937 pro-

2033 4942 2188 5008 pheta
2212 4938 2403 5003 Mosis,
2437 4941 2532 4994 hoc
2554 4951 2654 5005 est,
2687 4942 2975 5009 interpres;
3000 4951 3050 4995 et
3080 4942 3255 4996 Moses
3302 4948 3432 4996 deus
3465 4938 3626 4996 Pha-

2035 5012 2240 5074 raonis,
2271 5019 2328 5062 ut
2353 5011 2522 5079 judex
2559 5014 2925 5082 et_magister.
2979 5011 3248 5067 Praeclare
3290 5013 3349 5065 in
3399 5013 3621 5066 Catena

2035 5095 2199 5153 manu
2232 5082 2435 5153 scripta
2479 5080 2758 5153 Aeacius}
2779 5083 2879 5135 ’ον
2906 5082 3107 5153 τρόπον
3134 5084 3164 5134 ό
3192 5082 3324 5144 Θεὸς
3358 5082 3446 5135 διὰ
3475 5099 3625 5153 προ-

2037 5150 2221 5222 φητῶν
2249 5151 2400 5222 λαλεῖ
2425 5154 2536 5213 τοῖς
2562 5150 2894 5222 άνθρὼποις,
2925 5150 3071 5222 οῦτω
3102 5153 3196 5205 καὶ
3227 5153 3257 5203 ὁ
3286 5153 3497 5222 Μωσῆς
3522 5150 3624 5206 διὰ

2049 5219 2256 5292 ⁹Ααρὼν
2283 5221 2360 5294 τῷ
2387 5220 2604 5294 Φαραώ.
2633 5219 2725 5294 Aio
2752 5220 3070 5294 ἑρμηνεύων
3108 5223 3199 5275 τὸν
3243 5222 3369 5275 νοῦν
3399 5219 3496 5276 τοῦ
3525 5222 3622 5274 λό-

2034 5307 2134 5359 γου
2150 5289 2480 5360 ’φησίοήΚαϊ
2503 5289 2724 5358 Ἀαρὼν
2767 5289 2799 5344 ὅ
2843 5289 3105 5359 ἀδελφός
3149 5309 3265 5345 σου
3292 5294 3464 5346 ἔσται
3493 5308 3622 5346 σου

2035 5359 2365 5430 προφήτης.
2401 5359 2861 5430 ραεηιαάηιοάιιηι
2886 5361 3026 5416 Deus
3056 5377 3147 5428 per
3189 5363 3473 5430 prophetas
3514 5363 3624 5415 ho-

2037 5429 2264 5485 minibus
2310 5432 2570 5500 loquitur,
2601 5433 2679 5482 ita
2716 5441 2765 5484 et
2807 5429 2981 5484 Moses
3028 5447 3120 5500 per
3159 5429 3426 5485 Aardnem
3469 5432 3625 5486 Pluto

2036 5503 2208 5571 raoini.
2249 5500 2396 5555 Unde
2448 5499 2724 5568 Scriptura
2766 5499 3035 5571 exponens
3059 5518 3268 5556 sensum
3317 5503 3448 5556 dicti
3492 5505 3619 5554 ait:

2042 5589 2061 5621 ι
2109 5570 2178 5623 Ει
2207 5572 2390 5625 Aaron
2422 5573 2592 5639 frater
2619 5581 2746 5641 tuus
2780 5574 2882 5624 erit
2915 5583 3036 5624 tuus
3065 5572 3339 5640 propheta.
3385 5592 3405 5622 ι
3434 5571 3584 5641 Lega
3603 5599 3620 5613 -

2039 5651 2126 5695 tur
2159 5641 2330 5696 Exod.
2375 5657 2451 5705 Iv,
2483 5641 2569 5696 16.
2601 5640 2736 5704 Cor.
2787 5643 2841 5694 ln
2887 5643 3064 5696 altero
3087 5643 3209 5696 cod.
3261 5644 3420 5698 abest
3449 5640 3530 5705 ὡς
3557 5650 3622 5696 et

2039 5721 2224 5780 postea
2257 5714 2450 5783 legitur
2522 5713 2573 5765 τί
2603 5713 2762 5783 πείση
2777 5729 2855 5764 ται
2885 5713 2970 5766 ἄν.
3005 5708 3172 5770 Cum.
