3706 6234
202 247 289 302 677

1056 302 1057 305 η
1092 252 1680 311 CONSTITUTIONES
1710 255 2377 316 APOSTOLIC£.—LIB.
2415 262 2479 317 II.

3249 271 3355 325 678

199 358 259 429 ρὰ
284 357 513 422 Μωσέως
530 360 661 424 τοὺς
689 361 922 431 λόγους,
946 368 1228 437 προφήτης
1255 370 1457 439 εἴρηται
1482 408 1496 432 ,
1525 369 1723 438 Μωσῆς

1832 372 1897 426 ad
1944 372 2295 440 Pharaonem,
2339 374 2595 443 propheta
2636 376 2815 432 dictus
2858 386 2970 443 est;
3014 378 3190 435 Moses
3231 399 3357 437 vero

195 448 239 498 δέ
273 447 384 508 θεὸς
426 448 519 500 τοῦ
561 451 801 521 Φαραὼ,
839 452 914 516 ὡς
955 454 1201 523 βασιλεὺς
1240 458 1371 526 ὁμοῦ
1409 459 1501 509 καὶ
1541 460 1723 527 ἀρχιε-

191 535 330 605 ρεὺς,
362 535 435 600 ὤς
466 555 631 607 φησιν
679 543 710 593 0
754 544 884 606 Θεὸς
911 545 1046 615 πρὸς
1085 547 1262 599 αὐτόν’
1302 566 1320 598 ι
1356 547 1482 599 Θεὸν
1510 547 1723 605 τέθεικά

191 642 238 677 σε
263 628 332 695 τῷ
361 628 559 698 Φαραὼ
581 669 596 690 ,
633 632 733 683 καὶ
776 634 984 703 Ἀαρὼν
1012 636 1039 685 0
1058 634 1276 703 ἀδελφός
1318 652 1409 689 σου
1450 634 1598 687 ἔσται
1629 653 1719 688 σου

186 718 644 787 προφήτηςοιδιατί
697 722 775 791 μὴ
820 724 913 774 καὶ
953 725 1106 793 ὑμεῖς
1147 728 1272 787 τοὺς
1312 725 1533 794 μεσίτας
1571 725 1721 794 ὑμῶν

183 808 260 859 τοῦ
287 808 433 875 λόγου
457 845 472 872 ,
518 814 817 882 προφήτας
847 809 983 868 εἶναι
1014 817 1257 884 νομίσετε
1277 856 1291 881 ,
1336 819 1429 872 καὶ
1454 817 1529 880 ὡς
1570 817 1720 879 θεοὺς

182 898 554 970 σεσασθήσεσθε
579 919 595 967 ;
964 966 967 970 η
1566 911 1584 920 ⁶

698 1018 1092 1072 ΚΕΦΑΛΑῘΟΝ
1127 1020 1203 1074 Λ⁹.

250 1100 435 1168 Ὅπως
474 1105 597 1173 χρὴ
645 1108 820 1178 τοὺςί
843 1111 1088 1173 λαῖκοὺς
1132 1111 1463 1178 πειθαρχεῖν
1504 1110 1625 1176 τοῖς

795 1177 1108 1242 διακόνοις.

230 1261 333 1314 Νῦν
359 1262 466 1333 γὰρ
496 1264 632 1333 ὑμῖν
667 1266 772 1335 μὲν
802 1266 874 1334 (6)
920 1268 949 1317 0
990 1265 1193 1336 Ἀαρών
1219 1268 1362 1320 ἐστιν
1390 1269 1418 1319 0
1442 1267 1711 1329 διάκονος,

168 1352 349 1421 Μωσῆς
375 1355 429 1406 δὲ
467 1357 497 1406 0
542 1356 874 1429 ἐπίσκοποςσ
908 1359 954 1409 εί
984 1353 1075 1410 οὖν
1104 1356 1299 1427 ἐρρέθη
1334 1359 1566 1427 Μωῦσῆς
1610 1359 1713 1410 ὑπὸ

169 1442 349 1511 Κυρίου
388 1442 509 1504 θεὸς
542 1444 620 1512 (7)
649 1483 664 1507 ,
701 1447 798 1497 κα)⁸
828 1447 955 1515 ὑμῖν
981 1448 1008 1498 0
1040 1447 1332 1509 ἐπίσκοπος
1359 1450 1436 1509 είς
1488 1447 1602 1501 θεὸν
1628 1460 1713 1499 τε-

166 1533 421 1602 τιμήσθω,
467 1534 564 1585 καὶ
609 1534 640 1584 0
685 1534 933 1596 διάκονος
963 1535 1037 1597 ὡς
1082 1538 1359 1605 προφήτης
1401 1536 1583 1588 αὑτοῦ.
1626 1538 1711 1598 Ὠς

164 1622 261 1691 γὰρ
281 1623 307 1672 0
333 1623 568 1691 Χριστὸς
606 1624 742 1676 ἄνευ
783 1623 877 1675 τοῦ
908 1624 1116 1693 Πατρὸς
1159 1625 1305 1677 οὐδὲν
1340 1629 1511 1687 ποιεῖ,
1542 1625 1709 1688 οὓτως

163 1711 264 1763 οὐδὲ
293 1714 320 1762 0
350 1712 601 1775 διάκονος
633 1714 769 1767 ἄνευ
795 1712 889 1765 τοῦ
917 1714 1229 1767 ἐπισκόπουο
1262 1716 1353 1766 καὶ
1380 1715 1562 1785 ὥσπερ
1584 1715 1708 1780 Υἱὸς

162 1799 270 1852 ἄνευ
291 1800 381 1851 τοῦ
412 1802 638 1871 Πατρὸς
688 1802 794 1854 οὐκ
821 1802 963 1855 ἐστιν
984 1802 1091 1872 (8),
1122 1803 1289 1865 οὕτως
1315 1806 1430 1858 οὐδὲ
1471 1806 1709 1875 διάκονος

162 1890 269 1943 ἄνευ
310 1891 402 1944 τοῦ
446 1892 789 1943 ἐπισκόπου⁸
820 1894 912 1944 καὶ
951 1893 1134 1964 ὥσπερ
1173 1895 1446 1965 ὑπόχρεως
1491 1898 1614 1961 Υἱὸς
1634 1899 1705 1968 (9)

160 1980 347 2049 Πατρὶ,
396 1980 543 2032 οὕτω
603 1982 707 2033 καὶ
754 1983 860 2045 πᾶς
902 1982 1141 2045 διάκονος
1168 1985 1585 2055 ἐπισκόπῳονκαὶ
1611 1987 1709 2040 ὥσ-

160 2087 248 2141 περ
278 2074 305 2122 0
336 2072 459 2134 Υἱὸς
500 2073 746 2139 ἄγγελός
774 2074 889 2124 ἐστι
920 2074 1013 2125 καὶ
1039 2076 1317 2145 προφήτης
1344 2077 1437 2129 τοῦ
1468 2080 1704 2150 Πατρὸς,

156 2163 307 2225 οὕτως
347 2166 441 2218 καὶ
503 2166 534 2215 0
578 2165 835 2225 διάκονος
870 2157 1101 2231 ’ἄγγελος
1141 2167 1233 2218 καὶ
1277 2169 1555 2237 προφήτης
1592 2172 1707 2222 ἐστὶ

153 2253 232 2306 τοῦ
272 2256 576 2309 ἐπισκόπου
613 2256 752 2326 (10).
784 2256 872 2307 Διὸ
900 2257 991 2308 καὶ
1020 2256 1192 2308 πάντα
1228 2258 1293 2309 τὰ
1328 2260 1705 2330 ἐπιτελούμενα

155 2344 234 2396 ὐπ’
274 2344 438 2398 αὑτοῦ
480 2347 565 2407 εἷς
595 2363 725 2398 τινα
750 2384 765 2408 ,
811 2346 1025 2415 ἐμφανῆ
1051 2345 1128 2415 τῷ
1154 2348 1430 2419 ἐπισκόπῳ
1458 2351 1702 2416 γινέσθω,

153 2433 232 2485 καὶ
250 2434 352 2504 (Il)
382 2436 449 2487 δι’
471 2434 652 2487 αὑτοῦ
681 2434 1019 2488 τελειούσθω.

654 2546 1047 2598 ΚΕΦΑΔΑΙΟΝ
1084 2547 1205 2600 AA’.

151 2627 263 2687 ὀτι
286 2635 369 2705 μὴ
398 2634 518 2703 χρὴ
550 2636 669 2688 τὸν
697 2635 977 2722 διάθεοις-ον
1001 2637 1144 2692 ἄνευ
1162 2638 1265 2692 τοῦ
1291 2639 1621 2695 ἐπισκόπου
1646 2660 1702 2696 τι

777 2719 1070 2771 πράττειν.

205 2815 376 2885 Μηδὲν
405 2816 463 2869 δὲ
494 2817 733 2868 ποιείτω
763 2816 823 2866 τὸ
851 2816 1065 2869 σύνολον
1105 2818 1228 2871 ἄνευ
1254 2817 1348 2871 τοῦ
1376 2820 1663 2875 ἐπισκόπου
1682 2860 1698 2885 ,

148 2907 266 2973 μηδέ
289 2925 392 2961 τινι
434 2909 634 2960 διδότω
680 2924 735 2959 τι
778 2907 901 2960 ἄνευ
930 2907 1029 2976 τῆς
1067 2908 1269 2961 ἐκείνω
1312 2909 1547 2980 γνώμης·
1604 2913 1697 2965 ἐὰν

1829 461 1962 516 deus
1983 462 2298 527 Pharaonis,
2333 472 2389 516 ut
2419 480 2509 519 rex
2533 466 2691 520 simul
2717 476 2769 521 et
2794 469 3064 536 pontifex;
3095 473 3353 539 quemad-

1821 552 2035 605 modum
2074 553 2148 606 ait
2187 554 2263 606 illi
2309 552 2488 608 Deus:
2536 574 2553 605 ι
2603 554 2761 610 Posui
2792 564 2844 612 te
2874 558 3032 612 deum
3064 558 3351 624 Pharaoni,

1819 647 1872 693 et
1893 640 2071 694 Aaron
2097 642 2260 697 frater
2280 651 2404 697 tuus
2427 645 2529 697 erit
2551 651 2677 701 tuus
2698 649 2953 716 propheta
2969 649 3008 679 “
3036 667 3048 702 :
3080 668 3099 699 ι
3125 665 3221 701 cur
3243 664 3349 703 non

1828 746 1924 784 vos
1960 748 2191 801 quoque,
2237 734 2595 790 internuntios
2624 739 2772 791 verbi
2810 739 2996 802 vestri,
3040 740 3179 793 inter
3222 755 3351 808 pro-

1824 822 2012 890 phetas
2044 825 2376 893 reputabitis,
2408 835 2567 894 atque
2598 836 2850 896 tanquam
2879 831 3007 884 deos
3036 832 3260 886 coietis?

2368 1023 2591 1076 CAPUT
2632 1023 2796 1078 XXX.

1985 1111 2252 1176 Quomodo
2285 1123 2480 1180 oportet
2512 1114 2672 1167 laico:
2696 1114 2898 1167 obedire
2925 1111 3177 1167 diaconis.

1882 1264 2035 1319 Nunc
2085 1266 2226 1320 enim
2279 1268 2429 1321 vobis
2484 1269 2603 1321 loco
2656 1265 2886 1320 Aaronis
2932 1273 3015 1321 est
3064 1267 3343 1328 diaconus,

1818 1352 2014 1423 lloysis
2041 1362 2214 1407 autem
2248 1356 2365 1409 loco
2396 1358 2696 1425 episcopus.
2727 1356 2858 1410 Cum
2892 1358 3052 1427 igitur
3077 1357 3281 1427 Moyses
3312 1375 3343 1411 ιι

1814 1443 2039 1500 Domino
2092 1445 2388 1513 appellatus
2435 1446 2504 1499 sit
2561 1446 2732 1512 deus;
2790 1462 2819 1499 a
2868 1448 3022 1500 vobis
3059 1448 3344 1516 episcopus

1814 1540 2067 1600 tanquam
2101 1533 2236 1587 deus
2267 1534 2600 1597 observetur,
2627 1546 2679 1589 et
2706 1536 2966 1591 diaconus
2997 1544 3053 1589 ut
3084 1538 3341 1606 pr0pheta

1811 1623 1998 1690 ejus".
2028 1622 2160 1675 Nam
2192 1625 2348 1678 sicuti
2390 1624 2638 1680 Christus
2684 1626 2801 1679 sine
2844 1625 3000 1680 Patre
3034 1627 3163 1680 nihil
3205 1628 3342 1696 agit;

1811 1712 1880 1764 ita
1911 1727 2007 1767 nec
2038 1713 2297 1767 diaconus
2328 1714 2442 1768 sine
2471 1715 2760 1786 episc0po:
2792 1723 2844 1771 et
2872 1717 3009 1770 sicut
3030 1714 3198 1770 Filius
3226 1718 3343 1770 sine

1807 1799 1965 1857 Patre
2012 1819 2117 1857 non
2177 1805 2453 1871 subsistit;
2486 1806 2557 1857 ita
2590 1822 2758 1875 neque
2786 1806 3041 1861 diaconus
3070 1808 3186 1861 sine
3224 1808 3341 1875 epi-

1807 1906 1968 1960 scopo
1999 1914 2009 1945 :
2039 1900 2090 1946 et
2116 1894 2256 1947 sicut
2282 1893 2447 1949 Filius
2470 1895 2675 1948 debitor
2696 1904 2779 1950 est
2808 1895 2973 1959 Patri,
3000 1897 3077 1950 sic
3094 1904 3146 1950 et
3165 1896 3343 1950 omnis

1806 1982 2065 2037 diaconus
2095 1983 2381 2052 episcopo;
2413 1991 2572 2053 atque
2602 1992 2659 2038 ut
2694 1983 2863 2040 Filius
2916 1984 3090 2038 Patris
3119 1985 3341 2054 angelus

1808 2085 1869 2124 ac
1899 2072 2159 2140 propheta
2203 2073 2369 2139 est“;
2397 2073 2478 2128 sic
2519 2080 2572 2128 et
2608 2075 2870 2128 diaconus
2911 2074 3131 2144 angelus
3158 2081 3241 2127 est
3276 2089 3341 2126 ac

1806 2167 2059 2234 propheta
2096 2164 2356 2233 episcopi.
2403 2164 2667 2227 Quocirca
2704 2181 3035 2234 quaecunque
3079 2167 3340 2220 diaconus

1804 2271 1928 2326 erga
1956 2255 2256 2325 quempiam
2288 2254 2447 2318 facit,
2478 2255 2760 2309 manifesta
2791 2255 2921 2309 ﬁant
2947 2257 3220 2326 episcopo,
3245 2271 3339 2325 per

1804 2361 1962 2415 quem
1990 2352 2043 2398 et
2074 2344 2436 2414 perﬁciantur.

2340 2544 2566 2599 CAPUT
2605 2545 2792 2600 XXXI.

1808 2640 1956 2707 Quod
1992 2655 2092 2693 non
2115 2647 2344 2706 oporteat
2372 2637 2648 2774 diacfonum
2671 2639 2781 2690 sine
2803 2638 3035 2705 episcopo
3068 2634 3331 2704 quidpiam

2240 2742 2243 2745 -
2498 2722 2662 2761 acere.

2240 2742 2243 2745 -
2476 2722 2491 2761 I
2498 2722 2662 2761 acere.

1868 2820 2012 2875 Nihil
2043 2835 2174 2875 vero
2215 2833 2435 2888 prorsus
2462 2818 2580 2872 sine
2618 2817 2868 2886 episcopo
2897 2815 3079 2882 faciat,
3108 2831 3208 2871 nec
3236 2817 3331 2871 ulli

1800 2913 2098 2982 quidpiam,
2148 2912 2350 2978 absque
2396 2909 2539 2962 illius
2595 2908 2889 2972 voluntate,
2948 2908 3226 2977 largiatur.
3272 2908 3330 2962 Si

141 2995 239 3065 γὰρ
264 2996 338 3060 ὡς
366 2997 702 3067 θλιϐομένου
735 2998 876 3059 τινὸς
909 2997 1078 3068 λάθρα
1123 2998 1215 3050 τοῦ
1248 3000 1539 3053 ἐπισκόπου
1576 3001 1696 3072 διδῷ
1722 2989 1746 3048 ί

1805 3005 1940 3056 enim
1971 3003 2109 3056 clam
2158 3001 2432 3070 episcopo,
2475 2998 2681 3053 dederit
2722 2999 2881 3051 alicui
2910 3000 3075 3066 quasi
3117 3000 3328 3067 egenti;

139 3100 268 3148 τινι,
312 3092 390 3150 εἰς
436 3089 721 3160 λοιδορίαν
762 3088 856 3141 τοῦ
902 3090 1195 3142 ἐπισκόπου
1238 3090 1436 3153 δώσει,
1469 3093 1560 3145 καὶ
1585 3093 1697 3146 δια-

137 3177 305 3232 ϐάλλει
353 3180 522 3233 αὐτὸν
562 3181 647 3242 ὡς
692 3179 991 3249 ἀμελοῦντα
1033 3180 1138 3234 τῶν
1184 3182 1523 3253 θλιϐομένωνο
1569 3191 1596 3241 0
1641 3191 1695 3242 δὲ

139 3267 422 3323 ἐπίσκοπον
465 3270 499 3339 ἢ
551 3270 704 3339 λόγῳ
731 3270 763 3338 ἦ
795 3269 937 3339 ἔργῳ
981 3271 1284 3339 κακολογῶν
1308 3312 1323 3337 ,
1370 3275 1485 3345 Θεῷ
1532 3296 1695 3350 προσ·-

138 3360 341 3422 πταίει,
380 3362 496 3431 ὀὐκ
542 3359 790 3421 ἀκούσας
837 3359 999 3411 αὐτοῦ
1047 3363 1302 3425 εἰπόντος·
1352 3384 1371 3415 ι
1424 3366 1587 3429 Θεοὺς
1632 3371 1691 3421 οὐ

137 3436 534 3518 κακολογήσας.
596 3468 616 3499 ι
652 3450 726 3501 Οὐ
756 3449 860 3519 γὰρ
906 3450 1028 3519 περὶ
1063 3450 1219 3504 λίθων
1250 3453 1280 3522 ἢ
1325 3453 1488 3517 ξύλων
1530 3474 1693 3527 προσ-

134 3536 469 3607 οχθισμάτων
528 3537 844 3607 ἐνομοθέτει
864 3577 878 3598 .
924 3538 1213 3607 βᾶλυκτῶν
1257 3543 1420 3599 ὄντων
1451 3547 1557 3616 (12)
1603 3549 1705 3602 διὰ

133 3624 220 3693 τὴν
246 3627 488 3694 ψευδωνυ
498 3628 638 3697 μίαν
663 3665 677 3689 ,
725 3627 856 3680 ἀλλὰ
901 3629 1026 3699 περὶ
1068 3629 1173 3682 τῶν
1217 3631 1398 3702 ἱερέων
1443 3637 1534 3688 καὶ
1582 3638 1689 3692 τῶν

134 3716 354 3783 κριτῶν,
403 3713 491 3779 οἷς
550 3717 654 3769 καὶ
693 3711 845 3769 εἶπεν
880 3755 895 3779 ,
922 3718 1002 3770 ὅτι
1048 3738 1066 3769 ι
1115 3718 1235 3772 Θεοί
1282 3723 1400 3774 ἐστε
1450 3726 1542 3777 καὶ
1584 3728 1689 3781 υἱοὶ

139 3803 400 3875 Ὑψίστου.
446 3828 466 3858 ι

652 3920 876 3971 ΚΕΦΑΛ
883 3920 1040 3972 AION
1077 3921 1196 3973 AB'.

628 4032 734 4082 τὸν
786 4031 1060 4084 διάκονον
1101 4033 1257 4099 παρὰ

1389 4034 1402 4053 Ι

191 4050 248 4149 Et
287 4050 374 4099 μη
434 4050 559 4099 χρη
628 4050 734 4082 τον
786 4050 1060 4084 οιακονον
1101 4050 1257 4099 παρα
1296 4050 1529 4113 γνιρμην
1581 4050 1685 4119 ’τορ

202 4101 530 4172 βισκόπου
561 4099 793 4172 διδόναι
841 4099 954 4172 tiri
978 4138 993 4162 ,
1020 4100 1117 4152 ἐπὶ
1162 4102 1403 4170 διαϐολῃ
1447 4105 1555 4172 γὰρ
1582 4125 1684 4161 του

189 4167 536 4220 ἐπισκόπου
566 4167 746 4220 τοῦτο
774 4166 1001 4233 πράξει.

133 4027 248 4099 ὀτι
287 4033 374 4099 μὴ

1796 3094 1850 3146 in
1881 3094 2115 3161 episcopi
2137 3090 2513 3144 contumeliam
2540 3088 2757 3151 tribuet,
2800 3104 2958 3156 quem
2989 3096 3207 3143 accusat
3235 3105 3330 3142 ne-

1796 3183 2058 3250 gligentiae
2075 3195 2199 3249 erga
2225 3180 2571 3233 calamitosos
2600 3199 2611 3233 :
2639 3177 2729 3247 qui
2756 3190 2934 3232 autem
2956 3176 3022 3231 de
3049 3178 3324 3248 episcopo.

1795 3274 1906 3325 sive
1954 3286 2048 3339 per
2095 3254 2417 3331 sermonem,
2467 3269 2577 3323 sive
2628 3283 2722 3337 per
2764 3269 3029 3322 actionem
3070 3267 3323 3329 detrahit,

1791 3362 1957 3417 Deum
1988 3360 2229 3420 offendit,
2253 3359 2407 3427 cujus
2427 3358 2565 3411 hanc
2599 3372 2779 3411 vocem
2805 3372 2911 3409 non
2943 3356 3091 3410 audit
3116 3377 3127 3411 :
3165 3373 3183 3405 ι
3213 3355 3325 3410 Diis

1791 3467 1858 3505 ne
1887 3450 2257 3505 maledicito".
2296 3467 2315 3498 ι
2350 3447 2466 3501 Non
2500 3448 2641 3500 enim
2670 3446 2736 3501 de
2764 3446 2987 3514 lapideis
3010 3455 3101 3499 aut
3131 3449 3324 3517 ligneis

1789 3542 1969 3606 idolis,
1990 3555 2108 3609 quae
2136 3538 2281 3607 quod
2306 3538 2439 3591 falso
2465 3537 2702 3589 divinum
2734 3550 2928 3590 nomen
2963 3544 3169 3605 gerant,
3192 3538 3322 3589 abo—

1789 3633 2064 3687 minabilia
2094 3636 2240 3693 sunt,
2268 3629 2436 3697 legem
2468 3626 2705 3689 ferebat;
2734 3626 2827 3680 sed
2857 3624 2922 3678 de
2951 3625 3320 3679 sacerdotibus

1787 3734 1840 3779 et
1860 3723 2155 3792 iudicibus,
2188 3721 2385 3790 quibus
2420 3717 2548 3771 alibi
2578 3717 2713 3771 dixit
2741 3738 2753 3771 :
2782 3734 2801 3766 ι
2836 3715 2920 3770 Dii
2953 3717 3107 3780 estis,
3145 3723 3198 3770 et
3225 3716 3319 3771 lilii

1786 3812 2114 3869 Altissimi".
2154 3830 2173 3863 ι
2830 3818 2833 3825 “

2309 3918 2531 3974 CAPUT
2571 3916 2781 3974 XXXII.

1788 4038 1937 4105 Quod
1992 4052 2092 4089 non
2122 4043 2379 4105 oporteat
2424 4033 2699 4105 diaconum
2758 4039 2946 4105 praeter
2974 4030 3312 4105 _voluntatem

1851 4105 2075 4175 episcopi
2098 4099 2222 4156 dare
2280 4102 2410 4164 ulli;
2438 4101 2489 4153 id
2510 4101 2645 4153 enim
2676 4101 2729 4153 in
2758 4099 3069 4152 calumniam
3090 4102 3314 4170 episcopi

1850 4190 2129 4228 cessurum.

191 4256 249 4307 El
288 4254 384 4309 οὖν
432 4258 770 4324 γινώσκεις,
820 4252 864 4309 ὦ
910 4257 1151 4321 διάκονε,
1199 4258 1501 4329 θλιϐόμενόν
1527 4281 1676 4328 τινα,
1709 4287 1746 4340 ῃ

1852 4266 1906 4319 Si
1952 4279 2110 4333 quem
2142 4277 2289 4331 ergo,
2338 4260 2581 4323 diacone,
2625 4259 3025 4314 tribulationem
3068 4258 3180 4327 pati
3217 4273 3310 4313 co-

129 4342 438 4429 θπυμνήσας
482 4347 581 4397 τὴν
630 4346 958 4408 ἐπίσκοπον,
1012 4348 1151 4400 οὕτω
1199 4350 1355 4403 δίδου’
1412 4354 1543 4409 ἀλλὰ
1605 4358 1677 4429 μὴ

127 4427 387 4502 λαθραίως
433 4437 517 4496 είς
568 4433 838 4504 λοιδορίαν
880 4436 1042 4489 αὐτοῦ
1087 4456 1138 4490 τι
1182 4441 1442 4507 ἐπιτέλει,
1473 4446 1557 4500 ἴνα
1603 4427 1675 4521 μη

131 4524 580 4592 καταγογγυσμὸν
600 4524 821 4593 ἐγείρῃς
847 4527 964 4576 κατ’
993 4527 1177 4580 αὐτοῦ·
1209 4532 1269 4583 οὐ
1311 4533 1415 4604 γὰρ
1444 4540 1560 4588 κατ’
1579 4540 1675 4591 αὖ-

194 4676 235 4706 ⁸⁸
262 4675 435 4753 Exod.
470 4693 577 4742 vn,
610 4678 660 4732 Ι.
741 4677 785 4709 ³⁸
815 4678 980 4747 Ignat.
1014 4680 1081 4735 ad
1125 4681 1361 4753 Magnes.
1395 4687 1443 4741 7.

133 4756 301 4807 Lxxxl,
332 4746 382 4797 5.

1550 4691 1592 4721 “
1622 4692 1690 4747 ls.
1727 4709 1799 4753 ix,
1828 4689 2060 4755 6;Deut.
2093 4700 2245 4749 xvm,
2283 4684 2369 4739 15.

1783 4356 2027 4427 gnoscis;
2079 4354 2303 4405 admone
2349 4350 2683 4419 episcopum,
2721 4358 2776 4403 et
2812 4350 2935 4403 inde
2971 4364 3133 4417 eroga
3166 4369 3176 4402 :
3208 4363 3308 4401 nec

1782 4461 1907 4501 vero
1936 4446 2069 4498 clam
2092 4442 2145 4494 in
2168 4437 2543 4495 contumeliam
2566 4439 2707 4493 illius
2727 4439 3016 4508 quidquam
3047 4437 3305 4506 opereris,

1783 4554 1850 4593 ne
1878 4542 2061 4590 contra
2085 4547 2205 4587 eum
2236 4531 2712 4584 murmurationem
2744 4530 2999 4592 suscites;
3025 4543 3143 4580 non
3162 4527 3303 4580 enim

2473 4686 2514 4716 ³⁷
2541 4684 2710 4738 Exod.
2736 4699 2867 4746 χχιι,
2891 4681 2979 4735 28.
3085 4682 3129 4714 ⁸⁸
3154 4681 3300 4738 Psal.

1414 4818 1765 4877 VARIORUM
1797 4821 2025 4877 NOTAE.

196 4941 268 5009 (6)
316 4944 488 5011 ’Υμῖν
524 4943 663 5011 μέν.
717 4941 923 5011 Desunt
972 4944 1027 4999 in
1055 4946 1222 5001 altero
1270 4948 1390 5004 cod.
1440 4948 1669 5009 Vindob.

134 5022 219 5061 nec
246 5008 570 5065 necessariae
598 5016 757 5065 sunt.
795 5008 959 5064 Cana.

200 5076 269 5146 (7)
306 5080 465 5143 Θεός.
498 5079 676 5158 Addit.
698 5075 1037 5158 codea‘alter
1063 5103 1074 5135 :
1098 5083 1208 5158 [Cal
1238 5084 1267 5134 0
1311 5082 1515 5154 ’Λαρὼν
1542 5104 1676 5158 προ-

135 5143 322 5212 φήτης,
351 5162 471 5212 qua:
492 5144 784 5212 excidisse
811 5144 1077 5212 videntur.
1109 5149 1185 5202 ld.

191 5209 419 5289 (§l_0i‘ix_
440 5215 632 5289 ἕσςινς.
664 5209 950 5289 §cbolium
982 5215 1037 5289 in
1069 5218 1306 5289 margine
1325 5218 1426 5272 hoc
1450 5221 1673 5289 legitur:

141 5274 320 5360 Ξαῇδν
340 5282 429 5358 an
460 5278 804 5360 πΰξάηὲεξτξ
837 5278 913 5360 τῷ
964 5274 1230 5360 remis
1250 5285 1410 5360 λόγῳ,
1444 5274 1676 5360 tame

147 5296 320 5331 ιαυτον
340 5296 429 5331 και
460 5296 619 5332 τουτο
668 5296 800 5327 εστι
837 5296 866 5327 τ
964 5296 1221 5348 φασκοντι
1253 5296 1410 5354 λόγῳ,
1483 5306 1508 5339 ε
1548 5296 1673 5360 άλης

132 5342 303 5427 gauli];
330 5348 459 5427 τῇςη
474 5296 1122 5427 τοῦ,Παδιτρδςψῖγγελον2
1151 5350 1383 5427 δηλονότι
1414 5306 1673 5427 τὲνγγὶὸν,

132 5404 729 5491 δῖναξξξιαίίξηροιξήτην
746 5404 890 5491 Ὅεέῖν
916 5404 1216 5491 ἕναπῆπὶ
1246 5404 1495 5491 Κύριοςνό
1659 5404 1674 5489 ξ

136 5493 199 5537 ως
218 5481 326 5547 ἐμὲ,
354 5478 507 5532 αὐτὸν
539 5478 883 5547 ἀκούσεσθε.
916 5482 1095 5539 Cum.

186 5543 257 5611 (9)
296 5550 432 5614 Υιός.
461 5545 637 5601 Addit
671 5543 854 5597 codex
888 5549 1038 5607 alter
1065 5554 1224 5608 ἐστίν.
1258 5554 1331 5611 In.

1538 5665 1549 5671 ⁴
1583 5670 1643 5683 ο.

1845 4924 1955 5024 (110)
1977 4953 2262 5029 Actiacong
2288 4952 2537 5029 ἄγγελος
2561 4951 2656 5004 καὶ
2700 4948 3001 5029 προφῄτης
3023 4949 3153 5004 ἐστι
3193 4955 3300 5007 τοῦ

1775 5018 2122 5077 ἐπισκόπου.
2190 5020 2344 5074 Circa
2418 5018 3299 5088 primum_pseudo-Hieronymus

1776 5092 2000 5158 epistola
2025 5095 2102 5146 De
2141 5100 2331 5158 septem
2360 5086 2624 5158 ordinibus
2655 5086 2919 5158 Ecclesiae,
2976 5086 3184 5158 aitAuhi
3231 5092 3298 5145 de

1777 5154 2019 5213 diaconis
2067 5178 2080 5211 :
2129 5154 2203 5208 Hi
2252 5164 2391 5214 sunt,
2434 5170 2558 5223 quos
2588 5156 2653 5223 ini
2696 5155 3005 5223 Apocalypsi
3056 5154 3293 5222 legimus,

1778 5236 1965 5303 septem
2002 5225 2209 5303 Auget!“
2228 5222 3082 5303 Egclesiarum..Circahposterigs
3116 5226 3170 5277 in
3194 5227 3284 5303 λι.

1779 5289 1938 5348 cuino
1981 5289 2103 5362 cap:
2146 5291 2233 5353 39,
2271 5291 2364 5345 lib.
2393 5290 2699 5362 _Qc_di_uin_ia
2737 5289 2924 5362 ofﬁciis
2958 5305 2976 5341 :
3006 5289 3296 5362 Procedens

1770 5357 2091 5485 pgnti‘fezin
2128 5357 2594 5480 ρεζεοὲἔτϐἠνὶειί,
2627 5357 2962 5432 ducit‘aecum
2997 5361 3294 5427 prophetas,

1773 5448 1789 5484 ι
1852 5448 1904 5484 es
2006 5445 2185 5483 iacono
2221 5468 2234 5481 .
2384 5468 2396 5479 .

1773 5445 1824 5484 ια
1852 5445 1928 5484 εει
1969 5445 2234 5484 αιαεοηοε.
2262 5445 2396 5479 ιλοτ.

1843 5499 1953 5559 (Η)
1986 5499 2116 5555 Καί.
2140 5503 2243 5549 etc.
2271 5493 2468 5548 Desunt
2490 5496 2543 5549 in
2569 5497 2734 5550 altero
2769 5497 2885 5550 cod.
2917 5495 3084 5553 Casa.

1843 5500 1923 5559 (Η
1986 5499 2116 5555 Καί.
2140 5503 2243 5549 etc.
2272 5499 2468 5548 Desunt
2490 5499 2543 5549 in
2569 5499 2734 5550 altero
2769 5499 2885 5550 cod.
2917 5499 2946 5548 ί

1840 5499 1953 5637 (12)
1993 5568 2229 5619 Ὄντων.
2263 5563 2417 5618 Deest
2450 5563 2503 5618 in
2535 5568 2701 5620 altero
2725 5567 2845 5621 cod.
2871 5565 2946 5617 ιν.
