3706 6272
223 368 307 425 689

1015 354 1593 422 CONSTITUTIONES
1629 360 2305 419 APOSTOLICAE.—LIB.
2344 363 2387 417 ll

3220 368 3320 423 690

220 475 483 531 Τυύναντίον
515 473 616 545 γὰρ
653 474 863 546 εἴρηται
901 476 1009 537 mi;
1035 473 1135 537 ἔξω
1159 470 1250 526 τοῦ
1277 466 1571 537 ἀξιώματος
1598 467 1696 522 τοῦ

1816 469 1971 523 :tione
1999 465 2216 521 effectus
2241 483 2297 521 es
2321 478 2336 527 ;
2368 467 2514 535 atqni
2540 469 2669 524 solis
2692 470 3064 526 sacerdotibus
3080 471 3324 542 judicare

217 562 489 627 δικαπικοῦ,
538 565 569 635 ἢ
620 563 985 618 διδασκαλικοῦ
1026 563 1135 633 (52)
1184 560 1493 632 ὑπάρχουσι·
1549 573 1569 607 ι

214 657 403 725 κρίνετε,
428 654 514 707 καὶ
537 654 596 706 ού
626 653 699 724 μὴ
730 652 1065 723 κριθήσεσθε.
1090 670 1111 704 ι

1796 564 1879 614 est
1905 570 2217 611 concessum
2237 597 2253 621 ,
2283 556 2478 625 quippe
2503 559 2701 625 quibus
2727 560 2930 614 dictum
2973 561 3046 616 sit
3074 579 3089 616 :
3130 579 3149 614 ι
3175 561 3326 616 Judi-

1795 648 1937 702 cium
1983 646 2185 715 justum
2246 645 2484 715 iudicate
2504 648 2576 714 '7;
2623 667 2643 700 ι
2704 660 2758 704 et
2818 666 3034 706 rursum
3088 669 3105 707 :
3156 668 3175 703 ι
3234 651 3328 707 Es-

212 754 299 798 tote
324 742 461 813 probi
490 742 840 811 trapezita“:
862 752 882 787 ι
902 742 1052 797 vobis
1077 750 1250 795 autem
1277 739 1329 793 id
1355 751 1461 791 non
1489 744 1573 791 est
1598 738 1957 806 permissum;
1990 735 2096 789 imo
2122 742 2330 799 contra,
2354 734 2421 789 iis
2440 736 2533 804 qui
2561 736 2871 807 dignitatem
2899 746 2992 793 aut
3018 737 3218 809 jtnlicis
3236 751 3327 796 aut

209 833 412 904 magistri
438 846 542 888 non
575 833 795 900 habent,
823 833 1025 888 dictum
1051 842 1170 889 est:
1197 849 1216 883 ι
1241 830 1416 885 Nolite
1436 828 1699 898 judicare,
1734 837 1789 884 et
1821 841 1930 883 non
1959 825 2328 896 judicahimini
2355 823 2495 878 ³⁸-⁸⁹.
2526 838 2545 872 ι

652 1032 1051 1087 ΚΕΦΔΛΔΙΟΝ
1085 1034 1203 1087 ΛΖ⁹.

200 1187 312 1258 Περὶ
695 1181 800 1237 καὶ
839 1179 1246 1262 συκοςξσντῷιςθ
1272 1178 1369 1233 καὶ
1402 1178 1573 1262 gazae.
1591 1176 1701 1248 (‘55)

252 1249 353 1331 ἇιρὴ
369 1252 448 1324 μὴ
460 1249 463 1250 ν
477 1249 801 1331 ὂῐροχξζρῳς
826 1249 1701 1331 πιστςύειξῆηάπέςτεζνῄτούτοις

250 1316 348 1381 εὖγ’
360 1316 577 1394 κριτὴν,
588 1316 937 1388 μετὰ
960 1317 1233 1386 ἀκριϐοῦς
1257 1316 1593 1382 ἐξετάσεως.

250 1459 338 1513 Τδν
374 1458 544 1527 μέντοι
582 1437 885 1509 ἐπίσκοπον
925 1451 1005 1505 δεῖ
1041 1450 1243 1521 κρίνειν
1294 1448 1484 1522 ὀρθῶς,
1524 1446 1701 1511 καθὼς

192 1551 471 1619 γέγραπται·
504 1565 524 1599 ι
549 1547 661 1617 Τὴν
700 1544 917 1599 δικαίαν
942 1542 1118 1613 κρίσιν
1144 1541 1372 1612 κρίνετε.
1398 1558 1418 1590 ι
1456 1539 1564 1625 Καὶ
1605 1538 1700 1591 ἀλ-

192 1638 345 1709 λαχοῦ·
370 1639 459 1691 «Τί
483 1638 539 1690 δὲ
564 1638 659 1690 καὶ
686 1636 782 1703 ἀφ’
804 1633 1006 1687 ἑαυτῶν
1032 1633 1093 1685 ού
1121 1633 1329 1703 κρίνετε
1354 1629 1414 1684 τδ
1437 1629 1654 1692 δίκαιον;
1675 1645 1694 1679 ι

190 1728 375 1783 Γίνεσθε
409 1724 499 1781 οὗν
541 1726 619 1789 ὡς
654 1722 1017 1795 ἀργυρονόμοι
1043 1722 1410 1792 ἐπιστήμονες.
1440 1719 1700 1786 Καθάπερ

191 1818 279 1889 γὰρ
300 1813 430 1871 οὗτοι
452 1815 519 1869 τὰ
542 1812 725 1883 φαῦλα
749 1813 859 1865 τῶν
885 1811 1223 1882 νομισμάτων
1248 1808 1613 1879 ἀποκρίνουσι,
1632 1805 1702 1860 τὰ

188 1869 436 1978 δὲ’δόκιμα
468 1869 816 1959 οίκειοῦνταιο
850 1869 1137 1956 τὸν.αύτὸν
1168 1900 1231 1970 δὴ
1265 1869 1460 1970 τρόπον
1493 1869 1701 1951 καὶ-τὸν
1732 1869 1772 1923 Β

188 1997 443 2050 ἐπίσκοπον
470 1997 596 2067 χρὴ,
624 1994 696 2048 τὰ
744 1996 843 2066 μὲν
886 1992 1089 2063 ἄμωμα
1122 1991 1385 2060 κατέχειν,
1412 1988 1480 2042 τὰ
1504 1988 1560 2041 δὲ
1585 1988 1703 2041 ὲπί-

188 2103 327 2157 μωμα
349 2086 379 2158 ἦ
408 2085 746 2157 θεραπεύειν,
763 2085 798 2153 ἢ
814 2083 1040 2145 ἀνιάτως
1063 2080 1316 2135 νοσοῦντα
1328 2080 1697 2151 ἀπορρίπτειν·

187 2177 351 2246 καὶμὴ
375 2177 576 2245 ταχέως
601 2175 850 2237 κόπτειν,
882 2173 1011 2244 μηδὲ
1048 2167 1128 2234 οἷς
1163 2171 1360 2241 δήποτε
1412 2168 1698 2222 πιστεύεινο

184 2264 385 2336 ἐγχωρεί
397 2264 500 2336 γάρ
513 2281 665 2327 τινας
691 2265 788 2318 καὶ
813 2262 898 2316 διὰ
925 2260 1149 2332 ζῆλον,ῆ
1174 2260 1361 2328 φθόνον
1390 2259 1529 2313 κατά
1562 2275 1704 2321 τινος

185 2354 377 2423 ἀδελφοῦ
419 2355 783 2425 ἐνστήσασθαι
826 2353 991 2423 ψευδῆ
1037 2351 1379 2422 κατηγορίαν*
1422 2350 1496 2414 ὡς
1528 2351 1577 2402 oi
1614 2348 1706 2401 δύο

184 2443 504 2515 πρεσϐύτεροι
547 2445 643 2497 ἐπὶ
687 2445 789 2514 τῆς
827 2442 1108 2511 Σωσάννης
1133 2441 1190 2492 ὲν
1216 2438 1506 2502 Βαϐυλῶνι,
1535 2439 1628 2492 καί⁵
1670 2438 1704 2507 ή

184 2533 420 2600 Δίγυπτία
446 2534 538 2586 ἐπὶ
565 2532 646 2603 τῷ
679 2532 895 2602 Ἰωσήφ.
919 2531 991 2584 Σὺ
1019 2526 1131 2592 οὖν,
1147 2530 1221 2592 ὡς
1244 2526 1377 2582 Θεοῦ
1403 2526 1701 2598 ἄνθρωπος,

182 2620 240 2674 τὰ
260 2621 463 2675 τοιαῦτα
492 2623 566 2693 μὴ
597 2621 906 2692 προχείρως
933 2619 1253 2690 παραδέχου,
1285 2618 1371 2671 ἵνα
1398 2616 1473 2689 μὴ
1517 2617 1705 2686 ἀνέλῃς

182 2711 256 2763 τὸν
277 2713 439 2766 ἀθῶον
466 2714 559 2766 καὶ
585 2712 916 2781 ἀποκτείνῃς
940 2710 1030 2763 τὸν
1054 2709 1273 2762 δίκαιον.
1290 2709 1346 2762 '0
1364 2707 1470 2778 γὰρ
1487 2706 1706 2761 τοιαῦτα

182 2801 549 2871 παραδέχεσθαι
588 2801 784 2864 θέλων,
813 2800 978 2871 όργῆς
1002 2800 1180 2870 πατήρ
1206 2800 1320 2851 ἐστι
1350 2797 1541 2867 μᾶλλον
1570 2796 1603 2865 ἢ
1632 2797 1707 2849 εί-

181 2890 341 2960 ρήνης·
364 2893 494 2944 ὅπου
522 2891 580 2944 δὲ
607 2890 780 2960 ὀργὴ,
809 2890 923 2942 ἐκεῖ
947 2891 975 2942 6
1001 2888 1198 2959 Κύριος
1223 2888 1321 2941 ούκ
1349 2886 1508 2939 ἐστιν·
1539 2887 1571 2956 ὴ
1600 2885 1708 2957 γὰρ

178 2978 294 3050 ὀργὴ
329 2979 418 3033 τοῦ
458 2982 676 3034 Σατανᾶ
718 2979 1030 3047 ὑπάρχουσα
1056 2979 1201 3047 φίλη,
1229 2977 1368 3046 λέγω
1392 2977 1468 3040 δὲ,
1496 2978 1530 3047 ἢ
1559 2976 1709 3047 παρά

178 3068 437 3123 τὸδίκαιον
476 3068 770 3138 κινουμένη
798 3067 883 3119 διὰ
906 3067 1012 3119 τῶν
1050 3066 1433 3135 ψευδαδέλφων,
1460 3066 1707 3119 οὐδέποτε

2302 1023 2525 1080 CAPUT
2560 1024 2818 1083 XXXVII.

1797 1179 1900 1254 De_
1919 1180 2390 1254 accusatoribus“
2416 1181 2763 1254 delatoribus;
2790 1194 2840 1238 et
2867 1185 3005 1254 quod
3034 1184 3207 1254 iudex,
3224 1201 3329 1238 non

1865 1249 2043 1303 debeat
2067 1250 2173 1301 illis
2201 1249 2354 1315 facile
2393 1252 2619 1314 credere,
2651 1253 2726 1305 vel
2752 1269 2852 1307 non
2879 1249 3101 1311 credere.
3122 1253 3209 1308 sed
3239 1256 3330 1307 ad,

1865 1317 2027 1371 hibita
2053 1318 2286 1387 diligenti
2317 1319 2664 1388 inquisitione.

1866 1451 2034 1507 Porro
2074 1452 2385 1522 episcopum
2434 1462 2644 1524 oportet
2688 1463 2833 1510 recte
2872 1454 3144 1524 judicare;
3191 1455 3333 1510 sicut

1798 1544 2054 1613 scriptum
2099 1551 2225 1599 est:
2268 1562 2287 1595 ι
2311 1544 2526 1600 Justum
2568 1546 2828 1615 judicium
2866 1546 3179 1616 judicate“;
3218 1565 3237 1599 ι
3276 1555 3331 1601 et

1798 1635 1963 1689 alibi:
1999 1653 2018 1685 ι
2062 1634 2200 1699 Quid
2242 1651 2371 1690 vero
2419 1652 2450 1690 a
2502 1637 2655 1691 vobis
2692 1637 2822 1705 ipsis
2852 1636 2993 1706 quod
3014 1637 3220 1705 justum
3248 1646 3332 1693 est

1797 1738 1903 1778 non
1922 1723 2177 1792 judicatis
2190 1725 2277 1779 “‘1
2304 1745 2323 1778 ι
2357 1725 2538 1781 Estote
2567 1726 2732 1796 igitur
2762 1734 3011 1794 tanquam
3043 1727 3331 1796 argentarii

1797 1815 1974 1884 periti.
2004 1814 2074 1869 Ut
2103 1817 2244 1870 enim
2271 1815 2347 1868 illi
2389 1828 2638 1869 nummos
2683 1814 3012 1869 adulterinos
3058 1815 3335 1883 rejiciunt,

1800 1904 1994 1973 probos
2022 1911 2195 1958 autem
2226 1904 2489 1969 retinent;
2516 1904 2763 1958 eumdem
2793 1904 2858 1958 ad
2884 1906 3097 1959 modum
3122 1913 3331 1975 oportet

1801 2001 1860 2046 ut
1887 1992 2171 2062 episcopus
2196 2008 2314 2061 quae
2340 2007 2448 2045 non
2490 1992 2689 2047 habent
2713 1994 2978 2047 maculam
3020 1994 3342 2063 complecta-

1799 2091 1907 2145 tur,
1935 2097 2054 2151 qute
2096 2089 2273 2136 autem
2315 2083 2586 2137 maculosa
2637 2090 2782 2145 sunt,
2819 2084 2903 2137 vel
2950 2091 3120 2147 curet,
3166 2084 3247 2138 vel
3288 2086 3338 2139 si

1799 2171 2143 2241 desperanter
2184 2172 2449 2237 laborent,
2479 2172 2726 2239 abjiciat;
2771 2188 2878 2226 non
2927 2182 3103 2228 tamen
3154 2174 3335 2228 statim

1801 2269 2057 2331 amputet,
2081 2276 2181 2316 nec
2208 2261 2486 2330 quibusvis
2515 2263 2699 2316 credat
2725 2263 2802 2328 “;
2834 2263 2892 2315 lit
2920 2266 3060 2317 enim
3092 2280 3336 2318 nonnun-

1799 2367 1981 2420 quam,
2017 2359 2076 2405 ut
2099 2352 2261 2421 aliqui
2290 2353 2626 2405 aemulatione
2651 2366 2716 2405 ac
2743 2350 2940 2405 invidia
2971 2351 3118 2405 ducti
3147 2352 3337 2406 adver-

1801 2457 1894 2496 sus
1917 2442 2134 2496 fratrem
2158 2441 2343 2496 falsam
2373 2442 3093 2508 accusationeminstituant;
3128 2450 3185 2495 ut
3208 2444 3334 2495 olim

1801 2530 2066 2600 Babylone
2110 2530 2218 2584 duo
2265 2546 2420 2585 senes
2463 2530 2720 2585 adversus
2744 2530 3127 2595 Susannam”,
3172 2539 3340 2602 utque

1803 2620 2052 2690 Egyptia
2084 2621 2277 2675 mulier
2308 2628 2495 2675 contra
2524 2619 2813 2689 Josepbum
2831 2621 2896 2675 “.
2925 2619 3076 2674 Talia
3122 2629 3202 2683 tu,
3243 2622 3336 2691 qni

1802 2709 1963 2764 homo
2004 2709 2098 2765 Dei
2127 2724 2206 2772 es,
2238 2724 2347 2763 non
2382 2720 2581 2764 temere
2609 2710 2876 2773 admittes,
2904 2725 2973 2765 ne
3000 2711 3142 2765 forte
3177 2711 3330 2765 inno-

1801 2806 2009 2853 centem
2037 2800 2291 2868 perimas,
2336 2806 2391 2854 et
2434 2799 2650 2853 occidas
2671 2798 2895 2866 justum.
2926 2798 3028 2864 Qui
3055 2801 3196 2854 enim
3222 2800 3338 2856 haec

1802 2888 2028 2943 libenter
2056 2887 2226 2952 audit,
2256 2888 2428 2957 magis
2455 2889 2549 2942 ira:
2572 2897 2722 2957 pater
2742 2895 2843 2951 est,
2860 2903 3017 2958 quam
3041 2891 3215 2958 pacis;
3245 2891 3339 2944 ubi

1804 2994 1932 3034 vero
1958 2979 2038 3033 ira
2071 2988 2172 3045 est,
2202 2979 2329 3033 hinc
2360 2978 2615 3033 Dominus
2644 2979 2825 3044 abest;
2857 2979 2982 3048 quia
3018 2979 3098 3033 ira
3127 2979 3341 3033 Satanae

1805 3068 2004 3135 amica;
2055 3069 2199 3122 illam
2244 3069 2387 3132 dico,
2421 3083 2561 3138 quae,
2588 3083 2619 3121 a
2664 3068 2817 3124 falsis
2870 3067 3126 3124 fratribus
3152 3076 3339 3123 contra

179 3156 346 3228 ἀφίησι
370 3159 620 3226 γενέσθαι
647 3157 896 3228 ὁμόνοιαν
923 3157 979 3209 ὲν
1005 3158 1070 3227 τῇ
1100 3154 1565 3226 Ἑκκλησίᾳ.”Οθεν
1593 3156 1704 3207 ὲπι-

1816 3159 2110 3227 !equitatem
2141 3158 2410 3214 concitata
2431 3193 2449 3221 ,
2506 3173 2777 3227 nunquam
2798 3158 3142 3213 concordiam
3170 3160 3223 3212 in
3247 3158 3341 3212 Ec-

178 3248 509 3312 γινώσκοντες
536 3250 669 3311 τοὺς
697 3246 969 3308 τοιούτους
995 3247 1250 3315 ἄφρονας,
1279 3242 1514 3315 ἐριστὰς,
1540 3241 1704 3313 ζηλω-

1816 3246 1978 3302 clesia
2007 3246 2303 3303 subsistere
2332 3247 2550 3316 patitur.
2588 3245 2738 3302 Unde
2770 3248 2999 3317 cognitis
3029 3248 3095 3303 iis
3118 3248 3343 3301 homini-

179 3335 281 3399 τὰς,
306 3338 729 3408 χαιρεσικάκους
756 3336 886 3407 (54),
930 3336 1003 3406 μὴ
1044 3334 1316 3387 πιστεύετε
1355 3335 1552 3397 αὐτοῖς*
1580 3332 1704 3387 ἀλλὰ

1816 3336 1930 3397 bus,
1961 3336 2404 3404 imprudentibus,
2429 3336 2802 3400 contentiosis,
2851 3336 3076 3400 aemulis,
3109 3337 3342 3391 malevo-

176 3428 258 3479 καὶ
293 3427 699 3499 παρατηρεῖσθε
739 3427 864 3489 τοὺς
889 3423 1174 3487 τοιούτους,
1202 3422 1483 3487 ἀκούοντές
1505 3439 1558 3475 τι
1583 3426 1712 3494 παρ’

177 3517 335 3570 αὐτῶν
375 3517 519 3571 κατά
558 3513 810 3583 ἀδελφοῦ·
852 3515 932 3567 ὅτι
967 3512 1112 3566 οὐδὲν
1140 3513 1196 3563 ὲν
1223 3511 1512 3582 ὀφθαλμοῖς
1538 3512 1713 3566 αὐτῶν

174 3607 334 3672 φόνος·
362 3608 456 3661 καὶ
482 3604 546 3661 οὗ
572 3622 662 3668 τις
693 3606 791 3674 οὐχ
826 3604 1058 3665 ὑπονοεῖ,
1087 3602 1501 3655 καταϐάλλουσιν
1527 3602 1710 3672 ἄνδρα.

176 3695 239 3748 Σὺ
264 3693 350 3749 οὖν
375 3696 611 3768 πρόσεχε
640 3695 720 3765 τῷ
748 3692 1184 3764 κατηγορηθέντι,
1205 3693 1263 3745 ὲν
1290 3694 1449 3764 σοφίᾳ
1474 3709 1715 3763 παρατη-

177 3784 273 3854 ρῶν
302 3786 399 3857 τὴν
437 3784 790 3856 ἀναστροφὴν
816 3782 1109 3860 αύτοῦητίς
1133 3782 1227 3835 καὶ
1250 3782 1407 3837 ὁποία
1443 3783 1710 3853 τυγχάνω

174 3875 259 3926 καὶ
283 3876 329 3928 εί
356 3874 543 3946 ιῦροις
574 3872 739 3928 αὐτὸν
755 3871 1099 3943 ἀληθεύοντα,
1119 3870 1259 3924 κατὰ
1281 3871 1378 3943 τὴν
1401 3870 1493 3924 τοῦ
1513 3873 1714 3943 Κυρίου

172 3960 376 4035 διδαχὴν
402 3963 658 4032 ποίησον,
684 3963 775 4014 καὶ⁸
804 3962 959 4031 μόνον
992 3960 1315 4030 παραλαϐὼν
1355 3960 1445 4014 τὸν
1488 3978 1719 4032 κατηγο-

177 4051 413 4120 ρηθέντα,
444 4051 671 4120 ἔλεγξον
709 4051 888 4114 αὐτὸν,
916 4050 1060 4113 ὅπως
1090 4050 1362 4120 μεταγνῷ,
1391 4050 1610 4120 μηδενός
1637 4068 1717 4106 σοι

177 4141 564 4212 συμπαρόντος.
597 4141 665 4193 Ei
690 4139 744 4192 δὲ
768 4141 829 4192 ού
857 4139 1120 4209 πεισθείη,
1147 4139 1429 4208 γενόμενος
1454 4138 1715 4210 δεύτερος,

174 4226 207 4298 ἢ
252 4231 448 4300 τρίτος,
476 4229 661 4287 οὕτως
707 4228 852 4299 αύτῷ
904 4227 1173 4292 ὑπόδειξον
1227 4228 1287 4280 τὸ
1329 4228 1715 4300 πλημμέλημα,

174 4316 493 4389 νουθετήσας
521 4313 691 4370 αὑτὸν
729 4317 786 4370 ἐν
828 4316 1089 4388 πραότητι
1115 4318 1208 4370 καὶ
1245 4318 1476 4389 παιδείᾳ·
1506 4320 1586 4372 ὅτι
1617 4337 1636 4371 ι
1660 4320 1718 4371 ὲν

175 4406 359 4478 καρδία
385 4407 572 4477 ἀγαθῇ
602 4406 969 4460 ἀναπαύσεται
1000 4408 1174 4475 σοφία·
1197 4408 1253 4460 ὲν
1277 4407 1332 4460 δὲ
1347 4409 1537 4480 καρδίᾳ
1554 4409 1718 4480 ἀφρό-

175 4509 272 4547 νων
293 4497 354 4548 ού
379 4495 818 4566 διαγινώσκεται.
845 4515 863 4549 ι

1806 3424 2062 3490 lentibus,
2092 3425 2257 3479 nolite
2280 3424 2436 3479 fidem
2468 3426 2575 3481 illis
2604 3425 2836 3492 habere;
2860 3427 2991 3495 quin
3019 3427 3196 3495 potius
3218 3442 3342 3480 cum

1807 3530 1903 3571 eos
1945 3514 2220 3569 audieritis
2263 3514 2482 3569 fratrem
2528 3517 2823 3579 criminari,
2853 3517 3154 3571 cautionem
3184 3518 3339 3570 adhi-

1810 3603 1928 3657 bete
1951 3621 1966 3670 ;
1993 3604 2116 3672 quia
2147 3602 2493 3657 homicidium
2537 3604 2697 3660 ludus
2740 3606 2848 3660 illis
2886 3606 3098 3659 videtur
3120 3620 3183 3659 ac
3208 3607 3343 3659 nihE-

1810 3694 1919 3746 lum
1940 3711 1954 3760 ;
1983 3702 2036 3748 et
2061 3693 2149 3748 ubi
2170 3709 2326 3749 nemo
2342 3695 2668 3763 suspicatur,
2686 3702 3031 3764 prosternunt
3047 3696 3337 3751 hominem.

1812 3778 1893 3835 Tu
1917 3797 2043 3851 ergo
2069 3790 2378 3837 accusatum
2404 3783 2705 3847 considera,
2732 3793 2785 3839 et
2808 3785 3072 3854 sapienter
3102 3785 3341 3853 expende

1810 3885 1988 3926 mores
2014 3871 2177 3935 illius,
2213 3871 2304 3941 qui
2331 3886 2393 3925 ac
2418 3873 2603 3942 quales
2631 3873 2776 3939 sint;
2808 3880 2860 3927 et
2887 3873 2932 3927 si
2973 3881 3341 3928 accusatorem

1811 3974 1936 4014 vere
1982 3974 2045 4013 ac
2080 3959 2225 4028 jnste
2255 3960 2399 4029 loqui
2431 3963 2778 4029 compereris,
2809 3963 3103 4018 secundum
3133 3962 3342 4017 Domini

1813 4049 2111 4104 doctrinam
2140 4048 2332 4116 facito;
2361 4065 2509 4105 reum
2536 4059 2869 4121 assumptum
2908 4053 3101 4117 solum,
3132 4054 3345 4107 nemine

1813 4144 2071 4208 praesente
2096 4152 2279 4208 argue,
2310 4148 2368 4191 ut
2392 4141 2757 4208 ptenitentiam
2788 4149 2909 4211 agat
2941 4160 2955 4197 :
2982 4141 3125 4211 quod
3158 4142 3205 4197 si
3234 4156 3343 4195 non

1815 4227 2013 4295 patitur
2046 4242 2103 4281 se
2130 4226 2460 4295 persuaderi,
2490 4229 2744 4284 adhibitis
2772 4230 2981 4287 duobus
3024 4231 3107 4285 vel
3148 4230 3343 4294 tribus,

1814 4316 1918 4385 ipsi
1949 4324 2207 4386 quantum
2240 4317 2524 4389 deliquerit
2563 4321 2865 4387 ostende",
2894 4322 3186 4376 admonens
3220 4336 3347 4376 eum

1816 4421 1937 4460 cum
1954 4409 2362 4464 mansuetudine
2381 4425 2445 4463 ac
2463 4411 2740 4480 disciplina
2762 4430 2775 4478 ;
2796 4413 3045 4482 quoniam
3071 4431 3090 4464 ι
3113 4413 3167 4466 in
3183 4409 3348 4465 corde

1750 4485 1793 4539 ῐ)
1820 4496 1960 4550 bono
2007 4498 2308 4566 requiescet
2354 4501 2644 4569 sapientia;
2674 4503 2728 4556 in
2757 4503 2916 4558 corde
2944 4510 3120 4558 autem
3149 4502 3347 4569 impru-

1821 4586 2056 4643 dentium
2086 4602 2194 4641 non
2226 4588 2638 4658 dignoscitur“.
2670 4610 2688 4642 ι

244 4798 287 4831 ³⁷
320 4797 479 4853 Deut.
523 4812 568 4859 ι,
628 4793 711 4856 16,
764 4802 819 4859 et
848 4808 959 4859 xvi,
996 4794 1095 4857 l8;
1124 4792 1286 4846 Zaclt.
1324 4807 1418 4858 vn,
1447 4793 1500 4845 9.
1574 4791 1690 4831 ³⁸-³ο

1816 4806 1932 4851 avt.
1963 4793 2050 4847 57.
2128 4793 2171 4824 ⁸ο
2194 4794 2277 4846 ιιι).
2314 4807 2406 4856 vn,
2439 4792 2525 4844 24.
2598 4790 2640 4822 ⁶¹
2680 4790 2791 4845 Luc
2824 4807 2920 4856 xu,
2961 4790 3047 4843 57.
3106 4789 3164 4859 ξ’
3187 4788 3344 4859 _Lau-

184 4865 338 4920 dtur
392 4882 425 4921 a
477 4858 755 4922 cedreno.
802 4858 952 4916 Vide
985 4859 1106 4915 νει.
1155 4859 1372 4916 Testim.
1446 4859 1492 4892 “
1522 4862 1654 4915 Dan.
1684 4878 1804 4918 xui.

193 4950 296 5002 XIV,
336 4938 425 4991 53.

1895 4863 1940 4894 ⁴²⁵
1981 4861 2114 4917 Gen.
2153 4877 2338 4915 xxxix.
2395 4854 2469 4892 ⁷⁸⁵
2498 4860 2687 4913 Matth.
2735 4854 3011 4924 “111,15.
3103 4854 3150 4888 “
3185 4855 3342 4911 Prov-

1460 5089 1819 5152 VARIORUM
1849 5098 2077 5155 NOTAE.

369 5269 679 5341 Omiseram
714 5270 907 5316 notare
938 5256 1292 5341 εξεςτιῖρρςειξ
1309 5254 1706 5341 ορριειξιειξρςίεν

184 5326 243 5392 δε
283 5347 577 5406 ριιωοεριο,
610 5332 809 5386 Estote
848 5326 994 5406 probi
1036 5326 1709 5406 traggsitte,sacerdotibus

181 5389 333 5469 (latet,-
346 5389 652 5473 congruere
682 5412 824 5473 curn
847 5389 1095 5473 oratione
1113 5389 1341 5473 Dionysii
1366 5389 1710 5473 Alexandrini

188 5456 481 5529 lethaea"
513 5456 672 5525 dicto
724 5462 866 5536 πρὸς
906 5461 1029 5520 τοὺς
1066 5456 1654 5536 δυκζᾳτώτέρῼυίθιρίξδο
1690 5484 1706 5521 :

184 5524 308 5595 alio;
322 5524 501 5596 ὶίῖὦέη
530 5538 587 5594 id
614 5524 787 5589 vocis'
813 5543 911 5599 pro
950 5525 1180 5595 generali
1208 5524 1403 5579 monito
1431 5524 1709 5589 habuisse.

183 5605 300 5663 Cor.

1889 5269 2000 5334 (52)
2041 5269 2108 5321 Ἢ
2142 5263 2593 5334 διδασκαλικοῷ
2622 5264 2791 5321 Deest
2836 5269 2889 5322 in
2940 5266 3126 5322 codice
3177 5271 3349 5326 altero

1821 5331 2238 5396 Vindobonensi,
2268 5340 2320 5388 et
2350 5334 2549 5402 abesse.
2564 5331 2756 5402 debet;
2787 5351 2965 5391 sermo
2988 5336 3131 5389 enim
3163 5346 3249 5392 est
3280 5340 3348 5395 de

1817 5405 2017 5475 judice,
2044 5419 2148 5475 non
2170 5404 2235 5456 de
2255 5402 2489 5475 doctore.
2512 5397 2681 5475 Cl._ER.

1950 5474 2002 5536 3)
2039 5474 2237 5536 Ὅπως.
2266 5468 2415 5535 Legit
2441 5468 2520 5519 ὅτι
2549 5468 2687 5536 alter
2708 5470 2827 5524 cod.
2853 5471 3011 5526 Vind.
3043 5469 3121 5525 In.

1950 5475 1976 5501 "
2039 5474 2237 5536 Ὅπως.
2267 5474 2415 5535 Legit
2441 5474 2520 5519 ὅτι
2549 5474 2687 5522 alter
2708 5474 2827 5524 cod.
2853 5474 3011 5526 Vind.
3043 5474 3121 5525 lo.

1892 5474 2005 5611 g3
2041 5536 2501 5611 Χαιρεσικάκρυς.
2521 5532 2721 5611 _\:ind.
2755 5541 2988 5611 codices,
3027 5541 3363 5611 ὲτνιχαιρεσιιι

1831 5601 2045 5675 κακούς,
2076 5624 2105 5661 a
2127 5601 2320 5677 (imbus
2346 5605 2493 5679 abest
2516 5601 2777 5671 ζηλωτάς.
2806 5607 2881 5663 In.
