3816 6376
475 319 581 376 σοι)

1345 322 1400 378 S.
1437 321 1828 378 CLEMENTIS
1860 322 1879 376 Ι
1914 322 2079 379 ROM.
2116 324 2314 382 PONT.
2349 326 2576 383 ΟΡΕΒΑ
2610 327 2837 384 DUBIA.

3608 320 3705 373 τοο

472 443 529 492 et
555 436 899 502 obduratum,
924 446 1055 493 tunc
1085 452 1207 492 cum
1242 436 1429 494 dolore
1453 439 1681 493 acluctu
1706 441 1773 494 ah
1797 438 2039 495 Ecclesia

2143 436 2351 507 ἔχοντα,
2374 441 2473 509 τῆς
2503 438 2829 509 Ἐκκλησίας
2856 438 3147 492 ἀπόκοπτε.
3177 436 3340 507 Λέγει
3358 426 3480 507 (γὰρ
3512 436 3548 506 ἡ
3570 436 3704 507 Γρα-

473 531 832 587 insanabilem
874 545 1081 586 reseca.
1106 530 1196 583 Ait
1237 530 1385 585 enim
1415 530 2037 601 Scripturachuferetis

473 626 674 679 malum
703 639 769 679 ex
799 622 951 678 vobis
974 621 1185 692 ipsis".
1219 639 1238 673 ι
1266 620 1331 676 Et
1357 641 1371 675 :
1403 640 1422 673 ι
1444 622 1648 678 Cautos
1664 622 1873 678 facietis
1896 623 2036 680 filios

472 716 720 773 Israel".
760 735 781 768 ι
815 714 880 769 Et
926 729 1145 769 rursum
1179 733 1195 767 :
1239 733 1257 766 ι
1295 712 1411 769 Non
1464 715 1699 785 accipies
1746 731 2035 786 personam

470 809 657 862 divitis
708 806 765 860 in
810 805 1051 874 judicio;
1086 813 1140 859 et
1172 805 1427 874 pauperis
1456 821 1563 860 non
1592 807 1938 862 misereberis
1978 808 2035 862 in

460 898 705 970 judicio;
737 896 994 966 quoniam
1036 894 1251 948 Domini
1277 903 1359 950 est
1382 896 1649 963 judicium
1670 898 1735 953 ‘°.
1775 917 1795 949 ι

1040 1006 1269 1062 CAPUT
1308 1007 1465 1063 XLII.

534 1100 569 1153 Ι
576 1102 772 1154 udicem
789 1117 891 1153 non
906 1099 1088 1154 debere
1116 1118 1225 1155 esse
1253 1111 1573 1167 acceptorem
1594 1118 1960 1171 personarum.

541 1191 598 1246 Si
639 1200 817 1245 autem
854 1191 990 1246 falsa
1023 1192 1092 1246 sit
1121 1199 1175 1246 et
1203 1192 1540 1249 calumniosa
1569 1197 1878 1263 accusatio;
1908 1214 2033 1254 vos—

465 1300 569 1356 que
600 1292 845 1356 pastores
876 1298 985 1337 una
1028 1298 1151 1337 cum
1197 1283 1465 1348 diaconis,
1501 1286 1586 1339 vel
1632 1302 1728 1355 per
1770 1290 2032 1357 acceptio-

465 1391 587 1431 ncm
636 1389 1021 1445 personarum,
1082 1375 1168 1429 vel
1223 1391 1318 1445 per
1366 1392 1652 1430 munerum
1701 1380 2027 1447 pactionem,

467 1469 710 1523 volentes
761 1467 1145 1521 calumniatori
1179 1475 1389 1537 gratum
1436 1468 1635 1533 facere,
1688 1470 2028 1525 mendacium

465 1567 720 1629 tanquam
750 1560 1031 1613 veritatem
1062 1558 1295 1628 amplexi
1332 1558 1566 1624 fueritis,
1594 1568 1648 1614 et
1682 1570 2026 1627 accusatum,

463 1652 588 1707 licet
632 1652 803 1721 culpae
834 1666 944 1704 non
996 1649 1230 1715 allinem,
1271 1650 1591 1720 expuleritis
1631 1651 1698 1705 ab
1746 1651 2025 1720 Ecclesia;

461 1745 727 1798 rationem
754 1742 995 1797 reddetis
1016 1742 1072 1796 in
1090 1742 1178 1797 die
1198 1740 1451 1808 Domini;
1474 1743 1732 1813 quoniam
1762 1745 2025 1815 scriptum

463 1845 586 1891 est:
622 1854 640 1888 ι
677 1834 1023 1891 lnnocentem
1073 1844 1127 1889 et
1188 1834 1396 1905 justum
1442 1850 1551 1888 non
1603 1834 1818 1891 occides
1862 1856 1875 1891 :
1916 1852 2029 1892 non

464 1928 699 1999 accipies
722 1944 948 1983 munera
976 1928 1042 1981 ad
1072 1926 1480 1997 percutiendam
1512 1927 1776 1995 animam;
1803 1944 2027 1984 munera

461 2020 608 2075 enim
652 2028 930 2075 excaecant
984 2020 1176 2073 oculos
1226 2019 1559 2090 sapientum,
1599 2026 1654 2075 et
1711 2028 2028 2091 pervertunt

460 2112 625 2166 verba
666 2112 1027 2181 justorum“.
1070 2130 1089 2163 ι
1142 2110 1209 2165 Et
1264 2128 1459 2169 rursus
1491 2132 1506 2169 :
1539 2131 1557 2164 ι
1592 2110 1697 2177 Qui
1720 2112 2027 2184 justificalt

461 2201 687 2273 impium
742 2211 991 2273 propter‘
1023 2218 1271 2267 munera,
1303 2212 1356 2259 et
1402 2204 1674 2274 justitiam
1702 2204 1837 2273 justi
1876 2204 2027 2260 aufe-

460 2304 589 2348 runt
605 2296 669 2351 δ’.
708 2313 726 2346 ι
762 2294 1039 2350 Attendite
1082 2295 1265 2365 igitur,
1312 2312 1379 2350 ne
1419 2304 1731 2365 acceptores
1766 2312 2026 2366 persona-

460 2402 580 2440 rum
627 2385 776 2451 facti,
829 2385 957 2440 huic
1010 2383 1223 2440 Domini
1273 2386 1393 2440 voci
1435 2386 1816 2455 subjiciamini.
1848 2385 2027 2454 Quare

459 2477 721 2547 injustam
766 2477 1060 2547 cujuslibet
1114 2477 1639 2543 condemnationem,
1672 2488 1724 2533 et
1750 2479 2026 2549 improbo-

460 2585 581 2625 rum
630 2570 996 2640 patrocinium
1045 2569 1234 2625 vitate.
1286 2587 1304 2621 ι
1342 2568 1435 2624 Va:
1464 2565 1610 2622 enim
1636 2569 1737 2635 illi,
1767 2571 1863 2641 qui
1893 2571 2025 2626 dicit

461 2661 662 2715 malum
689 2661 913 2726 bonum,
952 2668 1007 2715 et
1032 2659 1235 2714 bonum
1266 2660 1754 2727 malum;amarum
1777 2661 1954 2730 dulce,
1971 2670 2024 2719 et

459 2753 617 2809 dulce
645 2767 923 2820 amarum;
952 2754 1045 2822 qui
1087 2752 1239 2821 ponit
1268 2752 1450 2806 lumen
1489 2753 1761 2816 tenebras,
1788 2763 1841 2808 et
1869 2762 2023 2810 tene-

457 2845 585 2899 bras
625 2845 806 2900 lumen
821 2846 885 2900 ⁸³.
936 2865 953 2897 ι
984 2844 1118 2897 Nam
1159 2844 1377 2914 quando
1414 2844 1552 2898 alios
1578 2844 1781 2914 injuste
1817 2847 2022 2904 conde-

457 2938 734 3001 mnabilis,
766 2937 870 3007 ipsi
914 2945 1105 2991 contra
1143 2953 1241 2991 vos
1290 2936 1615 2991 sententiam
1644 2937 1862 3006 feretis;
1895 2945 2024 3010 quia

456 3028 720 3084 Dominus
760 3029 867 3083 ait:
898 3047 915 3078 ι
944 3027 1062 3093 Quo
1087 3027 1297 3096 judicio
1330 3027 1725 3096 judicaveritis,
1747 3029 2021 3098 judicabi-

2140 526 2214 600 ἱρή
2228 529 2310 561 ³⁷⁸
2328 545 2342 560 ⁸
2378 548 2397 580 ι
2438 529 2709 602 Ἐξαρεῖτε
2735 530 2841 601 γὰρ
2859 529 2949 583 τὸν
2966 528 3195 600 πονηρὸν
3216 528 3274 595 ἐξ
3294 526 3455 598 ὑμῶν
3472 525 3668 580 αὐτῶν.
3681 547 3700 578 ι

2141 620 2277 673 Καί·
2318 639 2338 674 ι
2378 620 2638 685 Εὑλαϐεἶς
2666 623 2917 692 ποιήσετε
2941 623 3065 685 τοὺς
3092 622 3239 683 υἱοὺς
3283 619 3522 690 Ἰσραήλ.
3556 637 3576 669 ι
3599 619 3708 671 Καὶ

2141 712 2329 767 πάλιν⁸
2370 730 2389 764 ι
2426 714 2501 767 Οὐ
2525 713 2667 784 λήψῃ
2693 713 2983 785 πρόσωπον
3014 712 3266 765 πλουσίου
3298 713 3359 763 ὲν
3387 710 3589 782 κρίσει,
3614 712 3707 762 καὶ

2141 806 2344 875 πένητα
2377 805 2479 859 οὐκ
2502 805 2744 876 ὲλεήσεις
2768 807 2826 861 ὲν
2856 805 3053 877 κρίσει,
3076 802 3265 857 ὅτιτοῦ
3290 802 3497 874 Κυρίου
3529 802 3567 872 ἡ
3588 802 3707 873 κρί-

2141 911 2243 960 σις.
2289 916 2309 949 ι

2644 1007 3037 1061 ΚΕΦΑΛΑῘΟΝ
3066 1007 3197 1061 MB’.

2135 1096 2263 1151 Ὅτι
2289 1097 2401 1167 χρὴ
2432 1095 2543 1170 (54)
2570 1098 3130 1166 ἀπροσωπόληπτον
3154 1098 3310 1151 εἶναι
3339 1096 3444 1150 τὸν
3471 1096 3697 1164 κριτήν.

2212 1191 2337 1245 Ἐὰν
2379 1191 2436 1245 δὲ
2476 1190 2675 1262 ψευδὴς
2766 1193 2799 1261 ἠ
2840 1189 3140 1262 κατηγορία
3183 1190 3281 1259 τῆς
3313 1188 3582 1259 διαϐολῆς,
3613 1191 3705 1241 καὶ

2130 1283 2287 1355 ὑμεῖς
2328 1284 2377 1337 οί
2424 1283 2680 1355 ποιμένες
2711 1286 2805 1337 σὺν
2832 1286 2943 1346 τοῖς
2997 1283 3260 1344 διακόνοις
3288 1282 3398 1353 (55)
3425 1282 3488 1335 τδ
3514 1281 3702 1350 ψεῦπ

2128 1375 2203 1439 ὡς
2248 1375 2502 1448 ἀλήθειαν
2550 1375 2941 1448 παραδέξησθε,
2973 1374 3005 1446 ἢ
3040 1374 3127 1428 διὰ
3163 1374 3639 1446 προσωποληψίαν,
3669 1373 3702 1443 ἦ

2126 1465 2213 1520 διὰ
2247 1466 2432 1539 δώρων
2460 1468 2779 1539 ἐξαλλαγὴν,
2813 1466 3118 1539 βουλόμενοι
3146 1467 3205 1520 τὸ
3232 1466 3461 1539 ἀρεστὸν
3489 1465 3567 1535 τῷ
3591 1464 3706 1517 δια-

2127 1558 2266 1629 ϐόλῳ
2313 1563 2503 1625 ποιεῖν,
2534 1560 2623 1614 τὸν
2650 1560 3116 1632 κατηγορούμενον
3156 1560 3273 1630 μὲν,
3306 1558 3621 1629 ὑπάρχοντα
3648 1557 3704 1609 δὲ

2127 1650 2223 1702 τοῦ
2254 1651 2593 1724 ἐγκλήματος
2619 1653 2914 1724 ἀλλότριον,
2937 1647 3335 1722 ἀπώσησθετῆς
3354 1647 3702 1720 Ἐκκλησίας,

2127 1739 2281 1809 λόγον
2322 1742 2543 1812 ὑφέξετε
2586 1744 2644 1796 ὲν
2686 1746 2752 1815 τῇ
2781 1743 2962 1815 ἡμέρα
3005 1740 3227 1813 Κυρίου·
3260 1742 3341 1794 ὅτι
3368 1741 3700 1811 γέγραπταιο

2134 1851 2154 1883 ι
2176 1832 2372 1886 Ἀθῶον
2401 1834 2494 1886 καὶ
2522 1834 2723 1891 δίκαιον
2768 1835 2865 1888 οὐκ
2909 1835 3241 1896 ἀποκτενεῖς·
3271 1833 3332 1885 οὐ
3360 1832 3505 1903 λήψῃ
3532 1832 3703 1903 δῶρα,

2130 1925 2363 1989 πατάξαι
2414 1925 2608 1997 ψυχήν⁹
2664 1925 2733 1979 τὰ
2776 1925 2884 1998 γὰρ
2927 1926 3073 1997 δῶρα
3118 1924 3370 1993 ὲκτυφλοϊ
3394 1924 3707 1994 ὀφθαλμοὺς

2129 2017 2329 2086 σοφῶν,
2358 2018 2449 2070 καὶ
2475 2016 2788 2089 λυμαίνεται
2820 2019 3035 2090 ῥήματα
3062 2016 3354 2071 δικαίων.»
3387 2017 3500 2069 Καὶ
3516 2015 3700 2069 πάλινν

2133 2128 2151 2160 ι
2204 2110 2267 2162 Οἱ
2310 2108 2639 2171 δικαιοῦντες
2666 2108 2757 2163 τὸν
2794 2108 2962 2180 ἀσεϐῆ
3019 2108 3202 2162 ἕνεκεν
3254 2107 3461 2180 δώρων,
3493 2108 3589 2161 κιι)⁵
3643 2106 3705 2159 τὸ

2124 2198 2328 2253 δίκαιον
2369 2199 2462 2253 τοῦ
2506 2199 2714 2253 δικαίου
2761 2200 3022 2271 αἴροντες.
3062 2218 3082 2251 ι
3116 2199 3415 2271 Προσέχετε
3443 2198 3556 2270 (56)
3584 2194 3702 2263 οὖν,

2129 2292 2323 2361 μήπως
2349 2291 2815 2363 προσωπολῆπται
2842 2292 3117 2362 γενόμενοι
3148 2292 3461 2362 υποπέσητε
3488 2293 3558 2361 τῇ
3588 2308 3704 2359 φω-

2124 2386 2189 2455 νῇ
2218 2383 2310 2437 τοῦ
2340 2384 2545 2456 Κυρίου
2574 2385 2769 2455 ταύτῃ.
2801 2382 3140 2438 Φυλάσσεσθε
3187 2380 3280 2437 οὖν
3332 2384 3393 2436 τὸ
3447 2382 3705 2453 κατακρί-

2123 2491 2233 2529 νειν
2283 2474 2435 2539 τινὰς
2489 2476 2706 2540 ἀδίκως,
2737 2478 2829 2530 καὶ
2889 2480 3205 2549 συνηγορεῖν
3259 2480 3369 2541 τοῖς
3422 2480 3699 2549 πονηροῖς.

2130 2585 2149 2619 ι
2184 2566 2320 2622 Οὐαὶ
2346 2566 2455 2640 γὰρ
2493 2568 2570 2640 τῷ
2596 2568 2804 2637 λέγοντι
2829 2568 2891 2623 τὸ
2917 2570 3149 2642 πονηρὸν
3184 2570 3365 2634 καλὸν,
3396 2571 3489 2624 καὶ
3515 2571 3578 2623 τὸ
3604 2588 3704 2622 κα-

2122 2657 2213 2714 λὸν
2241 2659 2494 2731 πονηρὸν,
2523 2660 2583 2714 τὸ
2627 2660 2821 2732 πικρὸν
2849 2661 3041 2729 γλυκὺ,
3073 2662 3167 2714 καὶ
3193 2660 3253 2715 τὸ
3279 2661 3451 2730 γλυκὺ
3480 2662 3702 2731 πικρὸν,

2123 2750 2201 2821 τῷ
2252 2752 2451 2805 τιθέντι
2502 2752 2563 2807 τὸ
2615 2752 2730 2822 φῶς
2785 2753 2991 2817 σκότος,
3022 2754 3115 2807 καὶ
3157 2754 3217 2806 τὸ
3261 2753 3454 2817 σκότος
3500 2754 3639 2822 φῶς.
3679 2773 3696 2805 ι

2136 2843 2261 2898 Ἐὰν
2281 2844 2390 2917 (57)
2418 2843 2525 2916 γὰρ
2552 2845 2769 2916 ἐτέρους
2796 2844 2995 2908 ἀδίκως
3023 2844 3405 2916 κατακρίνητε,
3437 2844 3558 2898 καθ’
3580 2845 3705 2897 ὲαυυ

2122 2936 2230 2989 τῶν
2282 2936 2661 3006 ἀποφαίνεσθε
2711 2938 2791 2989 ὃτι
2834 2936 2981 3005 λέγει
3036 2936 3255 3008 Κύριος·
3294 2956 3312 2987 ι
3348 2932 3422 3008 τῼ
3469 2937 3703 3008 κρίματι

2123 3028 2355 3100 κρίνετε,
2386 3028 2730 3102 κριθήσεσθε,
2760 3030 2855 3083 καὶ
2970 3028 3376 3092 καταδικάζετε,
3408 3030 3702 3083 καταδικα-

457 3121 679 3181 mini,et
702 3135 810 3190 quo
849 3118 1362 3184 condemnavcritis,
1393 3118 1965 3178 condemuabimini“.
1998 3140 2015 3173 ι

2134 3119 2416 3192 σθήσεσθε.
2458 3140 2476 3172 ι
2510 3121 2573 3174 Ei
2622 3116 2715 3174 οὖν
2756 3120 3269 3191 ἀπροσωπολήπτως
3313 3121 3547 3193 κρίνετε,
3576 3122 3703 3174 ἐπι-

457 3212 501 3241 ⁶⁸
520 3210 660 3281 Ergo
690 3211 734 3264 si
779 3210 984 3279 absque
1012 3224 1368 3279 personarum
1399 3210 1712 3280 acceptione
1736 3210 2016 3280 judicatis,

456 3304 761 3373 agnoscetis
811 3310 1208 3365 accusatorem,
1256 3301 1348 3372 qui
1402 3303 1664 3358 adversus
1712 3305 2017 3373 proximum

457 3411 615 3449 suum
660 3393 854 3448 falsum
888 3391 992 3447 fert
1018 3393 1413 3460 testimonium,
1439 3400 1493 3447 et
1523 3394 1871 3449 declarabitis
1894 3411 2017 3450 eum

455 3487 773 3548 delatorem,
814 3485 1080 3549 invidum,
1114 3484 1463 3550 homicidam,
1496 3486 1747 3554 malignis
1785 3487 2017 3541 alterca-

454 3580 692 3633 tionibus
721 3586 774 3632 et
824 3577 1298 3633 criminationibus
1340 3583 1537 3629 cuncta
1590 3577 1919 3641 turbantem,
1952 3579 2007 3633 in

453 3671 633 3727 verbis
665 3671 998 3735 instabilem,
1031 3670 1251 3725 sibimet
1314 3669 1370 3723 in
1419 3667 1580 3723 dictis
1633 3668 1749 3725 suis
1798 3678 2018 3725 contra-

454 3766 617 3827 rium,
644 3771 697 3819 et
726 3764 931 3833 pr0prii
981 3763 1095 3817 oris
1138 3760 1321 3816 verbis
1364 3768 1623 3830 captum:
1673 3761 1776 3832 ipsi
1818 3763 2018 3832 quippe

452 3855 611 3910 fortis
657 3855 880 3924 laqueus
920 3853 1204 3918 incumbit,
1236 3852 1377 3907 labia
1413 3867 1531 3908 sua.
1557 3852 1602 3883 °°
1638 3852 1719 3907 Tu
1763 3854 1908 3909 hunc
1936 3856 2017 3910 vi—

452 3964 596 4012 rum,
615 3948 899 4002 convictus
919 3962 1041 4001 cum
1074 3945 1237 4000 fuerit
1260 3944 1382 4000 falsi
1406 3945 1728 4009 testimonii,
1744 3945 2017 4015 judicabis

452 4054 658 4105 severe,
691 4046 744 4093 et
771 4037 951 4110 gladio
976 4037 1114 4108 ignis
1150 4035 1358 4099 trades;
1389 4034 1665 4106 faciesque
1695 4037 1796 4108 ipsi
1827 4054 2019 4108 quem-

454 4130 744 4185 admodum
787 4130 1034 4200 proximo
1079 4128 1347 4183 malitiose
1396 4127 1573 4184 facere
1609 4128 1918 4185 destinabat
1938 4130 2013 4198 ‘7;

2126 3210 2396 3279 γνώσεσθε
2424 3210 2515 3264 τὸν
2543 3211 2948 3284 κατηγοροῦντα
2990 3211 3130 3265 κατά
3155 3211 3246 3265 τοῦ
3276 3195 3501 3283 πλησίον
3529 3212 3701 3266 αὐτοῦ

2128 3303 2546 3374 μαρτυρήσαντα
2566 3302 2675 3374 (58)
2704 3301 2893 3378 ψευδῆ,
2925 3304 3018 3357 καὶ
3044 3303 3310 3368 ἐπιδείξας
3346 3305 3508 3357 αὐτὸν
3538 3321 3701 3357 συκο-

2124 3394 2347 3465 φάντην,
2395 3395 2678 3465 βάσκανον,
2714 3396 2898 3465 φονέα,
2930 3396 3267 3467 ταράσσοντα
3297 3397 3374 3460 ὡς
3402 3396 3571 3449 κακδν
3602 3398 3701 3450 ἀν-

2120 3486 2397 3555 τιλογίαις,
2443 3487 2671 3541 ἄστατον
2724 3488 2783 3541 ὲν
2835 3490 2949 3551 τοῖς
3001 3488 3197 3557 λόγοις,
3228 3488 3406 3559 ἑαυτῷ
3454 3486 3699 3541 ἐναντίον

2120 3578 2204 3648 ἐφ’
2246 3575 2326 3643 οἷς
2370 3577 2687 3648 φθέγγεται,
2716 3580 2811 3633 καὶ
2866 3580 3217 3651 ἁλισκόμενον
3274 3581 3513 3650 ῥήμασιν
3560 3579 3698 3631 ἰδίου

2122 3669 2404 3742 στόματος⁹
2450 3671 2617 3739 παγὶς
2643 3670 2752 3744 γὰρ
2779 3671 2926 3743 αὐτῷ
2960 3670 3155 3743 ἰσχυρὰ
3182 3671 3471 3742 ἐφέστηκε,
3502 3670 3568 3724 τὰ
3589 3671 3701 3725 ἴδια

2119 3763 2287 3834 χείλη.
2326 3764 2421 3818 Ὃν
2453 3763 2590 3836 μετὰ
2631 3764 2755 3828 τοὺς
2797 3764 3051 3834 ἐλέγχους
3077 3764 3174 3834 τῆς
3200 3763 3546 3833 ψευδολογίας
3572 3780 3703 3833 κρι-

2118 3858 2226 3920 νεῖς
2271 3857 2579 3929 ἀποτόμως,
2609 3856 2702 3911 καὶ
2729 3859 2796 3928 τῇ
2830 3855 3071 3927 μαχαίρᾳ
3105 3854 3198 3908 τοῦ
3234 3854 3406 3926 πυρὸς
3450 3854 3701 3924 παραδώ-

2122 3965 2251 4012 σεις’
2309 3950 2402 4002 κα)
2454 3949 2697 4019 ποιήσεις
2748 3946 2917 4017 αὐτῷ,
2947 3947 3007 3999 ὃν
3050 3946 3247 4017 τρόπον
3291 3944 3700 4015 ὲπονηρεύσατο

2121 4042 2340 4114 ποιῆσαι
2376 4040 2453 4113 τῷ
2481 4040 2725 4112 πλησίον’
2754 4041 2878 4094 ὅσον
2906 4036 3014 4110 γὰρ
3055 4039 3311 4110 ἐλάλησεν
3333 4038 3376 4069 ⁸⁸
3404 4038 3491 4090 ἐπ’
3519 4037 3697 4107 αὐτῷ,

2119 4133 2373 4203 ἐφόνευσε
2418 4132 2508 4186 τὸν
2551 4130 2797 4201 ἀδελφὸν,
2853 4130 3137 4204 προλαϐὼν
3190 4130 3260 4183 τὰ
3301 4124 3415 4183 ὦτα
3442 4128 3536 4181 τοῦ
3572 4146 3699 4199 κρι-

451 4229 714 4292 quantum
753 4221 897 4275 enim
939 4219 1054 4290 ipse
1095 4219 1290 4290 potuit,
1326 4218 1549 4273 fratrem
1581 4222 1812 4288 necavit,
1854 4237 2015 4279 aures

2134 4224 2229 4277 τοῦ·
2278 4223 2581 4295 γέγραπται
2622 4222 2698 4287 δὲ,
2727 4222 2810 4274 ὄτι
2844 4240 2863 4274 ι
2898 4224 2926 4275 ὁ
2954 4222 3158 4292 ὲκχέων
3203 4217 3342 4292 αἷμα
3372 4220 3693 4292 ἀνθρώπου,

454 4313 649 4385 iudicis
694 4311 1055 4383 oceupando:
1109 4311 1370 4389 scriptum
1426 4319 1605 4367 autem
1656 4321 1739 4369 est
1789 4331 1803 4369 :
1852 4331 1871 4365 ι
1913 4314 2015 4380 Qui

2134 4315 2238 4369 ὶντὶ
2281 4314 2375 4367 τοῦ
2420 4314 2646 4386 αἵματος
2687 4312 2850 4366 αὐτοῦ
2899 4312 3275 4384 ὲκχυθήσεται’
3318 4313 3430 4384 (59)
3460 4313 3554 4365 καὶ
3614 4312 3700 4376 ἑξ-

453 4407 699 4463 είῐιιιιετὶι
775 4404 1096 4475 sanguinem
1162 4402 1421 4467 hominis,
1489 4420 1590 4474 pro
1656 4421 1722 4463 eo
1794 4406 2016 4479 sanguis

2120 4410 2271 4481 αρεῖς
2285 4409 2344 4461 τὸ
2364 4403 2499 4477 αἷμα
2520 4408 2579 4459 τὸ
2605 4407 2840 4459 ἀναίτιον
2857 4406 2962 4458 ἀπὸ
2983 4404 3095 4468 σοῦ,
3114 4406 3172 4458 τὸ
3194 4405 3423 4477 ἐκχυθὲν
3455 4406 3656 4476 μάτην.
3672 4424 3690 4451 ι

453 4498 570 4569 ejus
618 4496 920 4552 ell‘undetur
939 4493 1016 4562 “;
1045 4499 1099 4549 et
1124 4491 1335 4550 auferes
1374 4495 1696 4566 sanguinem
1719 4496 1995 4554 innoxium
2026 4513 2058 4553 a
2088 4506 2159 4565 te,
2193 4499 2285 4570 qui
2318 4498 2521 4554 effusus
2549 4505 2633 4553 est
2658 4499 2777 4553 s':nc
2800 4497 3045 4551 causa".
3086 4515 3103 4547 ι

520 4662 905 4736 ""Hasvpces
938 4663 1401 4736 supplevimusex
1430 4664 1682 4736 versione
1721 4662 1937 4736 Latina,
1971 4675 2283 4736 quanquam
2322 4661 2376 4736 i_n
2422 4670 2568 4736 textu
2597 4660 2787 4736 (ἔταξοο
2815 4663 3146 4736 §ubiutc||igi
3179 4667 3412 4736 possint.
3459 4664 3557 4719 Eu.
3586 4666 3697 4719 [Ἀ-

445 4752 609 4791 τιιοι..
686 4734 731 4766 ⁸⁸
763 4732 917 4787 Deut.
951 4730 1084 4798 xvii,
1119 4734 1169 4787 7.
1246 4736 1292 4768 ”
1317 4734 1443 4788 Lev.
1467 4750 1558 4800 xv,
1594 4734 1685 4787 5i.
1762 4734 1806 4763 ⁵ο
1837 4730 2010 4800 Exod.
2038 4750 2039 4781 ς

2134 4747 2194 4795 ιι,
2228 4732 2299 4798 5;
2331 4730 2505 4787 Levit.
2530 4747 2643 4799 xu,
2674 4733 2778 4795 15;
2812 4733 2966 4787 Deut.
3007 4750 3045 4796 ι,
3079 4730 3194 4788 1ν7.’
3242 4738 3284 4768 ⁶¹
3318 4734 3494 4788 Exod.
3532 4753 3694 4799 mu,

446 4809 504 4871 7,
530 4808 590 4870 8;
634 4803 791 4859 Deut.
829 4819 998 4871 xxvii,
1028 4804 1099 4858 25
1125 4812 1180 4859 et
1208 4818 1322 4871 ινι,
1356 4804 1445 4859 l9.
1481 4798 1779 4859 Cédrenus.
1808 4800 1946 4856 Vide
1968 4798 2090 4856 Vet.
2122 4799 2349 4857 Testim.
2427 4802 2473 4834 ⁶¹
2495 4800 2603 4859 lsa.
2630 4798 2701 4871 'v,
2726 4802 2817 4857 23.
2892 4802 2937 4834 “
2962 4802 3094 4859 Ibid.
3129 4803 3218 4859 ‘20.
3295 4804 3342 4837 “
3363 4803 3558 4858 Matth.
3590 4798 3693 4867 vn,

453 4881 516 4945 2;
550 4879 681 4935 Luc.
725 4896 801 4943 vi,
842 4879 929 4933 57.

1005 4875 1051 4907 ⁸⁸
1074 4873 1281 4927 Laudat
1338 4873 1639 4940 Cedrenus,
1686 4877 1906 4935 ibidem.
1977 4880 2022 4911 ⁸⁸
2054 4879 2354 4941 Cedrenus,
2402 4878 2622 4933 ibidem.

2730 4876 2773 4910 ⁸⁷
2809 4873 2967 4930 Deut.
3013 4887 3126 4936 xix,
3197 4872 3287 4927 19.
3362 4875 3409 4909 ⁵⁸
3445 4876 3536 4930 Al.
3562 4874 3629 4927 τὸ
3656 4881 3697 4932 ι’.

454 4941 737 5022 summ.
767 4941 927 5003 Deest
953 4947 1007 5000 in
1032 4952 1263 5016 utroque
1284 4941 1447 5002 Vind.
1519 4947 1563 4978 ⁶⁹
1584 4945 1718 5002 Gen.
1750 4963 1827 5007 IX.
1859 4948 1913 5004 6.
1987 4950 2033 4981 ⁷ο

2134 4956 2228 5004 :ut.
2260 4963 2370 5011 xxx,
2402 4949 2487 5003 15.

1756 5063 2121 5121 VARIORUM
2153 5063 2387 5119 NOTAE.

524 5154 636 5225 (54)
668 5155 811 5226 κοτέ-
838 5154 973 5224 χρή.
1004 5155 1123 5210 Alia
1151 5164 1235 5213 est
1279 5132 1567 5224 inscriptio
1609 5156 1805 5226 capitis
1839 5157 1892 5209 in
1935 5156 2016 5210 al-

457 5223 572 5277 tero
601 5223 723 5279 cod.
766 5223 1198 5291 Vindobonensi,
1248 5226 1343 5282 sed
1379 5223 1498 5295 quae
1544 5223 1693 5279 nihil
1726 5226 1791 5279 ad
1844 5242 1959 5281 rem
1997 5244 2010 5279 :

2124 5171 2239 5207 mus
2268 5153 2457 5219 Iacob,
2498 5162 2551 5209 et
2587 5155 2795 5222 judices
2842 5154 3029 5210 domus
3058 5151 3248 5214 Israel,
3293 5162 3612 5222 εαρλψ-γε
3637 5148 3704 5205 9;

2136 5217 2491 5295 habitumque
2538 5217 2601 5279 in
2635 5234 2902 5280 conventu
2935 5224 3258 5279 clelicorum
3289 5217 3484 5276 dicunt
3512 5217 3699 5273 Elibe—

458 5295 578 5374 "Qu
603 5295 707 5366 χρὴ
733 5296 859 5374 τοὺς
886 5296 1289 5374 ἁμαρτάνοντας
1319 5293 1622 5374 ίδιαζόντως
1649 5295 2018 5374 ξλέγχεινικαὶ

2134 5295 2300 5374 τηεμ).
2318 5293 2558 5374 episcopi
2588 5310 2795 5349 canone
2818 5295 2891 5374 7g
2941 5308 3065 5350 eor.

452 5365 579 5437 τοὺς
610 5364 1403 5437 μετανοοῦνταςπροσδέχεσθαι
1432 5364 1573 5417 κατὰ
1610 5365 1722 5437 τὴν
1755 5364 1859 5437 *τοῦ
1904 5366 2016 5417 Κυ-

457 5432 862 5505 plasma-rainy.
896 5432 1145 5505 Forte'id
1166 5432 1473 5505 caputqhinc
1498 5432 1723 5505 excidit.
1755 5433 1829 5488 lo.

528 5503 638 5583 (15.5)
677 5503 868 5583 Ὑμεῖς
896 5508 949 5583 οὶ
968 5502 1252 5583 ,ποιμένεςῖ
1278 5503 1399 5557 σὺν
1427 5503 1548 5569 τοῖς
1576 5502 1891 5583 διακόζοις.
1923 5502 2020 5557 Ju-

457 5571 584 5627 dicii
610 5571 980 5644 ecclesiastici
1010 5571 1133 5643 erga
1188 5583 1532 5644 peccatorum
1591 5588 1713 5644 reos
1756 5572 2009 5642 frequens

458 5643 657 5713 mentio
691 5643 743 5696 in
770 5645 903 5697 libro
926 5645 1049 5707 hoc,
1076 5641 1134 5697 ut
1155 5641 1207 5697 ei
1222 5645 1362 5713 apud
1391 5641 1633 5713 Veteres.
1661 5642 1736 5713 Eo
1777 5648 1829 5713 in
1844 5641 2010 5713 judi-

456 5712 541 5764 cio
596 5712 969 5769 sacerdotibus
1009 5711 1273 5769 diaconos
1310 5712 1488 5781 jungit
1523 5713 1684 5766 etiam
1713 5712 1774 5770 Β.
1816 5711 2008 5766 lliero-

457 5796 648 5839 nvmus
682 5783 750 5837 ad
792 5784 922 5839 illud
957 5783 1222 5839 Miclizeze:
1257 5783 1448 5837 Audite
1492 5782 1585 5837 hoc
1620 5784 1876 5852 principes
1913 5781 2006 5836 do-

2195 5364 2306 5432 (56)
2336 5361 2684 5433 Προσέχετε,
2714 5373 2821 5418 etc.
2850 5364 2973 5417 Haec
3004 5378 3105 5417 vox
3135 5361 3407 5433 et‘decem
3455 5373 3702 5428 sequen-

2126 5430 2211 5489 tes
2235 5430 2434 5488 desunt
2458 5434 2510 5486 in
2532 5430 2726 5501 altero,
2767 5434 2889 5488 cod.
2918 5433 3149 5487 Vindob.
3176 5430 3347 5486 CLEB.

2197 5504 2308 5573 (57)
2343 5503 2501 5566 Ἐάν,
2533 5522 2587 5557 κ.
2607 5520 2656 5557 τ.
2672 5496 2722 5556 λζ
2737 5505 2877 5558 Ante
2899 5503 2999 5558 has
3023 5516 3183 5557 voces
3208 5501 3465 5573 leguntur
3483 5499 3535 5553 in

2114 5567 2347 5695 Viritdolb.
2381 5575 2697 5645 προσέχετε,
2726 5581 2857 5639 etc.,
2891 5588 3012 5644 qua:
3051 5573 3107 5626 in
3142 5567 3522 5641 superioribus
3546 5567 3698 5623 abe-

2114 5658 2208 5695 ran
2244 5683 2255 5695 .
2305 5658 2356 5695 ι).

2113 5650 2255 5697 rant.
2286 5650 2356 5697 In.

2182 5712 2294 5783 (58)
2330 5712 2820 5781 Μαρτυρήσαντα.
2851 5712 2986 5767 Cod.
3016 5711 3193 5783 Vind.
3212 5708 3532 5783 μαρτυρίαν.

2183 5779 2293 5853 (59)
2345 5779 2499 5838 um:
2528 5779 2659 5849 gos
2712 5784 2977 5853 αἵματος,
3024 5779 3224 5837 αὑτοῦ
3256 5779 3683 5851 ἐκχυθήσεται
