3816 6372
144 293 243 351 709

1036 287 1647 347 CONSTITUTIONES
1680 290 2356 350 APOSTOLICE.—~IJB.
2389 290 2451 345 ιι.

3259 298 3360 355 710

144 424 237 473 σιν,
277 403 385 472 ἀλλ’
433 402 669 475 ἑκάστης
717 400 873 457 ίδίαψ
945 402 1083 473 μετά
1144 404 1342 476 πολλῆς
1386 408 1679 478 φρονήσεως

1800 411 1967 474 tiam,
2021 409 2117 464 sed
2161 396 2229 463 de
2279 422 2609 479 unoquoque
2656 409 2934 480 propriam
3016 426 3141 467 cum
3188 419 3357 471 multa

140 500 393 570 κρίνοντες
411 497 618 550 ἕκαστα
634 494 741 548 τῶν
763 494 1266 565 πλημμελημάτων,
1295 495 1365 549 τά
1382 514 1442 549 τε
1463 497 1691 569 σμικρὰ,

139 592 220 644 καὶ
261 587 327 641 τά
376 586 610 658 μεγάλα,
656 588 751 640 καὶ
792 586 965 649 ἄλλως
1012 587 1122 656 (87)
1166 586 1350 658 ἔργου,
1399 589 1493 642 καὶ
1535 588 1692 657 λόγου

137 680 278 734 πάλιν
320 680 544 751 ἑτέρως,
593 680 688 732 καὶ
728 678 1036 749 προθέσεως
1081 677 1213 748 (88),
1260 678 1293 749 ἢ
1341 678 1690 751 λοιδορίας,ή

136 772 431 843 ὑπολήψεως
458 771 749 842 διαφόρως,
781 770 875 823 καὶ
901 771 1028 834 τοὺς
1060 770 1158 840 μὲν
1189 769 1475 835 ὑποϐαλεῖς
1506 773 1693 843 μόναις

132 866 392 927 ἀπειλαῖς,
450 865 578 925 τοὺς
634 861 693 914 δὲ
751 862 998 933 πενήτων
1044 863 1352 934 χορηγίαις,
1397 863 1589 927 ἀλλους
1634 863 1691 917 δὲ

133 956 384 1029 νηστείαις
416 952 720 1016 στιϐώσεις,
751 954 846 1006 καὶ⁵
875 954 1094 1025 ἐτέρους
1120 954 1420 1025 ἀφορίσεις,
1466 956 1603 1027 πρὸς
1630 956 1692 1010 τὸ

133 1047 339 1119 μέγεθος
365 1045 461 1099 τοῦ
488 1045 826 1117 ἐγκλήματος
855 1046 1053 1098 αὐτῶν.
1078 1047 1189 1097 Καὶ
1217 1045 1325 1116 γὰρ
1355 1047 1448 1100 καὶ
1474 1049 1504 1100 ό
1531 1047 1692 1118 νόμος

128 1143 179 1194 οὐ
219 1139 414 1202 παντὸς
461 1139 855 1210 ἁμαρτήματος
893 1139 994 1211 τὴν
1025 1138 1194 1209 αὐτὴν
1240 1140 1475 1192 ἐποιεῖτο
1520 1157 1692 1209 τιμω-

131 1233 256 1303 ρίαν,
283 1230 420 1284 ἀλλά
446 1229 618 1292 ἄλλως
649 1231 748 1301 μὲν
776 1230 846 1283 τά
873 1232 951 1293 εἰς
983 1230 1113 1283 θεὸν
1142 1231 1236 1283 καὶ
1277 1232 1357 1294 είς
1402 1230 1553 1302 ἱερέα
1595 1232 1690 1285 καὶ

124 1328 195 1387 εἰς
226 1324 363 1396 ἱερὸν
390 1324 486 1376 καὶ
531 1324 611 1386 είς
644 1324 860 1394 ἱερεῖον,
907 1323 1111 1393 ἑτέρως
1137 1322 1208 1375 τά
1235 1326 1315 1386 είς
1345 1323 1565 1393 βασιλέα
1595 1324 1689 1378 καὶ

126 1419 340 1486 ἄρχοντα
385 1416 478 1469 καὶ
520 1414 854 1487 στρατιώτην
898 1416 991 1469 καὶ
1036 1415 1310 1487 ὑπήκοον,
1341 1416 1686 1489 όμότιμον,ἢ

121 1510 339 1579 οἰκέτην,
371 1508 404 1579 ἦ
434 1509 515 1571 είς
540 1508 743 1578 κτῆμα,
763 1507 795 1578 ἢ
819 1508 898 1570 είς
925 1506 1136 1575 ἄλογον,
1168 1508 1261 1560 καὶ
1290 1507 1450 1560 πάλιν
1479 1508 1688 1579 παρηλ-

124 1600 386 1671 λαγμένως
425 1598 496 1651 τά
539 1601 618 1661 εἰς
657 1600 833 1666 γονεῖς
862 1599 957 1650 καὶ
987 1600 1288 1666 συγγενεῖς,
1320 1598 1493 1661 ἄλλως
1520 1598 1589 1651 τὰ
1629 1599 1688 1663 ἐξ

121 1693 307 1760 ἐφόδου,
341 1691 438 1744 καὶ
462 1689 533 1743 τά
558 1689 828 1751 ἀκουσίως
856 1689 1077 1760 ἑτέρως·
1129 1690 1222 1742 καὶ
1250 1692 1362 1752 τοῖς
1392 1689 1489 1759 μὲν
1517 1689 1683 1742 θάνα⁴

1794 500 2084 569 prudentia
2131 499 2441 569 judicantes
2489 500 2701 570 singula
2751 502 2980 567 delicta,
3031 518 3154 558 cum
3194 521 3359 576 parva
3408 558 3420 575 ν,

1794 600 1907 646 tum
1957 607 2184 661 magna;
2247 599 2410 662 atque
2461 593 2619 647 aliter
2662 594 2970 649 sancientes
3017 596 3085 651 de
3133 610 3361 668 peccato

1793 684 1997 754 aperis,
2032 684 2337 753 iterumque
2379 683 2536 738 aliter
2578 684 2645 739 de
2692 694 2918 754 peccato
2954 691 3243 754 sermonis,
3275 691 3362 745 di-

1792 791 1948 830 verse
1975 775 2140 830 etiam
2169 774 2236 830 de
2273 774 2485 830 delictis
2523 777 2809 845 propositi,
2846 785 2939 831 aut
2977 780 3232 846 convicii,
3264 790 3359 836 aut

1792 867 2146 937 suspicionis.
2188 866 2253 921 Et
2291 867 2508 936 quidem
2551 884 2613 922 ex
2660 870 3042 938 peccatoribus
3085 872 3186 927 hos
3223 876 3359 931 solis

1791 959 1955 1013 minis
2003 958 2296 1027 subjicies;
2340 959 2464 1013 illos
2493 960 2855 1031 eleemosynis
2880 978 3008 1033 erga
3052 980 3355 1036 pauperes;

1790 1050 1928 1104 alios
1958 1064 2088 1103 vero
2116 1049 2346 1118 jejuniis
2387 1051 2735 1119 comprimes,
2781 1060 2835 1106 et
2876 1054 3012 1108 alios
3052 1070 3153 1124 pro
3180 1060 3356 1126 gravi-

1789 1150 1901 1195 tate
1933 1142 2178 1196 criminis
2208 1141 2292 1196 sui
2325 1156 2355 1193 a
2389 1141 2636 1197 fidelibus
2668 1146 2971 1213 separabis.
3001 1145 3188 1217 Neque
3211 1151 3358 1204 enim

1790 1234 1872 1287 lex
1906 1231 2052 1286 omni
2095 1239 2320 1301 peccato
2350 1240 2594 1287 eamdem
2625 1234 2951 1290 decernebat
2979 1252 3226 1306 poenam;
3261 1243 3358 1296 sed

1789 1326 1950 1378 aliam
1991 1323 2209 1393 quidem
2250 1325 2561 1380 commissis
2593 1325 2647 1378 in
2692 1325 2883 1387 Deum,
2927 1338 2979 1381 et
3010 1329 3065 1382 in
3102 1333 3359 1387 sacerdo-

1787 1423 1920 1479 tem,
1962 1422 2016 1469 et
2066 1415 2124 1469 in
2174 1416 2456 1485 templum,
2483 1424 2537 1470 et
2582 1418 2635 1471 in
2685 1421 3085 1487 sanctuarium;
3132 1424 3357 1479 alteram

1787 1522 1918 1561 vero
1948 1507 2249 1577 designatis
2298 1507 2560 1562 adversus
2594 1525 2795 1579 regem,
2825 1519 2880 1565 et
2909 1514 3208 1583 principem
3234 1554 3250 1578 ,
3303 1524 3360 1572 et

1786 1601 2040 1665 militem,
2071 1608 2126 1656 et
2153 1600 2483 1669 subjectum,
2537 1602 2798 1657 adversus
2838 1604 3124 1672 aqualem,
3160 1607 3245 1660 vel
3278 1606 3359 1659 fa-

1788 1693 2029 1758 mulum,
2090 1692 2205 1747 sive
2259 1700 2451 1746 contra
2495 1694 2941 1763 possessionem,
2997 1702 3093 1748 aut
3150 1712 3355 1766 pecus;

119 1802 195 1838 τον
219 1784 250 1855 ἢ
277 1783 367 1836 διὰ
392 1782 699 1854 σταυροῠ,ἢ
731 1782 821 1835 τὸν
851 1781 939 1834 διὰ
968 1780 1153 1845 λίθων,
1176 1784 1287 1844 τοῖς
1318 1781 1373 1834 δὲ
1391 1780 1613 1852 ζημίαν,
1643 1782 1676 1852 ἢ

1782 1784 2087 1853 iterumque
2106 1782 2377 1839 diversam
2401 1784 2615 1839 delictis
2638 1785 2691 1838 in
2716 1794 2969 1855 parentes
2989 1795 3043 1841 et
3063 1798 3354 1860 cognatos;

122 1876 392 1947 μάστιγας,
422 1875 456 1946 ἢ
484 1875 546 1927 τὸ
572 1873 641 1927 τὰ
668 1876 829 1945 ὃμοια
860 1873 1051 1926 παθεῖν
1078 1869 1157 1937 οἷς
1184 1873 1425 1945 ἔδρασεν.
1473 1873 1680 1928 Οὐκοῦν

119 1969 198 2019 καὶ
247 1968 406 2037 ὑμεῖς
458 1965 567 2018 τῶν
619 1964 885 2035 διαφόρων
940 1965 1350 2037 ἁμαρτημάτων
1395 1966 1680 2037 διαφόρους

117 2058 329 2113 ποιεῖσθε
362 2058 456 2112 καὶ
481 2057 580 2121 τὰς
610 2056 895 2127 τιμωρίας,
928 2057 1016 2111 ἵνα
1047 2057 1120 2129 μή
1147 2075 1231 2121 τις
1257 2058 1437 2112 ἀδικία
1468 2076 1681 2131 παρεμ-

117 2151 334 2205 πεσοῦσα
368 2151 564 2221 κινήσῃ
591 2148 681 2202 τὸν
710 2149 841 2201 Θεὸν
868 2149 1007 2221 πρὸς
1033 2150 1423 2221 ἀγανάκτησιν.
1443 2147 1551 2215 Ἧς
1570 2151 1678 2224 γὰρ

117 2244 171 2297 ἂν
194 2246 370 2297 ἀδίκου
403 2241 638 2314 κρίσεως
670 2244 885 2313 μεσῖται
929 2242 1183 2313 γένησθε,
1212 2243 1417 2314 ταύτης
1456 2245 1547 2297 κα)⁹
1586 2245 1677 2299 τὸν

113 2337 203 2389 ἀπὸ
226 2334 357 2387 Θεοῦ
389 2334 623 2406 λήψεσθε
653 2334 861 2406 μισθόν·
918 2354 938 2388 ι
965 2332 1037 2406 ⁷ῼ
1056 2335 1164 2407 γὰρ
1188 2336 1416 2407 κρίματι
1442 2337 1675 2409 κρίνετε,

112 2426 436 2496 κριθήσεσθε.
470 2445 488 2477 ι

599 2720 994 2778 ΚΕΦΑΔΑῙΟΝ
1028 2723 1160 2779 ΜΘνο

193 2833 468 2900 Ὀποίους
510 2833 662 2888 εἶναι
860 2837 1001 2902 τοὺς
1048 2839 1435 2909 κατηγόρους,
1480 2840 1579 2896 καὶ

719 2924 1047 2974 μαρτιφας.

163 2995 499 3060 Καθίσαντες
526 2992 619 3051 οὖν
645 2997 739 3051 ἐπὶ
765 2999 825 3052 τὸ
866 3001 1169 3071 κριτήριον,
1212 3002 1496 3072 παρόντων
1540 3002 1673 3057 ἐκα-

1784 1875 2022 1944 ρθσοιιιὶε
2050 1891 2116 1929 ex
2146 1875 2411 1929 industria
2446 1877 2631 1941 aliam,
2677 1884 2731 1931 et
2762 1876 2924 1931 aliam
2956 1893 3068 1931 non
3102 1882 3358 1935 volunta-

1780 1967 1881 2022 riis
1915 1986 1927 2021 :
1958 1977 2119 2037 atque
2162 1966 2375 2038 aliquos
2406 1968 2623 2037 quidem
2655 1985 2780 2024 reos
2808 1970 3113 2024 alliciebant
3142 1984 3315 2028 morte
3336 2013 3353 2037 .

1781 2076 1877 2116 seu
1926 2062 2129 2127 crucis,
2174 2077 2272 2116 seu
2322 2061 2692 2132 lapidationis,
2742 2070 2968 2118 caztcros
3001 2065 3225 2129 mulcta,
3259 2074 3355 2119 aut

1780 2155 2119 2218 verberibus,
2155 2163 2247 2208 aut
2291 2156 2513 2210 talionis
2560 2157 2847 2225 supplicio.
2890 2156 3059 2228 Igitur
3084 2174 3183 2214 vos
3219 2175 3357 2229 quo-

1779 2262 1883 2316 que
1911 2248 2145 2302 diversis
2177 2248 2418 2317 peccatis
2447 2249 2695 2303 diversas
2723 2264 2915 2318 pmnas
2948 2252 3210 2321 lmponile
3229 2292 3245 2316 ,
3288 2268 3360 2308 ne

1777 2354 1886 2408 qua
1913 2339 2115 2407 injuria
2138 2338 2387 2393 incidens
2418 2346 2676 2409 provocet
2698 2339 2867 2394 Deum
2900 2342 2967 2395 ad
2989 2342 3352 2398 iracundiam.

1776 2430 1948 2500 Cujus
1989 2431 2190 2486 etenim
2233 2431 2407 2501 iniqui
2450 2431 2641 2501 judicii
2687 2433 2842 2487 eritis
2873 2433 3087 2497 arbitri,
3133 2434 3253 2502 ejus
3301 2442 3356 2488 et

1777 2522 2080 2577 mercedem
2132 2523 2412 2591 accipietis
2458 2538 2487 2576 a
2526 2523 2638 2577 Deo
2680 2542 2693 2577 :
2748 2541 2766 2573 ι
2797 2523 2916 2589 Quo
2959 2524 3105 2578 enim
3146 2524 3356 2594 judicio

1772 2612 2170 2683 judicaveritis,
2196 2615 2662 2685 judicabimini”.
2694 2634 2713 2664 ι

2335 2726 2564 2781 CAPUT
2603 2726 2789 2782 XLIX.

1966 2841 2161 2908 Quales
2199 2858 2312 2896 esse
2341 2841 2485 2896 decet
2516 2852 2872 2908 accusatores,
2909 2852 2958 2895 et
2988 2851 3161 2897 testes.

1848 2996 2112 3052 Sedcntes
2144 2998 2312 3069 igitur
2347 2998 2400 3051 in
2434 2998 2717 3060 tribunali,
2768 2998 3132 3067 praasentibus
3180 2997 3350 3052 utris-

102 3088 258 3157 τέρων
309 3088 423 3141 τῶν
480 3086 810 3160 προσώπων,
857 3090 919 3143 οὐ
976 3091 1085 3163 γὰρ
1134 3092 1364 3164 ἐροῦμεν
1407 3094 1669 3164 ἀδελφῶν,

1782 3104 1881 3159 que
1922 3091 2169 3159 personis
2205 3089 2355 3159 (non
2384 3091 2528 3144 enim
2560 3105 2655 3143 eos
2688 3089 3081 3158 appellabimus
3127 3089 3348 3155 fratres,

104 3178 283 3250 μέχρις
310 3172 374 3232 οὗ
408 3179 638 3244 ἑαυτοὺς
666 3182 724 3234 ὲν
764 3183 950 3253 εἰρήνῃ
996 3182 1375 3248 ἀπολάϐωσιν,
1416 3186 1673 3258 ὲρευνᾶτε

103 3270 325 3340 ἀκριϐῶς
355 3272 489 3343 περὶ
514 3271 622 3324 τῶν
649 3272 1004 3344 ἐνεχομένων·
1057 3276 1150 3328 καὶ
1178 3276 1394 3348 πρῶτον
1424 3278 1553 3350 περὶ
1578 3278 1672 3333 τοῦ

102 3362 539 3433 κατηγοροῦντος,
569 3364 617 3416 εἰ
648 3362 863 3435 πρώτου
900 3365 1009 3435 (89)
1041 3366 1231 3420 τούτου
1262 3372 1591 3440 κατηγορεῖ,
1637 3370 1671 3442 ἢ

101 3454 182 3506 καὶ
208 3455 419 3524 ἑτέροις
446 3456 587 3508 τισὶν
619 3456 937 3529 ἐγκλήματα
972 3459 1319 3530 κατενήνοχε,
1364 3460 1459 3513 καὶ
1501 3462 1550 3513 εί
1597 3460 1671 3533 μὴ

102 3545 156 3598 ὲκ
195 3546 459 3617 μέμψεως
498 3546 678 3600 αὐτῶν
720 3551 753 3620 ή
802 3547 1101 3617 φιλονεικία
1119 3550 1165 3581 ⁸⁸
1212 3552 1307 3604 κα)⁸
1334 3550 1395 3604 τὸ
1424 3551 1673 3623 ἔγκλημα

103 3636 393 3701 ὑπόκειται,
426 3640 524 3691 καὶ
552 3638 712 3692 ὁποία
737 3657 821 3704 τις
859 3642 893 3711 ή
935 3641 1247 3714 ἀναστροφὴ
1288 3641 1452 3696 αὑτοῦ
1498 3644 1674 3716 ὑπάρ-

101 3747 188 3799 χει’
221 3732 314 3785 καὶ
342 3730 590 3795 τοιοῦτος
616 3731 672 3784 δὲ
703 3732 777 3786 ὢν
807 3733 1201 3805 εὐσυνείδητος,
1233 3734 1307 3806 μὴ
1336 3736 1673 3789 πιστευέσθω

106 3821 263 3887 μόνος
314 3823 638 3895 παράνομον
682 3823 791 3896 γὰρ
820 3826 881 3879 τὸ
907 3824 1164 3879 τοιοῦτονο
1208 3826 1323 3879 ἀλλ’
1366 3829 1537 3898 ἐχέτω
1579 3829 1672 3882 καὶ

103 3915 301 3983 ἐτέρους
332 3916 644 3987 μάρτυρας,
673 3916 890 3986 ὁμοίους
918 3917 1065 3989 αὐτῷ
1091 3918 1182 3971 τὸν
1208 3919 1427 3990 τρόπον’
1490 3920 1673 3984 καθὼς

100 4008 124 4057 ὁ
146 4007 297 4077 νόμος
324 4008 479 4076 λέγει
506 4024 522 4038 ο
558 4026 577 4059 ι
618 4009 740 4061 Ἐπὶ
771 4008 1035 4080 στόματος
1061 4009 1153 4064 δύο
1193 4012 1288 4065 καὶ
1330 4012 1496 4083 τριῶν
1529 4030 1670 4085 μαρ-

100 4098 260 4169 τύρων
288 4100 627 4171 σταθήσεται
655 4102 763 4153 πᾶν
794 4101 963 4172 ῥῆμα.
991 4121 1010 4154 ι
1041 4101 1193 4156 Διατί
1221 4103 1277 4156 δὲ
1306 4106 1550 4177 εἴπομεν,
1580 4105 1671 4159 τὸν

98 4190 281 4261 τρόπον
327 4190 515 4245 αὐτῶν
562 4191 958 4264 ἐπιζητεῖσθαι,
1003 4196 1183 4259 ὁποῖος
1225 4195 1335 4268 (90)
1378 4196 1669 4268 τυγχάνει;

98 4282 267 4356 ἐπειδὴ
312 4284 581 4347 πολλάκις
624 4286 880 4357 ἐγχωρεῖ,
933 4288 1026 4340 καὶ
1078 4290 1203 4351 τοὺς
1253 4288 1347 4343 δύο
1399 4290 1494 4343 καὶ
1544 4292 1672 4354 τοὺς

99 4375 334 4441 πλείονας
361 4378 460 4431 ἐπὶ
489 4377 644 4448 κακῷ
675 4380 1020 4451 μαρτυρῆσαι
1038 4420 1052 4444 ,
1082 4381 1176 4434 καὶ
1206 4380 1511 4452 συμφώνως
1538 4400 1672 4455 προ-

1770 3181 1945 3235 donec
1971 3196 2093 3234 cum
2123 3196 2257 3250 pace
2299 3196 2358 3235 se
2397 3180 2452 3234 in
2482 3180 2914 3236 benevolentiam
2950 3180 3341 3250 susceperint),

1772 3272 2041 3342 exquirite
2071 3272 2357 3341 diligenter
2404 3271 2473 3326 de
2507 3272 2937 3338 altercantibus;
2979 3286 3042 3324 ac
3074 3274 3249 3341 primo
3280 3272 3351 3326 de

1773 3371 2111 3429 accusatore,
2139 3378 2207 3416 an
2238 3364 2383 3418 hunc
2404 3364 2639 3433 primum
2673 3370 2917 3427 accuset,
2945 3364 3029 3417 vel
3061 3363 3184 3419 aliis
3212 3378 3350 3433 quo-

1772 3470 1878 3524 que
1908 3456 2136 3510 crimina
2167 3455 2471 3526 impegerit,
2509 3465 2562 3510 et
2594 3470 2776 3509 annon
2807 3470 2872 3508 ex
2905 3454 3127 3522 querela
3157 3470 3345 3508 eertum

1774 3561 1837 3600 ac
1878 3547 2226 3603 contentione
2276 3547 2484 3602 crimen
2531 3548 2873 3616 suppositum
2916 3547 3008 3611 sit,
3057 3554 3111 3601 et
3157 3547 3349 3616 quales

1773 3639 1883 3694 sint
1915 3655 2097 3695 mores
2136 3640 2449 3695 accusantis
2483 3658 2496 3694 :
2536 3641 2625 3693 cui
2662 3640 2787 3693 licet
2822 3640 2964 3692 bona
3010 3638 3347 3693 conscientia
3404 3636 3413 3643 ’

1774 3733 1935 3797 freto,
1967 3734 2069 3789 soli
2109 3744 2287 3788 tamen
2319 3733 2453 3788 ﬁdes
2493 3748 2604 3786 non
2644 3732 3007 3798 habeatur“;
3058 3731 3110 3784 id
3146 3731 3347 3799 quippe

1773 3826 2020 3898 iniquum
2085 3836 2202 3893 est;
2243 3826 2337 3881 sed
2376 3826 2572 3879 habeat
2601 3832 2652 3879 et
2686 3825 2825 3879 alios
2852 3832 3048 3890 testes,
3079 3824 3127 3877 ei
3159 3824 3347 3892 probi-

1771 3928 1881 3974 tate
1913 3935 2124 3974 morum
2149 3920 2495 3983 consimiles;
2537 3915 2996 3986 quemadmodum
3048 3915 3131 3969 lex
3177 3916 3343 3974 dicit;

1777 4029 1795 4063 ι
1827 4011 1885 4064 In
1913 4027 2008 4066 ore
2032 4010 2266 4064 duorum
2308 4019 2360 4065 et
2386 4010 2551 4062 trium
2581 4007 2803 4063 testium
2831 4007 2997 4062 stabit
3026 4022 3189 4062 omne
3216 4023 3344 4062 ver-

1771 4102 1977 4157 bum".
2004 4120 2021 4153 ι
2041 4102 2219 4168 Quare
2246 4108 2424 4155 autem
2438 4100 2697 4165 diximus,
2722 4099 2920 4168 inquiri
2939 4106 3191 4170 oportere
3219 4116 3343 4171 quae

1772 4195 1843 4250 sit
1875 4195 2095 4251 testium
2120 4194 2268 4248 vita?
2299 4194 2450 4264 quia,
2480 4193 2712 4267 scilicet,
2740 4207 3115 4262 saepenumero
3140 4194 3341 4259 evenit,

1772 4295 1831 4340 ut
1861 4287 1970 4341 duo
1997 4288 2082 4342 vel
2106 4286 2294 4357 plures
2322 4285 2695 4341 testimonium
2737 4284 2925 4340 dicant
2969 4286 3022 4339 in
3062 4286 3208 4340 malo
3231 4326 3246 4351 ,
3289 4294 3346 4341 et

1771 4393 1879 4432 una
1904 4393 2038 4433 voce
2067 4378 2352 4433 mendacio
2397 4376 2797 4447 suﬂragentur;
2837 4384 2897 4430 ut
2930 4376 3201 4447 Babylone
3235 4377 3346 4431 duo

100 4471 270 4541 στῆναι
296 4470 398 4523 τοῦ
428 4469 673 4539 ψεύδους·
732 4471 807 4534 ὡς
834 4472 961 4535 τοὺς
984 4471 1077 4524 δύο
1105 4472 1506 4544 πρεσϐυτέρους
1532 4474 1673 4528 κατά

1782 4487 1933 4527 senes
1962 4481 2154 4526 contra
2187 4471 2495 4527 Susannam
2512 4472 2579 4535 ⁸⁸,
2624 4478 2678 4525 et
2715 4471 2770 4524 in
2817 4468 3066 4525 Samaria
3107 4470 3201 4524 ﬁlii
3235 4472 3342 4524 ini-

100 4561 374 4634 ἃοσάννης
403 4564 463 4615 ἐν
492 4561 791 4626 Βαϐυλῶνι,
823 4564 917 4616 καλ⁸
943 4564 1070 4626 τοὺς
1099 4564 1251 4626 υἱοὺς
1288 4564 1396 4617 τῶν
1426 4566 1666 4637 παρανό-

1773 4565 1997 4634 quitatis
2016 4572 2208 4619 contra
2232 4564 2591 4619 Nabuthzeum
2607 4564 2674 4628 ",
2699 4570 2752 4618 et
2773 4562 3162 4634 Hierosolymis
3182 4564 3344 4618 turba

104 4672 203 4721 μων
231 4655 382 4709 κατὰ
407 4655 504 4709 τοῦ
533 4655 808 4709 Ναϐουθαὶ
836 4657 893 4708 ἐν
923 4655 1227 4727 Σαμαρείᾳ,
1258 4657 1353 4711 καὶ
1377 4658 1440 4711 τὸ
1466 4658 1667 4730 πλῆθος

1782 4656 2079 4711 Ιιιὰαεοιουιη
2116 4657 2378 4713 adversus
2422 4656 2713 4711 Dominum
2730 4656 2799 4721 ",
2837 4656 3069 4726 ejusque
3108 4654 3344 4724 primum

96 4749 190 4799 τῶν
228 4748 506 4803 Ἰουδαίων
533 4745 675 4802 κατά
708 4746 803 4800 τοῦ
832 4745 1037 4818 Κυρίου
1067 4748 1125 4799 ἐν
1168 4747 1540 4821 Ἰερουσαλὴμ,
1571 4751 1668 4803 καὶ

1782 4758 2060 4821 martyrem
2085 4747 2418 4819 Stephanum
2431 4751 2498 4805 ⁹¹.
2528 4749 2648 4805 Sint
2672 4752 2836 4821 igitur
2855 4757 3026 4804 testes
3048 4748 3342 4813 mansueti,

99 4839 223 4894 κατὰ
249 4840 529 4911 Στεφάνου
554 4839 649 4894 τοῦ
676 4838 1138 4912 πρωτομάρτυρος
1163 4838 1347 4894 αὐτοῦ.
1384 4842 1668 4899 Ἔστωσαν

1782 4844 1866 4898 ira:
1885 4849 2161 4912 expertes,
2186 4842 2349 4912 :equi,
2378 4843 2645 4898 charitate
2675 4842 2908 4915 przediti,
2944 4847 3339 4910 temperantes.

158 5045 201 5077 ”
228 5044 428 5099 Matth.
456 5060 558 5104 vn,
589 5043 646 5099 2.
722 5042 769 5074 ⁸⁸
796 5043 867 5095 Ἢ
898 5043 1243 5113 φιλονεικίας,
1275 5046 1357 5099 vel
1387 5045 1420 5117 ἢ
1452 5044 1679 5116 φιλονειν

161 5116 310 5169 Deut.
348 5132 465 5169 xu.
504 5116 592 5169 l5.
668 5114 714 5145 ⁸⁸
736 5111 877 5167 Dan.
909 5130 1030 5169 xm.
1107 5115 1239 5168 "Ill
1270 5116 1401 5169 Rea.
1438 5132 1549 5169 χιιι.
1647 5117 1679 5147 ⁹⁴

1846 5044 1897 5076 ⁸ο
1928 5043 2208 5100 Laudatur
2239 5061 2268 5100 a
2297 5046 2569 5101 Cedreno.
2607 5043 2744 5099 Vide
2768 5042 2921 5100 Test.
2953 5026 3237 5100 Veterum.

1782 5114 1914 5169 atth.
1950 5131 2097 5169 xxvi.
2176 5117 2217 5149 ⁸⁸
2245 5117 2365 5169 Act.
2399 5132 2451 5169 vt
2483 5127 2536 5169 et
2567 5132 2663 5169 vn.

92 5116 126 5144 ³⁷
161 5116 310 5171 Deut.
348 5132 465 5180 xix,
504 5116 592 5170 l5.
668 5114 714 5145 ⁸⁸
736 5111 877 5167 Dan.
909 5111 1030 5170 ιιιιι.
1107 5115 1239 5168 ⁸⁸11⁸
1270 5111 1549 5187 Reg-'3"
1647 5117 1679 5147 Μ

1782 5114 1914 5170 atth.
1950 5131 2097 5172 τινι.
2176 5117 2217 5149 ⁹¹
2245 5117 2365 5171 Act.
2399 5132 2451 5171 vt
2483 5127 2536 5171 et
2567 5132 2663 5170 vn.

1397 5289 1763 5347 VARIORUM
1796 5290 2027 5348 ΝΟΤίΕ.

164 5442 275 5508 '87)
316 5442 433 5497 Kal
460 5443 677 5509 ἄλλως.
708 5443 876 5499 Abest
913 5443 1006 5497 καί
1048 5443 1104 5497 in
1126 5442 1364 5501 Vindob.
1406 5443 1528 5497 cod.
1565 5459 1664 5499 nec

1782 5448 2070 5515 κατηγορεῖ
2098 5444 2191 5499 καὶ
2220 5444 2426 5515 ἑτέροις
2459 5462 2471 5497 :
2506 5460 2571 5496 an
2603 5451 2723 5496 ante
2757 5442 3076 5515 Imnc_quyem
3106 5455 3338 5499 accusat.

106 5515 469 5567 .lct'cssal'ium
493 5523 595 5568 est.
615 5518 779 5572 Cten.
848 5582 861 5583 ί
1774 5512 1934 5568 etiam
1983 5512 2105 5570 aliis
2156 5512 2515 5568 accusationes
2553 5515 2835 5583 impegerit.
2894 5512 3096 5568 Eodem
3153 5530 3338 5570 sensu.

164 5583 273 5654 (88)
313 5583 433 5636 Kal
459 5586 808 5649 προθέσεως.
843 5582 970 5640 Dele
999 5583 1093 5638 καί
1134 5599 1197 5639 ex
1225 5584 1413 5639 eodem
1455 5583 1662 5649 codice,

1782 5585 1941 5640 ELea.

102 5661 150 5704 ct
176 5651 561 5727 distingue
589 5654 806 5727 ἑτέρως·
831 5654 1171 5727 προθέσεως,
1202 5664 1308 5727 etc=
1340 5654 1415 5708 lo.
1444 5722 1455 5727 _
1628 5716 1657 5727 _

1845 5655 1955 5727 (90)
2006 5656 2255 5722 Ὀποῖος.
2287 5653 2450 5710 Vind.
2480 5653 2603 5710 cod.
2633 5653 2813 5718 ὁποῖός
2839 5670 2939 5718 τις.
2981 5651 3058 5708 ιο.

165 5723 276 5788 (89)
316 5727 390 5781 El
437 5716 692 5792 ἆρώτουξ
732 5716 1059 5781 Οο‹1.’γὶηι1.
1107 5716 1169 5779 Εἰ
1217 5722 1323 5796 πρὸ
1366 5722 1555 5778 τούτου
1600 5716 1660 5779 οὗ
