3816 6424
464 316 566 371 ’2Ιὸ

1306 314 1363 369 S.
1406 312 1813 368 CLEMENTIS
1850 314 1869 367 I
1908 312 2074 367 ROM.
2112 311 2314 367 PONT.
2351 311 2578 368 OPERA
2616 313 2842 369 DUBIA.
3594 317 3696 368 illi

462 435 556 505 qui
606 442 932 488 sententiam
989 430 1412 502 et'suﬂ‘ragiu‘m
1480 430 1548 485 de
1605 430 1806 499 capite,
1851 437 2030 482 contra

2149 448 2248 500 φον
2281 430 2511 484 Θανάτου
2545 433 2574 483 6
2606 432 2813 503 μέλλων
2840 432 3091 502 ἐκφέρειν
3120 431 3238 483 κατ’
3267 430 3454 491 αὑτοῦ,
3474 430 3609 501 πρὸς
3625 437 3697 485 τδν

466 543 618 584 reum
641 528 852 582 laturus
882 534 987 589 est,
1034 510 1269 579 sublatis
1312 523 1380 577 ad
1412 523 1580 577 solem
1607 521 1881 586 manibus,
1912 535 2037 575 cen-

462 629 715 683 testatur,
739 620 1012 674 insontem
1042 631 1102 671 se
1128 631 1252 671 esse
1281 614 1506 669 humani
1530 612 1836 684 sanguinis.
1862 612 2039 681 Atque

459 714 537 767 illi
569 714 637 767 ab
665 714 769 766 hoc
796 711 1003 765 scelere
1033 708 1354 771 abhorrent,
1385 707 1639 778 quamvis
1668 706 1780 760 sint
1808 704 2033 767 ethnici,

457 815 512 859 et
558 805 731 875 ignari
773 812 886 857 tum
915 801 1241 864 divinitatis,
1284 809 1398 855 tum
1438 799 1665 853 ultionis
1701 797 1899 852 divinae
1940 796 2037 851 ad-

458 910 675 950 versum
709 895 880 964 ipsos,
906 894 953 949 si
977 894 1296 948 innocentes
1320 907 1483 962 poena
1512 890 1851 945 mulctarint.

1045 984 1277 1041 CAPUT
1308 982 1443 1038 LIII.

593 1077 746 1142 Quod
776 1093 878 1130 non
901 1084 1103 1146 oportet
1128 1074 1308 1146 ﬁdeles
1333 1076 1467 1128 inter
1494 1091 1549 1128 se
1576 1073 1902 1129 discordare.

530 1162 640 1218 Vos
662 1173 866 1227 autem,
894 1172 1291 1235 cognoscentes
1322 1165 1447 1235 quis
1472 1163 1545 1219 sit
1570 1163 1713 1220 Deus
1741 1174 1947 1227 noster,
1981 1172 2036 1219 et

456 1255 639 1324 qualia
665 1256 871 1325 judicia
900 1256 1052 1327 ejus,
1093 1272 1203 1327 quo
1231 1256 1396 1310 modo
1427 1257 1679 1327 poteritis
1708 1258 2033 1312 sententiam

457 1347 722 1403 adversus
768 1349 1004 1419 aliquem
1051 1348 1318 1418 injuriose
1359 1350 1740 1419 pronuntiare,
1777 1364 1901 1403 cum
1942 1364 2035 1403 ve-

457 1446 634 1494 strum
662 1440 927 1509 judicium
961 1440 1071 1495 Deo
1088 1440 1376 1496 confestim
1407 1440 1627 1509 pateat?
1658 1439 1723 1493 Et
1746 1440 1792 1494 si
1814 1438 2032 1510 quidem

454 1532 601 1600 juste
626 1532 935 1600 judicastis,
980 1532 1129 1602 justa
1182 1533 1403 1603 praemia
1432 1541 1487 1588 et
1529 1547 1673 1586 nunc
1719 1543 1772 1587 et
1806 1531 2035 1601 posthac

458 1624 844 1693 reportabitis;
874 1625 959 1679 sin
999 1640 1131 1680 vero
1175 1626 1412 1697 injuste,
1450 1641 1671 1679 rursum
1715 1625 1853 1679 actis
1882 1625 2035 1694 paria

458 1716 891 1784 consequemini.
932 1714 1043 1772 Nos
1076 1716 1242 1787 igitur
1272 1717 1449 1781 vobis,
1484 1716 1705 1782 fratres,
1742 1716 2033 1770 consilium

459 1806 677 1872 damus,
710 1808 914 1863 malitis
942 1822 972 1862 a
990 1808 1098 1863 l)co
1122 1808 1362 1873 laudem,
1390 1824 1553 1879 quam
1580 1809 2035 1879 vituperationem

459 1898 719 1968 adipisci;
753 1900 880 1969 quia
901 1915 933 1953 a
954 1900 1063 1955 Deo
1097 1901 1329 1965 laudari,
1357 1900 1672 1956 hominibus
1707 1901 1814 1955 vita
1832 1910 2034 1955 aiterna

457 2000 542 2046 est
565 2009 580 2059 ;
620 1993 762 2046 sicut
788 2000 843 2047 et
868 1992 1188 2062 vituperari,
1209 1993 1541 2063 sempiterna
1568 2008 1738 2049 mors.
1766 1991 2034 2058 Quocirca

455 2093 630 2139 estote
658 2085 791 2152 justi
819 2085 1066 2153 judices,
1102 2084 1336 2155 paciﬁci,
1367 2087 1446 2140 ira
1475 2086 1654 2140 vacui.
1696 2104 1714 2136 ‹
1754 2084 1857 2152 Qui
1886 2086 2031 2140 enim

455 2177 711 2232 irascitur
729 2176 883 2231 fratri
912 2193 1012 2233 suo
1043 2178 1163 2233 sine
1189 2193 1378 2241 causa,
1398 2194 1526 2233 reus
1554 2177 1660 2232 erit
1678 2176 1886 2247 judicio
1909 2177 1976 2233 ".
2007 2197 2026 2228 ι

454 2267 611 2334 Quod
642 2269 689 2323 si
722 2269 955 2338 alicujus
977 2284 1141 2339 opera
1172 2269 1227 2323 in
1251 2269 1561 2340 quempiam
1585 2268 1747 2323 irasci
1770 2283 1867 2324 vos
1893 2282 2029 2322 con-

455 2364 631 2432 tingat
663 2380 680 2419 ;
720 2380 738 2414 ι
779 2360 872 2415 Sol
906 2377 1014 2417 non
1045 2360 1262 2418 occidat
1281 2376 1446 2430 super
1475 2361 1611 2414 iram
1644 2366 1882 2414 vestram
1906 2358 1972 2412 ".
2005 2378 2023 2409 ι

452 2484 524 2495 --
551 2473 569 2505 ι
603 2452 905 2510 Irascimini
936 2475 955 2506 ι
983 2455 1150 2518 enim,
1184 2452 1568 2523 inquitDavid,
1588 2469 1607 2501 ‹
1638 2458 1692 2507 et
1708 2451 1875 2505 nolite
1898 2465 2027 2520 pec-

453 2561 581 2603 care
610 2547 826 2605 ":thoc
856 2555 979 2610 est,
1018 2548 1129 2602 cito
1161 2546 1611 2612 reconciliemini,
1662 2561 1731 2600 ne
1784 2546 1865 2598 ira
1895 2560 2030 2599 con-

455 2645 665 2692 stanter
686 2654 934 2701 manens,
964 2640 1017 2692 in
1041 2638 1255 2707 injuriae
1271 2639 1708 2694 recordationem
1736 2637 1953 2700 evadat,
1977 2648 2032 2693 et

452 2739 737 2801 peccatum
779 2731 1053 2787 conﬁciat.
1089 2730 1226 2786 Nam
1267 2750 1287 2783 ι
1333 2733 1528 2787 anima:
1567 2746 1761 2787 eorum
1790 2730 1882 2802 qui
1916 2746 2031 2785 me-

452 2837 635 2877 mores
664 2831 792 2876 sunt
820 2823 1181 2892 injuriarum,
1220 2824 1273 2878 in
1308 2831 1537 2879 mortem
1572 2823 1675 2887 ⁸ου,
1717 2841 1735 2873 ι
1771 2823 1848 2876 ait
1878 2819 2032 2875 Salo-

2138 523 2293 594 ἤλιον
2337 524 2550 596 ἐπάρας
2578 524 2679 588 τὰς
2718 527 2907 596 χεῖρας
2946 524 3047 595 (I),
3089 521 3521 594 διαμαρτύρεται
3549 523 3698 589 άθῶος

2140 618 2404 689 ὑπάρχειν
2441 617 2538 671 τοῦ
2586 618 2818 689 αἵματος
2858 615 2954 670 τοῦ
2999 614 3309 688 ἀνθρώπου.
3349 615 3541 670 Καίτοι
3573 615 3699 680 ὄντες

2137 709 2363 771 ἐθνικοὶ,
2396 710 2492 763 καὶ
2527 710 2590 762 οὐ
2622 707 2979 777 γινώσκοντες
3009 707 3258 777 θειότητα
3276 745 3292 770 ,
3331 706 3366 777 ἢ
3397 706 3496 777 τὴν
3523 707 3600 768 είς
3624 707 3701 760 αὑ-

2136 802 2267 864 τοὺς
2300 801 2411 854 άπὸ
2442 800 2579 852 Θεοῦ
2609 801 2825 871 ἄμυναν
2864 800 3004 871 ὑπὲρ
3031 799 3140 851 τῶν
3173 798 3430 877 ἀναιτίως
3464 815 3700 870 κατακρι-

2138 891 2360 956 θέντων,
2391 892 2792 962 ἀποφεύγουσιν
2813 892 2908 961 (2).

2662 983 3055 1037 ΚΕΦΛΛΑΙΟΝ
3082 982 3129 1034 Ν
3134 982 3205 1034 Γ¹.

2140 1076 2267 1130 Ὅτι
2302 1076 2390 1145 μὴ
2421 1075 2538 1144 χρὴ
2582 1076 2708 1129 κατ’
2736 1073 3027 1140 ἀλλήλων
3067 1075 3231 1140 ἔχειν
3268 1073 3410 1137 τοὺς
3446 1074 3699 1139 πιστούς.

2218 1169 2405 1239 Ὑμεῖς
2430 1168 2485 1221 δὲ
2514 1166 2873 1235 γινώσκοντες
2898 1166 2984 1229 τίς
3011 1167 3040 1218 6
3070 1163 3203 1227 Θεὸς
3231 1164 3411 1235 ἡμῶν,
3440 1164 3539 1217 καὶ
3563 1165 3699 1217 ὁποῖα

2134 1260 2204 1314 τά
2231 1262 2474 1332 κρίματα
2501 1259 2691 1323 αὑτοῦ,
2724 1257 2841 1322 πῶς
2877 1256 2943 1311 ἂν
2972 1259 3091 1311 κατ’
3133 1258 3396 1327 ἐπήρειαν
3429 1256 3701 1326 δυνήσεσθέ

2134 1370 2241 1405 τινι
2269 1354 2541 1423 ἀπόφασιν
2569 1349 2773 1413 δοῦναι,
2799 1349 2900 1419 τῆς
2936 1349 3170 1420 κρίσεως
3198 1347 3349 1419 ὑμῶν
3380 1348 3701 1419 παραχρῆμα

2135 1444 2545 1514 γινωσκομένης
2581 1442 2731 1513 Θεῷ;
2786 1441 2897 1495 Καὶ
2940 1441 2987 1493 εί
3034 1442 3131 1511 μὲν
3176 1439 3397 1503 δικαίως
3444 1439 3701 1510 ἐκρίνατε,

2135 1538 2357 1590 δικαίων
2377 1536 2621 1607 ἀμοιόὦν
2650 1532 3126 1605 καταξιωθήσεσθε
3154 1534 3247 1586 καὶ
3276 1532 3371 1586 νῦν
3400 1533 3495 1585 καὶ
3522 1533 3601 1595 εἰς
3620 1529 3701 1585 αὖα

2137 1628 2239 1691 θιςο
2271 1628 2396 1681 εἰδὲ
2427 1626 2648 1691 ἀδίκως,
2680 1627 2840 1680 πάλιν
2868 1625 2975 1679 τῶν
2996 1627 3196 1696 ὁμοίων
3213 1625 3488 1690 τεύξεσθε.
3536 1627 3705 1697 Ἡμεῖς

2141 1723 2237 1792 μὲν
2256 1717 2369 1784 οὖν,
2401 1719 2616 1790 ιίιδελφο)⁵
2637 1759 2652 1783 ,
2687 1718 3123 1790 ωμῦουλεύομεν
3153 1719 3303 1789 ὑμῖν,
3336 1718 3536 1789 μᾶλλον
3569 1719 3709 1771 ἐπαί-

2140 1831 2247 1867 νων
2277 1811 2559 1876 ἀξιοῦσθαι
2588 1811 2741 1883 παρὰ
2766 1809 2907 1879 Θεῷ,
2937 1810 2971 1881 ἢ
3000 1810 3202 1880 ψόγωνο
3235 1811 3317 1863 ὅτι
3342 1810 3478 1863 Θεοῦ
3506 1809 3709 1875 ἔπαινος

2141 1904 2255 1975 ζωὴ
2285 1903 2500 1967 αἰώνιος
2525 1903 2856 1974 ἀνθρώποις,
2882 1901 3071 1973 ὥσπερ
3114 1902 3208 1955 καὶ
3242 1902 3272 1953 6
3299 1902 3467 1972 ψόγος
3497 1902 3709 1967 Θάνατος

2139 1996 2328 2058 ἀΐδιος.
2359 1994 2451 2047 Διὸ
2477 1993 2690 2063 γίνεσθε
2716 1994 2913 2047 δίκαιοι
2950 1995 3155 2065 κριταὶ,
3206 1995 3567 2065 είρηνοποιοὶ,
3598 1995 3710 2066 ἀόρ-

2139 2104 2313 2159 γητοι.
2350 2108 2369 2137 ι
2420 2088 2478 2141 '0
2510 2088 2860 2159 ὀργιζόμενος
2890 2087 3000 2160 γὰρ
3023 2086 3102 2157 τῷ
3132 2086 3345 2157 ἀδελφῷ
3378 2087 3549 2139 αὐτοῦ
3577 2088 3708 2156 εἰκῆ,

2140 2178 2324 2249 ἔνοχος
2340 2180 2490 2231 ἐσται
2510 2182 2575 2251 τῇ
2605 2181 2803 2251 κρίσει.
2835 2199 2852 2231 ι
2876 2180 2937 2232 Εἰ
2961 2179 3016 2232 δὲ
3045 2180 3140 2232 καὶ
3158 2178 3335 2249 συμϐῇ
3366 2178 3427 2243 ἐξ
3444 2179 3709 2249 ἐνεργείας

2134 2271 2278 2334 τινος
2304 2270 2625 2342 ὀργισθῆναι
2655 2273 2797 2342 ὑμᾶς
2825 2272 2968 2326 κατά
2994 2289 3137 2333 τινος
3161 2310 3176 2333 ,
3214 2290 3232 2321 ι
3270 2272 3298 2323 ὁ
3326 2269 3477 2341 ἣλιος
3512 2269 3588 2340 μὴ
3613 2271 3712 2321 ἑπι-

2133 2362 2304 2416 δυέτω
2335 2364 2429 2416 ἐπὶ
2454 2366 2520 2434 τῇ
2559 2363 2695 2435 ὀργῇ
2732 2365 2804 2436 (5)
2839 2365 3011 2435 ὑμῶν.
3056 2362 3365 2435 ὐργίζεσθε
3392 2362 3527 2433 γάρ,
3560 2365 3710 2434 φησὶν

2134 2454 2163 2505 6
2182 2454 2366 2517 Δασὶδ,
2396 2456 2492 2508 κα)¹
2523 2454 2598 2525 μὴ
2627 2456 2982 2527 ἁμαρτάνετε·
3015 2475 3033 2508 ι
3065 2455 3332 2516 τουτέστι,
3349 2453 3563 2524 ταχέως
3582 2453 3715 2506 διαλ-

2135 2544 2398 2599 λάσσεσθε
2425 2584 2440 2609 ,
2488 2547 2636 2610 ὃπως
2684 2547 2759 2618 μὴ
2799 2550 2833 2618 ἡ
2890 2549 3147 2619 ἐπίμονος
3184 2546 3325 2618 ὀργὴ
3388 2549 3712 2617 μνησικακία

2137 2637 2384 2708 γένηται,
2434 2638 2529 2691 καὶ
2571 2639 2846 2710 ἁμαρτίαν
2889 2639 3290 2711 ἀπεργάσηται.
3327 2656 3346 2688 ι
3402 2638 3589 2708 Ψυχαὶ
3614 2638 3715 2709 γάρ

2139 2728 2490 2799 μνησικάκων
2511 2730 2589 2793 εἰς
2619 2728 2845 2784 θάνατον
2876 2730 2974 2801 (4),
3018 2750 3038 2783 ι
3073 2733 3235 2803 φησιν
3264 2733 3293 2783 ὁ
3326 2731 3601 2802 Σολομὼν.
3624 2733 3715 2785 Λέ-

2135 2836 2222 2888 γει
2248 2820 2304 2874 se
2333 2822 2362 2874 6
2391 2821 2466 2893 (5)
2498 2822 2704 2894 Κύριος
2735 2823 2891 2894 ἡμῶν
2940 2826 3035 2877 καὶ
3061 2824 3251 2896 Σωτὴρ
3293 2824 3505 2896 Ἰησοῦς
3535 2826 3564 2876 6
3590 2825 3715 2895 Χρι-

452 2928 600 2968 ιιιοιι.
648 2913 911 2970 Dominus
951 2923 1132 2970 autem
1165 2924 1352 2971 noster
1396 2925 1449 2971 et
1480 2913 1728 2970 Salvator
1761 2913 2027 2968 Dominus

2146 2912 2256 2975 ςτὸς
2288 2912 2346 2965 ὲν
2374 2893 2764 2983 Εὐαγγελίοιςσν
2800 2934 2819 2965 ι
2874 2916 2997 2969 Ἐάν
3025 2893 3340 2988 προσεξερῃς
3357 2893 3421 2970 τὸ
3436 2915 3611 2986 δῶρόν
3629 2893 3714 2969 σου

408 3022 409 3025 η
452 3002 611 3062 Jcsus
625 3005 877 3063 Christus
897 3005 1030 3062 dicit
1052 3006 1109 3062 in
1129 3005 1439 3080 Evangeliis
1467 3027 1483 3064 ι
1507 3026 1525 3061 ι
1561 3005 1619 3063 Si
1637 3005 1801 3063 offers
1826 3020 2027 3063 munus

523 3188 570 3218 ’⁷
611 3188 799 3241 Matth.
855 3187 1020 3253 v,22.
1098 3191 1144 3223 ’°
1177 3190 1377 3262 Ephes.
1427 3210 1516 3260 tv,
1560 3193 1656 3250 26.
1731 3193 2076 3263 "Psal.tv,5

2133 3005 2227 3059 ἐπὶ
2251 3004 2312 3059 τὸ
2328 3005 2709 3079 θυσιαστήριον
2753 3009 2847 3062 καὶ
2876 3008 2994 3062 ἐκεῖ
3026 3008 3268 3081 μνησθῇς
3321 3010 3404 3064 ὅτι
3433 3010 3463 3063 6
3496 3006 3715 3078 ἀδελφός

2178 3196 2247 3226 ¹⁰⁰
2271 3194 2545 3259 Ριον.ιιι,
2564 3192 2804 3261 28,apud
2826 3190 3000 3247 LXX.

1755 3370 2120 3427 VARIORUM
2156 3370 2385 3428 NOTAE.

527 3544 599 3613 (ί)
630 3544 785 3612 Πρὸς
813 3545 918 3599 τὸν
936 3538 1112 3607 ἥλιον
1136 3545 1361 3613 ἐπάρας
1386 3546 1491 3611 τὰς
1529 3547 1748 3614 χεῖρας.
1778 3544 2029 3604 Oratorie

449 3614 658 3669 dictum
688 3622 837 3684 puto.
864 3614 1007 3682 Quia
1026 3616 1236 3672 scilicet
1253 3615 1720 3684 solebantjudices
1748 3617 2026 3673 tristitiam

415 3700 421 3706 '
454 3701 517 3738 ac
542 3685 910 3756 innocentiam
936 3701 1091 3741 suam
1120 3686 1301 3756 aliqua
1334 3686 1593 3741 exteriori
1623 3687 1871 3753 actione,
1905 3704 2028 3744 cer-

454 3756 635 3825 tisque
659 3755 985 3825 quibusdam
1021 3755 1495 3822 verbis’attestari,
1523 3759 1744 3826 quando
1776 3773 1899 3813 reos
1927 3774 2025 3813 cx-

454 3834 628 3880 tremo
650 3826 921 3895 supplicio
934 3826 1343 3895 adjudicabant.
1370 3826 1510 3882 Hinc
1533 3829 1800 3883 famosum
1824 3829 2025 3882 factum

454 3844 628 3880 tremo
650 3844 921 3895 suppttcw
934 3844 999 3879 ao
1030 3844 1343 3882 uatcatiant.
1370 3844 1510 3882 mne
1533 3844 1800 3883 ramosam
1824 3844 2025 3882 tactum

454 3896 771 3968 dictumque
797 3894 960 3968 Pi_lati
990 3844 1206 3967 (Matth.
1232 3914 1403 3961 xxvu,
1425 3897 1541 3968 24),
1570 3900 1664 3968 qui
1694 3899 1749 3952 in
1782 3896 2026 3953 Historia

452 3964 809 4038 ecclesiastica
844 3964 1158 4038 Theodoriti
1200 3968 1322 4038 lib._
1345 3984 1418 4031 tv,
1461 3964 1563 4038 cap
1588 3964 1649 4030 7,
1700 3976 1755 4022 et
1782 3968 1837 4021 in
1865 3968 2025 4023 Nice-

455 4038 625 4104 phoro
654 4036 746 4108 lib.
776 4050 852 4099 xt,
877 4052 1006 4108 cap.
1036 4037 1128 4108 50,
1160 4053 1254 4107 per
1282 4036 1671 4093 Theodoritum
1701 4038 2024 4108 corrigendo

454 4121 519 4177 ac
575 4106 963 4177 intelligendo,
996 4106 1202 4163 dicitur
1252 4110 1419 4163 etiam
1467 4108 1800 4164 convertisse
1850 4106 1910 4163 se
1956 4108 2025 4160 ad

454 4173 694 4250 Qrientis
746 4173 950 4244 partes.
995 4178 1133 4233 Cum
1187 4193 1296 4250 quo
1346 4179 1534 4250 iniquo
1563 4177 1745 4250 judice
1776 4179 1921 4250 scite
1956 4177 2023 4250 Β.

456 4241 822 4316 Hieronymus
850 4255 1135 4313 comparat
1176 4241 1371 4301 n'autas
1421 4241 1580 4302 .Ιόηαῖ
1600 4248 1614 4316 (
1633 4247 1755 4301 Ion.
1786 4264 1825 4311 t,
1861 4247 1928 4300 Η
1956 4245 1975 4311 )
2005 4284 2020 4307 ,

458 4312 662 4386 quique
692 4312 1081 4384 Hieronymum
1116 4319 1461 4386 transcripsit
1516 4312 2025 4386 pseudo-Eusebius

459 4383 747 4485 Famisenus
770 4386 961 4440 homil.
989 4389 1025 4441 2
1051 4386 1123 4440 De
1156 4383 1422 4485 pas‘c/tate.
1451 4383 1587 4470 Hinc
1629 4391 1789 4444 etiam
1846 4392 2023 4461 magi-
2059 4426 2107 4485 υ

457 4463 729 4528 stratuum
758 4458 1223 4528 perversapvestis,
1252 4459 1467 4514 funesta
1492 4469 1544 4512 et
1573 4459 1804 4528 impura.
1838 4458 2026 4516 macu-

456 4525 562 4600 Iam
593 4526 799 4600 habens
827 4526 967 4600 8._K
1014 4526 1244 4581 θανάτου
1277 4539 1328 4582 et
1352 4525 1750 4600 κατακρίσεως,
1783 4542 1906 4585 nota
1956 4547 2023 4585 ex

457 4594 661 4650 Seneca
694 4596 766 4649 lib
822 4614 835 4651 I
868 4598 941 4650 De
974 4600 1079 4661 irn,
1114 4614 1232 4664 cap.
1269 4600 1361 4658 16:
1396 4594 1610 4653 Valerio
1660 4600 1899 4654 Maximo
1926 4601 2019 4655 lib.

455 4681 532 4729 ix,
565 4679 666 4735 capp
727 4666 814 4727 1'2,
862 4679 915 4722 et
953 4666 1143 4721 Servio
1176 4669 1241 4722 ad
1280 4669 1497 4724 Eueid.
1536 4687 1611 4723 xu
1639 4715 1651 4735 ,
1688 4672 1811 4726 169.
1845 4672 2024 4726 Πολλά

456 4733 827 4812 στε-νάξαντελς,
860 4738 1037 4812 inquit
1060 4739 1127 4793 de
1155 4738 1436 4812 jntlicibus
1469 4740 1526 4812 S.
1557 4733 1789 4795 Basilius
1816 4742 1869 4795 in
1908 4743 2023 4812 epi-

454 4806 589 4860 stola
626 4808 873 4883 progtime
907 4808 1103 4883 citata,
1140 4810 1230 4862 καὶ
1258 4811 1357 4880 τὴν
1398 4811 1646 4883 ἀνάγκην
1687 4806 2023 4883 ἀπολοφυρὀο

455 4893 627 4954 μενοι,
665 4877 812 4954 δῆλοι
839 4881 991 4954 ,πᾶσι
1028 4877 1323 4954 γίνονται-β
1354 4881 1489 4954 πρὸς
1515 4877 1771 4954 ςᾲνάγκην
1820 4877 2024 4954 ὑπηρε-

451 4925 668 5022 τοῦντες
690 4925 767 5022 sit?)
793 4947 943 5018 νόμῳ
958 4925 1073 5022 ,_06_
1092 4949 1209 5003 κατ’
1241 4925 1448 5022 οίκείάνν
1464 4925 1487 4944 ’
1502 4925 1694 5022 ἡδονήν
1725 4925 2022 5021 ἓπάγοκέιέες

450 5014 546 5091 ῖῂν
586 5014 931 5091 κατάξιρισὶγ.
967 5018 1077 5091 _Sed
1127 5028 1182 5091 et
1207 5020 1297 5091 “ad
1325 5014 1534 5091 “locum
1574 5014 2022 5091 Constantianam

459 5058 853 5136 itlusiFaxitii'irii
865 5058 1297 5138 reuisenti;
1325 5058 2033 5139 ίὶἤζἌὶἱτέιῖϊἭᾶἱίῖίῒῖἕι

460 5150 798 5223 Diocletiano
835 5167 853 5204 :
903 5150 1076 5222 Igitur
1129 5153 1369 5208 Valerius
1417 5155 1591 5223 prima
1635 5154 1703 5207 ad
1746 5154 2033 5207 exercitum

455 5222 731 5285 concione,
769 5238 888 5276 cum
910 5222 1096 5277 educto
1128 5223 1327 5292 gladio,
1349 5222 1513 5277 solem
1543 5225 1770 5288 intuens,
1804 5222 2035 5276 obtesta~

456 5300 601 5365 retur
626 5331 641 5354 ,
692 5294 933 5365 ignarum
960 5291 1138 5365 cladis
1160 5291 1493 5355 Numeriani,
1521 5310 1682 5365 neque
1714 5294 1919 5361 imperii
1935 5308 2034 5365 ιίιδ

452 5361 679 5425 pientem
715 5361 782 5418 ’δε
819 5363 1009 5431 fuisse,
1070 5364 1275 5432 Aprum
1325 5366 1562 5431 proxime
1598 5361 1886 5432 astantem
1926 5363 2033 5432 ictu

458 5432 742 5503 transegit;
785 5441 935 5500 cujus
975 5435 1118 5494 dolo.
1162 5435 1243 5487 uti
1284 5450 1445 5503 supra
1487 5434 1793 5503 docuimus,_
1821 5431 2034 5485 adoles-

460 5514 580 5552 cens
600 5501 777 5574 bonus
805 5504 1165 5574 {acundusque
1198 5513 1247 5558 et
1276 5501 1430 5573 gener
1458 5504 1738 5574 occiderat.
1778 5501 2037 5574 Insuper-

461 5584 567 5637 QUe
598 5570 699 5624 iste
730 5570 1296 5640 personatiAmbrosii
1324 5574 1463 5630 libro
1484 5573 1560 5628 De
1584 5571 1817 5626 moribus
1831 5571 2036 5625 Brach-

468 5655 748 5711 manorum
780 5656 797 5693 :
829 5640 970 5695 Nam
991 5654 1041 5697 et
1070 5643 1164 5697 hoc
1199 5644 1459 5698 interdum
1492 5643 1644 5698 modo
1681 5660 1712 5695 a
1744 5642 1924 5711 regula
1949 5658 2034 5695 re-

470 5709 648 5763 ritatis
678 5710 1069 5782 ebura/timur;
1103 5715 1195 5768 hoc
1234 5724 1334 5778 est,
1383 5727 1503 5769 tunc
1531 5730 1646 5768 cum
1683 5709 2032 5767 necessarium

2129 3560 2311 3618 potum
2350 3559 2529 3603 nostro
2560 3549 2766 3616 corpori
2798 3548 2988 3601 damus
3014 3563 3031 3599 :
3055 3546 3116 3600 ob
3148 3545 3287 3617 quod
3321 3556 3504 3616 postea
3533 3549 3715 3603 oculos

2127 3631 2177 3673 et
2205 3636 2393 3673 manus
2425 3630 2635 3673 nostras
2678 3619 2836 3672 veluti
2876 3618 3203 3687 sacriﬁcium
3230 3618 3481 3689 aliquod,
3526 3619 3601 3670 ad
3634 3637 3722 3671 ra-

2128 3690 2245 3744 dios
2279 3689 2405 3744 solis
2436 3700 2649 3759 agentes
2677 3689 3013 3759 extollimus.
3040 3689 3175 3759 (lor.

2164 3760 2278 3839 -(2)
2348 3755 2843 3828 Ἀπὸφεύγουσιν.
2902 3758 3004 3816 Ms.
3074 3755 3311 3812 V'indob.
3376 3757 3537 3811 τοῦτο
3607 3774 3726 3812 ποι-

2127 3847 2301 3886 ουσιν.

2198 3900 2273 3971 (5)
2310 3899 2388 3967 Τῇ
2420 3897 2587 3967 ὀργῆ.
2608 3898 2744 3954 Cod.
2765 3897 3001 3953 Vindob.
3046 3896 3126 3971 τῷ
3153 3898 3542 3971 παροργισμῷ,
3576 3900 3723 3969 quod

2128 3970 2177 4095 Ei
2203 3968 2389 4027 vertas
2421 3989 2433 4023 :
2469 3971 2551 4023 ira
2584 3977 2771 4024 temere
2803 3980 3082 4037 concepta;
3112 3968 3564 4039 ὲμφατικώτερον
3596 3968 3725 4024 erit.

2174 4054 2297 4095 Leu.

2174 4054 2297 4095 LER.

2203 4110 2276 4182 (4)
2331 4108 2682 4182 Ψυχαὶμγᾲρ
2732 4107 3124 4182 prnomede
3149 4109 3235 4173 εὶς
3263 4106 3545 4182 ﬁdi-ator.
3603 4106 3726 4182 Lib.

2130 4177 2381 4249 Vtt,cap.
2419 4179 2456 4249 ι
2490 4198 2502 4232 :
2542 4177 2681 4232 Ὀδοὶ
2709 4177 2817 4249 γάρ
2849 4179 3199 4249 μνησικάκιυν
3228 4179 3309 4240 είς
3345 4177 3606 4231 θάνατον.
3664 4178 3730 4231 [ι

2134 4196 2231 4242 VII,
2259 4196 2320 4233 CII
2369 4222 2381 4233 .
2422 4196 2456 4232 4
2490 4198 2502 4232 ζ
2558 4196 2681 4232 υοοι
2709 4196 2817 4249 γαρ
2849 4196 2917 4249 μν
2961 4196 3199 4231 σικακων
3228 4196 3309 4240 εις
3345 4196 3606 4231 σανατον.
3667 4196 3730 4231 ll

2134 4249 2187 4302 in
2228 4196 2370 4303 LXII
2417 4247 2677 4302 Proverb.
2735 4264 2831 4310 xu,
2881 4196 2974 4311 23,
3016 4248 3272 4317 quodque
3304 4249 3545 4302 vertitur
3579 4249 3730 4318 apud

2133 4318 2431 4374 Cazsarium
2487 4318 2859 4372 Arelatensem
2919 4319 3143 4373 homilia
3187 4320 3242 4382 9,
3295 4319 3728 4386 quatuor-decim

2134 4388 2351 4443 illarum
2383 4403 2521 4457 quas
2563 4388 2647 4441 vir
2675 4387 3033 4443 doctissimus
3064 4404 3129 4443 ac
3168 4386 3234 4442 de
3263 4386 3466 4444 litteris
3510 4390 3731 4443 nostris

2133 4457 2336 4529 optime
2367 4458 2616 4529 meritus,
2643 4460 2817 4529 magis
2848 4460 3127 4529 magisque
3152 4458 3208 4512 in
3238 4457 3357 4529 dies
3388 4459 3729 4517 meriturus.

2134 4526 2455 4600 stephanus
2472 4526 2757 4600 Baluzius,
2781 4542 2925 4581 anno
2944 4526 3233 4600 superiore
3255 4528 3309 4581 in
3341 4530 3575 4600 publica
3609 4546 3733 4600 esse

2131 4589 2347 4661 effecit;
2404 4589 2633 4661 (Itinera
2676 4589 2857 4645 eorum
2889 4594 2982 4661 qui
3016 4589 3384 4661 inemoriamY
3407 4594 3487 4647 sic
3528 4595 3733 4646 malim

2131 4676 2293 4728 quam
2321 4659 2601 4728 injuriam)
2639 4661 2862 4714 retinent
2893 4659 3164 4728 malefacti
3192 4662 3246 4714 in
3285 4673 3472 4716 morte.
3506 4661 3731 4717 Tamen

2130 4743 2233 4799 pro
2264 4745 2398 4785 voce
2431 4729 2687 4798 injuriam
2713 4731 2906 4784 militat
2937 4730 3051 4799 ipse
3082 4731 3355 4786 Caesarius
3392 4734 3601 4786 homil.
3640 4734 3729 4788 li.

2132 4798 2210 4853 De
2242 4799 2535 4871 diligendis
2583 4801 2813 4871 inimicis
2835 4841 2849 4863 ,
2880 4800 2932 4854 in
2960 4798 3296 4854 Bibliotheca
3324 4801 3585 4868 Patrum,
3627 4804 3735 4855 hoc

2135 4868 2297 4924 modo
2356 4868 2574 4927 citans:
2632 4869 2839 4925 Itinera
2897 4888 3078 4925 eorum
3132 4874 3223 4941 qui
3256 4873 3543 4937 ’injuriam
3604 4878 3736 4927 reti-

2132 4941 2581 5010 nentmalefacti,
2614 4942 2671 4994 in
2714 4950 2968 5004 mortem;
3000 4955 3101 4995 nec
3130 4957 3240 4995 non
3273 4953 3467 4998 auctor
3498 4958 3739 4997 sermo.

2132 5010 2218 5065 nis
2244 5009 2315 5063 De
2354 5010 2701 5080 martyribus,
2736 5011 2878 5079 apud
2913 5012 3282 5079 Augustinum
3326 5029 3498 5068 serm.
3537 5013 3619 5066 47
3665 5014 3739 5066 De

2132 5082 2369 5143 sanctis;
2398 5082 2539 5151 apud
2566 5080 2827 5152 Leonem,
2874 5095 3129 5152 sermone
3154 5084 3250 5152 nui
3293 5084 3569 5152 praecedit
3606 5097 3741 5138 ante

2130 5149 2527 5220 penultimum;
2564 5160 2617 5205 et
2644 5151 2700 5205 in
2736 5149 3097 5205 Miscellaneis
3149 5149 3378 5206 Patrum
3428 5168 3456 5206 a
3524 5152 3742 5209 Vossiu

2133 5221 2375 5293 enliectis
2399 5238 2461 5293 ac
2481 5236 2588 5293 una
2614 5235 2738 5276 cum
2767 5220 3031 5291 Gregorio
3052 5220 3463 5293 Thaumaturgo
3492 5222 3744 5293 Mogun-

2132 5291 2221 5362 t_ia:
2251 5292 2469 5362 excusis
2504 5311 2515 5346 :
2551 5290 2757 5346 Itinera
2813 5308 2993 5345 eorum
3021 5292 3110 5361 qui
3148 5290 3424 5362 injuriami
3439 5290 3703 5348 retinent
3728 5337 3743 5353 .

2138 5360 2391 5432 Dominus
2439 5360 2685 5430 labefecit
2711 5364 2763 5416 in
2792 5360 3047 5423 mortem:
3072 5362 3155 5416 vel
3198 5360 3265 5416 ut
3315 5364 3369 5417 in
3405 5361 3463 5416 S.
3503 5364 3747 5432 Augus-

2165 5431 2282 5485 tino
2307 5449 2320 5485 :
2346 5429 2550 5485 Itinera
2563 5429 2873 5502 impiorum,
2895 5434 2983 5502 qui
3012 5432 3267 5502 injuriam
3296 5434 3536 5486 retinent
3562 5429 3745 5486 viale-

2132 5500 2287 5570 facti,
2322 5502 2379 5555 in
2414 5500 2650 5570 mortem.
2684 5502 2888 5556 Contra
2909 5500 3222 5557 Cassianus
3244 5501 3424 5556 Instit.
3458 5502 3575 5556 lib.
3612 5521 3741 5559 vm.

2133 5569 2255 5642 Cap.
2286 5572 2385 5626 M:
2420 5569 2624 5626 Itinera
2655 5589 2837 5627 eorum
2882 5574 2972 5642 qui
3001 5574 3307 5630 memoriam
3345 5574 3595 5629 retinent
3628 5593 3743 5627 mu-

2130 5641 2333 5708 lefacti,
2359 5643 2413 5697 in
2438 5653 2672 5696 mortem.
2714 5642 2853 5696 Cor.

2208 5713 2284 5781 (ὅ)
2328 5713 2403 5768 '0.
2436 5712 2536 5767 Ms.
2571 5712 2799 5768 Vindob.
2829 5714 2922 5766 καὶ
2948 5716 2993 5767 ὀ.
