3706 6216
171 314 253 367 717
1057 315 1639 372 CONSTITUTIONES
1664 315 2184 372 APOSTOI.IC!E.—
2205 312 2326 368 LIB.
2368 313 2427 370 Il.

3217 319 3312 371 7l8

161 440 235 477 σου
277 425 376 492 ἔχει
409 440 460 474 τι
490 425 634 477 κατά
678 427 802 492 σοῦ,
849 429 981 496 ἄφες
1023 432 1134 482 ἐκεῖ
1166 431 1225 481 τὸ
1262 430 1426 500 δῶρόν
1471 446 1559 481 σου
1589 428 1658 498 ἐμ

1783 437 1934 483 tuum
1984 427 2052 481 ad
2103 427 2274 481 altare
2301 467 2316 491 ,
2371 435 2426 481 et
2482 427 2555 480 ibi
2603 428 2914 482 recordatus
2948 401 3143 483 'fueris
3188 431 3311 498 quia

157 515 355 586 προσθεν
381 514 473 566 τοῦ
509 515 926 588 θυσιαστηρίου,
961 521 1054 573 καὶ
1085 520 1279 586 ὕπαγε,
1309 519 1513 589 πρῶτον
1537 517 1678 569 διαλ-

152 605 318 674 λάγηθι
346 605 420 674 τῷ
448 605 662 676 ἀδελφῷ
696 625 818 669 σου,
859 611 951 661 καὶ
982 611 1099 662 τότε
1126 609 1289 661 ἐλθὼν
1329 609 1592 678 πρόσφερε
1619 607 1680 660 τὸ

150 696 292 767 δῶρόν
310 713 417 747 σου.
440 714 458 746 ι
476 697 658 766 Δῶρον
680 698 739 750 δέ
762 700 882 751 ἐστι
894 699 1057 770 Θεῷἠ
1077 701 1297 752 ἑκάστου
1310 698 1575 770 προσευχὴ
1588 700 1680 750 καὶ

149 785 448 854 εὐχαριστία.
510 786 638 838 Ἐὰν
666 784 767 840 οὖν
798 789 926 858 ἔχῃς
951 805 1002 840 τι
1032 789 1168 841 κατά
1193 788 1285 840 τοῦ
1312 787 1532 855 ἀδελφοῦ
1563 804 1675 849 σου,

147 875 174 944 ἤ
199 875 341 936 αὐτὸς
367 874 458 944 ἔχῃ
488 891 539 926 τι
571 877 718 928 κατά
752 878 872 938 σοῦ,
903 877 1024 930 οὔτε
1055 879 1110 930 αἱ
1137 877 1424 948 προσευχαί
1448 893 1538 928 σου
1569 878 1676 928 είσ-

146 963 534 1033 ακουσθήσονται
557 1003 573 1026 ,
619 964 748 1016 οὗτε
783 967 840 1018 αἱ
871 967 1199 1036 εὐχαριστίας
1227 983 1317 1018 σου
1354 965 1676 1035 προσδεχθή-

147 1069 327 1113 σονται,
353 1052 437 1105 διά
465 1052 564 1122 τὴν
600 1055 974 1125 ὑποκειμένην
1010 1057 1193 1125 ὀργήν·
1223 1055 1325 1124 χρὴ
1353 1055 1408 1106 δὲ
1448 1042 1676 1123 συνεχῶς

144 1143 498 1213 πωὺχεσθαι
518 1145 548 1195 ὑ
557 1145 687 1212 μᾶς,
703 1145 944 1214 ἀδελφοί·
963 1146 1072 1197 ἀλλ’
1093 1146 1271 1215 ἐπειδὴ
1282 1146 1386 1197 τῶν
1403 1146 1460 1196 ὲν
1489 1147 1674 1214 ὀργαῖς

145 1232 313 1294 ἀδίκως
337 1231 733 1302 ἐχθραινόντων
793 1234 1034 1301 ἀδελφοῖς
1059 1236 1088 1285 6
1119 1235 1246 1295 Θεὸς
1272 1236 1371 1286 οὐκ
1402 1234 1672 1296 ἐπακούει,

143 1322 221 1372 καὶ
243 1321 326 1372 ἐὰν
353 1321 471 1392 τρὶς
509 1321 615 1391 τῆς
659 1321 817 1392 ὥρας
849 1323 1265 1394 προσεύξωνται,
1309 1323 1412 1393 χρὴ
1441 1323 1669 1376 διαλύειν

144 1411 297 1461 πᾶσαν
323 1409 516 1480 ἔχθραν
545 1412 643 1463 καὶ
677 1413 1074 1483 μικροψυχίαν,
1103 1413 1188 1464 ἴνα
1214 1412 1487 1482 δυνώμεθα
1510 1431 1674 1483 προσ-

143 1497 361 1567 εύχεσθαι
397 1499 616 1569 καθαρᾷ
645 1503 716 1570 τῇ
756 1501 954 1570 καρδίᾳ
977 1501 1068 1552 καὶ
1101 1499 1339 1574 ἀῤῥύπῳ.
1370 1502 1556 1554 Καίτοι
1609 1519 1671 1568 γε

139 1589 214 1638 καὶ
237 1588 457 1658 ἐχθροὺς
484 1592 513 1641 6
542 1589 760 1660 Κύριος
788 1590 1006 1660 ἀγαπᾷν
1054 1591 1374 1660 προσέταξεν
1397 1631 1411 1653 ,
1457 1594 1576 1662 οὐχ)⁸
1616 1593 1671 1645 δὲ

1777 516 1940 571 frater
1980 525 2107 571 tuus
2167 516 2326 570 habet
2371 514 2574 584 aliquid
2636 516 2919 571 adversum
2944 524 3017 580 te,
3073 518 3312 586 relinque

1776 605 1851 658 ibi
1907 620 2102 660 munus
2155 613 2305 658 tuum
2360 612 2484 660 ante
2533 605 2742 668 altare,
2775 614 2828 660 et
2857 605 3168 674 vade.prius
3228 623 3310 662 re-

1775 695 2066 748 conciliare
2117 693 2270 748 fratri
2316 703 2438 754 tuo;
2486 703 2541 748 et
2581 704 2708 748 tunc
2737 697 2974 760 veniens,
3019 696 3144 750 offer
3193 685 3310 751 mti-

1773 798 1877 837 nus
1921 791 2069 836 tuum
2103 784 2141 836 ¹.
2177 803 2194 834 ι
2263 782 2458 838 Munus
2497 798 2624 837 vero
2661 792 2749 838 est
2777 783 2886 838 Deo
2929 786 3104 839 oratio
3129 787 3310 856 cujus-

1773 888 1879 941 que
1905 881 1958 925 et
1985 873 2127 926 actio
2146 874 2462 941 gratiarum.
2498 871 2554 926 Si
2577 887 2707 943 ergo
2735 874 2932 928 habeas
2959 875 3160 944 aliquid
3183 891 3311 931 con-

1771 969 1854 1015 tra
1885 961 2099 1016 fratrem
2129 972 2300 1026 tuum,
2335 970 2428 1015 aut
2454 963 2570 1031 ipse
2601 963 2802 1032 aliquid
2821 964 3015 1018 habeat
3033 974 3218 1018 contra
3239 975 3309 1028 te,

1772 1067 1944 1120 neque
1979 1052 2255 1105 orationes
2311 1059 2414 1105 tua:
2446 1051 2802 1106 exaudientur
2827 1093 2842 1115 ,
2897 1069 3070 1121 neque
3119 1055 3312 1123 gratia-

1771 1155 1889 1193 rum
1943 1140 2184 1194 actiones
2240 1141 2627 1208 suseipientur,
2674 1148 2891 1210 propter
2947 1142 3307 1210 subjacenlem

1770 1231 1934 1294 iram;
1985 1238 2198 1298 Oportet
2242 1238 2442 1293 autem,
2477 1231 2690 1294 fratres,
2723 1247 2820 1286 vos
2849 1232 3066 1287 assidue
3105 1248 3262 1288 orare
3290 1251 3306 1298 ;

1769 1327 1824 1373 et
1851 1320 1976 1387 quia
2013 1333 2108 1372 eos
2148 1319 2392 1386 quicum
2431 1319 2692 1386 injustitia
2739 1320 2998 1376 fratribus
3042 1321 3310 1376 hostiliter

1745 1407 2096 1471 irascuntur,
2157 1407 2298 1462 Deus
2347 1422 2454 1461 non
2499 1409 2736 1474 exaudit,
2782 1410 2905 1463 licet
2947 1410 3002 1463 in
3052 1411 3184 1463 hora
3227 1418 3310 1463 ter

1743 1498 2069 1558 oraverint,
2112 1497 2232 1550 ideo
2260 1496 2510 1550 dirimere
2546 1497 2804 1552 debemus
2855 1513 3067 1552 omnem
3126 1499 3308 1553 inimi-

1769 1589 1948 1641 citiam
1978 1597 2030 1641 et
2067 1588 2317 1656 pusillum
2373 1589 2646 1649 animum,
2689 1603 2797 1656 quo
2833 1591 3099 1656 possimus
3144 1591 3309 1645 corde

139 1677 343 1738 καὶτοὺς
366 1677 551 1746 φίλους
582 1682 793 1748 μισείνο
825 1680 918 1731 καὶ
947 1681 977 1732 6
1004 1680 1292 1749 νομοθέτης
1331 1682 1512 1750 φησίν·
1549 1701 1568 1732 ι
1595 1683 1658 1734 Ot'

1770 1690 1908 1746 puro
1927 1691 1990 1730 ac
2035 1676 2462 1730 incontaminato
2491 1691 2666 1730 orare.
2693 1677 2857 1746 Atqui
2910 1679 3070 1732 etiam
3124 1679 3308 1732 inimi-

142 1770 356 1836 μισήσεις
378 1742 560 1821 πάντα
583 1742 906 1839 ἀνθριιιιπον⁸
939 1771 998 1821 οὐ
1045 1742 1288 1840 μισήσεις
1448 1771 1658 1839 ἀδελφόν

1769 1742 1864 1819 eos
1890 1765 2111 1833 diligere
2125 1766 2376 1834 praecepit
2393 1764 2672 1829 Dominus,
2696 1742 2800 1819 non
2817 1773 2993 1820 autem
3014 1768 3178 1821 etiam
3242 1779 3305 1817 a-

140 1874 216 1909 σου
238 1860 296 1928 τῇ
321 1858 522 1929 διανοίᾳ
572 1875 691 1911 σουο
757 1858 966 1928 ἐλεγμῷ
1021 1859 1252 1927 ὲλέγξεις
1307 1859 1396 1912 τὸν
1449 1860 1667 1928 ἀδελφόν

140 1962 217 1998 σου
236 1986 249 2009 ,
279 1949 365 1999 καὶ
392 1949 452 2000 οὑ
510 1948 658 2018 λήψῃ
687 1948 742 1999 δι
761 1949 774 1966 ’
800 1947 958 2000 αὑτὸν
991 1949 1275 2017 ἁμαρτίανο
1305 1950 1366 2001 οὑ
1423 1951 1669 2020 μισήσεις

138 2035 415 2104 Αίγύπτιον,
445 2038 529 2088 ὅτι
557 2038 831 2107 πάροικος
858 2033 998 2107 ἦσθα
1024 2039 1152 2107 παρ’
1191 2038 1356 2106 αὐτῷ·
1391 2039 1452 2091 οὑ
1511 2041 1670 2109 μισή-

139 2143 231 2188 σεις
262 2127 575 2196 Ἰδουμαῖον,
606 2129 694 2179 ὅτι
757 2127 977 2194 ἀδελφός
1022 2145 1114 2180 σου
1143 2129 1274 2180 ἐστί.
1315 2147 1335 2179 ι
1371 2129 1478 2182 Καὶ
1503 2131 1530 2181 6
1565 2131 1668 2181 Δα-

137 2215 204 2267 σὶό
227 2216 379 2284 λέγει·
443 2236 460 2268 ι
517 2219 583 2269 Εἰ
612 2217 973 2269 ἀνταπέδωκα
1005 2221 1114 2279 τοίς
1131 2217 1532 2270 ἀνταποδιδοῦσί
1577 2235 1665 2287 μοι

137 2308 269 2358 κακά.
312 2328 329 2357 ι
361 2308 519 2360 Ὅθεν
547 2311 597 2360 εἰ
626 2309 954 2378 Χριστιανὸς
985 2308 1154 2370 θέλεις
1192 2305 1357 2372 εἶναι,
1389 2309 1667 2374 ἐξακολού-

138 2394 285 2466 θειτῷ
312 2397 403 2449 τοῦ
434 2399 648 2468 Κυρίου
680 2397 852 2468 νόμῳ·
875 2417 892 2448 ι
928 2399 1034 2450 Λύε
1062 2399 1233 2452 πάντα
1255 2399 1543 2470 σύνδεσμον
1562 2402 1668 2454 ἀδι-

137 2487 254 2558 κίας.
274 2508 288 2537 ι
329 2488 448 2540 Ἐπὶ
478 2491 560 2540 σοὶ
589 2488 703 2558 γὰρ
727 2491 758 2540 6
782 2489 982 2558 Κύριος
1008 2490 1250 2552 ἐξουσίαν
1278 2489 1426 2542 ἔθετο
1451 2492 1664 2557 ἀφιέναι

136 2575 372 2646 ἁμαρτίας
394 2578 470 2648 τῷ
498 2578 718 2648 ἀδελφῷ
747 2579 844 2640 τάς
870 2581 948 2642 είς
978 2581 1036 2632 σὲ
1063 2582 1371 2650 γενομένας,
1426 2582 1529 2644 ἕως
1575 2584 1665 2635 ἑὸ-

134 2664 486 2735 δομηκοντάκις
516 2668 680 2720 έπτάο
700 2667 963 2730 τουτέστι,
976 2670 1321 2739 τετρακοσίας
1333 2671 1374 2700 ⁶⁶
1392 2672 1666 2742 ἐνενήκον-

135 2769 203 2804 τα.
232 2756 453 2818 Ποσάκις
479 2754 574 2810 οὖν
633 2757 738 2827 ἤδη
761 2759 976 2828 ἀφῆκας
1000 2759 1077 2828 τῷ
1103 2759 1310 2829 ἀδελφῷ
1338 2777 1450 2824 σου,
1483 2762 1568 2814 ἵνα
1589 2763 1661 2833 μὴ

137 2843 198 2910 (6)
225 2845 442 2920 θελήσῃς
467 2847 619 2916 αὑτῷ
675 2847 894 2914 ἀφιέναι
921 2849 1014 2900 καὶ
1039 2847 1154 2912 νῦν;
1208 2850 1400 2902 Καίτοι
1429 2851 1662 2914 ἀκούσας

135 2932 212 2983 τοῦ
246 2933 494 3005 Ἱερεμίου
525 2937 802 3003 λέγοντος,
833 2937 912 2988 ὃτι
946 2955 964 2986 ι
998 2937 1221 3000 ἕκαστος
1247 2938 1342 3008 τὴν
1359 2939 1548 2992 κακίαν
1566 2939 1659 2994 τοῦ

135 3022 330 3090 πλησίον
357 3024 518 3078 αὐτοῦ
551 3026 628 3096 μὴ
658 3023 937 3092 λογίζεσθε
963 3026 1021 3077 ὲν
1046 3029 1164 3089 ταῖς
1189 3027 1433 3098 καρδίαις
1453 3029 1621 3098 ὑμῶν.
1638 3049 1654 3080 ο
1685 3049 1725 3105 c

135 3110 194 3161 Σὺ
216 3111 265 3163 δὲ
291 3118 661 3184 μνησικακείς,
691 3115 787 3167 καὶ
839 3117 1118 3185 ωντηρείς
1168 3115 1244 3186 (7)
1296 3115 1521 3187 ἔχθραν,
1566 3121 1657 3172 καὶ

134 3199 211 3252 ἐπὶ
241 3204 405 3272 κρίσιν
441 3203 598 3274 ἔρχῃ,
629 3205 725 3256 καὶ
757 3205 912 3274 μῆνιν
946 3206 1148 3274 ὑφορᾷς
1165 3205 1260 3275 (8),
1293 3207 1386 3260 καὶ
1420 3209 1453 3278 ἡ
1492 3225 1658 3278 προσ-

134 3293 245 3360 ευχή
273 3309 360 3344 σου
386 3293 761 3364 ὲμποδίζεται.
806 3294 952 3347 Ἀλλ’
978 3296 1027 3346 εί
1079 3295 1170 3347 καὶ
1218 3295 1288 3347 τὰ
1338 3296 1657 3366 τετρακόσια

134 3381 420 3452 ἐνενήκοντα
444 3385 603 3452 ἀφεὶς
631 3385 711 3452 (9)
739 3383 815 3453 τῷ
845 3382 1052 3452 ἀδελφῷ
1091 3399 1212 3445 σου,
1249 3383 1533 3437 πλεόνασον
1559 3387 1657 3457 τὴν

133 3470 398 3541 ἀοργησίαν
424 3475 518 3526 ἐπὶ
569 3457 754 3524 πλεῖον
807 3475 886 3534 εἰς
942 3472 1294 3544 ἀγαθωσύνην
1345 3474 1423 3526 δι’
1449 3475 1651 3528 ἑαυτόν.

136 3558 231 3612 Κᾶν
257 3562 451 3625 ἐκεῖνος
481 3563 556 3633 μὴ
583 3565 751 3622 ποιεῖ,
779 3561 912 3614 ἀλλά
937 3577 999 3628 γε
1029 3563 1092 3614 σὺ
1117 3561 1205 3615 διὰ
1232 3563 1320 3615 τὸν
1346 3563 1474 3616 Θεὸν
1503 3565 1657 3617 σπού-

132 3647 238 3710 δαζε
261 3652 469 3718 ἀφιέναι
493 3654 574 3722 τῷ
605 3653 852 3721 πλησίον,
881 3653 1026 3714 ὅπως
1051 3653 1182 3723 γένῃ
1203 3652 1314 3716 υἱὸς
1338 3653 1430 3706 τοῦ
1447 3654 1655 3724 Πατρός

137 3753 211 3789 σου
234 3740 319 3793 τοῦ
345 3744 402 3793 έν
425 3743 706 3812 οὐρανοῖς,
761 3743 852 3794 καὶ
906 3742 1327 3810 προσευχόμενος
1379 3743 1651 3814 ὑπακούῃ,

133 3826 196 3887 ὡς
219 3830 355 3895 φίλος
379 3831 533 3883 Θεοῦ.

627 4021 1034 4074 ΚΕΦΑΛΛΙΟΝ.
1064 4023 1164 4074 ΝΔ¹
1175 4052 1192 4066 ο

139 4105 248 4161 Ὀτι
272 4110 380 4179 χρὴ
397 4111 538 4175 τοὺς
559 4111 924 4174 ἐπισκόπους
939 4116 1022 4179 ,τὰ
1039 4111 1169 4178 περὶ
1195 4109 1430 4179 εἰρήνης
1440 4110 1532 4165 διὰ
1551 4113 1652 4166 τοῦ

350 4179 626 4231 διακόνου
653 4178 1120 4247 ὑπομιμνήσκειν
1145 4179 1224 4244 τῷ
1247 4178 1394 4244 λαῷ.

191 4266 277 4317 Διὰ
299 4267 472 4332 τοῦτο,
502 4263 549 4320 ὦ
575 4269 878 4330 ἐπίσκοποι,
899 4268 1191 4338 μελλόντων
1220 4269 1368 4339 ὑμῶν
1397 4272 1476 4332 είς
1495 4288 1652 4341 προσ-

1769 1855 1942 1908 micos
1965 1855 2176 1918 odisse;
2211 1860 2266 1907 et
2286 1853 2582 1922 Legislator
2608 1855 2684 1907 ait
2714 1873 2726 1907 :
2763 1873 2782 1905 ι
2817 1855 2892 1909 Ne
2915 1856 3094 1910 oderis
3136 1857 3302 1912 ullum

1764 1944 2030 2000 hominem
2051 1965 2064 1998 :
2085 1959 2152 1998 ne
2177 1943 2302 1997 odio
2322 1943 2521 1998 habeas
2547 1943 2765 1997 fratrem
2793 1950 2965 2007 tuum,
2991 1946 3170 1999 animo
3189 1953 3306 2001 tuo:

1761 2033 2034 2104 arguendo
2054 2048 2216 2102 argue
2234 2032 2450 2087 fratrem
2476 2041 2654 2093 tuum,
2687 2041 2741 2086 et
2763 2049 2830 2087 ne
2865 2034 3133 2102 suscipias
3180 2049 3306 2104 pec-

1761 2133 1936 2176 catum
1972 2130 2185 2190 propter
2210 2137 2330 2174 eum
2349 2123 2389 2176 ⁸.
2429 2119 2544 2174 Νυιι
2567 2121 2691 2175 odio
2718 2122 2939 2177 habebis
2969 2121 3304 2194 Egyptium,

1762 2211 2013 2282 quoniam
2061 2212 2234 2264 incola
2266 2210 2410 2264 fuisti
2437 2209 2577 2278 apud
2597 2226 2720 2266 eum
2753 2230 2767 2264 :
2797 2227 2904 2264 non
2938 2213 3158 2268 habebis
3180 2213 3304 2267 odio

1760 2298 2075 2362 Idumaeum,
2107 2302 2362 2368 quoniam
2387 2298 2551 2354 frater
2571 2311 2696 2354 tuus
2725 2307 2807 2354 est
2828 2301 2868 2354 ³.
2909 2320 2928 2352 ι
2965 2300 3127 2354 David
3169 2317 3302 2370 quo-

1761 2406 1865 2459 que
1893 2391 1967 2442 ait
1994 2409 2006 2442 :
2041 2409 2057 2440 ι
2101 2387 2156 2442 Si
2186 2387 2390 2442 reddidi
2419 2389 2841 2444 retribuentibus
2869 2389 3000 2442 mihi
3034 2391 3172 2444 male
3194 2390 3233 2443 δ.
3277 2411 3294 2442 ι

1763 2479 1937 2543 Quare
1959 2479 2005 2532 si
2033 2478 2376 2553 Christianus
2397 2493 2519 2533 esse
2543 2480 2646 2542 vis,
2673 2494 2899 2547 sequere
2922 2479 3089 2547 legem
3117 2479 3268 2532 Domi
3285 2509 3300 2518 -

1761 2569 1819 2621 ni
1853 2586 1868 2622 :
1905 2587 1924 2619 ι
1962 2568 2118 2621 Solve
2153 2582 2363 2622 omnem
2388 2568 2779 2635 colligationem
2810 2567 3098 2636 impietatis
3127 2568 3169 2621 '.
3197 2587 3216 2619 ι
3241 2567 3298 2622 In

1763 2667 1814 2710 te
1842 2657 1988 2710 enim
2021 2656 2279 2711 Dominus
2309 2657 2491 2726 posuit
2514 2663 2831 2724 potestatem
2862 2655 3170 2710 remittendi
3191 2656 3299 2709 fra-

1759 2748 1828 2800 tri
1853 2754 2073 2816 peccata
2110 2755 2296 2801 contra
2326 2755 2378 2800 te
2414 2746 2734 2810 commissa,
2769 2761 2940 2816 usque
2990 2748 3296 2816 septuagies

1758 2837 1975 2905 septies,
2004 2836 2105 2889 hoc
2127 2844 2228 2898 est,
2256 2836 2644 2905 quadringenta
2699 2838 2988 2904 nonaginta
3013 2835 3053 2890 ⁸.
3077 2835 3296 2900 Quoties

1758 2926 2012 2995 ergojam
2039 2926 2298 2980 remisisti
2329 2925 2482 2978 fratri
2516 2935 2626 2990 tuo,
2657 2933 2715 2977 ut
2736 2925 2875 2978 nolis
2892 2925 2939 2979 ei
2967 2925 3127 2979 etiam
3153 2941 3296 2978 nunc

1758 3015 2070 3070 remittere?
2127 3013 2261 3067 Cum
2313 3023 2366 3068 et
2415 3014 2608 3068 audias
2656 3012 2939 3067 Jeremiam
2983 3014 3291 3068 dicentem:

1759 3122 1780 3156 ι
1820 3103 2193 3174 Unusquisque
2211 3106 2408 3157 malum
2433 3105 2661 3173 proximi
2693 3105 2776 3158 sui
2829 3120 2897 3158 ne
2939 3105 3185 3174 cogitetis
3237 3121 3291 3158 ιιι

1756 3197 2007 3248 cordibus
2035 3196 2228 3249 vestris
2251 3196 2294 3248 ".
2327 3211 2346 3246 ι
2377 3193 2456 3247 Τιι
2489 3201 2666 3246 autem
2693 3193 2902 3261 injuriae
2924 3205 3222 3253 memores,
3239 3203 3292 3245 et

1757 3284 2088 3338 inimicitiam
2112 3285 2330 3347 retines,
2359 3291 2412 3338 et
2455 3285 2509 3336 in
2551 3282 2812 3349 judicium
2859 3282 3030 3344 venis,
3072 3289 3125 3334 et
3160 3281 3290 3333 iram

1754 3374 1810 3428 in
1839 3383 1890 3428 te
1918 3376 2161 3444 respicis,
2209 3382 2264 3428 et
2308 3373 2482 3427 oratio
2524 3380 2618 3426 tua
2668 3373 2975 3441 impeditur.
3033 3370 3138 3425 Sed
3186 3373 3288 3424 etsi

1754 3463 2138 3532 quadringenta
2184 3463 2473 3532 nonaginta
2521 3461 2791 3516 remiseris
2837 3461 2988 3513 fratri
3017 3467 3108 3512 tuo
3131 3460 3173 3521 ⁸,
3197 3463 3292 3512 ad-

1753 3553 1856 3606 huc
1885 3562 2100 3622 propter
2121 3555 2348 3623 teipsum
2375 3568 2509 3622 auge
2542 3551 3007 3606 mansuetudinem
3052 3557 3196 3601 tuam
3233 3551 3287 3602 in

1754 3643 2150 3710 benignitatem;
2173 3650 2225 3696 et
2243 3644 2488 3712 quamvis
2531 3643 2618 3695 ille
2673 3658 2780 3695 non
2813 3642 3006 3703 faciat,
3033 3651 3086 3693 tu
3112 3651 3286 3695 tamen

1752 3739 1967 3799 propter
1995 3731 2159 3785 Deum
2180 3739 2362 3801 satage
2385 3731 2651 3785 dimittere
2678 3731 2939 3799 proximo.
2967 3739 3023 3782 ut
3049 3732 3125 3785 sis
3149 3731 3286 3783 filim:

1746 3821 1918 3874 Patris
1940 3821 2037 3884 tui,
2063 3820 2153 3889 qui
2184 3823 2238 3873 in
2261 3821 2411 3875 caalis
2434 3831 2533 3882 est,
2562 3829 2723 3890 utque
2746 3822 2872 3874 dum
2887 3835 3031 3886 oras,
3047 3821 3284 3874 audiaris

1752 3918 1999 3978 tanquam
2023 3909 2114 3963 Dei
2144 3911 2352 3963 anticus
2379 3911 2419 3962 ’.

2322 4021 2547 4076 CAPUT
2587 4022 2717 4078 LIV.

1753 4110 1900 4178 Quod
1931 4121 2158 4180 oporteat
2196 4112 2454 4178 episcopos
2471 4111 2532 4164 de
2551 4128 2674 4180 pace
2695 4127 2784 4178 per
2803 4110 3077 4166 diaconum
3096 4113 3282 4180 populo

2173 4183 2238 4253 in.
2250 4181 2549 4234 memoriam
2574 4197 2856 4251 suggerere.

1818 4271 2048 4336 Idcirco,
2079 4286 2112 4324 ο
2140 4272 2396 4340 epiSCOpi,
2421 4287 2542 4324 cum
2573 4273 2639 4324 ad
2680 4272 2970 4325 orationem
3028 4273 3281 4340 procede-

135 4354 272 4422 ευχὴν
315 4357 556 4427 ἀπαντᾷν
580 4396 595 4419 ,
628 4357 763 4426 μετά
789 4359 886 4428 τὴν
951 4359 1248 4425 ἀνάγνωσιν
1275 4360 1366 4411 καὶ
1391 4360 1488 4430 τὴν
1514 4360 1653 4412 Ψαλ-

1757 4363 1840 4423 tis,
1881 4370 2000 4430 post
2048 4363 2328 4416 lectionem
2375 4370 2428 4415 et
2471 4361 2803 4415 Psalmorum
2858 4371 3112 4423 cantum,
3160 4369 3278 4429 post

138 4443 332 4510 μῳδίαν,
362 4449 452 4500 καὶ
485 4449 586 4517 τὴν
640 4449 730 4499 ἐπὶ
781 4451 899 4511 ταῖς
953 4449 1188 4518 Γραφαίς
1237 4449 1590 4511 διδασκαλίαν,
1616 4453 1644 4502 6

137 4529 348 4597 διάκονος
376 4536 542 4599 ἑστὼς
571 4537 793 4606 πλησίον
823 4537 991 4606 ὑμῶν,
1024 4539 1158 4607 μετά
1213 4539 1414 4608 ὑψηλῆς
1466 4541 1642 4610 φωνῆς

138 4618 330 4687 λεγέτωο
350 4645 366 4676 ι
393 4629 568 4697 Μήτις
593 4628 732 4680 κατά
755 4644 913 4690 τινος·
933 4629 1157 4697 μήτιςὲν
1173 4630 1590 4699 ὑποκρίσει(10)⁶
1613 4650 1632 4682 ι

191 4774 389 4845 '_.\latth.
425 4795 476 4841 v,
520 4779 590 4833 25
677 4781 698 4811 ³
728 4780 853 4834 Lev.
885 4796 996 4839 six.
1031 4782 1116 4834 l7.
1192 4786 1212 4816 ³
1243 4783 1392 4838 Deut.
1424 4800 1577 4845 niti,
1605 4785 1654 4838 7.

1745 4461 2020 4506 enat-ratas
2047 4450 2382 4520 Scripturas;
2440 4452 2702 4505 diaconus
2754 4453 2906 4519 juxta
2965 4466 3058 4504 vos
3105 4457 3274 4510 stans,

1746 4543 2070 4609 proclamet:
2124 4562 2140 4590 ι
2165 4540 2240 4594 Ne
2264 4541 2386 4609 quis
2429 4551 2614 4594 contra
2643 4543 2902 4609 aliquem;
2951 4555 3018 4593 ne
3057 4539 3178 4606 quis
3225 4543 3277 4592 in

1744 4630 2042 4699 hypocrisi;
2071 4650 2088 4682 ι
2123 4640 2182 4684 ιιι
2209 4630 2255 4685 si
2275 4632 2329 4684 in
2357 4633 2630 4685 nonnullis
2653 4631 2932 4685 dissidium
2951 4629 3272 4696 reperiatur.

1751 4793 1774 4817 δ
1800 4784 1942 4840 Psal.
1971 4801 2066 4846 vn,
2098 4786 2151 4839 5.
2245 4787 2268 4817 ⁸
2297 4784 2368 4842 ls.
2401 4801 2550 4849 LVIII,
2575 4787 2626 4840 6.
2728 4787 2748 4816 ⁸
2784 4783 2970 4836 Matth.
2997 4798 3150 4845 xvm,
3182 4782 3270 4834 22.

138 4837 173 4868 ⁸·
196 4837 531 4913 Τετρακόσια,
566 4860 621 4904 ιιι
655 4849 834 4903 infra?
894 4851 914 4880 ⁷
969 4837 1128 4905 Zach.
1157 4837 1389 4915 vni,l7.i
1437 4857 1459 4884 ³
1482 4837 1658 4906 Matth.

1777 4837 1884 4909 24'.
1910 4837 1976 4884 ίό
2006 4837 2212 4917 ιιςιιιξν,
2236 4855 2326 4908 ts.

1376 4962 1724 5020 νΑιιιοιιυιι
1759 4967 1984 5022 NOTAE.

303 5066 428 5138 ’ζνα
451 5065 664 5138 picto.
688 5066 792 5138 Ms.
821 5066 1160 5138 Vindoba‘ott
1188 5072 1248 5122 οὑ
1302 5073 1486 5134 θέλεις.

206 5133 273 5201 (Ἰ)
309 5133 632 5206 Συιςτὴρεῗῖς.
811 5150 955 5206 unus
986 5133 1246 5202 ωζητείς,
1275 5140 1406 5193 alter
1445 5133 1638 5206 φυλάτ-

143 5213 260 5270 τεις,
304 5203 653 5257 scribentibus
711 5202 950 5258 librariis
982 5217 1102 5270 non
1145 5207 1300 5264 verba
1361 5202 1637 5270 dictantis,

149 5267 544 5336 sedsententiam
569 5271 846 5325 verborum
867 5269 1078 5336 qualem
1110 5274 1380 5336 putabant.
1413 5277 1577 5327 Cum.

225 5334 272 5406 β)
311 5337 547 5406 Ὑφορᾷς
567 5339 675 5406 Ms.
707 5334 942 5406 Vindob.
969 5334 1247 5406 ὑφορᾷσᾳι,
1275 5340 1360 5392 διὰ
1387 5342 1558 5392 τοῦτο.

222 5404 270 5471 9)
307 5403 505 5471 Hyele.
525 5403 533 5404 ί
552 5405 901 5485 _Pr:en_iittitur
931 5404 985 5454 in
1016 5403 1135 5456 Cod.
1160 5403 1385 5463 Vindob.
1422 5407 1640 5477 συνεχώ-

153 5483 314 5536 ρησας,
337 5474 676 5525 accumulasti.
703 5472 777 5526 lo.
1546 5472 1577 5477 ’“

153 5533 304 5617 n.00)
350 5539 522 5617 Μῆτις
565 5541 709 5617 adad
759 5553 933 5601 τινος·
983 5536 1264 5617 μῖίτιςμεέν
1316 5543 1633 5617 ὑποκρζσει.

152 5598 460 5660 Diaconorum
491 5598 590 5661 has
620 5608 851 5673 aliasque
891 5598 1337 5672 proclalnationes
1388 5598 1640 5680 pldrimas

1739 5079 2016 5148 continent
2044 5078 2308 5148 ιιι-.γοίρυε
2333 5075 2615 5148 Li_tnrgiae_,
2663 5077 2821 5148 etiam
2851 5076 3041 5148 nostri:
3097 5079 3271 5148 Μήτις

1742 5145 1846 5216 τῷν
1873 5144 2302 5216 κατηχουμὲνων·
2337 5146 2524 5216 μήῌτις
2543 5144 3071 5216 τῶνλιξιιροιιιειέίνων·Δ
3091 5144 3274 5216 μήτις

1740 5213 1844 5264 τῶν
1872 5211 2128 5264 ἀπίστωνδ
2162 5213 2231 5282 μή
2267 5211 2348 5272 τις
2375 5211 2478 5263 τῶν
2507 5211 2832 5332 ἑτεροδόξων.
2870 5211 3170 5283 ’Προελθετὲ
3224 5217 3270 5266 οἱ

1744 5281 2124 5332 κατηγούμενοι
2153 5281 2210 5330 ἐν
2236 5281 2440 5332 εἰρήνη.
2479 5281 2560 5332 Ilo
2618 5280 2766 5331 λθετε
2803 5282 2852 5332 οἱ
2881 5283 3266 5332 ὲνεογοὺιιενοι.

1744 5281 2124 5352 κατηχούμενοι
2153 5280 2440 5352 ἐνείρήνῃ.
2479 5280 2785 5352 Ιίροέλθετε-
2803 5282 2852 5332 ol
2876 5280 3266 5352 rév'spyoéjtevot.

1744 5299 1874 5332 καττ
1915 5299 2124 5349 ουμενοι
2153 5299 2210 5330 εν
2236 5299 2282 5330 ει
2322 5299 2440 5350 ηνῃ.
2479 5299 2766 5348 ιιροεΑοετε
2803 5299 2852 5332 οι
2881 5299 3266 5352 ενεργουμενοι.

1744 5299 2090 5420 ῌροέξθετερί
2111 5299 2476 5420 φωτιςᾶιενοι.
2510 5348 2822 5420 ’ᾼπολὺεσθε
2839 5351 2886 5400 οί
2904 5351 3266 5420 μὲν-μετανοίᾳ.

1743 5415 1829 5497 ιιι)
1860 5433 1940 5477 τις
1993 5415 2096 5497 τεῦν
2133 5415 2418 5495 ἀμυήτων,
2478 5418 2548 5486 μή
2594 5433 2676 5478 τις
2709 5417 2814 5468 τῶν
2859 5415 3269 5537 μὴΐδυναμένών

1745 5487 1870 5548 ημῖν
1914 5481 2271 5548 συνοεηθηναιο
2304 5482 2555 5548 ἀλλήλους
2601 5485 2879 5548 ὲπίγνωτε.
2967 5486 3030 5548 ἀς
3081 5484 3267 5548 θύρας,

1745 5498 1870 5566 ημιν
1914 5498 2271 5600 συνοεῈηναι·
2304 5498 2555 5553 αΛΑῃΑους
2601 5498 2879 5551 επιγνωτε.
2933 5498 3030 5548 [ἀς
3081 5498 3267 5554 υυραξο

1744 5567 1838 5612 τας
1866 5551 2046 5629 θύρας.
2138 5552 2402 5629 ,έπετὶμή
2431 5569 2512 5612 τις
2532 5553 2634 5603 τῶν
2663 5555 3096 5629 κξτηχουμένωνη
3119 5555 3267 5606 Ὅσοι

1746 5617 2132 5689 κατηχούμενοι
2174 5617 2478 5688 προέλθετε,
2529 5631 2631 5675 etc.
2680 5617 2988 5678 Timotheus
3038 5622 3266 5676 Alcum-
