3816 6416
380 357 486 414 725

1258 353 1315 405 8.
1355 345 1754 405 CLEMENTIS
1790 348 1807 401 l
1845 344 2014 400 ROM.
2055 344 2255 402 PONT.
2298 346 2527 402 OPERA
2566 348 2794 403 DUBlA.

3561 352 3659 407 724

378 475 584 537 occisa,
614 488 737 543 qua:
776 471 995 543 quidem
1040 483 1137 539 per
1181 465 1560 538 paenitentiam
1613 461 1822 519 servari
1866 475 1965 531 po-

2099 461 2250 532 ωχῆς
2267 460 2555 531 ἀνθρώπου
2587 462 2675 532 ὑφ’
2698 461 2851 531 ὑμῶν
2879 460 3278 533 ἀναιρεθείσης,
3295 463 3416 533 ἥτις
3443 463 3658 518 ἐδύνατο

380 576 553 628 terat;
579 567 743 638 periit
777 574 997 623 tamen.
1046 577 1157 615 non
1200 559 1378 615 solum
1424 566 1648 628 propter
1688 556 1964 626 prepriam

378 664 540 721 iram,
574 675 669 714 seu
686 658 879 711 merita
902 670 1023 717 sua,
1058 651 1154 709 sed
1175 651 1355 721 etiam
1387 650 1458 705 ob
1476 656 1686 704 vestras
1715 646 1965 711 insidias;

256 774 265 797 ι
375 763 430 809 et
457 749 785 822 implevistis
801 748 946 818 quod
979 747 1247 816 scriptum
1271 751 1389 798 est:
1423 761 1441 793 ι
1468 739 1571 807 Qui
1605 755 1714 794 non
1738 754 1967 808 congre-

376 855 468 917 gat
498 857 738 905 mecum,
772 839 1064 911 spargit“.
1102 857 1119 890 ι
1173 835 1273 889 Hic
1316 841 1402 890 est
1441 833 1743 902 dispersor,
1780 830 1964 883 ovium

376 934 752 998 adversarius,
787 931 884 985 Dei
933 930 1133 992 hostis,
1194 940 1464 997 agnorum
1515 924 1778 985 laniator,
1823 936 1963 990 quo-

375 1039 497 1077 rum
533 1022 792 1075 Dominus
825 1028 1010 1088 pastor
1045 1016 1271 1071 exstitit.
1306 1014 1373 1068 Et
1403 1030 1502 1071 nos
1527 1030 1594 1071 ex
1626 1017 1793 1070 variis
1831 1032 1956 1087 geu-

373 1117 520 1170 tibus
572 1123 628 1170 et
680 1114 883 1184 linguis
941 1110 1417 1181 congregationem
1469 1109 1702 1165 fecimus
1734 1153 1748 1175 ,
1825 1127 1952 1165 cum

376 1210 550 1261 multo
576 1204 760 1259 labore
804 1219 870 1259 ac
900 1200 1163 1273 periculo,
1219 1216 1343 1255 cum
1398 1199 1622 1254 assidua
1654 1200 1905 1255 molestia
1936 1240 1952 1263 ,

374 1296 692 1367 pervigiliis,
709 1297 910 1361 esurie,
939 1293 1091 1349 humi
1118 1291 1430 1356 cubatibus,
1454 1291 1953 1360 persecutionibus,

373 1392 569 1461 plagis,
605 1389 923 1447 carceribus
949 1389 991 1420 "
1017 1406 1033 1454 ;
1068 1396 1127 1441 ut
1155 1385 1421 1440 voluntati
1452 1384 1547 1439 Dei
1570 1386 1955 1453 obsequentes,

378 1478 703 1538 triclinium.
727 1476 831 1531 hoc
854 1483 960 1540 est,
990 1488 1205 1529 sacram
1227 1481 1281 1527 et
1307 1471 1633 1525 catholicam
1659 1470 1958 1525 Ecclesiam

370 1567 1203 1641 repleremusaceumbentibus,
1232 1580 1425 1634 nempe
1450 1564 1687 1627 vocatis,
1718 1562 1958 1633 gauden-

362 1663 517 1746 tibus
535 1668 591 1716 et
609 1659 1037 1722 exsultantibus,
1073 1657 1502 1727 praedicantibus
1529 1663 1585 1710 et
1602 1654 1957 1724 magniﬁcan-

369 1755 519 1809 tibus
552 1752 745 1818 Deum,
777 1750 871 1821 qui
902 1766 1000 1821 per
1030 1765 1133 1805 nos
1184 1748 1253 1802 ad
1303 1748 1473 1801 vitam
1533 1747 1659 1800 illos
1711 1746 1950 1800 vocavit.

367 1846 438 1899 At
460 1860 581 1909 vos,
628 1855 893 1914 quantum
954 1842 1010 1895 in
1070 1840 1227 1895 vobis
1276 1838 1399 1902 fuit,
1460 1837 1794 1907 dissipastis.
1833 1837 1951 1891 Jam

369 1952 521 1999 vero,
550 1951 649 1991 vos
671 1934 819 1998 laici,
863 1948 1056 2003 pacem
1118 1940 1313 1986 mutuo
1359 1930 1577 1993 habete,
1610 1938 1664 1985 et
1693 1940 1953 1999 tanquam

367 2027 668 2099 prudentes
699 2025 917 2081 studete
948 2023 1250 2079 Ecclesiam
1295 2021 1590 2091 adaugere,
1638 2035 1703 2074 ac
1732 2035 1830 2077 eos
1858 2021 1952 2091 qui

367 2121 451 2176 vel
484 2119 724 2174 ferarum
755 2118 841 2173 vel
863 2117 1225 2173 erraticarum
1261 2114 1446 2169 ovium
1476 2128 1656 2169 mores
1684 2127 1748 2168 ac
1771 2112 1952 2167 locum

367 2220 574 2275 tenent,
596 2212 861 2273 cieurate,
884 2216 940 2264 et
964 2208 1031 2263 ad
1057 2222 1178 2262 eam
1204 2206 1472 2267 redueite,
1492 2219 1556 2258 ac
1577 2205 1632 2259 in
1658 2205 1951 2275 pristinum

367 2311 572 2358 statum
602 2302 901 2359 restituite.
924 2300 1103 2370 Atque
1135 2300 1250 2353 haec
1276 2306 1362 2353 est
1394 2297 1632 2352 maxima
1666 2299 1720 2351 in
1762 2313 1953 2367 repro-

368 2397 635 2451 missione
656 2393 749 2450 Dei
780 2408 996 2448 merces
1029 2411 1044 2449 :
1079 2411 1098 2444 ι
1136 2390 1192 2446 Si
1222 2391 1480 2446 eduxeris
1510 2405 1576 2444 ex
1617 2389 1843 2460 indigno
1868 2390 1954 2445 di~

363 2502 530 2557 gnum
566 2494 618 2540 et
656 2488 979 2555 pretiosum,
1024 2484 1181 2553 quasi
1226 2499 1290 2537 os
1322 2499 1500 2536 meum
1524 2482 1709 2537 eris".
1734 2501 1768 2559 ~i

935 2596 1165 2651 CAPUT
1209 2594 1366 2651 LVII.

364 2712 658 2781 Descriptio
696 2710 944 2765 Ecclesia'
984 2720 1033 2765 et
1066 2711 1228 2770 cleri;
1286 2720 1333 2764 et
1375 2674 1501 2781 quid
1536 2710 1723 2779 facere
1763 2709 1949 2763 debeat

433 2783 787 2853 unusquisque
811 2783 1032 2836 clericus
1070 2782 1146 2835 vel
1188 2781 1357 2834 laicus
1402 2782 1459 2834 in
1489 2783 1684 2850 synaxi
1733 2796 1949 2850 congre-

431 2864 609 2921 gaius.

432 2944 513 2999 Tu
539 2960 689 3007 vero,
732 2944 1013 3014 episcope,
1061 2944 1140 2998 sis
1182 2950 1431 3007 sanctus,
1478 2943 1809 3013 inculpatus,
1836 2960 1946 2998 non

358 3051 675 3107 percussor,
708 3051 818 3089 non
861 3035 1181 3097 iracundus,
1216 3050 1324 3088 non
1358 3035 1617 3103 immitis;
1651 3036 1745 3091 sed
1773 3036 1946 3092 sedili-

2069 551 2308 623 σωθῆναι
2335 552 2424 606 διὰ
2459 552 2771 623 μετανοίας,
2793 552 3039 606 ἀπώλετο
3066 553 3122 606 δέ
3146 554 3208 606 ού
3244 553 3404 624 μόνον
3434 552 3495 617 ἐξ
3527 555 3655 616 ἰδίας

2066 645 2257 715 ὀργῆς,
2288 643 2402 698 ἀλλ’
2418 644 2518 716 ήδη
2538 646 2632 697 καὶ
2649 644 2709 708 ἐξ
2730 644 3001 715 ὑμετέρας
3020 644 3333 714 ἐπιϐουλῆς·
3373 645 3468 697 καὶ
3490 645 3651 716 ἐπλη-

2067 737 2278 809 ρώσατε
2306 737 2367 790 τὸ
2392 736 2795 808 γεγραμμένον·
2848 754 2866 785 ι
2908 735 2967 787 '0
2990 734 3064 806 μὴ
3096 734 3345 803 συνάγων
3368 737 3484 806 μετ’
3501 737 3650 806 ἐμοῦ,

2066 831 2367 902 σκορπίζει.
2407 850 2426 881 ι
2461 829 2714 892 Τοιοῦτος
2742 829 2798 882 δὲ
2833 827 2927 891 ὢν,
2960 827 3314 899 σκορπιστὴς,
3370 826 3652 899 προϐάτιον

2063 924 2369 987 ἀντίδικος,
2408 922 2544 976 Θεοῦ
2583 921 2800 993 ἐχθρὸς,
2847 921 2956 974 τῶν
3004 922 3206 993 ἀρνίων
3254 920 3489 992 φθορεὺς
3517 918 3648 991 (25).

2061 1013 2136 1070 ὧν
2151 1018 2179 1069 ὁ
2198 1016 2404 1088 Κύριος
2424 1014 2626 1087 ποιμὴν
2640 1014 2870 1087 ὑπῆρξε.
2884 1013 2997 1067 Καὶ
3022 1015 3184 1084 ἡμεῖς
3215 1012 3327 1084 (24)
3352 1014 3652 1080 συναγωγοὶ

2061 1110 2124 1161 ἐκ
2152 1108 2423 1180 διαφόρων
2455 1106 2623 1161 ἐθνῶν
2668 1109 2764 1161 καὶ
2818 1104 3103 1176 γλωσσῶν,
3144 1106 3203 1157 ἐν
3248 1103 3429 1175 πολλῷ
3476 1104 3653 1175 μόχθῳ

2060 1204 2155 1256 καὶ
2173 1202 2420 1273 κινδύνῳ,
2441 1204 2536 1255 καὶ
2563 1202 2717 1273 κόπῳ
2732 1201 2984 1272 διηνεκεῖ,
3015 1198 3364 1271 ἀγρυπνίαις,
3392 1198 3649 1260 ἀσιτίαις,

2060 1296 2403 1365 χαμευνίαις,
2437 1294 2719 1365 διωγμοῖς,
2755 1292 3012 1363 πληγαῖς,
3043 1290 3330 1360 φυλακαῖς,
3362 1290 3450 1342 ἵνα
3482 1287 3545 1341 τὺ
3568 1288 3653 1341 θέ-

2058 1388 2208 1458 λημα
2237 1385 2331 1439 τοῦ
2352 1385 2488 1439 Θεοῦ
2522 1387 2868 1457 ποιήσαντες.
2898 1382 3279 1454 πληρώσωμεν
3320 1381 3412 1434 τὸν
3449 1380 3656 1452 τρίκλι-

2058 1496 2147 1533 νον
2187 1478 2299 1549 (25)
2332 1478 2440 1531 τῶν
2482 1478 2879 1549 ἀνακειμένων,
2926 1474 3171 1528 τουτέστι
3218 1474 3321 1545 τὴν
3366 1472 3519 1544 ἱερὰν
3560 1472 3655 1526 καὶ

2058 1570 2353 1641 καθολικὴν
2380 1569 2727 1640 Ἐκκλησίαν,
2773 1565 3215 1639 εὐφραινομένων
3258 1563 3367 1618 τῶν
3414 1564 3650 1634 κλητῶν,

2058 1664 2151 1716 καὶ
2165 1661 2609 1733 ἀγαλλιωμένων,
2640 1658 2951 1732 ὑμνούντων
2971 1659 3065 1711 καὶ
3084 1653 3415 1721 δοξαζόντων
3437 1655 3532 1708 τὸν
3551 1673 3652 1708 κα-

2057 1754 2285 1808 λέσαντα
2311 1754 2511 1817 αὐτοὺς
2536 1752 2602 1805 δι’
2621 1750 2778 1824 ἡμῶν
2806 1752 2887 1814 είς
2916 1746 3061 1821 ζωὴν
3091 1747 3245 1802 Θεόν.
3305 1746 3498 1817 Ὑμεῖς
3531 1747 3653 1799 ὅσον

2055 1845 2116 1899 τὸ
2133 1845 2217 1916 ἐφ’
2237 1846 2365 1917 ὑμῖν
2389 1844 2824 1916 διεσκορπίσατε.
2846 1843 2958 1897 Καὶ
2984 1842 3142 1912 ὑμεῖς
3170 1840 3228 1893 δέ
3258 1840 3309 1893 οἱ
3340 1839 3547 1902 λαῖκοὶ,
3579 1840 3656 1892 εί·-

2058 1936 2313 2008 ρηνεύετε
2342 1936 2481 2008 πρὸς
2511 1936 2798 2008 ἀλλήλους,
2847 1931 3245 1997 σπουδάζοντες
3286 1933 3365 1996 ὡς
3392 1932 3652 2003 φρόνιμοι

2052 2032 2153 2102 τὴν
2178 2029 2504 2102 Ἐκκλησίαν
2520 2027 2726 2093 αὔξειν,
2756 2028 2853 2082 καὶ
2878 2027 2949 2081 τά
2980 2026 3309 2099 νομιζόμενα
3329 2027 3501 2098 ἄγρια
3528 2026 3649 2081 ἐπι-

2056 2123 2308 2195 στρέφειν
2356 2124 2438 2186 εἰς
2477 2122 2670 2193 αὐτὴν,
2716 2119 3041 2192 ἐξημεροῦν,
3085 2120 3180 2173 καὶ
3246 2119 3649 2190 ἀποκαθιστᾷν.

2052 2214 2163 2268 Καὶ
2189 2212 2346 2267 τοῦτό
2376 2212 2485 2285 (26)
2515 2214 2662 2267 ἐστιν
2699 2214 2728 2266 ό
2777 2212 3034 2283 μέγιστος
3069 2210 3129 2276 ἐξ
3171 2211 3513 2280 ἐπαγγελίας
3564 2228 3654 2281 μι-

2056 2306 2179 2370 σθὸς
2206 2305 2361 2377 παρά
2387 2304 2522 2358 Θεοῦ
2571 2303 2704 2375 (27)·
2760 2323 2779 2355 ι
2830 2303 2955 2357 Ἐἀν
2996 2302 3273 2376 ἐξαγάγῃς
3319 2302 3380 2368 ἐξ
3427 2301 3650 2368 ἀναξίου

2053 2398 2199 2462 ἄξιον
2227 2399 2320 2450 καὶ
2351 2396 2461 2467 (28)
2491 2397 2697 2467 τίμιον,
2731 2396 2808 2459 ὡς
2841 2395 3016 2467 στόμα
3049 2413 3151 2467 μου
3184 2395 3303 2469 ἔσῃ.
3336 2415 3355 2448 ι

2559 2599 2953 2653 ΚΕΦΑΛΑῙΟΝ
2988 2599 3110 2651 ΝΖ’.

2050 2717 2417 2780 Διατύπωσις
2432 2715 2794 2780 Ἑκκ.1ησιάς
2812 2714 2911 2767 καὶ
2938 2713 3188 2781 κλήρου,
3206 2712 3304 2766 καὶ
3322 2712 3652 2778 τίὲκαστος

2112 2784 2417 2839 ἐπιτελεῖν
2445 2785 2671 2853 ὀφείλει
2700 2783 2818 2837 τῶν
2861 2782 3416 2853 συναθροιζομένων
3443 2787 3651 2851 unpr-

2120 2855 2243 2909 κῶν
2268 2854 2305 2923 ἣ
2336 2854 2561 2909 λαϊκῶν
2585 2855 2655 2907 ἐν
2690 2853 2768 2923 τῇ
2793 2853 3065 2919 συνάξει.
3662 2882 3663 2885 η

2120 2948 2193 3001 Σὺ
2220 2947 2276 3000 δὲ
2293 2948 2322 3000 ό
2349 2948 2667 3010 ἐπίσκοπος,
2686 2945 2778 2999 ἔσο
2800 2946 2975 3014 ἆγιος,
2998 2946 3248 3016 ἄμωμος,
3273 2945 3348 3016 μὴ
3371 2943 3647 3016 πλήκτης,

2054 3040 2126 3112 μὴ
2160 3040 2394 3112 ὀργίλος,
2427 3038 2501 3110 μὴ
2532 3039 2764 3110 ἀπηνής·
2782 3037 2896 3091 ἀλλ’
2918 3036 3216 3107 οἰκοδόμος,
3248 3035 3646 3106 ἐπιστροφεὺς,

359 3126 546 3191 candi,
602 3128 987 3190 convertendi,
1040 3142 1105 3181 ac
1154 3127 1386 3182 docendi
1433 3144 1529 3183 seu
1572 3130 1943 3184 constituendi

2099 3131 2352 3196 δακτικὸς
2392 3131 2457 3196 ⁸⁸,
2507 3130 2863 3196 ἀνεξίκακος,
2907 3128 3212 3200 ὴπιόθυμος
3249 3126 3386 3198 (29),
3430 3128 3646 3197 πρᾶος,

359 3219 575 3283 avidus,
604 3218 873 3273 malorum
902 3219 1145 3274 tolerans
1165 3259 1179 3283 ,
1214 3219 1397 3274 animo
1429 3219 1561 3283 leui,
1592 3229 1940 3286 mansuetus,

354 3311 705 3382 longanimis,
740 3310 807 3365 ad
835 3310 1166 3364 hortandum
1209 3321 1264 3366 et
1292 3312 1690 3366 consolandum
1716 3312 1947 3368 idoneus

363 3412 622 3471 tanquam
653 3402 819 3456 homo
848 3400 964 3457 Dei.
996 3404 1041 3436 ’θ
1078 3402 1217 3457 Cum
1280 3412 1462 3457 autem
1508 3402 1811 3458 Ecclesiam
1853 3403 1948 3459 Dei

359 3495 804 3565 congregaveris,
834 3496 983 3550 velut
1014 3509 1225 3564 magna):
1251 3495 1408 3548 navie
1432 3494 1788 3564 gubernator,
1822 3510 1946 3549 cum

358 3587 508 3642 omni
536 3587 827 3657 prudentia
864 3593 920 3641 et
959 3586 1249 3657 disciplina
1267 3586 1402 3656 jube
1446 3586 1563 3641 ﬁeri
1613 3595 1940 3650 conventus,

360 3679 684 3749 precipiens
713 3678 985 3740 diacouis.
1039 3678 1183 3733 sicut
1234 3679 1445 3743 nautis,
1489 3686 1551 3733 ut
1595 3680 1713 3735 loca
1760 3680 1946 3734 fratri-

358 3772 483 3834 bus,
525 3771 683 3841 quasi
712 3771 1050 3833 vectoribus,
1085 3770 1329 3825 adhibita
1353 3771 1503 3824 omni
1522 3786 1655 3825 cura
1670 3780 1725 3827 et
1744 3774 1944 3827 decen-

359 3861 455 3929 tia,
487 3861 804 3933 disponant.
841 3861 917 3916 Ac
944 3862 1124 3932 primo
1155 3862 1376 3932 quidem
1412 3861 1558 3918 aedes
1581 3863 1653 3918 sit
1681 3864 1938 3935 oblonga,

358 3952 426 4007 ad
459 3954 725 4009 orientem
770 3969 951 4018 versa,
1001 3970 1067 4009 ex
1115 3961 1351 4024 utraque
1390 3962 1547 4025 parte
1588 3956 1941 4026 pastophoria

358 4060 551 4100 versus
599 4047 867 4101 orientem
922 4045 1152 4109 habens,
1208 4053 1264 4099 et
1292 4061 1413 4115 quas
1443 4047 1565 4101 navi
1593 4048 1665 4102 sit
1710 4049 1929 4105 similis.

432 4177 474 4206 ¹⁶
504 4176 696 4232 Matth.
729 4194 803 4232 xtl
826 4218 842 4241 ,
875 4177 964 4231 50.
1044 4178 1084 4208 ¹⁷
1113 4173 1152 4227 ll
1178 4175 1306 4232 Cor.
1356 4192 1431 4232 ιι.
1515 4178 1556 4209 ⁸⁸
1583 4177 1695 4234 Jer.
1724 4196 1814 4243 xv,
1842 4181 1933 4237 l9.

2099 4189 2159 4238 ιι.
2202 4180 2565 4244 διατακτικός.

356 4263 410 4301 c.
444 4247 523 4302 14.

2051 3222 2422 3295 μακρόθυμος,
2457 3221 2863 3293 παραινετικὸς,
2893 3217 3304 3293 παρακλητικδς
3325 3257 3345 3286 ,
3386 3219 3466 3282 ὡς
3507 3219 3647 3272 Θεοῦ

2047 3314 2353 3385 ἄνθρωπος.
2389 3316 2554 3367 Ὅταν
2583 3313 2639 3366 δὲ
2660 3311 3018 3384 συναθροίζῃς
3044 3311 3264 3384 τὴνίτοῦ
3284 3309 3423 3364 Θεοῦ
3435 3307 3662 3379 Ἐκκληο

2050 3409 2190 3471 σίαν,
2222 3407 2299 3471 ὡς
2350 3405 2417 3460 ἂν
2444 3406 2784 3478 κυϐερνήτης
2813 3405 2941 3477 νηὸς
2971 3405 3231 3477 μεγάλης,
3267 3404 3385 3475 μετ’
3416 3404 3649 3473 gmw-"3‘

2053 3518 2160 3573 μης
2187 3500 2369 3571 πάσης
2398 3499 2585 3552 κέλευε
2614 3497 2885 3552 ποιεῖσθαι
2912 3495 3012 3561 τὰς
3031 3495 3302 3559 συνόδους,
3332 3494 3647 3566 παραγγέλ-

2049 3593 2156 3645 λων
2183 3593 2297 3655 τοῖς
2321 3590 2589 3654 διακόνοις
2616 3589 2814 3643 ὡσανεὶ
2840 3587 3086 3652 ναύταις,
3134 3589 3260 3650 τοὺς
3298 3586 3501 3649 τόπους
3544 3586 3643 3637 ἐκ-

2049 3682 2269 3736 τάσσειν
2295 3684 2409 3745 τοῖς
2437 3681 2704 3750 ἀδελφοῖς,
2734 3679 2987 3752 καθάπερ
3026 3679 3314 3741 ἐπιϐάταις
3343 3678 3457 3749 (50)
3501 3676 3646 3747 μετά

2050 3774 2234 3846 πάσης
2260 3773 2579 3845 ἐπιμελείας
2607 3774 2701 3827 καὶ
2733 3772 3078 3844 σεμνότητος.
3113 3772 3223 3825 Καὶ
3267 3770 3490 3842 πρῶτον
3540 3770 3643 3840 μὲν

2046 3871 2075 3922 ό
2103 3865 2248 3931 οἶκος
2292 3866 2430 3919 ἔστω
2479 3866 2756 3936 ἐπιμήκης
2786 3864 2919 3935 (51),
2955 3864 3076 3917 κατ’
3107 3860 3373 3924 ἀνατολὰς
3398 3876 3646 3932 τετραμο

2054 3959 2212 4031 μένος
2240 3957 2374 4031 (52),
2407 3957 2468 4022 ἐξ
2495 3957 2768 4029 ἑκατέρων
2802 3955 2912 4008 τῶν
2961 3954 3143 4026 μερῶν
3175 3952 3247 4006 τά
3289 3951 3643 4022 παστοφόρια

2046 4051 2159 4123 (55)
2192 4051 2331 4123 πρὸς
2353 4049 2639 4121 ἀνατολὴν,
2668 4050 2727 4112 ὃς
2754 4066 2840 4111 τις
2867 4046 3011 4103 ἐοικε
3042 4046 3151 4118 νηί.
3186 4044 3407 4100 Κείσθω
3437 4043 3495 4097 δὲ
3542 4044 3645 4115 μέο

2674 4180 2720 4210 ὀ
2739 4178 2797 4236 S.
2836 4177 3035 4242 Clem.,
3067 4176 3241 4249 Epist.
3293 4177 3364 4232 ad
3411 4175 3640 4237 Jacob..

1660 4364 2026 4423 VARIOIiUM
2062 4365 2295 4422 ΝΟΤΑΞ.

432 4500 545 4568 (25)
575 4500 851 4568 Φθορεύς.
880 4496 1046 4553 Addit
1079 4496 1221 4568 idem
1254 4497 1423 4568 ἐστιν,
1455 4495 1870 4568 melius._Cu:n.

432 4507 524 4567 (25
575 4507 851 4568 Φθορεῠς.
880 4507 1046 4553 Addit
1079 4507 1221 4552 idem
1254 4507 1423 4561 εστιν,
1455 4507 1669 4551 melms.
1705 4507 1870 4553 mea.

432 4507 545 4641 (24)
576 4570 687 4624 Καὶ
713 4569 911 4641 ὑμεῖς,
932 4576 1041 4641 etc.
1074 4567 1225 4622 Alter
1260 4565 1385 4622 cod.
1421 4586 1433 4621 :
1467 4567 1624 4637 ὑμεῖς
1652 4563 1746 4619 οὖν
1777 4570 1940 4622 συνά-

356 4639 811 4713 γεινᾼόφεῐλοντες
838 4640 967 4713 τοὺς
997 4639 1115 4713 ἐκμ
1110 4645 1219 4713 etc.

427 4703 685 4782 (25)’Τὸν
711 4710 1038 4782 τρίκλινον.
1073 4708 1177 4782 Τὸν
1207 4703 1383 4782 οἷκον..
1408 4705 1561 4782 Alter
1598 4706 1724 4782 cod.
1770 4707 1935 4782 Vind;

358 4784 414 4837 lu
438 4776 651 4836 eodem
694 4776 895 4834 desunt
939 4779 1223 4848 superiora
1273 4776 1437 4831 verba
1468 4796 1482 4830 :
1510 4777 1570 4830 τὸ
1599 4777 1813 4848 θέλημα
1843 4777 1939 4831 τοῦ

357 4851 494 4905 Θεοῦ
556 4849 901 4920 ποιήσαντες.
966 4847 1043 4920 l_n.

430 4921 542 4993 (‘26)
569 4913 899 4993 Καῖντοῇτο.
932 4913 1101 4993 Οὗτος
1126 4917 1262 4993 γάρἱ
1286 4915 1422 4993 βοά.
1449 4915 1609 4993 Vind.
1648 4914 1727 4971 1ο.

431 4986 541 5059 (’27)
561 4990 731 5044 Θεοῦ.
774 4989 920 5043 ldem
944 4988 1100 5059 addit
1124 4988 1219 5059 τοῦ
1248 4986 1523 5059 λέγοντοςἒ
1554 4987 1626 5040 In.

426 5057 537 5131 (28)
559 5060 768 5131 ’Ἄξιον
793 5059 912 5114 καί,
941 5058 1149 5131 Desunt
1172 5058 1233 5131 in
1264 5058 1473 5131 eodem.
1508 5057 1583 5131 In.

431 5125 543 5197 (29)
581 5130 945 5197 Ἠπιόθυμος.
978 5128 1139 5183 Deest
1169 5130 1223 5183 in
1254 5129 1433 5197 altero,
1452 5125 1578 5181 cod.
1611 5125 1683 5179 lo.

434 5134 520 5195 (29
581 5134 945 5197 Ἠπιόθυμος.
978 5134 1139 5183 Deest
1169 5134 1223 5183 in
1254 5134 1425 5181 altero
1452 5134 1578 5181 cod.
1611 5134 1683 5179 In.

434 5134 544 5271 (50)
574 5196 920 5271 Ἐπιϐἀταις.
954 5197 1010 5271 In
1036 5198 1278 5271 Epistula
1307 5197 1372 5249 ad
1410 5196 1699 5271 Iacobum,
1731 5196 1934 5271 Ruﬁno

357 5267 677 5339 interprete,
699 5268 942 5339 epibatis.
964 5268 1384 5339 Valentinianus
1403 5267 1651 5339 sociique
1675 5269 1932 5339 monachi

354 5336 586 5412 epistola
612 5339 679 5393 ad
712 5336 770 5394 S.
800 5338 1203 5412 Augustinum:
1238 5336 1383 5412 Ora,
1418 5337 1627 5391 domine
1655 5346 1703 5389 et
1729 5338 1936 5412 dulcis-

355 5407 487 5465 sime
512 5409 694 5471 Pater,
712 5418 768 5462 ut
791 5407 960 5479 fugiat
979 5408 1042 5463 de
1076 5409 1473 5477 congregatione
1525 5417 1709 5479 nostra
1749 5407 1935 5476 (deest

356 5480 638 5541 contentio,
673 5487 765 5533 aut
787 5477 918 5550 quid
947 5478 1165 5547 simile),
1187 5488 1235 5531 et
1262 5487 1441 5550 amota
1468 5478 1610 5531 omni
1633 5477 1930 5550 alienarunt

354 5552 704 5622 quwstionum
725 5545 957 5622 procella
984 5545 1138 5622 navis
1173 5549 1436 5622 propositi
1480 5548 1646 5622 nostri
1701 5545 1928 5615 epibatis

354 5618 544 5681 quiuis
574 5626 786 5683 onusta,
818 5620 963 5673 intra
1011 5619 1291 5674 stationem
1337 5618 1590 5671 tutissimi
1632 5626 1813 5685 portus
1857 5633 1933 5669 se-

355 5707 479 5745 cure
493 5690 768 5751 consistat,
797 5689 923 5743 dum
952 5691 1163 5759 navigat
1193 5705 1286 5760 per
1302 5688 1398 5740 hoc
1422 5702 1844 5760 mare_magnum
1881 5696 1933 5760 et

355 5764 691 5825 immensum;
721 5769 770 5813 et
809 5762 861 5812 in
897 5760 990 5813 illo
1027 5757 1202 5828 portu,
1234 5760 1379 5811 intra
1400 5774 1549 5827 quem
1563 5757 1679 5826 jam
1707 5773 1809 5809 non
1830 5758 1930 5828 erit

358 5831 685 5887 metuendum
712 5832 829 5884 vita:
860 5831 1121 5897 navigium
1150 5829 1290 5893 (lego
1322 5828 1642 5889 navaqinm).
1683 5827 1931 5881 mercium

1980 4505 2022 4558 D
2053 4498 2414 4563 indiscrepans
2470 4496 2712 4564 accipiat
2779 4494 3005 4564 pretium
3068 4494 3416 4561 placiturum.
3487 4493 3638 4551 (ἷοτ.

2119 4568 2231 4641 (51)
2275 4563 2614 4634 Ἐπιμήκης.
2651 4564 2776 4619 Haec
2807 4579 2916 4618 una
2943 4579 2988 4641 _e
3026 4564 3222 4641 formis
3251 4566 3589 4641 templorum
3619 4585 3638 4619 :

2048 4634 2307 4708 ad‘qu’am
2341 4641 2660 4708 constructa
2694 4642 2811 4708 erat
2841 4635 3076 4708 ecclesia
3111 4634 3330 4708 _Sancta2
3385 4635 3636 4708 Sophim1

2040 4704 2269 4779 τέμενος
2300 4705 2592 4779 ἐπίμηκες,
2616 4712 2676 4779 et
2698 4704 2979 4776 δρομικὸν,
3003 4705 3080 4779 uti
3110 4704 3554 4779 loquuntur._lo.

2112 4774 2223 4847 (52)
2237 4774 2410 4829 Kurd
2423 4774 3156 4847 ἀνατολὰςξτετραμμένος.
3188 4774 3353 4828 Juxta
3378 4776 3645 4847 usitatio-

2041 4844 2155 4902 rem
2186 4844 2414 4908 morem,
2442 4859 2551 4913 quo
2594 4845 2943 4899 basilicarum
2986 4852 3308 4913 prospectus
3336 4844 3405 4897 ad
3437 4846 3642 4897 orien-

2040 4928 2147 4972 tem
2176 4912 2489 4987 spectabat,
2512 4914 2690 4984 inquit
2712 4914 2771 4968 S.
2804 4912 3068 4987 Paulinus
3114 4915 3292 4987 epist;
3326 4914 3395 4967 12
3424 4913 3495 4967 ad
3529 4912 3645 4987 Se-

2038 4981 2251 5044 verum.
2292 5002 2358 5039 ac
2386 4986 2558 5039 multo
2582 4981 2861 5055 postieum
2896 4981 3206 5055 Stephanus
3250 4981 3642 5055 Tornaeensis

2037 5059 2201 5127 epist.
2234 5057 2357 5127 10-5;
2393 5052 2633 5127 itemque
2662 5052 3004 5109 Walal'ridus
3037 5052 3330 5127 S_trab0.1)e
3352 5057 3510 5106 rebus
3541 5070 3642 5127 eg:-

2034 5119 2367 5187 ciesiasticis,
2401 5138 2522 5190 cap.
2544 5119 2586 5174 ’4
2612 5137 2628 5182 ς
2660 5129 2825 5188 atque
2857 5134 2977 5172 eam
3021 5119 3116 5190 olr
3145 5119 3439 5182 rationem,
3479 5129 3542 5190 ut
3574 5121 3640 5173 in

2035 5198 2293 5253 amissam
2321 5187 2632 5261 exoptatam
2652 5187 2911 5259 patriam.
2933 5187 3270 5261 paradisum,
3289 5203 3455 5256 quem
3481 5187 3643 5261 Deus

2034 5264 2391 5340 plantavitAad
2417 5257 2705 5340 orientem,
2738 5267 3024 5340 precantes
3051 5259 3395 5340 intuerentur
3427 5277 3440 5311 :
3464 5257 3646 5313 docet

2034 5328 2268 5408 scriptor
2296 5334 2661 5408 Quaestionum
2688 5328 3127 5408 adxitntioeltunt,
3150 5342 3295 5406 resp.
3322 5328 3638 5408 aliquam"

2035 5411 2125 5473 57,
2150 5396 2389 5461 ἰοιιιΪΙΙ
2420 5403 2479 5473 S.
2513 5399 2817 5473 Athanasii.
2860 5398 2989 5473 Vide
3018 5396 3354 5473 Vitruvium,
3388 5398 3590 5473 Iib.___tv
3617 5442 3637 5464 ,

2035 5466 2157 5547 cap.
2188 5477 2221 5530 5
2247 5486 2297 5530 et
2322 5471 2775 5547 8;Plutarch_um
2803 5467 3091 5547 iu_.’\_v’_uma,
3123 5466 3637 5547 Lu_cianum__libro

2041 5535 2580 5614 De'domo,Apionem
2598 5538 2887 5614 in‘Josephi
2920 5538 3060 5591 libro
3080 5554 3115 5590 ιι
3143 5535 3412 5592 adversus
3435 5538 3635 5614 illum,

2039 5630 2163 5667 mox
2191 5611 2427 5667 abinitio
2448 5630 2460 5674 ;
2485 5612 2611 5666 item
2643 5611 2933 5683 Sidonium
2966 5614 3059 5669 lib.
3093 5629 3151 5677 ιι,
3184 5614 3347 5683 epist.
3385 5613 3479 5678 10,
3522 5615 3643 5668 ibi-

2036 5700 2142 5754 que
2161 5684 2353 5739 doctos
2381 5685 2726 5750 interpretes.
2762 5682 2842 5754 In.

2107 5755 2220 5823 (7.3)
2258 5756 2332 5807 Τὰ
2379 5755 2769 5820 παστοφόρια.
2822 5752 2876 5805 In
2917 5753 3132 5822 templis
3167 5752 3298 5823 quid
3332 5753 3443 5808 sint
3491 5769 3637 5823 ρας-

2037 5826 2307 5889 tophoria,
2340 5826 2473 5879 satis
2505 5839 2778 5893 superque
2821 5824 3018 5881 docent
3068 5839 3193 5879 cum
3225 5823 3462 5896 antiqui,
3499 5833 3636 5880 tum
