3828 6390
404 232 504 291 751

1260 230 1325 293 8.
1367 232 1763 289 CLEMENTIS
1799 233 1821 289 1
1858 233 2026 292 ROM.
2067 233 2268 294 PONT.
2305 233 2533 290 OPERA
2572 233 2802 290 DUBIA.

3559 237 3665 295 753

402 340 625 401 verbum
664 344 851 413 gratim
896 343 1207 414 parturivit,
1263 351 1319 399 et
1382 343 1641 399 formavit
1695 346 1751 399 in
1814 346 1972 402 nobis

2088 345 2169 399 τοῦ
2212 345 2466 415 Ὑψίστου
2487 383 2501 408 ,
2533 346 2567 416 ἡ
2600 344 2909 417 ὠδινήσασα
2940 346 3085 416 ὑμᾶς
3122 345 3210 402 διὰ
3235 345 3330 402 τοῦ
3360 348 3523 418 λόγου
3564 351 3666 422 τῆς

399 440 715 505 Christum;
764 438 924 507 cujus
958 440 1252 509 participes
1310 440 1461 505 facti,
1521 455 1678 495 sacra
1734 442 1978 496 membra

398 534 534 591 estis
567 575 581 598 ,
612 541 665 587 et
706 534 900 596 electa,
939 547 1047 586 non
1096 532 1352 588 habentia
1389 534 1699 597 maculam,
1749 541 1845 588 aut
1884 551 1979 589 ru—

400 642 522 697 gam
537 626 603 689 “,
639 633 732 679 aut
762 624 969 694 aliquid
1017 624 1364 693 hujusmodi;
1399 625 1495 680 sed
1537 626 1687 680 velut
1716 629 1891 682 sancti
1919 636 1974 683 et

400 716 730 771 immaculati
764 718 819 769 in
844 716 947 769 tide
975 717 1205 786 perfecti
1234 718 1369 772 estis
1399 718 1454 771 in
1488 718 1640 788 ipso,
1674 719 1976 774 secundum

400 807 686 879 imaginem
711 806 805 862 Dei
826 847 840 866 .
873 807 1143 862 creatoris
1168 808 1358 864 vestri.

970 919 1203 976 CAPUT
1242 920 1405 976 LXII.

451 1011 605 1079 Quod
655 1018 891 1079 oporteat
963 1028 1143 1066 omnes
1201 1013 1475 1096 geutitium
1536 1014 1827 1083 impietates
1880 1032 1940 1068 a-

1099 1100 1320 1138 versari.

466 1173 665 1227 Cavete
695 1174 862 1243 igitur
900 1189 969 1228 ne
1007 1190 1132 1228 cum
1181 1174 1412 1244 perditis
1455 1174 1767 1231 hominibus
1811 1176 1976 1233 ferias

399 1264 684 1321 celebretis
705 1302 720 1326 ,
756 1264 902 1334 quod
926 1272 1012 1320 est
1041 1280 1314 1335 synagoga
1346 1267 1586 1335 gentium
1612 1309 1627 1329 ,
1655 1268 1708 1321 in
1734 1267 1979 1323 fraudem

397 1366 450 1412 et
487 1356 791 1411 interitum.
843 1355 1003 1410 Nulla
1047 1357 1251 1427 quippe
1280 1357 1515 1412 societas
1550 1358 1659 1412 Deo
1689 1360 1755 1412 ad
1787 1360 1979 1413 diabo-

400 1450 512 1503 lum
538 1448 605 1502 “.
635 1447 770 1501 Nam
803 1449 896 1517 qui
930 1464 1054 1502 cum
1098 1448 1298 1502 diaboli
1332 1447 1638 1503 doctrinam
1666 1450 1978 1507 tenentibus

397 1546 784 1608 congregatur,
821 1555 963 1594 unus
983 1555 1048 1595 ex
1075 1539 1209 1609 ipsis
1237 1540 1672 1609 computabitur,
1710 1550 1765 1596 et
1789 1541 1882 1597 Vae
1924 1544 1980 1597 in

398 1631 768 1687 luereditatem
799 1631 1048 1701 accipiet.
1084 1629 1277 1701 Fugite
1306 1632 1469 1686 etiam
1498 1633 1733 1689 obscena
1776 1645 1983 1704 specta-

2080 439 2337 510 χάριτος,
2370 437 2465 490 καὶ
2515 435 2853 508 μορφώσασα
2899 439 2956 491 ὲν
3002 440 3135 509 ἡμῖν
3161 439 3253 492 τὸν
3300 440 3556 512 Χριστόνο
3600 435 3665 495 οὗ

2085 532 2304 601 μέτοχοι
2346 528 2663 601 γενόμενοι,
2699 529 2823 603 ἱερά
2872 529 3009 601 μέλη
3054 531 3213 594 ἐστὲ,
3260 533 3357 585 καὶ
3399 532 3664 598 ὲκλεκτά,

2083 622 2157 694 μὴ
2192 622 2383 693 ἔχοντα
2434 621 2620 675 σπῖλον
2638 660 2655 685 ,
2700 621 2733 693 ῆ
2774 622 2960 695 ῥυτίδα
2980 662 2994 683 ,
3042 622 3076 693 ἦ
3115 640 3169 676 τι
3223 622 3334 677 τῶν
3390 624 3665 680 τοιούτων·

2082 713 2198 765 ἀλλ’
2228 714 2373 782 ἅγιοι
2401 714 2496 767 καὶ¹
2531 713 2752 785 ἄμωμοι
2781 715 2840 767 ὲν
2885 714 3067 768 πίστει
3106 715 3515 788 τετελειωμένοι
3543 698 3681 783 ἐστὶ)

2080 803 2138 857 ἐν
2169 804 2319 875 αὐτῷ
2341 844 2356 869 ,
2387 807 2508 857 κατ’
2540 805 2722 859 εἰκόνα
2748 804 2844 858 τοῦ
2865 806 3151 870 κτίσαντος
3181 809 3325 880 ὑμᾶς
3353 810 3513 864 Θεοῦ.

2593 919 2988 972 ΚΕΦΑΛΑῙΟΝ
3024 920 3143 976 EB’.

2082 1011 2211 1062 Ὅτι
2268 1009 2466 1063 πάντα
2493 1012 2565 1065 τὰ
2602 1011 2915 1085 Ἑλλήνων
2958 1013 3305 1085 ἀσεϐήματα
3355 1016 3657 1085 ἀποστρέἀ

2673 1084 2888 1148 gradata
2916 1082 3054 1149 χρή.

2148 1171 2488 1224 Φυλάσσεσθε
2531 1168 2624 1225 οὖν
2669 1170 2763 1224 τοῦ
2798 1171 2872 1243 μὴ
2903 1173 3253 1243 συσχολάζειν
3293 1180 3406 1241 τοῖς
3432 1178 3668 1232 ἀπολλυ-

2083 1263 2301 1335 μένοις,
2333 1265 2362 1316 ὃ
2408 1265 2525 1317 ἐστι
2577 1264 2870 1335 συναγωγὴ
2914 1263 3118 1329 ὲθνῶν,
3166 1266 3248 1329 είς
3309 1268 3531 1339 ἀπάτην
3574 1270 3667 1325 καὶ

2080 1355 2373 1409 ἀπώλειαψ
2404 1356 2630 1427 οὐδεμία
2658 1355 2767 1427 γὰρ
2795 1357 3048 1410 κοινωνία
3086 1357 3205 1427 Θεῷ
3235 1358 3373 1430 πρὸς
3398 1359 3663 1416 διάϐολον.

2093 1448 2151 1500 '0
2178 1447 2287 1519 γὰρ
2317 1446 2799 1519 συναθροιζόμενος
2847 1446 2984 1517 μετά
3023 1447 3131 1502 τῶν
3158 1449 3228 1502 τά
3256 1449 3505 1504 διαϐόλου
3536 1470 3667 1523 φρυ-

2080 1540 2348 1602 νούντων,
2398 1534 2478 1603 εἷς
2526 1537 2585 1603 ἐξ
2641 1539 2821 1593 αὐτῶν
2857 1539 3271 1612 λογισθήσεται,
3303 1543 3400 1595 καὶ
3452 1543 3517 1596 τὸ
3544 1544 3666 1597 ούαὶ

2083 1632 2497 1703 κληρονομήσει.
2530 1631 2761 1701 Φεύγετε
2789 1631 2852 1703 δὴ
2897 1632 3086 1685 καὶτὰ
3125 1633 3347 1705 ἀπρεπῆ
3391 1634 3503 1689 τῶν
3540 1634 3667 1688 θεα-

400 1725 563 1791 culo;
620 1724 831 1779 theatra
873 1724 1018 1789 dico,
1067 1729 1121 1778 et
1164 1723 1452 1795 gentilium
1495 1726 1861 1789 celebritates,
1893 1730 1977 1781 in-

2088 1723 2378 1794 μάτωνοτὰ
2422 1716 2627 1795 θέατρά
2670 1740 2837 1794 φημι,
2889 1722 3108 1787 καὶτὰς
3166 1724 3482 1795 Ἑλληνικὰς
3522 1744 3668 1798 πομ-

399 1815 764 1881 cantationes,
789 1816 997 1880 omina,
1023 1816 1307 1883 vaticinia,
1337 1817 1699 1886 expiationes,
1725 1820 1975 1889 auguria,

399 1907 668 1977 auspicia,
723 1908 1077 1964 evocationes
1126 1916 1494 1973 mortuorum,
1566 1910 1976 1977 invocationes;

400 1998 530 2066 quia
558 2000 825 2070 scriptum
856 1998 1130 2069 reperitur
1161 2018 1174 2053 :
1214 2018 1233 2051 ι
1268 1999 1388 2054 Non
1420 2008 1507 2056 est
1529 2002 1671 2057 enim
1694 2004 1981 2073 auguratio

402 2090 547 2158 apud
574 2090 762 2156 Jacob,
816 2108 993 2163 neque
1051 2092 1317 2147 divinatio
1366 2093 1511 2163 apud
1564 2094 1814 2151 Israel“.
1860 2114 1880 2150 ι
1916 2095 1981 2150 Ει

401 2194 633 2239 rursus:
676 2203 695 2235 ι
733 2184 1034 2254 Augurium
1069 2194 1353 2254 peccatum
1408 2193 1494 2241 est
1510 2186 1580 2241 ".
1626 2206 1646 2239 ι
1689 2187 1756 2242 Et
1792 2189 1901 2244 alio
1925 2190 1981 2244 in

403 2274 562 2331 loco:
602 2296 622 2327 ι
661 2276 779 2330 Νοη
826 2277 1254 2348 augurabimini,
1295 2285 1349 2332 et
1396 2278 1783 2345 divinationes,
1837 2283 1980 2337 vati-

402 2365 548 2420 cinia
600 2377 655 2422 et
702 2369 1077 2438 ventriloquos
1110 2383 1222 2423 non
1255 2370 1595 2439 sequemini;
1639 2386 1827 2442 magos
1872 2389 1982 2429 non

405 2459 677 2515 habebitis
700 2460 768 2515 ³³.
806 2480 825 2512 ι
869 2459 1137 2527 Quocirca
1179 2470 1234 2516 et
1279 2459 1548 2519 Jeremias
1586 2463 1865 2531 admonet,
1899 2468 1976 2522 di-

401 2565 577 2607 cens:
610 2569 628 2602 ι
665 2548 829 2606 Juxta
872 2552 990 2607 vias
1036 2552 1279 2623 gentium
1328 2555 1499 2610 nolite
1546 2555 1832 2624 incedere;
1873 2566 1985 2614 eta

401 2640 574 2712 signis
594 2643 722 2697 εαξιί
748 2644 918 2699 nolite
960 2653 1201 2701 metuere
1233 2646 1302 2701 “.
1337 2668 1355 2699 ι
1403 2646 1748 2720 Quapropter
1768 2661 1985 2722 oportet

406 2734 614 2790 lidelem
658 2734 936 2791 declinare
981 2753 1011 2791 a
1060 2740 1428 2795 conventibus
1477 2740 1770 2811 impiorum
1807 2747 1985 2816 genti-

404 2827 535 2880 lium
577 2834 633 2881 et
659 2824 971 2883 Judmorum
1000 2836 1055 2884 et
1081 2831 1419 2900 reliquorum
1455 2833 1878 2904 haereticorum;
1908 2854 1979 2895 ne

404 2935 530 2973 eum
562 2920 646 2975 eis
692 2920 958 2985 feriando,
1004 2924 1291 2979 animabus
1339 2927 1546 2981 nostris
1589 2928 1815 2999 laqueos
1842 2946 1986 2985 σοπη-

408 3024 698 3078 paremus;
731 3028 867 3067 neve
896 3011 1033 3067 festa
1064 3029 1275 3079 eorum,
1307 3032 1429 3086 qua:
1458 3018 1514 3072 in
1539 3018 1848 3076 daemonum
1880 3022 1981 3079 hoc
2009 3057 2053 3119 ο

407 3117 592 3157 norem
651 3112 1012 3174 peraguntur,
1059 3122 1167 3161 una
1222 3110 1680 3179 concelebrando,
1735 3115 1980 3184 ipsorum

404 3209 621 3264 quoque
672 3191 970 3265 impietatis
1013 3196 1323 3253 efficiamur
1358 3202 1678 3273 participes.
1712 3204 1980 3277 Fugiendi

403 3284 566 3338 etiam
602 3296 730 3341 sunt
753 3287 1101 3342 ethnicorum
1140 3292 1415 3347 solemnes
1446 3302 1742 3363 mercatus,
1772 3307 1826 3354 et
1862 3316 1984 3369 quae

407 3375 463 3429 in
493 3376 561 3431 iis
592 3377 802 3432 ludicra
834 3378 990 3434 ﬁunt.
1019 3379 1222 3436 Fidelis
1250 3383 1395 3437 enim
1419 3383 1489 3439 ad
1519 3387 1796 3443 nundinas
1827 3404 1985 3446 acce-

405 3465 537 3522 dere
578 3483 689 3523 non
734 3469 916 3537 debet,
963 3471 1073 3526 nisi
1123 3472 1193 3527 ad
1233 3476 1623 3546 mancipiolum
1667 3482 1981 3549 emendum,

406 3557 911 3632 acquirendamque
950 3564 1214 3630 animam,
1246 3573 1299 3621 et
1329 3567 1399 3621 ad
1442 3570 1690 3638 quaedam
1733 3573 1840 3627 alia
1882 3574 1987 3629 hu-

407 3665 582 3706 manas
607 3654 923 3709 necessitati
950 3657 1303 3712 accommoda
1334 3661 1664 3717 coemenda.
1698 3663 1984 3722 Abstinete

405 3756 538 3813 ergo
580 3745 731 3799 omni
772 3745 1044 3802 idolorum
1092 3763 1313 3819 pompa,
1344 3754 1733 3818 ostentatione,
1766 3756 1985 3825 publico

406 3844 698 3902 conventu,
744 3838 1036 3903 conviviis,
1086 3839 1437 3911 gladiatoriis
1481 3845 1825 3913 muneribus,
1859 3849 1985 3903 uni-

408 3938 569 3981 verso
594 3927 830 4000 denique
859 3931 1173 4001 spectaculo
1194 3930 1549 3990 daemoniaco.

478 4082 523 4116 θ’
546 4081 686 4153 Eph.
712 4100 769 4149 v,
801 4084 892 4140 27.
970 4087 1016 4118 ⁸⁰
1046 4087 1091 4141 ll
1119 4088 1246 4143 Cor.
1280 4103 1357 4154 Vl,
1391 4090 1476 4145 14.

408 4149 565 4209 Deut.
594 4149 755 4221 'xvm,
785 4157 872 4212 10.
948 4158 993 4188 ⁸⁸
1015 4156 1128 4214 Jer.
1160 4176 1216 4226 ι,
1238 4159 1290 4215 2.

2083 1817 2190 1879 πὰς
2214 1856 2226 1880 ,
2258 1815 2512 1879 ἐπαοιδὰς
2536 1855 2550 1879 ,
2581 1808 2840 1886 κληδόνας
2858 1854 2873 1879 ,
2925 1816 3187 1886 μαντείας
3205 1855 3220 1879 ,
3250 1813 3667 1888 καθαρισμοὺς,

2082 1909 2404 1979 οἰωνισμοὺς
2423 1947 2438 1970 ,
2470 1907 2889 1979 όρνιθοσκοπίας
2908 1945 2922 1970 ,
2967 1908 3391 1978 νεκρομαντείας
3410 1947 3425 1971 ,
3457 1908 3671 1977 ἐπιφω-

2082 2000 2284 2071 νήσεις’
2339 2000 2420 2052 ὃτι
2449 1998 2780 2071 γέγραποταιο
2817 2016 2836 2050 ι
2874 1999 2948 2053 Οὐ
2979 1998 3088 2070 γάρ
3115 1999 3262 2051 ἐστιν
3289 1998 3583 2068 οίωνισμὺς
3611 2002 3669 2053 ὲν

2097 2090 2322 2156 Ἰακὼϐ,
2378 2092 2498 2145 οὐδὲ
2558 2091 2785 2163 μαντεία
2848 2091 2906 2143 ὲν
2971 2088 3205 2161 Ἰσραήλ.
3264 2107 3285 2141 ι
3321 2088 3434 2141 Καὶ
3482 2089 3665 2144 πάλιν·

2089 2204 2106 2235 ι
2145 2184 2423 2255 Οἱώνισμα
2455 2183 2699 2255 ἁμαρτία
2728 2182 2844 2235 ἐστί
2875 2180 2974 2252 (5).
3013 2199 3031 2232 ι
3060 2178 3171 2234 Καὶ
3200 2179 3456 2251 ἀλλαχοῦ·
3495 2200 3514 2232 ι
3552 2183 3669 2235 Οὐκ

2082 2275 2407 2339 οἰωνιεῖσθε,
2448 2276 2544 2328 καὶ
2591 2273 2810 2342 κληδόσι
2859 2273 2953 2326 καὶ
3024 2271 3305 2343 μαντείαις
3349 2273 3446 2325 καὶ
3498 2274 3672 2341 ἐγγα-

2085 2367 2399 2441 στριμύθοις
2418 2367 2519 2420 οὐκ
2547 2363 3036 2436 ὲπακολουθήσετε,
3067 2365 3394 2435 φαρμακοὺς
3422 2365 3487 2418 οὐ
3512 2381 3677 2438 περι.

2084 2463 2355 2532 ποιήσετε.
2397 2478 2415 2511 ι
2448 2459 2539 2512 Διὸ
2570 2459 2826 2530 παραινεῖ
2876 2457 2972 2509 καὶ
3024 2459 3053 2510 ὁ
3121 2457 3421 2528 Ἱερεμίας,
3468 2457 3669 2525 λέγων’

2090 2573 2108 2606 ι
2146 2552 2302 2607 Κατὰ
2327 2551 2426 2616 τὰς
2453 2552 2608 2614 ὁδοὺς
2635 2550 2744 2603 τῶν
2772 2549 2942 2602 ἐθνῶν
2975 2548 3050 2620 μὴ
3080 2548 3399 2621 πορεύεσθε·
3434 2551 3531 2603 καὶ
3562 2550 3676 2603 ἀπὺ

2084 2646 2191 2699 τῶν
2221 2644 2460 2716 σημείων
2487 2642 2720 2715 οὐρανοῦ
2754 2641 2828 2713 μὴ
2858 2640 3130 2712 φοϐεῖσθε.
3171 2660 3189 2691 ι
3223 2641 3424 2712 Διόπερ
3456 2640 3532 2709 (4)
3563 2640 3676 2711 χρὴ

2084 2737 2175 2791 τὸν
2221 2736 2410 2790 πιστὸν
2439 2736 2658 2805 φεύγειν
2684 2735 2784 2799 τάς
2816 2733 3065 2798 συνόδους
3092 2732 3202 2786 τῶν
3230 2732 3448 2786 ἀσεϐῶν
3491 2732 3679 2803 Ἐλλήη

2085 2848 2191 2884 νων
2226 2830 2321 2883 καὶ
2379 2824 2645 2882 Ἰουδαίων
2692 2827 2787 2882 καὶ
2830 2826 2938 2880 τῶν
2983 2824 3185 2879 λοιπῶν
3224 2823 3539 2896 αίρετικῶν·
3583 2824 3677 2877 ἵνα

2089 2923 2164 2995 μὴ
2217 2922 2297 2994 τῷ
2352 2920 2703 2992 συσχολάζειν
2752 2920 2967 2983 αὐτοῖς,
3027 2916 3348 2987 παγίδας(5)
3410 2914 3680 2987 λάϐωμεν

2085 3018 2203 3078 ταῖς
2247 3014 2456 3067 ἑαυτῶν
2481 3012 2698 3083 ψυχαῖς⁸
2732 3012 2883 3074 ὅπως
2934 3010 3007 3082 μὴ
3037 3007 3471 3079 συστρεφόμενοι
3545 3008 3677 3071 ταῖς

2084 3108 2298 3180 ἑορταῖς
2326 3106 2536 3169 αὐτῶν,
2567 3106 2769 3167 αἵτινες
2815 3104 2908 3156 ἐπὶ
2946 3106 3081 3173 τιμῇ
3111 3100 3222 3155 τῶν
3250 3099 3521 3170 δαιμόνων
3549 3100 3679 3154 tm-

2080 3198 2388 3263 τελοῦνται,
2427 3200 2846 3270 κοινωνήσωμεν
2893 3198 3080 3258 αὐτοῖς
3121 3194 3216 3247 καὶ
3251 3192 3351 3262 τῆς
3387 3191 3674 3256 ἀσεϐείας.

2081 3294 2370 3345 Φευκταῖαι
2419 3290 2477 3344 δὲ
2518 3290 2697 3344 αὐτῶν
2726 3288 2820 3342 καὶ
2856 3289 2914 3340 at
2951 3284 3289 3357 πανηγύρεις
3312 3322 3327 3345 ,
3369 3283 3467 3336 καὶ
3512 3282 3585 3336 τά
3611 3284 3681 3338 ὲν

2081 3386 2272 3448 αὑταῖς
2318 3382 2725 3454 ἐπιτελούμενα.
2766 3381 2963 3435 Πιστὺν
3007 3378 3118 3451 γὰρ
3163 3379 3221 3431 ὲν
3266 3374 3578 3445 πανηγύρει
3604 3368 3678 3428 οὐ

2083 3476 2190 3549 χρὴ
2222 3475 2593 3548 παραϐάλλειν
2616 3474 2713 3546 (6),
2744 3473 2928 3527 πλεῖον
2969 3472 3043 3541 (7)
3076 3468 3172 3524 τοῦ
3204 3467 3485 3538 σωμάτιον
3512 3464 3683 3537 πρίαμ

2090 3568 2236 3631 σθαι,
2258 3570 2353 3621 καὶ
2370 3567 2547 3639 ψυχὴν
2568 3565 3049 3639 περιποιήσασθαι,
3073 3564 3167 3617 καὶ
3195 3562 3362 3633 ἒτερά
3387 3578 3513 3614 τινα
3545 3577 3683 3612 συν-

2087 3659 2400 3732 ωνήσασθαι
2461 3659 2569 3712 τῶν
2629 3654 2766 3730 πρὸς
2806 3657 3066 3711 σύστασιν
3106 3652 3475 3727 ἁρμοζόντων.
3540 3652 3682 3704 Ἀπ-

2084 3752 2275 3824 ἑχεσθε
2306 3747 2400 3806 οὖν
2430 3750 2611 3820 πάσης
2631 3749 2705 3821 (8)
2727 3750 2827 3820 τῆς
2853 3749 2961 3802 τῶν
2993 3747 3223 3802 εἰδώλων
3244 3744 3505 3816 πομπῆς,
3529 3761 3679 3814 (ραν-

2085 3846 2305 3908 τασίας,
2346 3842 2736 3915 πανηγύρεως,
2771 3841 3087 3913 συμποσίων
3113 3878 3127 3906 ,
3163 3839 3502 3910 μονομαχίας
3528 3877 3545 3903 ,
3574 3836 3680 3890 καὶ

2088 3939 2267 4009 πάσης
2296 3936 2423 3999 θέας
2449 3935 2785 4006 δαιμονικῆς.

1589 4092 1634 4122 ⁸⁸
1675 4090 1836 4147 Num.
1867 4108 1998 4147 xxm

2088 4094 2145 4149 ὅ.
2224 4088 2269 4127 ⁸⁸
2298 4093 2318 4147 l
2361 4092 2497 4165 Reg.
2530 4108 2621 4157 xv,
2649 4090 2741 4155 25,
2774 4088 3017 4145 inLXX.
3107 4090 3153 4122 ⁸³
3192 4086 3370 4144 Levit.
3402 4100 3524 4151 xix,
3554 4084 3652 4141 26.

1710 4313 1799 4367 VA
1808 4313 2074 4370 RIOBUM
2130 4313 2363 4371 NOTIE.

478 4484 557 4558 (3)
592 4486 888 4558 ριώνιρῗμέι

408 4553 563 4613 textu
593 4553 810 4628 librarii
837 4553 1087 4628 Luciferi
1125 4556 1427 4628 llalaritani
1454 4574 1566 4612 non
1599 4553 1856 4628 putantes
1883 4574 1981 4613 vo-

406 4642 528 4683 cem
552 4627 805 4680 ominatio
836 4625 1017 4680 locum
1051 4626 1252 4698 habere
1286 4642 1470 4696 posse,
1499 4625 1618 4684 eam
1648 4628 1829 4698 inepte
1857 4645 1980 4683 mu-

409 4703 682 4759 taverunt,
716 4701 1147 4766 posueruntque,
1190 4696 1472 4751 Peccatum
1514 4696 1839 4753 abominatio
1881 4706 1981 4764 est,

408 4768 552 4822 libro
579 4766 651 4821 De
679 4766 1249 4837 regibusrapostaticis,
1284 4783 1408 4837 pag.
1441 4768 1562 4822 l63.
1593 4767 1730 4824 Cor.

480 4838 570 4910 (4)7
592 4839 818 4905 Διόπερ.
855 4836 1017 4910 Ὥστε
1047 4837 1182 4893 alter
1210 4839 1334 4893 cod.
1362 4836 1552 4894 eodem
1573 4854 1761 4902 sensu,
1792 4854 1983 4910 quam-

408 4909 495 4965 vis
525 4906 742 4963 diverso
776 4921 932 4962 sono.
963 4906 1131 4961 Cum.

482 4977 559 5049 (5)
585 4977 863 5050 Παγίδας.
893 4976 1311 5050 ᾼΙῑειν-κηλίδας,
1336 4976 1628 5050 illecebras,
1653 4995 1773 5050 qua:
1801 4979 1985 5035 illece-

413 5046 685 5105 brae—vere
705 5048 868 5117 etiam
893 5046 1070 5117 laquei
1103 5046 1211 5103 dici
1241 5058 1496 5117 possunt.
1524 5048 1600 5103 In.

483 5118 560 5189 (ὓ)
593 5116 811 5190 [Maior
838 5116 965 5190 τοῇ,
995 5125 1104 5190 etc.
1136 5116 1286 5190 Alter
1312 5120 1435 5173 cod.
1469 5122 1516 5172 εἰ
1551 5119 1624 5190 μὴ
1666 5118 1904 5189 βούλοιτό
1931 5137 1983 5172 τι

412 5186 675 5260 πρίασθαι
706 5187 812 5240 τῶν
855 5186 934 5256 τῷ
981 5186 1190 5260 σώματι
1234 5186 1895 5260 ἀναγκαίωνέἶςσκέπην
1927 5191 1981 5260 ἦ.

414 5257 547 5331 Qua;
573 5260 827 5331 videntur
862 5257 1553 5331 esse_critici_audacioris,
1587 5261 1681 5331 qui
1705 5257 1987 5314 nesciebat

414 5328 543 5398 quid
575 5334 721 5383 esset
745 5327 833 5398 hic
862 5327 1154 5398 σωμάτιον.
1190 5328 1267 5382 ID.

488 5397 565 5465 (7)
592 5395 913 5468 ξωμάειον.
947 5395 1167 5468 ’σηιεςῂ
1227 5397 1429 5452 dicitur
1478 5413 1507 5451 a
1563 5397 1621 5452 S.
1676 5398 1984 5468 Augustino

418 5466 556 5520 libro
606 5465 957 5538 Locutionum
983 5467 1045 5520 de
1073 5465 1288 5530 Genesi,
1335 5469 1401 5521 ad
1442 5483 1565 5537 cap.
1607 5468 1698 5532 54,
1736 5465 1983 5538 σωμάτια

417 5552 590 5592 servos
635 5536 899 5604 appellant
947 5538 1299 5592 usitatissima
1343 5536 1620 5593 locutibue.
1657 5536 1985 5593 interval-ia

421 5614 602 5661 autem
634 5606 966 5665 testimonia.
998 5621 1117 5677 qua:
1157 5608 1227 5661 ad
1266 5608 1647 5677 explicandam
1690 5609 1832 5664 hanc
1882 5607 1987 5661 σώ-

425 5692 593 5749 ματος
631 5682 686 5731 et
729 5678 1001 5747 σωματίου
1053 5678 1423 5748 acireptiouem
1472 5678 1757 5751 proferunt
1803 5693 1986 5750 gram—

936 4485 1377 4558 ἀμαρτίαέστί.
1415 4487 1484 4558 Aln
1533 4488 1639 4543 hoc
1687 4486 1987 4558 Scriptura:
2018 4492 2060 4547 D
2089 4489 2509 4550 maticorum.et
2537 4491 2856 4545 criticorum
2897 4486 3012 4554 lilii,
3054 4489 3165 4544 duo
3200 4497 3331 4543 sunt
3374 4485 3674 4557 Epiphauil

2088 4559 2143 4613 in
2190 4559 2468 4632 Ancorato
2526 4561 2821 4632 depravata
2876 4563 3084 4621 leviter,
3147 4558 3329 4632 facilia
3384 4565 3670 4632 correcta,

2083 4630 2325 4701 nondum
2380 4638 2561 4685 tamen
2598 4627 2773 4701 "(quod
2817 4632 3015 4701 sciam)
3059 4627 3368 4701 emendata.
3422 4627 3672 4701 Alterum

2085 4696 2459 4781 cap._59:Kal
2488 4702 2534 4781 ἡ.
2566 4696 2820 4772 συνήθεια
2833 4696 3218 4781 ιτοὺςδούλους
3249 4696 3483 4781 σώματα

2086 4768 2288 4841 καλεῖνο
2331 4768 2696 4841 Δεσπότης(
2723 4772 2884 4841 φησὶν
2904 4810 2917 4830 ,
2934 4769 3162 4841 (ἑκατὸν
3180 4768 3510 4841 σωμάτων,
3538 4768 3676 4841 ἀλλά

2086 4841 2187 4911 καὶ*
2207 4839 2385 4911 ψυχὰς
2430 4836 2683 4911 ἑχόντων.
2736 4836 2963 4911 ’Ἐπειδὴ
3106 4838 3403 4911 δεσποτεία
3438 4838 3551 4911 τῶν
3577 4839 3676 4911 άντ-

2088 4906 2340 4981 θρῴπων,
2401 4906 2666 4981 σωμάτων
2712 4906 2983 4981 κυριεύει.
3011 4906 3150 4981 ἀλλ’
3196 4908 3257 4981 ού
3310 4906 3526 4981 ψυχῶν,
3583 4907 3675 4981 διὰ

2085 4976 2244 5032 τοῦτο
2274 4982 2399 5043 τοὺς
2429 4976 2646 5042 δούλους
2676 4976 2910 5049 εὐλόγως
2958 4978 3187 5049 σώματα
3230 4976 3523 5049 ἐκάλεσαν,
3574 4978 3672 5030 σὺν

2085 5050 2262 5121 ψυχῇ,
2298 5049 2383 5103 ἵνα
2412 5050 2558 5121 δείξῃ
2579 5050 2676 5120 τὴν
2705 5047 2899 5121 χρῆσιν
2928 5047 3346 5121 τῶνσωμάτων.
3399 5047 3673 5121 Constru-

2087 5116 2311 5191 cti'o'nis
2336 5121 2481 5189 leges
2502 5116 2811 5191 postularit,
2836 5120 3080 5173 ἐκάλεσε.
3122 5116 3367 5191 Alterum
3388 5133 3518 5191 fap.
3554 5116 3620 5170 78
3653 5136 3667 5169 :

2088 5191 2199 5263 Kal.
2226 5186 2655 5263 ﬁaltv'st'w—Osvﬁ
2689 5190 3041 5263 ἀνθρωπότης
3061 5188 3245 5263 καλ-εἰν
3265 5186 3670 5263 τὸνῇἄνθρωπον

2088 5259 2197 5312 ἀπὸ
2241 5259 2336 5312 τοῦ
2378 5261 2494 5323 ἐνὸς
2535 5257 2804 5331 ὀνόματος
2834 5257 3062 5331 (repono
3109 5257 3405 5331 σώματος),
3458 5258 3669 5331 ὃτι-Δε-

2086 5331 2502 5454 ἷπόῖηςέστὶν
2517 5326 2885 5400 ὀγδοήκοντα
2899 5326 3204 5399 σωμάτων,
3225 5328 3287 5379 ού
3309 5326 3532 5388 πάντως
3542 5327 3669 5380 ἄνευ

2129 5418 2289 5454 υγων.
2369 5416 2437 5454 οτ
2448 5441 2462 5454 .

2129 5418 2289 5456 υγων.
2324 5416 2437 5455 L‘OT
2448 5441 2462 5456 .

2101 5419 2157 5451 νυ
2197 5419 2289 5453 ων.
2324 5419 2462 5456 cor.

2101 5458 2116 5548 ξ
2158 5419 2235 5539 ὦ)
2268 5470 2494 5548 Πιζσης.
2519 5471 2679 5548 _Alter
2704 5472 2830 5526 cod.
2865 5470 3050 5548 ἀλληῇ
3098 5468 3188 5537 qui
3234 5477 3288 5548 et
3332 5476 3667 5548 ροςίεξιηιιω

2089 5537 2408 5610 δαιμονικῆς
2429 5537 2609 5597 habet
2652 5541 2967 5611 σατανικῆς.
2987 5537 3470 5611 Quaepstendunt
3502 5537 3667 5592 libra—

2087 5608 2294 5665 riorum
2327 5608 2421 5667 aut
2452 5613 2769 5668 criticorum
2793 5608 3100 5669 audaciam.
3132 5608 3305 5665 (Jun.
