3828 6380
520 444 630 501 767
833 448 849 460 '
1376 441 1436 501 8.
1467 441 1860 501 CLEMENTIS
1891 443 2117 501 I'ROM.
2159 444 2364 502 PONT.
2399 443 2629 501 OPERA
2665 443 2895 502 DUBIA.
3666 452 3753 509 τοι

517 567 573 620 iu
606 568 827 618 domum
859 574 1033 618 tuam.
1088 559 1144 617 Si
1176 568 1359 619 autem
1391 564 1594 619 videris
1620 565 1849 628 nudum,
1883 566 2029 635 operi

2248 566 2361 629 ιτός
2398 583 2487 620 σου
2517 568 2615 638 οὐχ
2656 566 2922 639 ὑπερόψῃ·
2964 584 2983 618 ι
3025 566 3120 620 καὶ
3149 566 3236 620 διὰ
3279 564 3373 620 τοῦ
3393 567 3596 638 Δανιὴλ
3628 568 3760 637 λέγει

514 664 572 713 et
592 657 929 712 domesticos
961 654 1185 710 seminis
1207 656 1286 709 tui
1318 672 1386 710 ne
1414 656 1730 726 despexeris
1759 657 1833 722 ";
1860 675 1876 707 ι
1907 667 1961 711 et
1989 673 2026 726 p

2249 657 2264 709 i
2307 657 2562 731 δυνάστῃ·
2602 677 2621 710 ι
2670 659 2783 723 Διὸ,
2832 657 3074 729 βασιλεῦ,
3105 659 3138 729 ἡ
3169 657 3330 730 βουλή
3388 675 3491 730 μου
3524 660 3761 730 ἀρεσάτν

517 749 794 803 Danielem
827 748 959 801 dicit
995 745 1228 815 principi
1274 765 1287 800 :
1319 764 1336 797 ι
1377 746 1586 801 Idcirco
1636 764 1753 810 rex,
1793 747 2024 802 consiliu

2255 766 2292 812 ι,
2324 748 2548 813 καὶτὰς
2590 750 2861 822 ἁμαρτίας
2904 767 2998 803 σου
3038 751 3097 802 ὲν
3140 749 3531 821 ὲλεημοσύναις
3575 751 3762 823 λύτρω-

517 855 696 894 meum
732 839 938 908 placeat
983 837 1080 890 tibi
1112 849 1165 891 et
1198 846 1416 907 peccata
1457 846 1550 892 tua
1589 840 1951 910 eleemosyuis
1998 856 2027 892 r

2246 858 2299 903 ιι,
2340 842 2434 894 καὶ
2475 841 2573 905 τὰς
2604 842 2819 905 ἀδικίας
2856 859 2949 895 σου
2987 843 3044 895 ἐν
3086 844 3390 914 οἰκτιρμοῖς
3420 845 3688 914 πενήτων·
3743 865 3758 897 ι

516 930 683 993 dime,
735 936 787 984 et
843 929 1159 999 iniquitates
1208 937 1331 984 tuas
1381 929 1833 989 miserationibus
1881 946 2028 999 paup

2252 931 2280 984 Li.
2320 930 2409 984 διὰ
2460 931 2769 1003 Σολομῶνός
2801 950 2982 1004 φησιν·
3036 952 3056 985 ι
3104 933 3522 1005 Ἐλεημοσύναις
3551 936 3644 988 καὶ
3683 938 3764 993 πί-

517 1037 638 1074 rum
672 1021 750 1087 7';
783 1039 802 1072 ι
833 1028 887 1074 et
916 1036 1011 1089 per
1043 1018 1389 1075 Salomonem
1420 1021 1495 1075 ait
1525 1041 1536 1074 :
1579 1040 1598 1073 ι
1631 1021 1999 1092 Eleemosynis

2254 1039 2366 1075 εσιν
2394 1023 2847 1096 ἀποκαθαίρονται
2883 1026 3164 1097 ἁμαρτίαι·
3197 1045 3216 1078 ι
3250 1028 3343 1079 καὶ
3369 1025 3461 1080 διὰ
3484 1026 3579 1080 τοῦ
3610 1026 3763 1080 Δαεὶδ

516 1112 620 1166 tide
649 1118 949 1181 purgantur
981 1119 1201 1181 peccata
1232 1112 1307 1179 ⁷⁸;
1346 1133 1363 1167 ι
1389 1122 1444 1167 et
1480 1129 1574 1182 per
1603 1112 1860 1168 Davidem
1888 1114 2025 1168 iteru

2252 1112 2352 1166 ἱλιν
2388 1113 2555 1183 λέγει·
2605 1134 2624 1166 ι
2676 1116 2961 1188 Μακάριος
2993 1118 3022 1170 ὁ
3064 1116 3261 1170 συνιὼν
3303 1118 3397 1171 ἐπὶ
3433 1118 3650 1188 πτωχὸν
3677 1120 3764 1172 καὶ

514 1202 647 1255 dicit
679 1221 693 1255 :
724 1220 742 1253 ι
774 1201 969 1257 Beatus
1001 1204 1092 1277 qui
1126 1203 1377 1273 intelligit
1408 1220 1573 1273 super
1604 1220 1835 1273 egenum
1865 1212 1920 1259 et
1952 1219 2026 1267 pal

2252 1207 2413 1276 ὲνητα·
2433 1207 2490 1259 ὲν
2506 1206 2688 1278 ἡμέρᾳ
2699 1209 2911 1279 πονηρᾷ
2927 1206 3147 1279 ῥύσεται
3162 1209 3321 1262 αὐτὸν
3339 1212 3367 1262 ό
3383 1210 3605 1282 Κύριος·
3630 1228 3649 1262 ι
3674 1211 3764 1265 καὶ

512 1308 696 1364 pcrem
724 1311 737 1345 :
766 1294 818 1348 iu
852 1293 939 1349 die
967 1294 1107 1349 mala
1146 1295 1399 1349 liberabit
1429 1310 1552 1349 eum
1589 1294 1851 1351 Dominus
1872 1295 1955 1362 ";
1988 1315 2005 1348 ι

2252 1296 2373 1350 ιλιν·
2413 1316 2431 1349 ι
2485 1298 2857 1370 Ἐσκόρπισεν,
2892 1299 3058 1353 ἔδωκε
3088 1305 3199 1363 τοῖς
3232 1300 3476 1372 πένησιν,
3515 1303 3547 1371 ἡ
3576 1301 3764 1355 δικαιο-

513 1402 707 1441 rursus
736 1405 748 1440 :
786 1404 805 1435 ‹
838 1384 1122 1456 Dispersit,
1160 1386 1307 1440 dedit
1339 1386 1703 1456 pauperibus;
1731 1386 1943 1456 justitia
1966 1386 2025 1455 ejl

2250 1406 2320 1459 ινη
2361 1388 2523 1442 αὑτοῦ
2569 1390 2717 1459 μένει
2754 1392 2836 1454 εἰς
2874 1390 2967 1444 τὸν
3008 1390 3178 1444 αίῶνα
3206 1408 3219 1421 ·
3262 1410 3280 1443 ι
3315 1394 3409 1446 καὶ
3450 1396 3478 1446 ό
3519 1392 3762 1464 Σολομῶν

513 1485 696 1532 mauet
728 1478 781 1531 in
812 1478 1068 1532 saeculum
1098 1478 1184 1543 ⁷⁶;
1225 1496 1243 1529 ι
1273 1476 1533 1534 Salomon
1561 1479 1726 1533 etiam
1772 1478 1884 1532 ait:
1919 1496 1937 1529 ι
1974 1476 2019 1544 ρ

2250 1482 2374 1553 λσίν·
2420 1502 2439 1533 ι
2489 1482 2547 1536 '0
2577 1482 2741 1537 ἐλεῶν
2770 1482 3004 1554 πτωχὸν,
3036 1484 3227 1555 Κυρίῳ
3255 1484 3524 1550 δανείζει·
3554 1486 3762 1541 κατὰδὲ

511 1568 804 1623 miseretur
846 1569 1125 1639 pauperis,
1161 1568 1391 1624 Domino
1424 1567 1739 1624 feneratur:
1784 1570 2023 1628 secundu

2245 1604 2247 1617 ι
2290 1574 2428 1646 δόμα
2471 1574 2634 1628 αὐτοῦ
2676 1575 3164 1647 ἀνταποδοθήσεται
3200 1576 3365 1647 αὐτῷ·
3415 1595 3434 1628 ι
3478 1578 3577 1631 καὶ
3607 1577 3757 1648 ἑξῆς·

513 1670 694 1717 autem
747 1662 934 1716 datum
981 1662 1102 1731 ejus
1139 1661 1481 1716 retribuetur
1522 1661 1571 1716 ei
1603 1661 1679 1725 7';
1728 1679 1746 1712 ι
1787 1668 1841 1722 et
1894 1662 2025 1715 infra

2258 1666 2355 1728 Ὃς
2384 1665 2615 1736 φράσσει
2642 1665 2711 1719 τὰ
2740 1661 2853 1719 ὦτα
2882 1666 3046 1719 αὐτοῦ
3083 1667 3156 1739 μὴ
3187 1667 3505 1721 εἰσακοῦσαι
3533 1668 3628 1733 τοῦ
3654 1670 3762 1722 δεο-

519 1772 538 1804 ι
570 1754 672 1819 Qui
704 1753 924 1808 obturat
954 1769 1115 1809 aures
1149 1769 1299 1816 suas,
1324 1769 1390 1807 ne
1417 1752 1606 1806 audiat
1635 1752 1990 1823 indigentem,

2250 1757 2372 1820 Ξνου,
2404 1758 2498 1810 καὶ
2537 1757 2700 1822 αὐτὸς
2732 1758 3143 1824 ὲπικαλέσεται,
3172 1760 3268 1812 καὶ
3304 1760 3403 1813 οὐκ
3436 1760 3593 1813 ἔσται
3629 1763 3762 1813 εἱσα-

515 1844 630 1915 ipse
657 1845 948 1910 invocabit,
971 1854 1024 1900 et
1046 1861 1154 1901 non
1177 1845 1282 1900 erit
1304 1844 1397 1915 qui
1420 1845 1675 1899 exaudiat
1696 1860 1821 1901 eum
1850 1845 1916 1899 ".
1958 1864 1977 1897 ι

1119 1861 1154 1901 n
1177 1845 1282 1900 erit
1304 1844 1397 1915 qui
1420 1845 1675 1899 exaudiat
1696 1860 1821 1901 eum
1850 1845 1916 1899 ".
1958 1864 1977 1897 ι
2188 1847 2362 1903 κούων
2390 1848 2572 1902 αὑτοῦ.
2615 1869 2631 1901 ι

1122 2018 1351 2075 CAPUT
1386 2018 1454 2075 ν.
2115 1925 2160 1982 Β

2115 1925 2160 1982 Β
2721 2008 3115 2063 ΚΕΦΑΛΑΙΟΝ
3143 2009 3216 2062 E’.

618 2155 771 2225 Quod
790 2157 959 2211 vidua:
976 2156 1209 2225 probitas
1242 2171 1444 2208 morum
1472 2171 1613 2208 cura:
1635 2171 1749 2208 esse
1772 2154 1975 2210 debeat.

2222 2142 2339 2195 Ὅτι
2368 2143 2464 2196 καὶ
2491 2142 2595 2197 τοῦ
2625 2143 2809 2210 ἤθους
2834 2144 3226 2212 ἐπιμελητέον
3244 2142 3358 2212 τὴν
3373 2143 3572 2213 χήραν
3600 2144 3728 2217 βὸ).

581 2250 848 2305 Cteterum
904 2247 1082 2302 omnis
1127 2244 1289 2299 vidua
1322 2245 1469 2301 mitis
1503 2247 1597 2309 sit,
1635 2246 1843 2316 quieta.
1894 2245 2083 2299 mode-

2265 2235 2582 2307 ’Υπαρχέτω
2610 2236 2665 2289 δὲ
2695 2237 2842 2289 πᾶσα
2861 2238 3002 2308 χήρα
3020 2240 3236 2309 πραεῖα,
3251 2238 3476 2308 ἥσυχος,
3495 2238 3758 2309 ἐπιεικὴς,

510 2350 651 2403 rata,
684 2340 903 2394 malitia:
933 2355 995 2393 ac
1033 2339 1128 2391 ira:
1157 2353 1375 2409 expers,
1400 2353 1510 2391 non
1543 2339 1784 2408 garrula,
1819 2353 1929 2391 non
1968 2338 2017 2391 cl

2249 2342 2407 2390 ιακος,
2438 2327 2723 2399 ἀόργητος,
2757 2328 2830 2399 μὴ
2863 2328 3177 2392 πολύλαλος,
3212 2328 3285 2400 μὴ
3318 2329 3655 2400 κραύγασος,
3696 2329 3761 2401 μὴ

510 2448 684 2491 mosa,
720 2446 829 2485 non
861 2429 1114 2484 volubilis
1142 2429 1358 2499 linguae,
1388 2444 1497 2481 non
1530 2429 1815 2491 maledica,
1847 2445 1955 2482 non
1987 2428 2017 2481 ι]

2249 2417 2552 2486 δόγλωσσος,
2588 2418 2660 2489 μὴ
2691 2419 3010 2483 κατάλαλος,
3046 2421 3119 2492 μὴ
3149 2418 3449 2492 λεξίθηρος,
3487 2421 3561 2491 μὴ
3600 2421 3761 2474 δισσο-

508 2525 620 2577 dita
647 2524 932 2577 verborum
959 2521 1211 2591 aucupio,
1240 2535 1347 2574 non
1380 2521 1614 2591 duplicis
1644 2520 1933 2582 sermonis,
1971 2536 2020 2574 nt

2248 2525 2357 2577 γος,
2391 2509 2465 2581 μὴ
2500 2510 2913 2581 φιλοπράγμων.
2953 2510 3233 2564 Βλέπουσά
3260 2529 3314 2564 τι
3343 2511 3562 2564 σκολιὸν
3600 2512 3633 2582 ἢ
3675 2514 3760 2564 καὶ

507 2628 630 2671 sese
685 2615 737 2667 in
764 2616 937 2668 aliena
970 2614 1184 2683 negotia
1216 2612 1537 2667 immittens.
1588 2611 1725 2667 Cum
1757 2612 1952 2667 viderit
1991 2629 2019 2667 v

2248 2601 2451 2656 ιούουσα
2483 2602 2783 2673 γινόμενον,
2815 2601 2953 2656 ἔστω
2982 2601 3093 2673 (56)
3127 2602 3203 2665 ὡς
3237 2603 3310 2674 μὴ
3346 2602 3644 2672 βλέπουσα,
3675 2606 3760 2656 καὶ

508 2707 745 2762 audierit
767 2706 983 2776 aliquod
1006 2706 1286 2775 indignum
1313 2704 1547 2769 facinus,
1566 2705 1637 2759 ita
1655 2721 1713 2759 se
1728 2713 1899 2775 gerat,
1917 2720 2020 2775 qua

2247 2712 2258 2756 ς
2304 2694 2376 2765 μὴ
2424 2693 2694 2746 ἀκούουσα
2748 2693 3057 2765 ὑπαρχέτω·
3120 2696 3213 2747 καὶ
3270 2695 3434 2767 μηδὲν
3467 2696 3656 2767 ἕτερον
3701 2699 3759 2766 τῇ

506 2814 607 2854 nec
627 2798 825 2852 viderit
854 2814 953 2851 nec
991 2798 1245 2859 audierit,
1268 2797 1509 2866 nihilque
1531 2796 1679 2850 aliud
1709 2806 1864 2851 curet
1888 2798 2015 2851 vidu

2255 2804 2323 2859 ρᾳ
2355 2786 2580 2859 μελέτω,
2610 2788 2656 2839 εί
2680 2786 2752 2857 μὴ
2781 2785 2840 2839 τὸ
2869 2784 3263 2856 προσεύχεσθαι
3300 2787 3441 2858 ὑπὲρ
3468 2787 3581 2840 τῶν
3608 2787 3761 2840 διδόν-

506 2891 614 2947 nisi
630 2906 786 2945 orare
804 2906 901 2960 pro
923 2890 1179 2944 beneficis
1192 2900 1245 2945 ct
1268 2906 1362 2959 pro
1376 2898 1488 2943 tota
1515 2888 1778 2945 Ecclesia.
1796 2891 1877 2944 Ab
1895 2891 2018 2961 aliqi

2250 2896 2284 2932 ιν
2313 2879 2406 2932 καὶ
2433 2878 2577 2950 ὑπὲρ,
2599 2878 2728 2949 ὅλης
2751 2879 2850 2949 τῆς
2870 2876 3215 2948 Ἐκκλησιας.
3236 2878 3673 2951 Ἐπεραντωμένη
3710 2879 3762 2932 δέ

506 2983 784 3053 quidpiam
818 2991 1025 3051 rogata,
1052 2998 1119 3035 ne
1142 2981 1301 3035 facile
1332 2981 1679 3052 respondeat,
1712 2990 2018 3053 praeterqua

2260 2969 2364 3024 ὑπό
2391 2987 2554 3033 τινος,
2588 2969 2662 3041 μὴ
2686 2969 2882 3041 ῥᾳδίως
2911 2967 3309 3039 ἀποκρινέσθω,
3334 2969 3477 3040 πλὴν
3507 2971 3609 3022 ὅσα
3638 2971 3760 3040 περὶ

507 3074 575 3127 de
591 3075 764 3127 rebus
790 3056 854 3126 ad
883 3071 1064 3134 fidem,
1095 3072 1387 3140 justitiam,
1420 3080 1473 3127 et
1503 3073 1556 3126 in
1589 3072 1757 3127 Deum
1784 3089 1931 3143 spem
1960 3090 2019 3143 pe

2252 3078 2443 3124 στεως,
2475 3061 2569 3114 καὶ
2598 3060 2965 3129 δικαιοσύνης,
2997 3061 3091 3113 καὶ
3127 3061 3224 3132 τῆς
3250 3063 3330 3124 είς
3359 3061 3496 3114 Θεὸν
3527 3062 3756 3125 ἐλπίδος·

507 3167 808 3221 tincntibus
838 3183 852 3219 :
889 3180 1092 3233 eosque
1125 3164 1217 3233 qui
1266 3164 1320 3217 in
1372 3164 1588 3233 pictatis
1619 3165 1967 3234 dogmatibus
1999 3165 2014 3220 i

2247 3152 2574 3205 τοστὲλλουσα
2612 3156 2722 3213 τοῖς
2759 3151 3079 3223 ἡγουμένοις
3132 3154 3258 3215 τοὺς
3302 3151 3558 3216 θέλοντας
3597 3170 3759 3223 κατη-

505 3258 655 3321 βιίιιιί
686 3256 933 3327 cupiunt,
967 3254 1033 3307 ad
1063 3255 1386 3329 priepositos
1415 3255 1692 3323 remittat;
1726 3255 1782 3311 in
1807 3257 1914 3311 illis
1944 3273 2017 3311 νει

2250 3245 2385 3309 εσθαι
2417 3246 2486 3298 τὰ
2517 3245 2616 3314 τῆς
2656 3243 2936 3308 εὐσεϐείας
2964 3244 3230 3314 δόγματα·
3280 3244 3415 3314 μόνα
3446 3244 3503 3297 δὲ
3534 3245 3762 3316 ἀποκρι-

505 3352 682 3407 solum
725 3349 1053 3418 respondeat
1087 3363 1209 3418 quae
1239 3347 1303 3401 ad
1336 3348 1684 3402 evertendum
1716 3348 1781 3404 de
1824 3350 2017 3403 multiti

2248 3337 2345 3390 30w
2399 3336 2467 3391 τά
2520 3337 2646 3407 περὶ
2687 3336 2996 3407 ἀνατροπῆς
3041 3334 3299 3388 πολυθὲου
3362 3336 3594 3407 πλάνης,
3632 3337 3760 3388 ἀπο-

506 3442 633 3495 dine
680 3440 905 3495 deorum
958 3454 1199 3494 errorem
1228 3447 1499 3509 spectant,
1547 3440 1928 3496 demonstrans
1975 3440 2018 3495 di

2246 3425 2493 3482 ικνύουσα
2533 3428 2624 3480 τὸν
2665 3428 2792 3499 περὶ
2834 3427 3129 3498 μοναρχίας
3156 3426 3290 3480 Θεοῦ
3321 3427 3500 3495 λόγον·
3555 3430 3684 3497 περὶ
3707 3428 3758 3479 δὲ

505 3533 737 3585 ctrinam
778 3531 844 3585 de
882 3530 974 3585 Dei
1018 3532 1256 3598 unitate;
1299 3541 1352 3583 at
1380 3530 1434 3584 in
1462 3531 1678 3585 cmtcris
1712 3531 1847 3586 nihil
1869 3539 2017 3587 teme‘

2247 3537 2283 3571 ιν
2318 3518 2445 3589 ἑξῆς
2472 3519 2758 3590 προπετῶς
2785 3536 2838 3573 τι
2876 3519 2949 3590 μὴ
2987 3518 3383 3590 ἀποκρινέσθω,
3416 3519 3569 3581 ὅπως
3596 3519 3672 3589 μή
3710 3536 3759 3569 τι

504 3632 752 3694 reponat.
800 3640 867 3678 ue
923 3622 1128 3694 aliquid
1173 3624 1368 3679 inscite
1424 3624 1731 3693 prolocuta,
1791 3623 2015 3679 infamia

2243 3610 2400 3675 ιαθῶς
2420 3610 2762 3683 φθεγξαμένη
2783 3610 3128 3680 βλασφημίαν
3157 3610 3469 3683 προστρίψῃ
3481 3610 3562 3681 τῷ
3588 3609 3728 3679 λόγῳ
3744 3652 3755 3663 .

501 3718 671 3771 verbo
718 3715 811 3770 Dei
856 3716 1055 3770 inurat.
1098 3714 1293 3770 Docuit
1331 3716 1475 3771 enim
1509 3715 1804 3780 Dominus,
1835 3715 2013 3772 Verbu

2247 3701 2377 3773 ίκκῳ
2417 3701 2525 3772 γὰρ
2566 3703 2835 3765 σινάπεως
2876 3702 3110 3755 ἑοικέναι
3159 3702 3248 3754 τὸν
3288 3700 3446 3769 λόγον
3486 3703 3517 3754 ὁ
3561 3700 3759 3772 Κύριος

504 3809 681 3863 simile
723 3825 843 3863 esse
873 3824 1042 3878 grano
1096 3809 1306 3879 sinapis
1328 3809 1412 3863 7’:
1447 3810 1550 3863 hoc
1604 3818 1787 3863 autem
1845 3824 1971 3864 acre

2242 3794 2516 3865 ογμάτισε.
2549 3795 2718 3848 Τοῦτο
2745 3794 2922 3847 δ’ἐστὶ
2948 3794 3241 3865 διάπυρον,
3358 3792 3456 3845 ὲάν
3484 3808 3572 3856 τις
3602 3792 3754 3844 ἀπεί-

505 3900 705 3961 ardens
733 3908 836 3963 est,
863 3917 971 3970 quo
1003 3901 1048 3957 si
1077 3903 1201 3971 quis
1243 3899 1492 3969 imperite
1522 3899 1796 3965 abutatur,
1830 3916 2014 3955 amaru

2243 3906 2287 3950 ›ς
2315 3885 2815 3959 χρήσηται,πικρδν
2845 3886 2975 3939 αὐτὸ
2998 3886 3218 3957 εὑρήσει
3241 3902 3255 3915 ·
3287 3883 3393 3957 χρὴ
3422 3883 3536 3955 γὰρ
3566 3886 3623 3936 ὲν
3649 3886 3755 3944 τοῖς

504 3992 637 4054 illud
664 3993 940 4057 inveniet;
966 3992 1196 4055 scilicet,
1231 3993 1285 4046 in
1315 3991 1561 4062 mysticis
1577 3999 1790 4062 oportet
1826 4008 1934 4046 non
1954 4009 2012 4047 es

2244 3981 2459 4041 ιστικοῖς
2492 3978 2564 4048 μὴ
2595 3978 2857 4049 προδότην
2887 3974 3048 4043 εἶναι,
3087 3976 3200 4030 ἀλλ’
3220 3975 3458 4046 ἀσφαλῆ·
3504 3978 3756 4047 παραινεί

503 4083 858 4159 proditorem,
901 4084 994 4138 sed
1018 4092 1256 4149 cautum,
1289 4084 1413 4154 quia
1439 4097 1538 4137 nos
1563 4083 1647 4138 bis
1680 4083 1857 4138 verbis
1888 4081 2015 4136 Dom

2241 4090 2283 4143 :p
2314 4074 2442 4142 ἡμῖν
2472 4073 2499 4124 ὁ
2525 4070 2728 4142 Κύριος
2766 4070 2959 4137 λέγων·
2998 4087 3016 4119 ι
3063 4067 3155 4141 Μὴ
3195 4067 3415 4137 βάλλετε
3452 4068 3584 4129 τοὺς
3621 4081 3753 4135 μαρ-

502 4190 609 4229 tius
639 4174 892 4229 admonet
926 4193 938 4229 :
977 4192 996 4225 ι
1026 4174 1201 4229 Nolite
1247 4175 1463 4229 mittere
1495 4174 1821 4245 margaritas
1864 4184 2010 4228 vestr

2239 4164 2404 4235 ιρίτας
2432 4162 2584 4233 ὑμῶν
2615 4162 2923 4233 ἔμπροσθεν
2953 4160 3060 4213 τῶν
3088 4161 3307 4229 χοίρων,
3343 4159 3560 4229 μήποτε
3590 4174 3751 4209 κατα-

509 4276 635 4321 ante
660 4281 879 4335 porcos,
905 4282 972 4321 ne
1014 4266 1152 4322 forte
1183 4266 1511 4322 conculcent
1530 4281 1625 4321 eas
1671 4265 1902 4335 pedibus
1934 4266 2017 4319 sui

2234 4257 2489 4326 ιτήσωσιν
2510 4254 2705 4317 αὐτοὺς
2719 4255 2775 4305 ὲν
2802 4256 2912 4315 τοῖς
2929 4252 3055 4305 ποσὶ
3085 4249 3391 4316 αύτῶν,καὶ
3422 4249 3746 4321 στραφέντες

504 4367 561 4422 et
591 4359 841 4415 conversi
866 4359 1182 4429 dirumpant
1203 4372 1303 4413 vos
1321 4358 1389 4412 ⁸ο.
1416 4375 1434 4409 ι
1469 4356 1607 4412 Cum
1637 4358 1780 4411 enim
1805 4356 2016 4412 inﬁdele

2239 4347 2410 4418 ιξωσιν
2440 4346 2601 4417 ὑμᾶς.
2624 4364 2643 4396 ι
2675 4344 3029 4407 Ἀκούσαντες
3053 4343 3161 4412 γὰρ
3189 4344 3238 4395 οἱ
3267 4342 3489 4395 ἄπιστοι
3517 4340 3610 4392 τὸν
3628 4339 3751 4407 περὶ

509 4467 620 4508 non
670 4466 770 4521 pro
827 4450 1109 4521 dignitate,
1149 4448 1243 4504 sed
1275 4448 1456 4503 minus
1506 4463 1668 4519 quam
1706 4462 1805 4518 par
1857 4447 1950 4510 sit,
2005 4464 2021 4501 t

2234 4437 2411 4510 ριστοῦ
2431 4436 2608 4504 λόγον,
2640 4437 2700 4488 οὐ
2729 4435 2978 4500 δεόντως,
3009 4434 3121 4490 ἀλλ’
3141 4432 3334 4496 ἐνδεῶς
3364 4431 3505 4502 ('57),
3537 4431 3626 4484 καὶ
3650 4429 3746 4499 μάο

498 4542 720 4606 Cbristo
750 4542 977 4599 verbum
1008 4540 1342 4611 acceperint,
1376 4540 1788 4611 praesertimque
1816 4540 1961 4609 quod
1988 4540 2004 4593 i

2234 4550 2329 4585 στα
2356 4530 2445 4583 τὸν
2463 4540 2527 4582 πε
2538 4528 2589 4599 ρ).
2602 4524 3057 4598 ὲνσωματώσεως,
3087 4525 3120 4596 ἢ
3133 4524 3225 4576 τοῦ
3239 4523 3447 4585 πάθους
3457 4521 3637 4583 αὐτοῦ,
3653 4538 3746 4591 μυ-

499 4634 871 4695 carnationem
887 4633 970 4686 vel
988 4633 1298 4702 passionem
1320 4633 1440 4702 ejus
1457 4631 1645 4694 tradit,
1663 4631 1837 4701 magis
1858 4632 2011 4686 adun.

2228 4623 2527 4694 τηρίσαντες
2546 4619 2865 4689 χλευάσουσι
2890 4616 3086 4688 μᾶλλον
3098 4617 3171 4679 ὡς
3183 4614 3373 4685 ψευδῆ,
3387 4613 3422 4684 ἢ
3444 4613 3740 4677 δοξάσωσι.

2262 4715 2275 4731 ι
2322 4713 2342 4731 ιι
2388 4730 2393 4731 ,
2450 4729 2497 4731 ,_
2539 4710 2644 4731 [ενοι
2689 4710 2831 4731 ι---.-
2886 4710 2983 4731 ,2,
3022 4706 3343 4731 __-_-__.'..-
3381 4708 3413 4731 ,ι
3460 4701 3740 4731 ---λη-η

499 4741 639 4792 naso
674 4723 983 4783 irridcbunt
1010 4723 1174 4778 veluti
1204 4724 1457 4786 mendax,
1487 4739 1646 4793 quam
1698 4722 1953 4776 laudibus
1979 4737 2007 4775 c

2233 4715 2285 4766 αἱ
2320 4713 2498 4782 ἔνοχος
2536 4710 2645 4781 (58)
2688 4710 2838 4763 ἔσται
2884 4710 2983 4779 τῆς
3019 4706 3343 4779 προπετείας
3381 4708 3416 4775 ἡ
3458 4702 3745 4775 πρεσϐῦτις

497 4818 793 4873 lebrabuut
813 4836 827 4879 ;
849 4817 1061 4887 eritque
1080 4832 1219 4872 anus
1248 4832 1341 4870 rea
1362 4816 1693 4871 temeritatis
1725 4830 1789 4868 ac
1812 4814 2006 4884 blaspli

2227 4805 2268 4856 ιιί
2321 4804 2417 4873 τῆς
2474 4800 2838 4872 βλασφημίας,
2896 4800 2990 4852 καὶ
3042 4799 3103 4851 τὸ
3154 4797 3276 4858 οὐαὶ
3330 4795 3739 4867 κληρονομήσει·

500 4912 642 4973 mine,
674 4917 728 4964 et
758 4925 836 4963 vae
858 4909 1137 4963 sortietur.
1166 4927 1186 4961 ι
1224 4907 1316 4964 Vae
1335 4916 1538 4968 autem,
1564 4908 1761 4976 inquit,
1789 4922 1886 4978 per
1906 4922 2012 4977 que

2238 4896 2372 4947 Οὐαὶ
2398 4894 2475 4959 δὲ,
2506 4894 2659 4964 φησὶ,
2688 4893 2754 4945 δι’
2775 4886 2834 4944 οῦ
2864 4891 2925 4944 τὸ
2954 4890 3123 4960 δνομά
3145 4907 3244 4960 μου
3264 4888 3653 4959 βλασφημεῖται
3683 4883 3744 4932 ὲν

500 5016 698 5059 nomen
725 5016 903 5055 meum
925 5000 1330 5070 blasphematur
1354 5001 1406 5052 in
1440 5000 1691 5069 gentibus
1719 4999 1783 5053 ⁸⁸.
1818 5020 1836 5052 ι

1073 5000 1330 5055 ιίιοιηοιυι-
1354 5001 1406 5052 in
1440 5000 1691 5069 gentibus
1719 4999 1783 5053 ⁸⁸.
1818 5020 1836 5052 ι
2171 4991 2281 5051 τοῖς
2310 4988 2534 5040 ἔθνεσιν.
2566 5004 2585 5037 ι

569 5180 615 5212 ⁷¹
650 5176 719 5237 Is.
754 5195 916 5238 mu.
952 5180 1001 5232 7.
1075 5179 1122 5209 ⁷³
1157 5177 1288 5231 Dan.
1322 5194 1396 5235 IV,
1428 5176 1518 5231 24.
1594 5176 1641 5207 ⁷⁸
1672 5173 1832 5229 Prov.
1866 5188 1938 5227 xv
1960 5213 1974 5234 ,
2006 5171 2077 5225 2'1

2216 5170 2221 5198 ί
2258 5166 2403 5223 Psal.
2438 5183 2540 5230 XL,
2568 5164 2623 5223 2.
2681 5165 2746 5238 j‘
2783 5162 3050 5229 Psal.cxi,
3078 5161 3131 5217 9.
3208 5161 3251 5191 '"
3292 5158 3457 5214 Prov.
3492 5174 3601 5218 xu.
3630 5157 3728 5210 17.

495 5248 547 5284 τε
582 5235 747 5306 Prov.
773 5235 1020 5315 “1,15.
1095 5249 1140 5279 τ’
1174 5248 1362 5302 Matth.
1395 5262 1529 5312 xm,
1568 5247 1658 5301 δι.
1736 5246 1780 5277 ⁸ο
1822 5244 2007 5298 Matth.

1219 5248 1362 5302 .attb.
1395 5262 1490 5301 xui
1514 5285 1529 5312 ,
1568 5247 1658 5301 '51.
1736 5246 1780 5277 ⁸ο
1822 5244 2012 5298 Matth.
2042 5256 2158 5306 vu,
2190 5240 2247 5294 6.
2320 5239 2363 5271 ⁸¹
2404 5238 2508 5292 lsa.
2533 5251 2645 5301 LII,
2677 5235 2731 5289 5.

1805 5501 2167 5559 VARIORUM
2200 5498 2431 5560 ΝΟΤΑΞ.

590 5769 681 5837 55)
725 5767 842 5837 Thr
861 5765 1068 5837 χήραν.
1107 5772 1231 5827 Τῶν
1253 5767 1471 5837 χηρῶν,
1497 5765 1654 5819 alter.
1689 5763 1861 5819 CLsn.
2004 5834 2014 5837 _

2232 5760 2343 5837 (ζῇ)
2388 5755 2805 5837 gemmea?
2838 5753 3045 5837 Desunt
3076 5754 3129 5837 i_n
3152 5754 3323 5837 altero
3343 5751 3467 5837 eod.
3497 5749 3692 5837 [nam

590 5769 659 5827 55
725 5767 842 5837 Thr
861 5765 1068 5837 χήραν.
1107 5772 1231 5827 Τῶν
1253 5767 1471 5837 χηρῶν,
1497 5765 1654 5819 alter.
1689 5763 1861 5819 Cum.

565 5770 681 5914 $36;
721 5842 930 5914 Ἔστω.
955 5838 1081 5914 llaec
1111 5853 1216 5892 vox
1244 5846 1299 5893 et
1345 5847 1457 5893 tres
1487 5851 1640 5907 seqq.
1679 5848 1961 5907 perperam
2003 5834 2055 5888 in

2256 5760 2322 5812 57
2395 5760 2805 5820 Ἀλλ’ὲνδεῶς.
2838 5760 3045 5810 Desunt
3076 5760 3129 5808 in
3152 5760 3323 5807 altero
3343 5760 3467 5817 eod.
3499 5760 3566 5807 In.

2214 5760 2345 5908 .ίόἓῖ
2388 5831 2652 5914 Ἔνοχρς.
2693 5827 2846 5914 alter
2884 5823 3036 5880 addit
3071 5822 3280 5879 λοιπόν
3311 5831 3474 5893 atque
3520 5822 3726 5883 omittit

499 5896 673 5977 altera,
691 5912 1014 5967 omittuntur
1063 5906 1138 5962 In.
1566 5896 1620 5907 ·-
1680 5896 1697 5907 -
1779 5896 1797 5905 -

1566 5896 1582 5907 ³
1602 5896 1620 5906 ⁵
1680 5896 1697 5907 ”
1779 5896 1797 5905 ’
2163 5896 2274 5967 τῆς
2301 5896 2675 5969 προπετείας.
2703 5896 2780 5955 lo.
