3828 6414
114 372 115 375 η
142 317 227 372 πι
1022 310 1622 370 CONSTITUTIONES
1643 311 2323 371 APOSTOLlCzE.—LIB.
2365 313 2453 370 Ill.
3245 320 3349 376 ’778

141 436 200 494 ὼς
222 431 269 483 οἱ
293 423 661 499 ἐγρηγορότες·
708 425 823 479 ἀλλ’
852 424 885 495 ἢ
919 428 1300 493 νυστάζουσιν,
1331 428 1363 498 ἢ
1410 427 1668 499 φλυαροῦ-

1784 428 2097 494 adducunt,
2129 444 2242 484 non
2280 430 2526 485 sinentes
2567 430 2622 485 in
2655 429 2886 487 Domino
2912 447 3035 489 esse
3076 442 3315 492 attentos
3339 479 3354 503 ,

142 540 234 589 σιν,
273 521 304 589 ἢ
351 514 812 588 μαστροπεύουσιν
848 517 991 588 (45),
1023 519 1055 590 ἢ
1086 520 1357 587 αἰτοῦσιν,
1386 519 1420 590 ἢ
1458 520 1668 591 ἑτέρους

1779 523 1891 576 imo
1928 521 2225 578 ellicientes
2275 529 2336 577 ut
2369 524 2507 578 tales
2551 530 2751 579 exeant
2796 525 2989 594 quales
3041 525 3356 591 intrarunt,

139 609 588 684 αἰχμαλιιπίζουσιν
609 649 624 673 ,
679 609 1052 680 προσάγοντες
1122 611 1203 681 τῷ
1258 610 1482 681 πονηρῷ
1504 652 1520 677 ,
1574 611 1668 665 οὐκ

1781 627 1979 684 nempe
2007 614 2189 678 vacui,
2235 629 2303 669 eo
2346 614 2493 685 quod
2536 630 2647 670 non
2697 615 2972 671 audierint
3006 617 3129 673 illos
3152 619 3246 688 qui
3274 623 3360 674 vel

137 707 302 766 ἐῶντες
344 703 537 765 αὐτοὺς
564 703 754 773 νήφειν
796 703 853 756 ὲν
884 704 1077 775 Κυρίῳ
1096 746 1111 768 ,
1155 703 1291 757 ἀλλὰ
1323 703 1668 773 παρασκευά-

1780 704 2015 767 docent,
2050 707 2135 760 vel
2188 706 2377 777 legunt
2429 706 2658 762 verbum
2706 706 2943 764 Domini.
2983 708 3118 763 Nam
3151 711 3220 765 de
3250 711 3356 765 hu~

139 798 293 861 ζοντες
306 795 575 859 τοιούτους
594 796 791 859 αὐτοὺς
818 794 1019 860 ἐξιέναι
1046 791 1148 850 οἶοι
1167 796 1263 850 καὶ
1290 797 1490 850 είσίασι
1507 837 1523 862 ,
1553 795 1668 849 διά-

1774 796 2019 866 jusmodi
2054 795 2227 852 Isaias
2254 797 2520 869 propheta
2564 798 2699 853 dicit
2728 817 2741 853 :
2781 817 2802 850 ι
2842 799 3047 853 Auditu
3079 800 3314 857 audietis
3338 841 3353 863 .

136 906 254 942 κενοι
277 887 361 941 διὰ
374 887 431 939 τὸ
462 886 536 958 μὴ
554 887 773 942 ἀκούειν
792 888 900 942 τῶν
919 889 1327 960 διδασκόντωνῆ
1353 888 1462 941 τῶν
1478 890 1668 957 ἀναγι-

1776 896 1833 942 et
1874 902 1986 943 non
2028 888 2382 960 intelligetis;
2430 900 2485 945 et
2524 890 2775 946 videntes
2809 890 3102 956 videbitis,
3143 901 3197 948 et
3244 908 3357 949 non

137 981 413 1034 νωσκόντων
440 979 530 1032 τὸν
549 979 642 1033 τοῦ
660 980 867 1052 Κυρίου
894 980 1069 1050 λόγον.
1090 981 1226 1052 Περὶ
1250 981 1361 1052 γάρ
1378 981 1488 1033 τῶν
1506 979 1668 1032 τοιού-

1779 980 1966 1037 scietis
1990 999 2004 1035 :
2039 982 2408 1036 incrassatum
2431 990 2516 1037 est
2553 982 2700 1037 enim
2731 995 2829 1038 cor
2847 985 3033 1054 populi
3053 984 3219 1053 hujus
3237 986 3301 1039 ⁸⁸.
3328 1003 3351 1038 ι

136 1084 219 1118 των
242 1068 325 1120 καὶ
349 1068 572 1132 Ἡσαΐας
598 1069 626 1120 ὁ
656 1070 941 1141 προφήτης
986 1069 1153 1139 λέγει·
1190 1091 1209 1121 τι
1251 1071 1413 1140 Ἀκοῇ
1441 1068 1723 1131 ἀκούσετε,
1755 1066 1849 1121 καὶ
1878 1068 1942 1120 οὐ
1992 1067 2066 1138 μὴ
2100 1069 2315 1138 συνῆτε·
2340 1071 2434 1124 καὶ
2467 1070 2753 1139 βλέποντες
2780 1072 3001 1143 βλέψετε
3022 1117 3036 1140 ,
3066 1074 3161 1129 καὶ
3186 1075 3248 1128 ού
3278 1077 3353 1150 μὴ

138 1160 254 1230 ῐδητε
272 1175 284 1188 ·
304 1156 574 1227 ἐπαχύνθη
595 1157 705 1229 γάρ
729 1160 762 1229 ή
788 1159 985 1231 καρδία
1010 1158 1105 1212 τοῦ
1127 1158 1256 1212 λαοῦ
1284 1158 1475 1211 τούτου
1496 1156 1626 1227 (46).
1643 1173 1661 1206 ι

625 1251 1021 1305 ΚΕΦΑΛΑΙΟΝ
1056 1251 1129 1305 Ζ’.

2372 1246 2603 1303 CAPUT
2634 1247 2747 1304 VII.

438 1341 566 1395 Οῐαί
609 1343 768 1398 εἰσιν
809 1345 870 1396 αἱ
908 1342 1298 1412 ψευδοχῆραι.

189 1435 275 1487 Τὸν
316 1433 473 1487 αὐτὸν
533 1430 628 1487 οῦν
654 1434 855 1506 τρόπον
888 1436 983 1488 καὶ
1033 1434 1142 1488 τῶν
1172 1434 1428 1487 τοιούτων
1483 1431 1669 1504 χηρῶν

138 1525 347 1597 ιχλείσθη
376 1525 445 1578 τά
471 1518 586 1579 ὦτα
629 1526 728 1597 τῆς
781 1526 1029 1598 καρδίας,
1060 1529 1140 1590 εἰς
1169 1526 1230 1580 τὸ
1260 1527 1335 1597 μὴ
1366 1524 1669 1596 καθεζομέ-

2124 1338 2319 1404 Quales
2344 1350 2466 1395 sunt
2486 1340 2641 1410 falsa:
2666 1344 2855 1399 vidua.

1768 1460 1769 1463 η
1839 1428 1923 1485 Ad
1938 1430 2192 1486 eumdem
2221 1447 2351 1504 ergo
2373 1432 2620 1499 modum,
2646 1433 3158 1505 hujusmodividuze
3184 1440 3350 1495 obtu-

1766 1531 1920 1586 ratas
1949 1522 2156 1578 habent
2177 1538 2342 1581 aures
2380 1525 2605 1594 cordis;
2649 1542 2720 1583 ne
2764 1530 2914 1586 intus
2942 1532 3000 1586 in
3043 1532 3205 1589 tectis
3232 1534 3351 1589 suis

138 1636 209 1681 νας
230 1617 360 1670 ἔνδον
386 1619 444 1670 ἐν
473 1619 593 1681 ταῖς
622 1617 841 1685 στέγαις
867 1617 1068 1681 αὐτῶν,
1100 1617 1424 1690 προσλαλεῖν
1449 1617 1528 1688 τῷ
1556 1618 1668 1670 Κυ-

1772 1613 2045 1679 sedentes,
2068 1614 2359 1672 Dominum
2388 1618 2759 1690 alloquantur,
2790 1621 2886 1677 sed
2909 1623 3354 1681 circumcursan-

140 1708 370 1779 ριῳ,άλλὰ
398 1708 846 1780 περιτρεχούσας,
875 1710 935 1762 ὲν
984 1710 1199 1782 ἐπινοίᾳ
1237 1707 1533 1780 πορισμοῦ,
1576 1706 1667 1760 διὰ

1772 1712 1875 1772 tes,
1901 1714 2145 1776 quaestus
2167 1709 2363 1779 gratia,
2395 1726 2567 1782 nugas
2598 1713 2829 1783 agendo,
2858 1715 3143 1784 perﬁciant
3165 1718 3355 1775 adver-

137 1804 218 1855 τῶν
242 1802 503 1874 φλυαριῶν
521 1803 591 1866 ⁸⁷,
619 1801 688 1855 τὰ
715 1800 809 1854 τοῦ
852 1800 1229 1872 ἀντικειμένου
1274 1799 1669 1871 ἐπιθυμήματα

138 1895 377 1965 πράσσειν.
418 1895 487 1947 Δί
535 1896 785 1948 τοιαῦται
812 1889 906 1948 οὖν
943 1894 1111 1966 χῆραι
1155 1894 1218 1947 οὐ
1262 1893 1668 1965 προσήρτηνται

138 1987 193 2056 τῷ
215 1986 563 2057 θυσιαστηρίῳ
582 1985 676 2039 τοῦ
706 1985 962 2057 Χριστοῦ.
994 1986 1114 2039 Etsi.
1131 1984 1239 2056 γὰρ
1259 1984 1479 2054 ἔνιαιχῆ
1489 2000 1575 2055 ραι
1585 1984 1671 2055 ὲρ-

139 2078 293 2146 γασίαν
332 2079 634 2150 ἡγούμεναι
664 2079 725 2132 τὸ
754 2081 1005 2150 πρᾶγμα·
1040 2079 1137 2132 καὶ
1180 2078 1241 2142 ἐξ
1266 2070 1341 2131 ὧν
1379 2075 1670 2146 ἀναισχύν-

138 2186 216 2233 τως
262 2171 467 2224 αἰτοῦσι
504 2171 600 2225 καὶ
644 2170 941 2241 ἀπλήστως
969 2170 1368 2241 λαμϐάνουσιν,
1417 2168 1517 2240 ἤδη
1572 2168 1667 2220 καὶ

138 2262 478 2335 ὀκνηροτέρους
505 2264 635 2325 τοὺς
662 2262 895 2324 πολλοὺς
921 2261 1059 2331 πρὸς
1086 2260 1155 2339 τὸι
1175 2260 1376 2313 διδόναι
1403 2259 1668 2329 κατέστη-

139 2369 224 2404 σαν·
276 2354 388 2407 δέον
414 2353 526 2425 γὰρ
552 2353 722 2417 αὑτὰς
749 2352 1038 2423 ἀρκεῖσθαι
1058 2354 1171 2415 τοῖς
1191 2352 1667 2423 ὲκκλησιαστικοῖς

137 2444 200 2497 διὰ
235 2446 550 2517 μετριότητα
580 2445 823 2516 γνώμης,
854 2446 919 2498 ὲκ
951 2443 1060 2497 τῶν
1106 2444 1388 2507 ἐναντίων,
1434 2443 1666 2513 εμπερι-

137 2536 373 2607 τρέχουσαι
392 2538 503 2609 (47)
534 2539 660 2601 τοὺς
675 2537 784 2590 τῶν
823 2536 1067 2608 πλησίων
1105 2536 1152 2569 ⁸⁸
1177 2537 1361 2600 οίκους
1403 2535 1667 2590 διασείουο

138 2645 215 2691 σιν,
227 2630 468 2701 εὐπορίαν
493 2629 796 2701 χρημάτων
816 2631 1038 2693 ἑαυταῖς
1064 2628 1501 2699 ὲπισωρεύουσαι
1529 2628 1663 2701 (ι8),

138 2720 298 2774 καὶέπὶ
324 2724 540 2793 πικροῖς
557 2721 738 2785 τόκοις
765 2722 1089 2786 δανείζουσι,
1105 2724 1198 2775 καὶ
1217 2722 1378 2793 μόνου
1398 2720 1493 2775 τοῦ
1516 2740 1666 2793 μαμ-

140 2814 258 2878 pm
280 2812 667 2885 φροντίζουσιν·
717 2807 792 2869 ὧν
836 2815 865 2867 ό
910 2813 1044 2877 Θεὸς
1077 2813 1139 2867 τὸ
1178 2812 1478 2884 βαλάντιον·
1513 2813 1570 2867 αἳ
1606 2814 1668 2867 τὸ

137 2908 288 2973 φαγεῖν
313 2907 491 2961 καὶτὸ
522 2909 668 2961 πιεῖν
700 2906 1050 2979 προκρίνουσι
1096 2906 1278 2978 πάσης
1313 2906 1534 2977 ἀρετῆς,
1580 2905 1669 2959 λέ-

138 3011 307 3062 γουσαι·
343 3017 361 3051 ι
384 2999 658 3070 Φάγωμεν
684 3000 781 3053 καὶ
808 2999 1045 3071 πίωμεν,
1073 2997 1264 3070 αῦριον
1292 2997 1401 3068 γὰρ
1428 2996 1666 3071 άποθνή-
1691 3028 1736 3088 C

137 3105 314 3151 σκομεν·
345 3111 363 3144 ι
395 3092 451 3145 αἳ
477 3092 559 3155 ὡς
580 3091 792 3145 ἑστῶτα
826 3090 1001 3144 ταῦτα
1041 3090 1377 3159 ὲλογίσαντο,
1426 3088 1522 3143 καὶ
1564 3089 1665 3159 οὐχ

137 3179 193 3243 ὡς
214 3183 474 3252 φεύγοντα·
538 3184 573 3254 ἡ
619 3182 728 3254 γὰρ
756 3184 1032 3254 ὴσκηκυῖα
1062 3182 1192 3255 περὶ⁵
1234 3182 1296 3235 τὺ
1322 3180 1664 3254 χρηματολο-

139 3273 240 3335 γεῖν,
263 3274 371 3327 ἀντὶ
396 3273 490 3328 τοῦ
521 3272 660 3328 Θεοῦ
689 3272 939 3345 λατρεύει
968 3273 1047 3345 τῷ
1080 3276 1380 3345 μαμμωνᾷ,
1408 3274 1663 3329 τουτέστι

138 3360 326 3418 ὣυλεύει
357 3366 434 3437 τῷ
468 3365 674 3438 κέρδει·
728 3365 806 3436 τῷ
846 3365 903 3419 δὲ
929 3365 1048 3437 Θεῷ
1086 3365 1381 3437 εὐάρεστος
1425 3361 1566 3420 εἶναι
1601 3367 1665 3423 ού

138 3451 331 3521 δύναται,
360 3459 479 3512 οὐδὲ
536 3462 658 3522 ταῖς
697 3458 971 3529 λατρείαις
1006 3457 1172 3512 αὑτοῦ
1220 3460 1484 3530 ὑπήκοος,
1536 3477 1664 3514 συν-

138 3547 243 3615 εχῶς
264 3550 319 3603 ού
344 3550 617 3622 δυναμένη
646 3550 992 3620 ἐντυγχάνειν
1020 3551 1191 3623 αὐτῷ,
1223 3552 1318 3605 ἐπὶ
1344 3551 1407 3605 τὸ
1434 3552 1667 3625 ἀργυρο-

139 3635 273 3705 λογεῖν
289 3642 372 3695 τὸν
390 3642 513 3696 νοῦν
536 3644 631 3696 καὶ
658 3643 755 3714 τὴν
782 3642 1018 3697 διάθεσιν
1043 3643 1241 3713 ἔχουσα
1261 3643 1391 3716 (49)·
1435 3645 1667 3716 ἐπείπερ

140 3727 239 3782 ὅπου
262 3734 287 3786 ό
310 3732 600 3805 θησαυρὸς,
629 3735 745 3788 ἐκεῖ
783 3735 877 3788 καὶ
905 3736 939 3805 ἡ
994 3734 1191 3806 καρδία
1233 3736 1423 3806 αὐτῆς·
1482 3737 1541 3789 ὲν
1591 3736 1667 3808 νῷ

141 3820 221 3892 γὰρ
244 3823 609 3897 διαλαμϐάνει,
639 3826 743 3879 ποῦ
792 3827 1031 3898 πορευθῇ
1072 3828 1357 3899 λήμματος
1403 3822 1591 3899 χάριν,¹
1633 3830 1667 3901 ἢ

142 3912 200 3965 ὁτι
230 3915 419 3985 ἡδεῖνα
466 3921 502 3989 ἡ
554 3918 683 3990 φίλη
732 3919 901 3989 αὐτῆς
938 3919 1285 3991 ἐπιλέλησται
1308 3959 1323 3983 ,
1372 3923 1465 3974 καὶ
1512 3922 1669 3989 λόγον

142 4002 230 4056 τίνα
250 4009 406 4082 ταύτῃ
428 4013 813 4083 προσενεγκεῖν
854 4011 1075 4081 ὀφείλει.
1140 4012 1205 4065 Ἥ
1241 4011 1298 4066 δὲ
1327 4012 1552 4067 τοιαῦτα
1578 4015 1669 4067 λο-

143 4095 375 4174 τιξομένη,
419 4105 607 4158 οὐκέτι
650 4106 715 4176 τῇ
771 4107 1043 4176 προσευχῇ
1101 4105 1377 4176 προσέξει,
1423 4106 1560 4160 άλλὰ
1600 4110 1667 4179 τῇ

145 4188 437 4268 ἑμπιπτούσῃ
466 4198 667 4269 ἐννοίᾳ·
700 4197 782 4250 διὸ
828 4197 927 4252 κάν
961 4213 1092 4250 ποτε
1138 4197 1340 4270 θελήσῃ
1369 4198 1669 4269 προσεύξα⁹

146 4281 238 4335 σθαι
260 4287 387 4360 ὺπέρ
411 4307 576 4353 τινος,
598 4291 699 4343 οὐκ
716 4289 1217 4361 είσακουσθήσεται·
1239 4291 1300 4343 οὐ
1329 4290 1439 4362 γὰρ
1465 4291 1525 4357 ἐξ
1541 4291 1671 4363 ὅλης

1770 1798 1903 1853 sarii
1925 1798 2223 1856 desideria.
2255 1800 2351 1857 Ha:
2381 1803 2549 1873 igitur
2570 1805 2768 1870 viduae,
2799 1821 2924 1861 cum
2952 1807 3161 1865 Christi
3185 1810 3347 1866 altari

1769 1904 1880 1944 non
1909 1899 2143 1960 possunt
2197 1895 2528 1964 comparari.
2588 1894 2728 1950 Sunt
2771 1899 2917 1952 enim
2964 1902 3239 1957 nonnulla
3265 1905 3349 1958 vi—

1769 1982 1911 2047 duae,
1940 1998 2063 2053 quae
2106 1984 2163 2038 in
2190 1984 2345 2040 lucro
2391 2001 2551 2042 omne
2584 1989 2829 2044 studium
2879 2007 3041 2047 suum
3092 2003 3346 2064 ponunt;

1766 2081 1823 2129 et
1850 2075 1976 2145 quia
2009 2074 2355 2145 impudenter
2402 2086 2614 2147 petunt,
2669 2094 2733 2135 ac
2765 2081 3149 2140 insatiabiliter
3196 2087 3349 2141 acci-

1769 2165 1945 2234 piunt,
1972 2167 2084 2236 jam
2116 2167 2319 2224 multos
2355 2169 2424 2223 ad
2456 2170 2801 2241 largiendum
2844 2174 3127 2243 segniores
3165 2177 3351 2232 reddi-

1768 2257 1968 2314 derunt
1998 2278 2011 2313 :
2044 2273 2280 2329 cumque
2324 2268 2623 2330 oporteret,
2667 2271 2726 2317 ut
2757 2279 2853 2334 per
2901 2265 3069 2320 animi
3100 2267 3352 2321 modera-

1768 2349 1976 2404 tionem
2033 2358 2307 2405 contentae
2362 2360 2549 2407 essent
2604 2354 2999 2413 ecclesiasticis
3042 2358 3305 2414 subsidiis
3329 2400 3347 2424 ,

1767 2448 1964 2495 contra
2046 2441 2546 2499 circumcurrentes
2642 2448 2967 2502 concutiunt
3040 2448 3347 2505 vicinorum

1765 2531 2003 2599 domos,
2093 2533 2301 2589 aﬂatim
2394 2537 2681 2606 pecuniam
2773 2538 2878 2594 sibi
2958 2542 3346 2611 congerenda,

1767 2639 1984 2681 necnon
2035 2626 2235 2682 acerbo
2285 2626 2474 2683 fenore
2530 2637 2781 2684 mutuum
2840 2630 3014 2696 dant,
3067 2634 3349 2704 soliusque

1767 2732 2094 2773 mammonae
2148 2733 2338 2773 curam
2389 2720 2626 2788 habent;
2657 2735 2888 2791 quarum
2921 2722 3064 2779 Deus
3114 2733 3199 2781 est
3221 2741 3349 2781 cru-

1767 2825 1967 2877 mena;
2009 2825 2131 2881 qua:
2179 2811 2363 2867 cibum
2394 2826 2460 2866 ac
2496 2820 2687 2883 potum
2718 2815 2869 2869 omni
2896 2816 3083 2871 virtuti
3131 2828 3350 2890 antepo-

1768 2911 1925 2963 nunt,
1979 2903 2186 2957 aientes
2220 2922 2232 2957 :
2275 2922 2293 2951 ι
2327 2902 2566 2959 Edamus
2617 2912 2673 2960 et
2702 2905 3001 2975 bibamus;
3049 2923 3174 2963 cras
3202 2912 3349 2965 enim

1769 2994 2068 3048 moriemur
2090 2995 2178 3062 ⁸⁹;
2236 3015 2255 3047 ι
2288 3003 2452 3065 atque
2503 2995 2640 3052 istas
2670 3012 2761 3054 res
2791 3005 3054 3070 tanquam
3120 3002 3349 3057 stabiles

1769 3094 2121 3156 putaverunt,
2151 3095 2206 3142 et
2236 3103 2347 3142 non
2379 3096 2641 3159 tanquam
2672 3090 2914 3161 fugaces.
2964 3091 3101 3147 Nam
3134 3092 3191 3148 in
3213 3108 3352 3149 con-

1764 3178 2047 3249 quirendis
2075 3178 2317 3233 nummis
2360 3180 2679 3245 exercitata,
2720 3196 2823 3252 pro
2850 3182 2964 3238 Deo
3011 3183 3145 3239 colit
3169 3199 3350 3239 mam-

1764 3286 2008 3333 monam,
2035 3271 2140 3326 hoc
2170 3279 2276 3334 est,
2321 3272 2489 3327 servit
2540 3272 2733 3337 lucro;
2762 3285 2817 3328 at
2846 3274 2990 3345 apud
3014 3274 3184 3330 Deum
3222 3291 3349 3348 gra-

1763 3363 1907 3421 tiosa
1937 3378 2061 3419 esse
2094 3378 2201 3418 non
2226 3371 2426 3434 potest,
2480 3379 2583 3420 nec
2619 3365 2869 3437 religioni
2895 3367 3041 3423 illius
3066 3368 3349 3440 obtempe-

1764 3471 1911 3523 rare,
1942 3472 2067 3513 cum
2117 3456 2339 3513 assidue
2382 3473 2585 3513 numen
2616 3459 2767 3514 adire
2808 3461 3034 3530 supplex
3091 3471 3347 3531 nequeat,

1764 3549 2207 3621 quandoquidem
2238 3556 2474 3605 mentem
2503 3556 2559 3605 et
2581 3551 2915 3607 voluntatem
2942 3553 3199 3623 parandis
3228 3555 3352 3624 opi-

1766 3643 1870 3698 bus
1896 3642 2163 3699 intentam
2194 3642 2392 3697 habeat
2427 3659 2440 3697 :
2473 3642 2733 3713 quoniam
2788 3644 2883 3699 ubi
2918 3644 3236 3709 thesaurus,
3272 3644 3348 3699 ibi

1767 3741 1823 3790 et
1850 3748 1946 3789 cor
1973 3733 2123 3789 illius
2152 3733 2198 3765 '°
2234 3752 2247 3788 :
2282 3734 2553 3805 siquidem
2586 3740 2770 3789 mente
2792 3735 3020 3798 volutat,
3040 3748 3150 3804 quo
3191 3749 3352 3790 acce-

1767 3825 1859 3880 det
1904 3833 2142 3896 capturaa
2163 3826 2337 3896 gratia
2363 3846 2376 3881 :
2412 3834 2507 3881 aut
2537 3825 2682 3896 quod
2716 3826 2807 3880 illa
2833 3828 3121 3897 quaepiam,
3147 3829 3345 3891 amica,

1769 3916 1937 3972 oblita
1966 3926 2052 3973 est
2077 3919 2219 3988 ejus,
2244 3925 2299 3973 et
2346 3934 2456 3989 quo
2506 3917 2654 3971 illam
2710 3919 2872 3973 aliam
2916 3933 3168 3975 sermone
3196 3932 3350 3975 com-

1769 4008 1974 4078 pellare
2011 4007 2226 4064 debeat.
2279 4008 2553 4066 Caeterum
2607 4024 2729 4080 quae
2778 4010 2907 4064 talia
2953 4019 3205 4082 reputat,
3235 4027 3347 4067 non

1770 4100 2007 4170 amplius
2039 4101 2275 4156 orationi
2330 4102 2581 4166 vacabit,
2615 4102 2710 4158 sed
2747 4103 2973 4159 instanti
3002 4104 3345 4175 cogitationi.

1770 4191 2112 4263 Quapropter
2135 4194 2181 4249 si
2203 4193 2345 4249 forte
2359 4209 2459 4265 pro
2479 4195 2662 4265 aliquo
2673 4195 2886 4265 precari
2898 4196 3048 4261 velit,
3066 4212 3176 4251 non
3189 4211 3350 4252 exau-

1771 4286 1957 4342 dietur
1983 4301 1997 4337 :
2031 4300 2145 4342 non
2175 4286 2321 4342 enim
2345 4301 2411 4342 ex
2444 4293 2561 4341 toto
2591 4286 2779 4351 corde,
2811 4286 2906 4342 sed
2935 4294 3118 4342 mente
3147 4287 3350 4342 distra-

144 4375 323 4443 καρδίας
355 4382 652 4453 προσφέρει
694 4382 795 4454 τὴν
844 4381 1030 4453 δέησιν
1068 4382 1279 4453 Κυρίῳ,
1325 4382 1463 4435 ἀλλὰ
1498 4382 1668 4454 μέμε-

1772 4385 1883 4443 cta,
1921 4377 2154 4433 Domino
2204 4377 2362 4435 oﬂ'ert
2412 4381 2806 4449 precationem.
2862 4379 2996 4446 Qua:
3026 4388 3206 4435 autem
3239 4380 3350 4436 Deo

149 4468 334 4541 ρεσμὲνῃ
349 4471 572 4546 διανοίᾳ·
629 4474 664 4543 ἠ
691 4474 749 4527 δὲ
799 4472 917 4545 Θεῷ
963 4473 1260 4546 βουλομένη
1291 4475 1668 4546 προσανέχειν,

146 4556 381 4633 καθημένη
414 4563 581 4627 ἔνδον,
614 4567 800 4637 φρονεῖ
823 4565 892 4619 τά
942 4564 1042 4619 τοῦ
1098 4566 1327 4638 Κυρίου,
1356 4567 1552 4631 νυκτὸς
1576 4570 1673 4621 καὶ

147 4647 315 4721 ἡμέρας
347 4656 751 4728 ἀκαταπαύστῳ
778 4657 1005 4728 στόματι
1051 4658 1235 4729 δέησιν
1290 4659 1676 4730 προσφέρουσα

150 4739 386 4817 εἰλικρινῆ.
419 4748 628 4821 Ὥσπερ
654 4745 748 4802 οὖν
776 4750 871 4803 καὶ
899 4751 933 4820 ἡ
958 4749 1242 4821 σοφωτάτη
1284 4749 1509 4820 ἰουδὴθ,
1536 4768 1675 4823 μαρ-

151 4837 409 4910 τυρουμένη
438 4840 531 4893 ἐπὶ
561 4841 906 4912 σωφροσύνῃ,
937 4842 1132 4905 νυκτὸς
1152 4842 1246 4896 καὶ
1269 4842 1481 4914 ἡμέρας
1509 4844 1677 4895 ἐδεῖτο

150 4920 219 4973 τοῦ
265 4926 387 4981 Θεοῦ
416 4932 554 5003 ὑπὲρ
581 4932 677 4985 τοῦ
721 4933 951 5005 Ἰσραήλ·
1009 4933 1181 4996 οὕτως
1207 4930 1299 4988 οὖν
1336 4936 1428 4989 καὶ
1454 4936 1487 5006 ἡ
1516 4936 1678 5005 ὁμοία

154 5012 258 5087 αὐτῇ
271 5021 329 5090 χή
338 5038 400 5091 ρα
410 5021 644 5089 ἔντευξιν
654 5024 1071 5079 ἀκατάπαυστον
1084 5024 1224 5097 ὑπὲρ
1234 5027 1332 5098 τῆς
1356 5026 1679 5099 Ἐκκλησίας

152 5173 366 5271 "215?.-
394 5198 482 5271 Ἦν
513 5184 569 5271 9.-
669 5184 827 5271 ἠθε-
864 5184 1183 5271 arcem-

208 5242 373 5304 Iudith
401 5242 484 5320 ιι,
515 5264 569 5311 et
594 5270 694 5311 xu.
722 5255 762 5310 ι.
787 5242 961 5327 ιεηὶιι.
994 5242 1251 5325 interpol.
1282 5255 1351 5310 ad
1380 5256 1594 5313 Philad.
1626 5258 1679 5312 ι.

1290 5185 1336 5217 ⁸⁸
1374 5186 1415 5242 f.
1462 5186 1733 5241 πλουσίων
1747 5227 1764 5252 ,

1777 4471 2020 4525 animum
2041 4469 2326 4526 intendere
2347 4469 2644 4535 desiderat,
2674 4472 2819 4526 intra
2847 4472 3089 4541 privatos
3115 4472 3351 4541 parietes

1777 4564 1994 4630 sedens,
2016 4564 2221 4635 cogitat
2275 4578 2400 4635 quae
2445 4564 2513 4619 ad
2561 4563 2852 4619 Dominum
2909 4565 3205 4635 pertinent,
3251 4577 3351 4634 per

1777 4664 1993 4712 nontem
2042 4671 2107 4713 ac
2159 4657 2301 4713 diem
2352 4672 2450 4713 ore
2505 4672 2784 4728 nunquam
2840 4664 3094 4713 cessante
3132 4668 3351 4726 precem

1776 4749 2049 4806 sinceram
2082 4750 2194 4805 Deo
2239 4749 2512 4806 deferens.
2561 4748 3033 4816 Quemadmodum
3074 4760 3207 4817 ergo
3261 4760 3346 4800 sa-
3417 4810 3428 4832 ι

1778 4844 2119 4914 pientissima
2164 4843 2388 4898 Juditha
2414 4843 2484 4906 ἰ,
2514 4839 2795 4912 pudicitia:
2849 4837 3168 4893 testimonio
3208 4837 3349 4892 cele-

1778 4937 1917 5002 bris,
1950 4947 2111 4992 nocte
2140 4952 2205 4992 ac
2242 4935 2331 4991 die
2360 4934 2528 4990 Deum
2560 4948 2660 5004 pro
2687 4932 2889 4988 lsraele
2915 4929 3309 5000 deprecabatur
3340 4939 3355 4989 ;

1776 5031 1853 5084 ita
1885 5044 2104 5103 quoque
2125 5028 2204 5083 illi
2232 5042 2331 5099 par
2356 5026 2539 5093 vidua,
2572 5024 2944 5081 indesinenter
2964 5037 3063 5093 pro
3105 5019 3352 5076 Ecclesia

1807 5188 2054 5245 divitum.
2169 5187 2215 5219 "
2253 5185 2359 5242 lsa.
2400 5197 2550 5247 xm,
2584 5181 2672 5236 15.
2807 5180 2853 5212 ⁹⁰
2906 5178 3098 5234 Matth.
3129 5193 3205 5242 vl,
3255 5177 3347 5231 21.

1401 5413 1765 5472 VARIORUM
1800 5414 2033 5473 NOTAE}.

206 5536 300 5675 γε)
318 5542 931 5615 Ἢμαστροπεύουσιν.
953 5551 1159 5606 Desunt
1178 5551 1233 5605 in
1260 5550 1472 5606 eodem.
1498 5550 1671 5608 Cum.

228 5608 304 5675 46)
343 5617 571 5671 Τούτου.
612 5620 760 5675 Alter
805 5622 929 5675 cod.
963 5622 1112 5675 addit
1156 5622 1251 5675 ml.
1280 5623 1391 5675 τοῖς
1415 5622 1547 5675 ὠσὶν
1582 5621 1671 5675 Βα-

228 5608 311 5692 ιθὶ
343 5608 571 5671 Τούτουῖ
612 5620 760 5692 Alter
805 5622 929 5679 cod.
963 5622 1112 5676 addit
1156 5622 1251 5676 καὶ
1280 5623 1391 5685 τοῖς
1415 5621 1678 5692 ὠσὶνίβα-

158 5680 530 5763 θηγβ,ᾖκ92σαν,
562 5690 705 5763 quod
726 5692 1010 5763 sequentia
1039 5692 1203 5763 etiam
1229 5680 1524 5763 postulant.
1559 5680 1633 5749 l'n.

215 5748 318 5819 (‘7).
354 5748 915 5829 Ἐμπέριὶρέχουὰαι.
971 5761 1031 5818 In
1068 5748 1244 5820 codd.’
1275 5748 1674 5833 ἐπιτρέχουσαι,

399 5847 657 5911 ΡΑτιιοι..
704 5853 822 5916 Gn.
856 5855 904 5916 ῐ.

1779 5551 2270 5639 νειηεύτρέχουσαι.
2304 5550 2382 5639 in.
2549 5620 2567 5639 ι
2586 5622 2621 5639 h
2786 5617 2830 5639 Γ
2985 5616 3006 5639 ι
3241 5614 3254 5632 ι

1853 5624 1965 5694 (48)
1981 5616 2521 5703 ,ξΕξτὶιςωρεύουσαι
2538 5620 2691 5677 Alter
2710 5617 2959 5674 codicum
2985 5616 3352 5691 ἐπισωρεύου-

1784 5691 1869 5757 σι,
1893 5691 2106 5748 melius.
2133 5691 2210 5747 In.

1855 5761 1966 5834 (49)
1997 5764 2287 5831 Ἕχουσα.
2320 5761 2473 5819 Alter
2497 5760 2623 5819 cod.
2652 5758 3028 5831 Exst,rectius.
3057 5754 3137 5814 la.

2944 5852 3026 5914 25
