3728 6300
405 279 504 336 7'19

1231 279 1286 334 S.
1325 277 1713 332 CLEMENTIS
1749 278 1770 330 ι
1807 276 1970 334 ROM.
2015 277 2214 334 PONT.
2251 273 2475 330 OPERA
2511 266 2742 327 DUBIA.
3591 257 3678 313 780

403 395 510 452 Deo
547 394 910 465 supplicabit;
955 394 1048 463 qui
1093 392 1340 447 exaudiet
1394 405 1532 454 eam,
1565 389 1820 459 quoniam
1873 391 1930 444 in

2114 390 2303 443 οσοίσει
2351 387 2488 456 Θεῷ,
2505 384 2598 436 καὶ
2610 379 2833 434 είσακού
2841 395 2996 431 σεται
3020 375 3227 444 αὐτῆς
3237 412 3253 435 ,
3265 371 3451 426 διὰτὸ
3464 370 3567 442 τὴν
3578 370 3679 424 διὸ.-

400 486 504 540 lioc
540 485 715 539 solum
755 491 929 538 mente
957 483 1169 550 alligata
1201 491 1302 542 est,
1346 487 1399 534 et
1425 495 1597 548 neque
1622 480 1688 534 ad
1709 481 1931 534 insatia-

399 581 508 627 tam
530 574 857 634 aviditatem,
891 586 1062 639 neque
1097 570 1162 624 ad
1193 578 1556 639 sumptuosam
1585 569 1930 638 cupiditatem

401 665 659 720 incumbit
682 681 697 728 ;
731 670 886 730 atque
910 661 1098 714 oculus
1121 659 1239 726 ejus
1258 668 1341 713 est
1363 668 1565 721 castus,
1603 659 1753 713 auris
1779 674 1931 712 mun-

396 753 486 816 da,
517 768 706 806 manus
737 751 1040 819 impollutus,
1073 748 1232 816 pedes
1262 748 1450 817 quieti,
1477 763 1538 802 os
1569 747 1800 816 denique
1829 762 1928 802 ne-

398 858 505 912 que
545 841 610 895 ad
640 839 943 909 ingluviem,
984 853 1158 906 neque
1195 839 1262 892 ad
1310 838 1540 907 ineptias
1585 845 1928 907 promptum;

397 931 489 986 sed
519 932 738 999 loquens
770 927 984 998 quidem
1032 943 1150 996 qua:
1177 927 1493 991 condeceat,
1543 941 1605 981 ea
1634 941 1761 981 vero
1793 926 1932 980 dun-

400 1028 545 1072 taxat
601 1033 816 1074 sumens
865 1033 982 1086 qua:
1023 1018 1386 1072 sustentanda:
1420 1017 1542 1070 vita:
1580 1018 1930 1072 conveniunt.

397 1109 524 1174 Quae
555 1109 632 1162 sic
673 1107 830 1161 fuerit
855 1108 1041 1176 proba,
1099 1107 1278 1176 gravis
1321 1120 1384 1159 ac
1413 1107 1616 1170 sedata,
1647 1105 1756 1159 Deo
1785 1121 1932 1159 com-

396 1198 622 1266 placebit
641 1197 942 1265 ;simulque
961 1211 1024 1249 ac
1046 1195 1246 1264 aliquid
1264 1195 1932 1265 postulaverit,praaveniet

395 1303 511 1342 eam
538 1287 783 1357 largitio:
823 1305 840 1337 ι
876 1286 1062 1340 Adhuc
1106 1285 1270 1346 enim,
1323 1285 1518 1355 inquit,
1572 1285 1821 1354 loquente
1859 1293 1931 1348 te,

397 1379 569 1432 dicam
607 1398 620 1432 :
647 1377 783 1432 Ecce
810 1376 998 1432 adsum
1030 1377 1093 1430 θ’.
1135 1396 1154 1428 ι
1182 1373 1229 1408 ⁵⁸
1260 1375 1457 1430 Eadem
1488 1376 1669 1445 igitur,
1699 1377 1768 1430 sit
1795 1376 1933 1429 divi-

398 1469 594 1521 tiarum
624 1467 1004 1534 contemptrix,
1034 1466 1176 1520 fastu
1214 1480 1428 1529 carens,
1462 1483 1569 1520 non
1610 1467 1752 1536 turpi
1783 1467 1936 1521 lucro

395 1556 595 1620 dedita,
623 1571 731 1610 non
781 1556 1142 1625 inexplebilis,
1191 1571 1298 1609 non
1325 1571 1534 1622 vorax;
1575 1556 1683 1610 imo
1730 1564 1934 1626 tempe-

2031 496 2179 532 νοιαν
2201 478 2365 546 αὐτῆς
2397 476 2532 546 πρὸς
2552 474 2698 543 μόνῳ
2715 470 2897 537 τούτῳ
2914 465 3249 537 ἠρτῆσθαι,
3264 461 3377 514 καὶ
3391 463 3538 530 μήτε
3566 462 3680 530 πρὸς

2029 566 2350 637 ἀπληστίαν,
2377 566 2514 634 μήτε
2544 560 2688 632 πρὸς
2715 557 3029 626 ἐπιθυμίαν
3057 552 3498 606 πολυδάπανον
3525 551 3680 606 ἐκκεῖ-

2032 657 2173 710 σθαι*
2187 657 2273 709 ὅτε
2289 653 2565 723 ὀφθαλμὸς
2577 651 2749 720 αὐτῆς
2763 648 2954 716 ἁγνὸς,
2967 647 3076 700 καὶ
3098 647 3140 714 ἡ
3162 643 3330 712 ἀκοὴ
3346 642 3594 711 καθαρὰ,
3606 648 3681 694 καὶ

2033 749 2087 800 αἱ
2104 749 2279 817 χεῖρες
2309 744 2626 816 ἀμόλυντοι,
2658 740 2756 793 καὶ
2781 740 2834 791 οἱ
2866 736 3040 798 πόδες
3081 735 3318 803 ἥσυχοι
3362 729 3510 801 (50),
3533 731 3684 784 καὶτὸ

2033 836 2202 906 στόμα
2227 835 2348 888 οὔτε
2385 833 2522 904 πρὸς
2537 828 2897 899 λαιμαργίαν,
2919 825 3058 878 οὒτε
3079 823 3245 894 πρὸς
3258 821 3550 891 φλυαρίαν
3565 823 3684 906 ’ἐτοι-

2034 905 2152 994 μον,
2184 923 2317 976 ἀλλὰ
2345 920 2538 974 λαλοῦν
2563 921 2661 991 μὲν
2676 919 2746 971 τὰ
2773 918 2991 979 δέοντα,
3021 910 3506 986 μεταλαμϐάνον
3531 911 3586 964 δὲ
3621 905 3683 964 ὧν

2034 1013 2272 1083 προσῆκε
2299 1013 2387 1064 διὰ
2411 1011 2579 1081 μόνην
2594 1009 2693 1080 τὴν
2711 1007 3007 1060 σύστασιν.
3032 1004 3224 1058 Οὕτω
3239 1003 3436 1074 σεμνὴ
3457 1003 3554 1056 καὶ
3570 1004 3683 1056 ἀτά-

2034 1119 2192 1173 ραχος
2220 1102 2559 1172 ὑπάρχουσα,
2589 1099 2889 1168 εὐάρεστος
2917 1095 3094 1149 ἔσται
3147 1094 3243 1164 τῷ
3275 1093 3433 1163 ﬁcii)“
3466 1093 3560 1146 καὶ
3587 1093 3684 1163 ἅμα

2031 1192 2107 1260 τῷ
2137 1191 2460 1260 αἰτήσασθαι
2488 1193 2660 1260 αὑτήν
2703 1207 2759 1241 τι
2781 1227 2797 1250 ,
2832 1187 3188 1258 προφθάσει
3255 1185 3448 1254 αὐτὴν
3477 1186 3512 1254 ἡ
3539 1184 3677 1247 δόσις·

2040 1283 2191 1334 «Ἔτι
2209 1282 2316 1353 γὰρ
2335 1281 2452 1345 σοῦ,
2484 1282 2640 1350 φησὶ,
2661 1280 2966 1342 λαλοῦντος
2995 1277 3152 1350 ὲρῶ·
3227 1277 3381 1328 Ἰδοὺ
3415 1276 3676 1347 πάρειμι.»

2034 1373 2265 1443 Τοιαύτη
2297 1372 2354 1425 δὲ
2380 1369 2538 1436 οὖσα,
2599 1371 2903 1442 ὑπαρχέτω
2961 1367 3426 1438 ἁφιλάργυρος,
3482 1368 3680 1434 ἄτυφος,

2041 1464 2114 1534 μὴ
2142 1464 2556 1534 αἰσχροκερδὴς,
2609 1462 2684 1533 μὴ
2717 1462 3043 1532 ἄπληστος,
3083 1457 3178 1529 μὴ
3211 1459 3437 1527 λίχνοςο
3469 1457 3578 1511 ἀλλ’
3606 1461 3680 1526 ὲγ-

2040 1555 2265 1626 κρατὴς,
2283 1557 2508 1624 πραεῖα,
2532 1553 2834 1624 ἀτάραχος,
2875 1551 3176 1622 εὐλαϐὴς,
3235 1551 3540 1621 αἰδήμων,
3567 1552 3679 1604 καθ-

396 1660 544 1708 rans,
577 1653 872 1708 mansueta,
894 1645 1489 1714 tranquilla,religiosa,
1511 1647 1830 1710 verecunda,
1861 1662 1934 1701 se-

2114 1646 2211 1716 ,ἐνη
2251 1649 2306 1699 ὲν
2353 1649 2418 1716 τῇ
2450 1647 2600 1718 οἰκίᾳ
2633 1649 2829 1715 αὐτῆς,
2865 1644 3217 1715 ψάλλουσα,
3245 1643 3678 1714 προσευχομένη,

397 1737 530 1791 dens
553 1736 693 1790 domi
710 1751 838 1797 suae,
862 1735 1115 1804 psallens,
1131 1750 1312 1796 orans,
1330 1735 1530 1804 legens,
1545 1735 1788 1804 vigilans,
1801 1736 1934 1803 jeju-

2114 1735 2496 1803 ιγινὼσκουσα,
2533 1735 2928 1808 ἀγρυπνοῦοα,
2980 1733 3396 1806 νηστέύουσα,
3417 1735 3539 1804 Θεῷ
3566 1734 3677 1788 πάν-

399 1841 678 1888 naus,cum
707 1824 1034 1892 Deoscmper
1047 1825 1356 1892 colloquens
1385 1825 1611 1878 canticis
1625 1832 1678 1878 et
1705 1825 1934 1894 hymnis.

399 1915 598 1968 Lanam
624 1913 886 1976 faciendo,
927 1914 1048 1968 aliis
1071 1914 1248 1982 potius
1274 1913 1594 1982 suppeditet,
1625 1930 1781 1982 quam
1806 1915 1921 1983 ipsa

398 2007 579 2076 aliquo
599 2005 857 2074 indigeat;
889 2019 1090 2058 memor
1107 2003 1192 2057 vid
1201 2018 1278 2057 uae
1293 2019 1324 2056 a
1353 2002 1574 2056 Domino
1592 2003 1644 2056 in
1656 2002 1938 2072 Evangelia

400 2097 780 2165 comprobatae,
799 2109 916 2162 quae
945 2093 1164 2147 veniens
1186 2092 1251 2144 ad
1283 2092 1558 2159 templum,
1593 2091 1646 2144 in
1675 2093 1940 2162 gazophy-

400 2185 596 2238 lacium
628 2184 772 2238 misit
799 2184 906 2236 duo
933 2197 1039 2236 aera
1083 2181 1326 2243 minuta,
1357 2180 1500 2248 quod
1528 2190 1609 2234 cst
1633 2182 1936 2248 quadrans;

399 2282 455 2328 at
502 2289 621 2330 eam
651 2273 875 2326 intuitus
904 2272 1083 2325 cordis
1105 2270 1351 2339 cognitor
1406 2269 1652 2324 Christus
1682 2269 1938 2326 Dominus

399 2375 582 2418 noster
619 2379 685 2417 ac
723 2363 996 2430 magister,
1028 2361 1100 2413 ait
1135 2377 1150 2414 :
1195 2378 1212 2409 ι
1246 2360 1412 2414 Amen
1441 2360 1562 2414 dico
1595 2361 1766 2425 vobis,
1798 2377 1936 2431 quo-

398 2453 541 2505 niam
565 2452 677 2508 haec
711 2451 866 2504 vidua
905 2452 1021 2519 plus
1050 2449 1299 2504 omnibus
1342 2449 1486 2503 misit
1518 2450 1574 2503 in
1619 2451 1938 2521 gazophyla-

398 2541 732 2611 ciumzquia
766 2556 953 2597 omnes
995 2555 1061 2594 ex
1104 2539 1429 2594 abundantia
1479 2555 1576 2594 sua
1631 2540 1936 2607 miserunt;

397 2632 511 2688 haec
533 2642 729 2696 autem,
758 2631 824 2685 de
848 2631 1091 2700 penuria,
1117 2645 1329 2684 omnem
1365 2631 1566 2682 victum
1598 2646 1753 2684 suum
1778 2647 1938 2700 quem

399 2722 586 2777 habuit
604 2722 670 2776 ".
711 2741 729 2774 ι
761 2719 942 2790 Itaque
979 2727 1188 2789 Oportet
1216 2721 1406 2774 viduas
1452 2721 1676 2775 honeste
1725 2727 1937 2776 mtatem

399 2827 577 2882 agere,
601 2811 908 2866 obedientes
935 2810 1222 2878 episcopis,
1243 2811 1572 2879 presbyteris
1589 2819 1643 2864 et
1671 2811 1935 2875 diaconis,

399 2902 722 2969 insuperque
750 2909 802 2954 et
826 2900 1176 2964 diaconissis;
1214 2909 1537 2962 reverentes,
1573 2901 1934 2969 pudibundas,

2035 1841 2153 1877 τοτε
2175 1826 2503 1896 προσομιλοῦ
2512 1844 2578 1879 σα
2589 1827 2758 1897 ᾠδαῖς
2787 1827 2891 1879 καὶ
2913 1825 3168 1895 ὕμνοιςο
3195 1823 3338 1896 ἔριά
3356 1841 3421 1875 τε
3441 1824 3683 1894 ἐκλαμϐά-

2036 1931 2199 1968 νουσα
2218 1957 2232 1981 ,
2268 1916 2475 1985 ἑτέροις
2498 1914 2698 1984 μᾶλλον
2717 1915 3199 1985 ὲπιχορηγείτω,
3223 1915 3389 1986 ἥπερ
3409 1915 3547 1985 αὐτή
3563 1933 3680 1977 τινος

2034 2005 2249 2059 δεέσθω·
2277 2007 2692 2076 μιμνησκομένη
2723 2006 2829 2076 τῆς
2858 2006 2924 2058 ὲν
2956 2005 3053 2076 τῷ
3105 2005 3465 2075 Εὐαγγελίῳ
3495 2023 3678 2076 μεμαρ-

2035 2097 2344 2166 τυρημένης
2390 2096 2497 2148 ὑπὸ
2540 2095 2638 2148 τοῦ
2669 2096 2895 2165 Κυρίου
2931 2097 3168 2167 χήρας,
3203 2097 3346 2166 ἥτις
3376 2095 3603 2150 ἐλθοῦσα
3632 2099 3676 2150 ὲν

2035 2187 2111 2257 τῷ
2157 2187 2303 2257 ἱερῷ,
2336 2186 2522 2240 ἔϐαλεν
2541 2189 2622 2249 είς
2649 2187 2712 2238 τὸ
2739 2187 3207 2255 γαζοφυλάκιον
3275 2188 3354 2240 τὰ
3381 2187 3480 2240 δύο
3509 2186 3674 2248 λεπτὰ,

2035 2277 2168 2348 ὅπερ
2204 2276 2318 2328 ἐστὶ
2344 2277 2662 2346 κοδράντης·
2697 2277 2796 2329 καὶ
2823 2277 3220 2348 θεασάμενος
3267 2279 3453 2350 αὐτὴν
3496 2279 3525 2332 ό
3565 2295 3674 2348 καρ-

2035 2367 2358 2438 διογνώστης
2385 2366 2621 2438 Χριστὸς
2650 2369 2680 2420 ὁ
2726 2367 2952 2438 Κύριος
2986 2371 3175 2440 ἡμῶν
3218 2373 3327 2424 καὶ
3364 2370 3673 2432 διδάσκαλος,

2037 2451 2205 2509 εἶπεν
2225 2476 2243 2507 ι
2267 2458 2436 2528 Ἀμὴν
2465 2458 2610 2525 λέγω
2639 2458 2794 2527 ὑμῖν,
2819 2459 2911 2510 ὅτι
2933 2459 3104 2531 αὕτη
3128 2462 3168 2530 ἡ
3193 2462 3356 2532 χήρα
3378 2461 3557 2515 πλεῖον
3567 2460 3674 2513 πάν-

2035 2563 2140 2599 των
2183 2546 2368 2600 ἔϐαλεν
2398 2550 2477 2609 εἰς
2502 2547 2564 2600 τὸ
2577 2547 3038 2616 γαζοφυλάκιονο
3086 2554 3185 2607 ὅτι
3215 2556 3272 2607 οἱ
3298 2553 3507 2615 πάντες
3528 2554 3585 2604 ἐκ
3599 2551 3672 2603 τοῦ

2037 2635 2464 2705 περισσεύματος
2494 2638 2674 2690 αὐτῶν
2704 2637 2939 2707 ἔϐαλον,
2978 2641 3146 2714 αὕτη
3189 2645 3254 2698 δὲ
3299 2646 3371 2698 ὲκ
3406 2643 3501 2697 τοῦ
3544 2645 3673 2697 ὑστε-

2039 2726 2278 2795 ρήματος
2311 2726 2431 2780 ὅλον
2459 2728 2630 2798 αὐτῆς
2669 2727 2766 2781 τὸν
2801 2728 2930 2798 βίον
2961 2732 3040 2784 ὃν
3091 2729 3250 2804 εἶχε.
3295 2753 3315 2787 ι
3367 2735 3574 2805 Σεμνὰς
3599 2730 3672 2786 οὖν

2034 2817 2114 2869 δεῖ
2142 2813 2278 2869 εἶναι
2305 2818 2404 2880 τὰς
2430 2819 2626 2888 χήρας,
2662 2818 3043 2889 πειθομέναις
3085 2827 3216 2888 τοῖς
3256 2824 3577 2888 ἐπισκόποις
3599 2825 3672 2877 καὶ

2036 2910 2146 2969 τοῖς
2172 2907 2560 2978 πρεσϐυτέροις
2611 2909 2710 2961 καὶ
2756 2912 2884 2972 τοῖς
2935 2912 3281 2981 διακόνοις,
3325 2915 3411 2968 ἐτι
3461 2916 3560 2986 μὴν
3597 2916 3673 2966 καὶ

400 3001 718 3053 metuentes,
745 3006 851 3044 non
883 2990 1103 3044 liberius
1136 2989 1314 3043 vivere
1343 3004 1405 3042 ac
1433 2990 1488 3042 in
1519 3005 1614 3044 sua
1643 3006 1762 3045 esse
1787 2999 1934 3060 pote-

2114 3002 2150 3061 ῖς
2187 2999 2470 3063 διακόνοις,
2503 2999 2960 3070 εύλαϐουμένας,
3001 3005 3472 3078 ὲντρεπομένας,
3502 3011 3669 3076 φοϐον-

401 3089 538 3138 state
590 3081 840 3143 nitentes,
891 3094 1063 3148 neque
1109 3080 1244 3132 citra
1295 3079 1666 3148 prazscriptum
1703 3081 1938 3135 volentes

401 3170 692 3239 quidquam
733 3169 906 3224 facere
949 3169 1066 3222 sine
1113 3168 1325 3222 diaconi
1375 3169 1684 3234 voluntate;
1712 3169 1940 3238 exempli

2045 3088 2229 3158 μένας,
2263 3088 2336 3158 μὴ
2365 3087 2942 3160 κατεξουσιαξούσας,
2987 3096 3151 3166 μήτε
3186 3098 3354 3170 παρὰ
3389 3098 3492 3168 τὴν
3517 3098 3670 3150 διατα-

2039 3181 2140 3251 γήν
2172 3197 2226 3232 τι
2273 3183 2442 3232 ποιεῖν
2492 3180 2756 3245 Θελούσας
2794 3181 2937 3253 δίχα
2970 3187 3238 3259 γνώμης
3277 3189 3379 3242 τοῦ
3426 3189 3666 3251 διακόνου,

401 3275 586 3325 causa,
619 3260 664 3314 si
703 3259 1028 3328 pergendum
1058 3258 1127 3311 sit
1181 3259 1248 3311 ad
1305 3259 1536 3326 aliquem
1559 3297 1574 3322 ,
1623 3266 1680 3312 ut
1727 3274 1847 3312 cum
1877 3274 1934 3313 eo

2114 3286 2148 3322 ιν
2177 3270 2236 3322 τὸ
2267 3269 2401 3339 πρός
2436 3286 2560 3322 τινα
2605 3271 2986 3338 ἀπελθούσας
3045 3258 3177 3349 (5i)
3239 3281 3342 3333 ἐπὶ
3395 3282 3458 3332 τὸ
3509 3283 3666 3348 ςαγεῖν

400 3349 724 3404 manducent
770 3364 832 3402 ac
857 3350 1063 3410 bibant,
1102 3348 1182 3401 vel
1213 3348 1416 3416 aliquid
1450 3350 1517 3401 ab
1569 3349 1749 3418 aliquo
1799 3351 1942 3403 acci-

404 3441 572 3509 piant.
623 3439 718 3494 Sin
747 3456 870 3494 vero
895 3440 1098 3507 injussa
1133 3439 1324 3490 horum
1355 3438 1644 3508 quidquam
1669 3447 1941 3508 perpetra-

402 3531 494 3595 rit,
519 3531 723 3599 jejunio
750 3529 1003 3598 punietur
1052 3537 1144 3581 aut
1173 3537 1500 3596 segregetur,
1534 3536 1789 3598 tanquam
1818 3545 1941 3597 pro-

403 3627 552 3673 terva
574 3627 627 3675 et
654 3618 1080 3674 inconsiderans.

971 3728 1197 3783 CAPUT
1236 3728 1372 3784 Vlll.

407 3816 557 3884 Quod
585 3834 686 3872 non
713 3828 935 3889 oportet,
961 3828 1018 3870 ut
1057 3819 1120 3876 ab
1158 3819 1384 3889 indignis
1413 3820 1633 3889 accipiat
1658 3819 1832 3885 vidua,
1863 3822 1939 3874 rel

777 3888 1063 3955 episcopus,
1099 3888 1174 3941 vel
1205 3887 1342 3942 alius
1367 3887 1559 3956 ﬁdelis.

478 3974 630 4031 Unde
658 3976 800 4031 enim
841 3977 1000 4031 vidua
1036 3979 1204 4041 novit,
1248 3979 1422 4047 qualis
1470 3979 1540 4032 sit
1582 3993 1643 4032 ea
1689 3977 1879 4033 mulier
1906 3994 1938 4032 a

406 4079 511 4134 qua
537 4066 759 4134 accipit,
793 4075 885 4119 aut
925 4082 990 4121 ex
1025 4083 1255 4137 quonam
1300 4069 1599 4122 ministerio
1628 4068 1936 4122 alimentum

407 4155 652 4224 apponit;
685 4164 865 4210 utrum
893 4173 958 4212 ex
980 4158 1188 4227 rapina,
1216 4165 1308 4211 aut
1327 4173 1390 4212 ex
1421 4157 1524 4211 alia
1553 4158 1800 4227 quapiam
1821 4165 1937 4212 arte

2043 3363 2169 3430 παρ’
2191 3360 2337 3429 αὐτῷ
2367 3361 2460 3412 καὶ
2488 3362 2659 3426 πιεῖν,
2692 3360 2727 3430 ἦ
2757 3361 2975 3418 λαϐεῖν
3009 3385 3074 3420 τι
3118 3370 3292 3441 παρά
3345 3387 3510 3434 τινος.
3537 3371 3591 3422 Εἰ
3623 3368 3665 3422 δὲ

2044 3454 2116 3522 μὴ
2146 3452 2487 3505 κελευσθεῖσα
2507 3454 2712 3522 ποιήσῃ
2729 3452 2792 3506 ’ἐν
2813 3471 2877 3505 τι
2911 3459 3160 3512 τούτων
3183 3462 3331 3532 (52),
3362 3460 3665 3532 ἐπιτιμᾶσθαι

2040 3543 2281 3612 νηστεία,
2312 3542 2344 3611 ἢ
2377 3542 2750 3612 ἀφοριςέσθω,
2785 3543 2873 3607 ὡς
2921 3552 3272 3622 προπετὴς.

2562 3725 3008 3783 ΚΕΦΑΛΑῘΟΝ
3060 3734 3156 3786 H'.

2041 3816 2160 3867 ’Ότι
2186 3817 2262 3895 ρύ
2291 3813 2404 3895 χρὴ
2434 3815 2596 3895 παρὰ
2617 3815 2913 3895 civ-agger
2935 3825 3315 3895 ,λαμϐάνειν
3343 3827 3458 3895 τὴν
3483 3826 3658 3895 χήραν.

2178 3883 2215 3950 ἢ
2245 3883 2350 3934 τὸν
2379 3883 2724 3937 ἐπίσκοπον
2754 3884 2887 3958 (55)
2915 3928 2933 3951 ,
2977 3883 3050 3960 ἴδ’
3064 3895 3284 3949 ἄλλον
3323 3883 3550 3950 morti}:

2106 3973 2170 4024 Τί
2199 3971 2306 4041 γὰρ
2321 3973 2635 4035 ἐπίσταται,
2657 3975 2834 4028 ὁποία
2855 3980 2962 4043 τίς
2987 3983 3151 4047 ἐστι,
3173 3988 3316 4058 παρ’
3335 3983 3403 4058 ἦς
3418 3985 3659 4056 λαμϐάνειν

2037 4062 2070 4132 ἢ
2101 4063 2164 4115 ὲκ
2191 4063 2441 4132 ποταπῆς
2471 4064 2757 4128 διακονίας
2790 4074 3194 4141 παραϐάλλει
3220 4078 3338 4148 (54)
3359 4079 3454 4149 τὴν
3472 4076 3658 4148 τροᾳὴν.

2038 4152 2259 4222 πότερον
2275 4152 2334 4216 ἐξ
2350 4153 2633 4224 ἁρπαγῆς,
2655 4155 2690 4224 ἢ
2709 4159 2935 4230 ἑτέρας
2964 4168 3137 4232 τινὸς
3166 4171 3236 4222 ού
3259 4171 3436 4241 καλῆς
3455 4167 3657 4237 ἀγωγῆςς

405 4243 623 4298 illicita?
643 4244 823 4300 Nescit
848 4247 1008 4301 vidua
1031 4247 1358 4302 reddituram
1383 4262 1441 4302 se
1463 4247 1569 4302 Deo
1588 4248 1848 4302 rationem
1867 4249 1934 4303 de

2114 4258 2148 4335 κ
2180 4244 2532 4335 ἐπισταμένη
2553 4245 2671 4317 (55)
2705 4249 2740 4318 ἡ
2774 4252 2949 4323 χήρα
3000 4258 3098 4311 ὅτι
3141 4262 3296 4335 ὑπὲρ
3327 4265 3445 4327 ὲνὸς
3471 4263 3658 4316 ἑκάστου

408 4333 637 4424 singulis
667 4335 817 4391 hisce
845 4337 1028 4400 rebus,
1059 4337 1274 4406 quando
1301 4338 1526 4406 accipiet
1556 4338 1770 4406 indigne
1802 4337 1933 4392 Deo.

2114 4332 2232 4424 ὅτων
2275 4331 2434 4424 δῴσει
2479 4333 2638 4402 λόγον
2688 4321 3215 4424 Θεῷίδεχομένη
3262 4321 3500 4421 αναξίᾷ
3535 4350 3655 4407 Θεοῦ·

405 4421 586 4492 Neque
611 4425 752 4478 enim
782 4425 1088 4482 sacerdotes
1119 4441 1354 4495 unquam
1393 4427 1676 4481 admittent
1703 4432 1932 4496 sponta-

407 4527 506 4567 uea
540 4513 848 4583 huiusmodi
879 4516 1118 4572 mulieris
1145 4515 1319 4577 dona;
1345 4515 1505 4569 veluti
1530 4514 1666 4571 furis
1692 4523 1785 4569 aut
1816 4530 1931 4570 me-

406 4603 634 4658 retricis.
661 4602 932 4673 Scriptum
957 4617 1041 4660 est
1061 4601 1234 4660 enim:
1276 4622 1294 4654 ι
1327 4603 1442 4658 Νοη
1471 4606 1818 4674 οοηοιιρὶεοεε
1844 4620 1932 4660 res

2035 4422 2360 4515 οὔτεγὰρῌοὶ
2393 4425 2559 4494 ἱερεῖς
2588 4428 2867 4500 τοιαύτης
2898 4422 3319 4515 ὲκουσιασμδν
3347 4445 3569 4510 δέξονταί
3593 4456 3658 4492 πο-

2033 4529 2111 4608 τε.
2131 4508 2260 4608 οἷον-
2285 4511 2558 4608 ἅρπαγος,
2657 4518 2911 4592 πόρνης.
2970 4508 3328 4604 Γέγρατξται
3366 4508 3500 4608 γάρ·
3534 4555 3550 4586 ι
3572 4534 3656 4587 Οὐκ

2038 4603 2390 4673 ἐπιθυμήσεις
2418 4605 2488 4658 τὰ
2514 4605 2612 4659 τοῦ
2637 4608 2754 4679 (56)
2787 4613 3083 4686 πλησίον
3108 4603 3150 4676 ί»
3195 4629 3318 4681 καί·
3429 4603 3500 4681 ὀύ
3527 4638 3654 4694 πρωί

492 4757 552 4847 Ι⁹¹
589 4757 690 4811 lsa.
731 4772 896 4823 Lvm,
926 4758 979 4814 9.
1054 4758 1098 4789 ’³
1127 4757 1162 4810 l.
1201 4753 1365 4826 lgnat.
1395 4757 1644 4827 interpol.
1674 4757 1740 4810 ad
1769 4756 1975 4811 Philad.
2005 4756 2058 4810 4.
2133 4756 2178 4787 ⁹⁵
2218 4756 2388 4814 Marc.
2422 4774 2535 4826 xu,
2566 4761 2678 4829 45;
2721 4763 2872 4824 Luc.
2911 4789 3025 4832 xxx
3050 4819 3068 4846 ,
3105 4782 3166 4840 ὅ.

1681 4930 2035 4986 VARIORUM
2069 4929 2300 4984 NOTAE.

484 5084 1026 5157 (50)fIIcrvzoi._Alter
1051 5085 1174 5141 cod.
1197 5087 1505 5157 {conquales
1541 5097 1665 5142 sunt
1694 5088 1784 5157 qui
1820 5104 1928 5141 non

415 5154 732 5275 nrggcitactzo
752 5155 939 5223 gradu,
978 5171 1121 5210 nunc
1148 5155 1320 5220 tardo,
1341 5154 1595 5212 incedunt
1618 5175 1632 5222 ;
1665 5154 1757 5211 sed
1783 5158 1933 5224 gravi

416 5234 446 5272 e
569 5235 632 5273 l't.
704 5237 822 5275 Leu.

416 5233 470 5272 et
535 5233 632 5273 an.
659 5233 822 5277 mea.

421 5233 1019 5370 υὲίξᾉςτελρούσας.
1050 5294 1198 5347 Alter
1219 5293 1338 5346 cod.
1370 5293 1635 5359 ἀπελθεῖν,
1664 5293 1805 5362 quod
1829 5309 1941 5349 me-

420 5355 526 5406 iius
552 5355 777 5413 videtur.
803 5360 876 5414 lo.

490 5419 598 5500 {59)
632 5425 864 5500 Τούτῳνξ.
920 5428 1086 5500 Habet
1136 5431 1273 5486 idem
1296 5431 1400 5483 τῶν
1448 5431 1761 5500 εἰρημένων,
1796 5431 1937 5498 quod

423 5484 683 5555 glossema
713 5493 927 5552 redolet.
954 5484 1027 5555 ιωῖ

497 5550 679 5625 (δδγιι
696 5559 792 5616 τὸν
813 5550 1152 5627 ἐπίσκοπον.
1180 5569 1298 5626 Haec
1325 5576 1376 5625 ct
1408 5569 1680 5639 sequentia
1710 5567 1935 5634 inscrip-

2037 5089 2200 5145 tionis
2231 5093 2396 5146 verba
2435 5105 2592 5154 recte
2642 5101 2861 5160 absunt
2915 5110 2996 5165 in
3040 5116 3240 5176 altero
3283 5122 3412 5178 cod.
3455 5117 3650 5176 Vindob.

2113 5226 2227 5296 (54)
2260 5234 2356 5284 Πα
2437 5234 2470 5285 ϐ
3430 5192 3500 5245 ,θ’
3543 5259 3554 5270 ·

2115 5269 2131 5294 κ
2213 5300 2222 5311 ,
2351 5250 2434 5300 Pa
2473 5235 2677 5295 άλλειο
2715 5242 2878 5299 Alter
2917 5267 2989 5319 χο
3035 5261 3202 5324 ηγεῖ,
3234 5261 3390 5330 quod
3421 5273 3585 5316 nescio
3601 5271 3650 5308 an

2119 5312 2152 5349 η
2180 5307 2256 5375 ⁸ιὲ
2273 5303 2485 5375 819⁵⁵³⁸
2511 5305 2684 5366 certe
2705 5271 3118 5375 παραϐάλξειν
3153 5333 3349 5375 rarius
3391 5332 3491 5375 hnc
3524 5341 3650 5375 sensu

2040 5300 2261 5423 3331ῗῇ
2266 5303 2485 5427 tglqisa.
2511 5305 2684 5366 Certe
2705 5300 3650 5386 napaeaﬁéii';3r‘iii§"b3?¥nii

2256 5443 2820 5536 gaias-etitofftyérn:
2846 5457 3017 5536 Alter
3051 5465 3258 5536 ἀγνοεῖ
3294 5472 3492 5526 τοίνυν.
3521 5469 3587 5524 In.

2116 5505 2232 5580 (⁵6)
2270 5511 2349 5566 τά
2549 5505 2709 5580 me:
2755 5505 2827 5582 τἐι
2850 5505 3645 5609 agas:tuosius“...
