3828 6346
150 287 243 345 793

1027 248 1637 334 consriru'rioriss
1671 275 2369 338 APOSTOLICJE.—LIB.
2404 280 2492 337 ιιι.

3253 287 3357 344 79$

145 403 311 469 τούτῳ·
342 397 431 451 καὶ
471 394 565 450 ἐὰν
677 394 794 448 ἐκεῖ
818 390 952 458 ὐίὸς
980 394 1221 466 εἰρήνης,
1251 396 1285 465 ὴ
1315 394 1502 465 εἰρήνη
1535 392 1688 463 ὑμῶν

1792 392 1867 447 rit
1890 394 1966 448 ibi
2014 394 2158 450 ﬁlius
2200 394 2374 465 pacis,
2398 410 2503 465 pax
2530 403 2712 451 vestra
2759 397 3064 465 requiescet
3099 414 3263 471 super
3291 403 3358 456 il--

144 488 559 547 ἐπαναπαύσεται
585 489 668 540 ἐπ’
688 487 871 541 αὐτόν·
904 485 1000 540 ὲάν
1018 486 1074 539 δὲ
1093 487 1169 558 μὴ
1195 481 1229 560 ᾗ
1251 486 1466 557 aerem
1496 486 1686 557 εἰρήνη

145 583 275 655 ὑμῶν
301 580 432 653 πρὸς
461 581 602 652 ὑμᾶς
631 577 970 650 ἐπιστρέψει.

626 692 1022 747 ΚΕΦΑΛΑΙΟΝ
1058 692 1159 745 1Ε’.

1791 484 1939 552 lum;
1984 485 2070 540 sin
2129 494 2311 541 autem
2365 503 2477 542 non
2533 488 2700 543 fuerit
2752 487 2971 559 dignus,
3026 506 3129 560 pax
3175 503 3358 549 vestra

1787 583 2089 631 revertetur
2114 578 2179 632 ad
2211 593 2309 634 vos
2331 578 2399 633 ¹⁶.
2434 598 2454 633 ι

2380 669 2610 725 CAPUT
2643 671 2759 728 XV.

142 792 250 843 Ὀτι
266 785 521 854 ἀπρεπὲς
540 785 602 838 τὸ
621 783 919 854 λοιδορεῖις
936 783 1048 854 τὸν
1061 783 1347 854 πλησίοτο
1366 783 1689 851 ἀλλότριον

1789 756 1944 825 Quod
1974 776 2078 814 non
2115 759 2614 854 deceatleonyieiari
2647 767 2889 854 proxim'o
2913 783 2933 821 :
2955 768 3187 824 alienum
3215 773 3357 827 enim

322 851 428 925 γὰρ
460 854 570 927 (76)
599 851 969 922 Χριστιανῶν
996 853 1059 906 τὸ
1089 851 1473 921 καταρᾶσθαι.

193 952 249 1005 Εἰ
289 947 377 1003 οὖν
408 951 441 1019 ἡ
471 948 659 1020 εἰρήνη
708 948 801 1001 ἐπὶ
842 948 969 1010 τοὺς
1009 946 1121 1018 (77)
1153 947 1471 1018 πέμψαντας
1516 947 1687 1019 αὐτὴν

137 1046 207 1097 ἐπ’
234 1043 485 1106 ἐκείνους,
536 1042 697 1096 πάλιν
737 1042 1053 1113 ἐπιστρέφει
1089 1042 1182 1095 ἐπὶ
1207 1044 1335 1104 τοὺς
1363 1042 1685 1113 προηκαμέ-

135 1153 237 1199 νους
262 1135 441 1205 αὐτὴν,
462 1133 550 1187 διὰ
576 1134 637 1187 τὸ
667 1134 741 1205 μὴ
770 1134 950 1205 εὑρεῖν
969 1132 1154 1200 ἀξίους
1171 1132 1343 1203 αὐτῆς
1372 1133 1508 1205 (78),
1545 1134 1682 1187 πολὺ

138 1227 362 1297 μᾶλλονὴ
394 1226 609 1298 κατάρα
636 1226 953 1298 ἐπιστρέψει
984 1229 1064 1289 εἰς
1092 1226 1334 1297 κεφαλὴν
1352 1225 1447 1279 τοῦ
1481 1226 1683 1290 ἀδίκως

134 1320 278 1389 αὐτὴν
302 1318 698 1388 ἐκπέμψαντος,
721 1318 797 1379 ὡς
814 1316 915 1370 οὐκ
940 1316 1092 1381 ἀξίου
1120 1317 1273 1379 ὄντος
1300 1317 1485 1371 λαϐεῖν
1512 1318 1681 1388 αὐτὴν

133 1410 312 1463 ἐκείνου
350 1411 487 1481 πρὸς
530 1410 699 1481 ὅνπερ
742 1407 1104 1479 ἐξαπεστάλη.
1154 1410 1270 1473 Πᾶς
1305 1410 1413 1481 γὰρ
1441 1412 1469 1462 ό
1501 1410 1681 1482 μάτην

133 1500 373 1574 λοιδορῶν,
412 1502 606 1554 ἑαυτὸν
644 1503 845 1572 ἀρᾶται
884 1500 1018 1573 (79),
1060 1502 1205 1555 καθά
1250 1520 1413 1572 φησιν
1453 1504 1481 1555 ό
1523 1503 1681 1556 Σολορ

134 1592 246 1664 μῶν
279 1613 295 1645 ι
318 1594 525 1665 Ὠσπερ
552 1593 714 1664 ὄρνεα
769 1594 1022 1647 πέτονται
1068 1595 1163 1649 καὶ
1210 1595 1475 1664 στρουθοὶ,
1506 1595 1680 1661 οὕτως

2104 847 2217 885 esse
2246 848 2278 884 a
2306 830 2656 888 Christianis
2685 836 3014 894 maledicere.

1858 942 1917 998 Si
1954 960 2084 1015 ergo
2132 961 2237 1015 pax
2269 947 2413 1018 apud
2456 964 2575 1012 eos,
2605 951 2698 1020 qui
2746 951 2893 1005 illam
2930 951 2997 1006 ad
3021 954 3160 1009 alios
3188 956 3358 1011 mise-

1784 1041 1937 1100 runt,
1973 1051 2194 1091 rursum
2227 1038 2295 1093 ad
2326 1041 2720 1109 prazmitteutes
2749 1044 2911 1110 redit,
2945 1049 3089 1115 quod
3130 1064 3238 1103 non
3269 1051 3357 1105 in-

1784 1128 1995 1182 venerit
2018 1129 2214 1199 dignos
2244 1130 2361 1202 ipsa
2384 1172 2399 1195 ,
2436 1135 2608 1188 multo
2634 1136 2806 1206 magis
2837 1140 3147 1196 maledictio
3173 1159 3355 1199 rever-

1782 1227 1932 1274 tetur
1961 1220 2018 1274 in
2046 1230 2210 1291 caput
2255 1224 2441 1295 inique
2472 1226 2811 1284 immittentis
2845 1244 2987 1296 eam,
3017 1234 3164 1303 quod
3208 1236 3254 1291 is
3283 1237 3353 1291 ad

1781 1326 1943 1380 quem
1973 1315 2264 1369 amandata
2296 1323 2404 1381 est,
2437 1332 2546 1371 non
2580 1329 2858 1375 mereatur
2892 1322 3038 1377 illam
3082 1327 3347 1397 recipere.

1782 1401 2046 1473 Quisquis
2068 1406 2215 1460 enim
2241 1407 2361 1462 sine
2400 1424 2566 1464 causa
2593 1412 2954 1477 conviciatur,
2988 1416 3091 1471 sibi
3126 1420 3355 1474 maledi-

1782 1495 1895 1562 cit,
1929 1504 1990 1549 ut
2021 1495 2278 1552 Salomon
2310 1499 2386 1553 ait
2412 1520 2425 1555 :
2456 1519 2474 1552 ι
2502 1501 2654 1557 Sicut
2695 1520 2823 1560 aves
2848 1506 3050 1570 volant,
3080 1517 3134 1564 et
3165 1526 3354 1579 passe-

1781 1603 1871 1643 res
1898 1629 1913 1653 ,
1930 1590 2011 1645 sic
2028 1591 2376 1648 maledictum
2393 1608 2592 1649 vanum
2615 1598 2797 1651 nonin
2819 1600 3026 1654 nullum
3055 1604 3311 1661 veniet“.
3326 1625 3346 1659 ι

130 1684 220 1756 ἀρὰ
246 1685 441 1756 ματαία
485 1686 589 1739 οὐκ
617 1685 966 1739 ἐπελεύσεται
994 1687 1081 1741 ἐπ’
1106 1688 1299 1741 οὐδενί.
1326 1707 1344 1739 ι
1378 1688 1488 1741 Καὶ
1516 1687 1677 1743 πάλιν

1782 1680 1849 1736 Et
1887 1683 2086 1738 iterum
2122 1684 2297 1741 dicit:
2336 1706 2354 1739 ι
2382 1687 2483 1753 Qui
2529 1698 2708 1744 autem
2756 1692 3044 1761 proferunt
3075 1698 3348 1763 convicia,

130 1777 271 1846 λέγει’
304 1798 321 1828 ι
340 1780 402 1831 Ui
427 1778 486 1831 δὲ
518 1778 844 1851 ἐκφέροντες
870 1779 1154 1851 λοιδορίας,
1185 1780 1574 1850 ἀφρονέστατοι
1604 1783 1681 1834 εἰ-

1782 1776 2221 1846 insipientissimi
2252 1787 2382 1834 sunt
2402 1782 2467 1835 ¹¹.
2498 1800 2516 1833 ι
2552 1780 3019 1847 Quemadmodum
3051 1803 3178 1843 vero
3207 1791 3349 1858 apis,

133 1888 215 1924 σιν.
242 1889 259 1922 ι
291 1872 497 1943 Ὠσπερ
516 1871 575 1925 δὲ
606 1872 768 1944 (80)ή
803 1872 1050 1943 μέλισσα,
1073 1874 1132 1926 ὲν
1159 1876 1223 1944 τῇ
1254 1873 1479 1944 δυνάμει
1507 1873 1679 1945 αὐτῆς

1781 1868 1991 1924 viribus
2025 1869 2263 1934 infirma,
2298 1886 2422 1925 cum
2463 1876 2754 1944 pupugerit
2798 1877 3054 1948 aliquem,
3098 1883 3350 1938 aculeum

131 1963 327 2035 ἀσθενὴς
339 1960 494 2030 οὖσα,
514 1964 654 2018 ὲπάν
676 1965 851 2037 πλήξῃ
869 1966 1012 2032 τινὰ,
1032 1965 1093 2018 τὸ
1110 1966 1334 2037 κέντρον
1362 1964 1677 2034 ἀποϐάλλει,

1781 1959 2002 2025 amittit,
2046 1960 2388 2033 elliciturque
2446 1966 2843 2038 steriliszpari
2894 1973 3059 2029 modo
3113 1985 3166 2031 et
3223 1994 3347 2044 vos,

130 2057 415 2124 καὶγίνεται
446 2060 639 2129 στεῖρα
660 2056 802 2129 (81)·
832 2058 925 2111 τὸν
952 2059 1112 2112 αὐτὸν
1139 2058 1337 2130 τρόπον
1358 2059 1452 2111 καὶ
1472 2060 1627 2129 ὑμεῖς
1650 2059 1682 2112 δ

1781 2067 1947 2120 quam
1978 2052 2233 2123 injuriam
2260 2056 2382 2111 aliis
2413 2058 2727 2125 intuleritis,
2758 2063 2899 2118 hanc
2930 2068 3085 2123 vobis
3113 2068 3346 2129 facietis.

129 2148 205 2199 ἐὰν
242 2149 493 2221 ποιήσητε
518 2150 705 2204 ἄδικον
734 2152 812 2213 εἰς
842 2151 1081 2222 ἐτέρους,
1112 2149 1272 2204 τοῦτο
1300 2153 1378 2213 εἰς
1406 2150 1515 2221 (82)
1555 2152 1679 2204 ἐαυ-

128 2240 230 2303 toil;
254 2242 570 2312 ὲνεργήσετε
591 2260 604 2273 ο
642 2262 659 2293 ι
686 2241 901 2296 Λάκκον
947 2241 1055 2314 γάρ
1093 2242 1288 2314 ὤρυξε,
1328 2244 1422 2295 καὶ
1449 2243 1679 2296 ἀνέσκα-

128 2330 208 2399 ψεν
233 2332 405 2399 αὑτὸν,
436 2335 535 2387 καὶ
563 2335 885 2405 ἐμπεσεῖται
914 2337 994 2399 εἰς
1024 2335 1213 2407 βόθρον
1240 2335 1298 2388 ὃν
1328 2335 1672 2405 εἰργάσατο.»

110 2424 218 2476 ’Καί
241 2424 393 2493 πάλιν
439 2426 576 2495 (85)·
616 2445 633 2478 ι
672 2428 729 2480 ὐ
775 2427 1022 2499 ὀρύσσων
1084 2426 1275 2499 βόθρον
1326 2426 1405 2497 τῷ
1451 2427 1677 2499 πλησίον

128 2516 264 2570 αὑτοῦ
292 2518 420 2591 (84),
454 2521 779 2590 ἐμπεσεῖται
808 2521 887 2583 εἰς
916 2520 1099 2574 αὐτόν.
1131 2539 1152 2572 ι
1185 2516 1395 2572 Οὐκοῦν
1414 2520 1443 2572 ό
1462 2519 1677 2589 φεύγων

128 2611 361 2681 κατάραν,
408 2612 599 2685 ἕτερον
641 2612 715 2683 μὴ
767 2611 1118 2682 καταράσθω·
1169 2611 1197 2663 δ
1236 2610 1347 2682 γὰρ
1387 2615 1563 2681 μισεῖς
1594 2628 1677 2664 σοι

128 2704 362 2769 γενέσθαι,
392 2705 512 2758 οὐδὲ
544 2704 689 2775 ἄλλῳ
722 2705 786 2758 σὺ
815 2704 1081 2774 ποιήσεις.
1114 2704 1206 2755 Διὸ
1250 2702 1551 2755 νουθετεῖτε
1580 2703 1679 2767 τὰς

127 2794 354 2863 ἀπειθεῖς,
370 2797 573 2868 ὲπιπλή
581 2814 733 2849 σσετε
744 2798 865 2859 ταῖς
881 2794 1277 2865 ἀναισχύντοις,
1316 2795 1676 2866 παρακαλεῖτε

126 2885 207 2950 τὰς
222 2888 585 2959 ὀλιγοψύχους,
612 2890 1005 2960 ίσχυροποιεῖτε
1031 2887 1130 2951 τὰς
1154 2888 1505 2954 ἀσθενούσας,
1524 2890 1679 2944 ἐπαι-

127 2982 243 3032 νεῖτε
264 2979 357 3044 τὰς
373 2982 427 3033 ὲν
447 2981 691 3051 ὁσιότητι
710 2980 1014 3044 όδευούσας.
1031 2980 1432 3049 Εὐλογείτωσαν
1453 2980 1673 3052 μᾶλλον,

128 3071 279 3143 καὶμὴ
293 3071 722 3145 λοιδορείτωσαν·
749 3072 1278 3145 εἰρηνοποιείτωσαν,
1307 3072 1401 3125 καὶ
1425 3073 1499 3143 μὴ
1521 3072 1678 3126 πόλε-

1789 2142 2033 2198 ιιιιειιηι
2077 2147 2223 2201 enim
2275 2150 2509 2218 aperuit,
2543 2162 2596 2206 et
2639 2152 2823 2208 effodit
2865 2172 3031 2225 eum;
3066 2168 3120 2215 et
3148 2162 3350 2218 incidet

1777 2237 1834 2291 in
1901 2237 2115 2294 foveam
2171 2256 2332 2311 quam
2394 2243 2601 2301 fecit“.
2651 2266 2669 2299 ι
2731 2248 2798 2302 Et
2848 2266 3045 2309 rursus
3094 2275 3106 2309 :
3164 2275 3184 2307 ι
3245 2256 3349 2324 Qui

1777 2328 1915 2385 fodit
1942 2330 2150 2387 foveam
2181 2335 2430 2403 proximo
2457 2352 2580 2401 suo,
2610 2339 2815 2395 incidet
2838 2342 2891 2396 in
2917 2359 3038 2401 eam
3065 2347 3127 2401 “.
3158 2367 3175 2396 ι
3208 2347 3351 2420 Ergo

1776 2424 1870 2493 qui
1899 2426 2146 2480 maledici
2180 2426 2398 2497 refugit,
2424 2445 2492 2484 ne
2524 2430 2680 2485 alteri
2711 2434 3018 2492 maledicat.
3038 2438 3173 2492 Nam
3202 2443 3349 2510 quod

1778 2518 1962 2573 oderis
2009 2519 2108 2573 tibi
2159 2519 2297 2582 fieri,
2326 2537 2501 2591 neque
2546 2524 2700 2578 alteri
2731 2536 2787 2578 tu
2816 2526 3031 2584 feceris.
3075 2531 3348 2595 Quocirca

1779 2617 1997 2665 monete
2024 2610 2426 2681 immorigeras,
2444 2614 2731 2685 objurgate
2760 2617 3181 2686 inverecundas,
3214 2638 3349 2678 con-

1779 2701 2033 2763 solamini
2067 2702 2267 2772 pusillo
2321 2706 2506 2758 animo
2560 2708 2835 2775 praeditas,
2870 2708 3160 2767 fortificate
3194 2715 3350 2769 infir-

1779 2809 1915 2858 mas,
1946 2795 2164 2849 laudate
2197 2797 2510 2854 sanctitatis
2538 2804 2641 2854 iter
2670 2802 2975 2872 ingressas.
3005 2803 3348 2864 Benedieant

1777 2887 1979 2955 potius,
2031 2895 2085 2942 et
2120 2903 2232 2942 non
2276 2891 2689 2959 convicientur;
2736 2911 2944 2964 pacem,
2978 2914 3088 2953 non
3142 2900 3346 2957 bellum

1778 2978 2002 3035 faciant.
2037 2979 2224 3051 Itaque
2274 2998 2376 3038 nec
2425 2985 2739 3055 episcopus,
2780 3004 2880 3044 nec
2911 2992 3217 3063 presbyter,
3245 3011 3348 3051 nec

1780 3071 2067 3136 diaconus,
2100 3089 2201 3129 nec
2242 3075 2424 3145 quivis
2471 3077 2613 3133 alius
2660 3080 2803 3134 sacri
2850 3082 3082 3147 ordinis,
3104 3086 3347 3155 linguam

130 3179 209 3232 μον
234 3166 807 3238 ὲμποιείτωσαν.Μήτε
825 3162 918 3219 οὖν
946 3165 1261 3231 ἐπίσκοπος,
1288 3166 1423 3235 μήτε
1442 3166 1677 3236 πρεσὸύ-

1781 3166 2031 3221 convicio
2056 3167 2336 3237 inquinet;
2372 3186 2441 3223 ne
2472 3185 2572 3239 pro
2599 3171 2978 3230 benedictione
3006 3153 3350 3235 maledictio-

125 3272 272 3327 τερος,
298 3261 425 3330 μήτε
442 3259 711 3324 διάκονος,
736 3259 869 3329 μήτε
890 3258 1046 3322 ἄλλος
1062 3276 1146 3323 τις
1164 3260 1229 3312 ὲκ
1246 3260 1340 3313 τοῦ
1369 3259 1671 3329 καταλόγου

126 3348 203 3400 τοῦ
224 3350 485 3423 ἱερατικοῦ
508 3351 748 3423 λοιδορίᾳ
774 3351 874 3422 τὴν
903 3350 1153 3420 γλῶσσαν
1174 3351 1466 3422 μολυνέτω,
1489 3352 1575 3405 ἵνα
1597 3352 1672 3423 μὴ

127 3441 227 3495 ἀντὶ
243 3444 480 3513 εὐλογίας
491 3444 739 3517 κατάραν
760 3443 861 3516 κλη
870 3461 990 3516 ρονο
998 3445 1166 3516 μήσῃ.
1200 3444 1381 3497 Ἔστω
1396 3443 1455 3497 δὲ
1469 3444 1672 3516 σπουδὴ

128 3526 503 3607 καί⁶ὲπιμέλεια
528 3536 610 3607 τῷ
629 3536 1093 3607 ὲπισκόπῳ,ὅπως
1126 3536 1259 3607 μηδὲ
1288 3534 1474 3599 λαῖκδς
1500 3537 1673 3590 κατά-

130 3643 208 3693 ραν
233 3628 445 3702 ὲκφέρῃ’
477 3629 608 3700 περὶ
637 3628 853 3682 πάντων
880 3629 988 3700 γὰρ
1017 3627 1165 3699 αὐτῷ
1197 3627 1407 3699 μέλλειν
1442 3627 1668 3697 ὀφείλει,

126 3720 233 3789 περὶ
274 3720 570 3793 κληρικῶν,
630 3721 759 3793 περὶ
806 3720 1111 3793 παρθένων,
1142 3722 1273 3793 περὶ
1300 3720 1509 3792 χηρῶν,
1540 3721 1671 3792 περὶ

127 3806 318 3867 λαῐκῶν.
345 3814 443 3868 Διά
487 3814 672 3881 τοῦτο,
703 3809 748 3867 ὦ
775 3814 1063 3879 ἐπίσκοπε,
1092 3816 1219 3877 τοὺς
1248 3812 1545 3885 συνεργούς
1574 3830 1669 3866 σου

127 3900 209 3969 τῆς
253 3904 390 3977 ζωῆς
432 3908 530 3961 xui.
571 3907 673 3977 τῆς
716 3906 1061 3978 δικαιοσύνης
1105 3905 1363 3977 ἐργάτας,
1392 3905 1672 3969 διακόνους
1715 3925 1718 3929 ’

127 3992 417 4065 εΰαρέστους
452 3998 575 4071 Θεῷ
610 3998 978 4070 προχειρίζου,
1001 3997 1095 4061 οὒς
1113 4000 1177 4052 ἐκ
1204 3997 1403 4061 παντὸς
1428 3997 1520 4050 τοῦ
1540 3995 1669 4050 λαοῦ

127 4084 407 4160 δοκιμάζεις
450 4087 595 4146 εἶναι
639 4092 844 4159 ἀξίους,
888 4094 985 4146 καὶ
1029 4094 1109 4156 εἰς
1143 4091 1242 4155 τὰς
1267 4092 1369 4161 τῆς
1396 4090 1670 4154 διακονίας

1775 3273 1900 3312 nem
1932 3260 2215 3314 sortiatur.
2246 3258 2475 3315 Studeat
2507 3270 2690 3316 autem
2724 3272 2777 3318 et
2828 3276 2985 3321 curet
3023 3270 3342 3340 episcopus,

1776 3358 1834 3405 ut
1883 3366 2059 3422 neque
2109 3353 2286 3407 laicus
2335 3354 2686 3427 maledictum
2734 3358 2977 3426 proferat
3024 3378 3037 3415 :
3090 3366 3346 3420 omnibus

1773 3443 1918 3498 enim
1944 3444 2259 3513 prospicere
2290 3445 2473 3509 debet,
2508 3447 2748 3511 clericis,
2786 3451 3111 3520 virginibus,
3142 3456 3343 3521 viduis.

1773 3535 1949 3589 laicis.
1993 3531 2309 3606 Propterea,
2342 3537 2621 3607 episcope,
2654 3540 2749 3594 tibi
2784 3540 2842 3595 in
2872 3548 2984 3596 vita
3037 3544 3341 3615 adjutores,

1767 3624 1997 3695 iustitia:
2039 3629 2343 3697 operarios,
2393 3628 2612 3700 Deoque
2663 3641 2850 3703 gratos
2882 3634 3144 3692 diaconos
3180 3640 3343 3711 elige.

1775 3734 1912 3788 quos
1938 3736 2005 3774 ex
2049 3722 2199 3776 omni
2227 3723 2427 3792 populo
2469 3723 2664 3794 dignos
2689 3741 2812 3782 esse
2835 3731 3108 3798 probaris,
3133 3740 3187 3787 et
3209 3734 3345 3789 sub-

1775 3811 1971 3867 eundis
1999 3812 2267 3868 diaconici
2316 3814 2476 3869 oﬂicii
2538 3817 2817 3873 laboribus
2850 3823 3087 3878 maxime
3126 3840 3347 3879 accom-

1777 3904 2047 3959 modatos.
2086 3904 2260 3959 Etiam
2307 3907 2446 3978 elige
2488 3907 2856 3964 diaconissam
2895 3910 3104 3969 ﬁdelem
3131 3925 3185 3970 ct
3216 3933 3344 3970 san-

1774 4002 1941 4060 ctam,
1967 3996 2035 4050 ad
2066 3997 2358 4051 mulierum
2401 3998 2731 4057 ministeria.
2776 4001 2862 4058 Fit
2910 4008 3055 4060 enim
3093 4025 3345 4066 nonnun-

1778 4103 1966 4158 quam,
1998 4096 2059 4143 ut
2090 4088 2144 4143 in
2174 4088 2502 4159 quibusdam
2528 4092 2806 4160 domibus,
2828 4097 3007 4151 virum
3048 4100 3341 4158 diaconum

190 4243 225 4275 “
258 4244 385 4304 Luc.
419 4265 477 4314 χ,
509 4248 572 4315 5;
610 4246 804 4302 Matth.
837 4264 869 4302 ι
890 4286 905 4312 ,
939 4245 1027 4301 15.
1104 4243 1347 4303 ¹¹,Ριόν.
1380 4258 1540 4307 xxvi,
1569 4239 1624 4295 2.

1781 4240 1920 4296 ’rov.
1961 4257 2025 4305 χ,
2060 4241 2146 4296 18.
2226 4240 2268 4272 ¹³
2302 4239 2446 4296 Psal.
2484 4258 2556 4295 vn
2579 4283 2594 4307 ,
2631 4244 2715 4300 16.
2782 4247 2823 4279 ⁸⁵
2859 4247 3019 4306 Prov.
3054 4267 3213 4319 xxvr,
3246 4254 3338 4309 27.

1394 4456 1761 4514 VARIORUM
1797 4457 2032 4514 NOTAE.

188 4623 284 4696 (76)
325 4627 670 4696 Ἀλλότριρν
694 4624 806 4694 γάρ

131 4688 213 4748 nec
238 4688 349 4751 loco
377 4688 635 4751 convenit
663 4688 991 4763 αἱτίολογική
1020 4690 1310 4763 particula.
1351 4688 1519 4763 Gyen.

156 4764 286 4889 0(Τί)
327 4767 454 4822 Ἐπὶ
483 4767 624 4832 τούς
669 4764 736 4818 ad
777 4758 1067 4827 ἐκείνοὺξ.
1118 4760 1330 4816 Absunt
1384 4759 1441 4812 in
1490 4758 1663 4813 altero

220 4878 231 4889 .
275 4844 327 4889 et
368 4848 554 4889 postea
608 4836 856 4889 sequitur
885 4830 1332 4889 προσηκαμένους
1370 4838 1663 4889 utrumque

128 4830 231 4890 cod.
270 4830 327 4891 et
368 4848 554 4908 postea
598 4830 856 4906 sequitur
885 4830 1332 4903 προσηκαμένους
1370 4838 1664 4900 utrumque

128 4906 402 4974 perperam.
434 4906 605 4962 CLea.

188 4974 287 5050 (78)
316 4978 529 5050 Αρτῆς.
562 4976 715 5049 Legit
749 4974 892 5050 idem
925 4973 1153 5050 εαυτῆς,
1175 4979 1342 5050 recte.
1372 4968 1452 5050 In.
1538 5040 1552 5050 _
1608 5037 1636 5050 ο

208 5040 285 5118 79)
317 5046 436 5114 Πᾶς
617 5040 667 5118 ῥ’
685 5046 884 5118 μάτην
910 5040 1230 5118 τὶᾳδορῶς,
1250 5042 1470 5118 nugtor
1520 5040 1665 5118 ἀρᾷ-

128 5110 221 5168 τσὶ.
253 5110 578 5173 Ιυχιέὶἱίιὶᾱ
611 5110 977 5172 Ecclesiastici
1020 5126 1133 5173 ut,
1163 5113 1239 5167 50
1267 5130 1280 5167 :
1313 5111 1454 5164 Dum
1494 5110 1662 5164 male-

129 5183 237 5257 dicit
256 5188 435 5257 impius
456 5189 747 5251 diabolum,
778 5183 1047 5257 maledicit
1071 5184 1179 5250 ipse
1198 5182 1442 5257 _anim_ar_n
1465 5196 1613 5233 suam
1638 5196 1659 5233 :

140 5253 213 5330 Ἐν
235 5256 306 5328 τῷ
323 5251 665 5330 ’καταρᾶσθαι
692 5255 979 5330 ἀσεϐἧῌτδν
1009 5254 1271 5320 Σατανᾶν,
1301 5251 1463 5314 αὐτὸς
1490 5266 1658 5304 κατα-

134 5324 384 5399 ρᾶταιντὴν
414 5324 601 5383 ἑαυτοῦ
854 5324 989 5380 Εοτ.
1360 5390 1374 5404 ⁹

190 5396 287 5472 (go)
315 5397 415 5472 se,
434 5398 576 5472 Idem
606 5399 728 5453 cod.
803 5396 915 5472 ind.
948 5387 1221 5472 0'53,quod
1249 5388 1652 5472 melius.CLan:

209 5461 287 5537 81)
315 5467 421 5521 Καὶ
460 5469 681 5538 γίνεται
733 5468 956 5537 στεῖρα.
994 5461 1213 5538 Tribus_
1249 5461 1426 5517 modis
1478 5461 1655 5530 accipi

812 4663 825 4676 .
858 4622 1009 4676 Alter
1032 4621 1204 4675 codex
1232 4618 1326 4672 καὶ
1360 4618 1661 4690 ἀλλότριον,
1697 4622 1741 4678 D
1769 4618 1971 4690 ditur_a
2005 4619 2209 4690 multis.
2250 4617 2407 4690 Unde
2434 4618 2797 4690 proverbialis
2835 4618 3039 4672 locutio
3069 4617 3121 4671 in
3154 4616 3336 4673 Plato-

1769 4687 2193 4760 _nis_Phwdorie,
2249 4687 2449 4760 ὥσπερ
2490 4689 2710 4758 μέλιττα
2752 4688 2814 4741 τὸ
2858 4689 3337 4760 κέντροννὲγκατα-

1768 4758 1940 4830 λιπὼν
1961 4760 2269 4830 οἰχήσομαι.
2300 4756 2451 4811 Velut
2471 4756 2585 4828 apis
2614 4760 2796 4830 aculeo
2833 4756 3013 4811 relicto
3042 4756 3334 4817 discedam.

1770 4829 1827 4910 δέ
1855 4828 2174 4911 Ιῐιξρτοριίο,
2219 4830 2528 4911 curatione
2573 4828 2748 4883 mellis
2784 4840 3129 4911 nequaquam
3162 4831 3335 4911 conli-

1771 4896 1952 4969 ciendi
1981 4896 2190 4969 postea.
2219 4897 2431 4954 Plinius
2452 4900 2546 4953 lib.
2564 4913 2640 4963 τι,
2661 4914 2784 4967 cap.
2808 4896 3195 4969 18ίενΑειιΙειιηι
3220 4900 3334 4967 api-

1772 4967 1867 5022 bus
1896 4967 2087 5021 natura
2116 4968 2280 5033 dedit,
2306 4970 2471 5023 ventri
2505 4978 2820 5021 consertum.
2854 4968 2935 5019 Ad
2982 4983 3143 5019 unum
3168 4969 3331 5022 iclum

1771 5038 1867 5090 hoc
1898 5039 2085 5108 inﬁxo,
2114 5040 2329 5109 quidam
2357 5055 2446 5092 eas
2486 5039 2669 5091 statim
2688 5037 2861 5109 (emori
2888 5044 3096 5109 putant.
3125 5037 3330 5109 Aliqui,

1770 5104 1979 5162 nonnisi
2008 5110 2061 5162 in
2093 5104 2297 5162 tantum
2340 5108 2548 5173 adacto,
2586 5117 2641 5160 ut
2678 5107 2911 5177 intestini
2956 5104 3330 5177 quidpiam-se-

1767 5188 2002 5246 quatur:
2032 5179 2120 5232 sed
2145 5180 2291 5243 fucos
2312 5187 2491 5247 postea
2520 5194 2652 5241 esse,
2678 5193 2769 5230 nec
2790 5176 2945 5230 mella
2970 5176 3169 5247 facere,
3189 5178 3333 5231 velut

1768 5251 2018 5302 castratis
2049 5250 2265 5316 viribus,
2292 5246 2590 5319 pariterque
2612 5258 2661 5301 et
2687 5263 2871 5301 nocere
2890 5255 2939 5300 et
2966 5246 3215 5315 prodesse
3237 5248 3331 5304 de-

1762 5319 1950 5374 sinere.
1976 5319 2116 5377 Cor.

1859 5390 1948 5459 82)
1979 5392 2101 5455 Εἰς.
2132 5388 2277 5459 Idem
2300 5390 2405 5451 ἐπ’,
2436 5387 2582 5459 quod
2610 5386 2962 5459 estperinde.
2987 5386 3159 5459 Ctsa.

1859 5390 1927 5443 82
1979 5392 2101 5455 Εἰς.
2132 5390 2277 5443 ldem
2300 5390 2405 5451 ἐπ’,
2436 5390 2582 5459 quod
2610 5395 2694 5443 est
2720 5390 2962 5457 perinde.
2987 5390 3159 5443 CLsn.

1837 5390 1948 5530 (83)
1978 5459 2190 5513 Πάλιν.
2238 5456 2297 5513 In
2346 5460 2518 5514 altero
2560 5461 2588 5512 ό
2624 5456 2911 5530 Σολομὼν,
2938 5458 3165 5523 rectius,
3195 5472 3328 5514 nam

132 5526 285 5599 βοίρεὶ
312 5553 325 5588 :
357 5540 409 5592 1⁸
437 5526 773 5620 simpliciter,
809 5526 876 5620 ut'
921 5550 1118 5591 sensus
1170 5534 1243 5589 sit
1266 5551 1297 5620 ἐ.
1315 5546 1490 5601 apem,
1529 5526 1655 5584 cuin
1763 5526 2303 5620 progiiiigﬁuperio’r
2333 5531 2484 5620 locus
2511 5535 2595 5610 est
2622 5526 2968 5620 Pavidis.Lln.

133 5608 408 5720 pupugerit,
441 5602 670 5664 sterilem
719 5607 968 5669 evadere,
1003 5620 1104 5685 nec
1136 5602 1369 5684 amplius
1410 5614 1650 5684 gignere.

153 5670 182 5720 d
208 5690 323 5720 vero
352 5679 535 5720 millihi
590 5692 673 5720 mn,
719 5678 899 5720 Inuera
946 5689 1189 5720 mnmtm-
1233 5672 1292 5720 2°
1332 5671 1650 5720 Sllblnlelll-

153 5670 323 5747 «ivero
352 5679 536 5735 nullibi
590 5692 673 5732 me
719 5678 899 5747 legere
946 5674 1190 5729 memini.
1222 5670 1292 5747 2°
1332 5670 1650 5747 S‘ubintelli-

135 5745 287 5810 scndo
314 5748 548 5821 κέντρο).
580 5748 690 5805 lloc
715 5741 820 5815 esi,
850 5746 1085 5816 privatur
1112 5742 1312 5798 aculeo.
1349 5741 1505 5810 Quod
1534 5749 1648 5796 tra-
1710 5816 1719 5822 _

1834 5599 1944 5675 (81)
1980 5600 2063 5666 Τῷ
2090 5596 2357 5675 regnator
2378 5599 2584 5657 αὑτοῦ.
2617 5598 2830 5654 Absunt
2872 5600 3009 5675 haec,
3061 5608 3115 5656 et
3166 5596 3328 5657 facile

1760 5674 2101 5742 supplentur.
2135 5671 2211 5727 ID.
