3828 6346
96 294 194 349 801

616 401 1007 457 ΚΕΦᾹΛᾹΙΟΝ
1047 402 1144 455 ιθι.

402 494 536 559 υἷος
568 494 793 563 ὀφείλει
823 494 977 547 εἶναι
1006 496 1037 546 ό
1066 492 1361 559 διάκονος.

165 589 449 641 Ἔστωσαν
478 587 534 639 δὲ
564 588 656 640 κα)¹
682 587 735 639 οἱ
763 586 997 639 διάκονοι
1029 585 1087 637 ὲν
1119 586 1283 637 πᾶσιν
1311 584 1532 655 ἄμωμοι
1554 625 1568 650 ,
1598 585 1674 648 ὼς

94 682 181 734 καὶ
209 682 240 733 6
274 680 590 741 ἐπίσκοπος·
637 679 795 749 μόνον
838 678 897 731 δὲ
946 677 1377 748 εὑσκυλτότεροι’
1415 677 1672 745 ἀνάλογοι

92 771 225 841 πρὸς
256 771 317 823 τὸ
347 770 551 840 πλῆθος
578 770 677 840 τῆς
709 769 1054 840 Ἐκκλησίας·
1080 770 1167 821 ἴνα
1195 770 1290 821 καὶ
1315 770 1427 831 τοῖς
1448 768 1524 839 (2)
1542 767 1670 821 ἀδυ-

91 865 268 925 νάτοις
311 862 698 934 ὑπηρετεῖσθαι
736 862 810 933 (5)
839 861 1129 927 δύνωνται,
1157 861 1232 924 ὡς
1260 860 1488 931 ἐργάται
1508 861 1672 913 ἀνεπ-

88 958 381 1026 αίσχυντοι.
430 954 541 1009 Καὶ
580 956 612 1025 ἡ
660 954 758 1025 μὲν
802 954 938 1023 γυνὴ
997 952 1100 1016 τάς
1129 955 1392 1021 γυναῖκας
1442 952 1671 1005 σπουδά-

90 1048 255 1111 ζουσα
277 1045 621 1117 θεραπεύειν*
645 1046 945 1117 ἀμφότεροι
967 1043 1024 1098 δὲ
1043 1044 1112 1097 τά
1137 1044 1271 1116 πρὸς
1290 1043 1549 1113 ἀγγελίαν
1571 1043 1668 1114 (4),

91 1138 385 1208 ἐκδημίαν,
432 1137 768 1209 ὑπηρεσίαν,
817 1137 1083 1190 δουλείαν·
1134 1136 1211 1199 ὡς
1266 1118 1359 1190 καὶ
1404 1138 1531 1207 περὶ
1574 1136 1669 1190 τοῦ

92 1229 295 1299 Κυρίου
330 1228 559 1291 Ἡσαΐας
580 1228 730 1296 ἔλεγε
755 1268 770 1294 ,
802 1227 1046 1296 φάσκων·
1085 1246 1102 1278 ι
1131 1226 1431 1281 Δικαιῶσαι
1460 1228 1667 1281 δίκαιον

92 1317 144 1372 εὖ
167 1319 491 1373 δουλεύοντα
513 1320 745 1383 πολλοῖς.
762 1338 778 1369 ι
806 1320 1074 1383 Ἕκαστος
1097 1315 1191 1372 οὖν
1214 1320 1305 1372 τὸν
1325 1319 1453 1372 ἴδιον
1471 1336 1669 1391 γνωρι-

92 1412 223 1476 ζέτω
251 1410 417 1465 τόπον
437 1455 451 1478 ,
495 1413 587 1465 καὶ
640 1413 925 1465 ἐκτελείτω
947 1412 1107 1465 αὑτὸν
1156 1412 1462 1475 σπουδαίως
1488 1452 1503 1478 ,
1539 1412 1667 1483 ὁμο-

93 1504 330 1574 φρόνως,
392 1503 702 1574 ὁμοψύχως·
738 1503 1100 1572 γινώσκοντες
1128 1503 1219 1557 τὸν
1255 1504 1355 1573 τῆς
1394 1503 1667 1566 διακονίας

95 1595 295 1664 μισθόν.
333 1596 683 1649 Ἔστωσανδὲ
698 1598 791 1649 καὶ
820 1597 1237 1667 ἀνεπαίσχυντοι
1266 1598 1346 1660 είς
1366 1597 1429 1650 τὸ
1452 1597 1662 1667 ὑπηρεσ-

92 1686 289 1740 τεῖσθαι
318 1690 432 1751 τοῖς
456 1687 747 1759 δεομένοις⁸
780 1688 855 1752 ὡς
882 1688 976 1741 καὶ
1003 1688 1030 1740 ὁ
1051 1687 1426 1759 Κύριοςὴμῶν
1460 1688 1665 1758 Ἰησοῦς

91 1779 115 1829 6
141 1778 375 1849 Χριστὸς
406 1779 507 1832 οὐκ
535 1775 664 1850 ἦλθε
690 1779 1078 1851 διακονηθῆναι
1102 1822 1117 1845 ,
1148 1780 1283 1834 άλλά
1314 1782 1629 1852 διακονῆσαι
1647 1825 1664 1850 ,

92 1871 176 1922 καὶ
204 1869 390 1922 δοῦναι
432 1871 530 1941 τὴν
559 1870 736 1943 ψυχὴν
783 1871 980 1939 αὑτοῦ,
1026 1872 1219 1944 λύτρον
1268 1873 1390 1926 ἀντὶ
1435 1874 1663 1927 πολλῶνο

92 1960 252 2023 οὕτως
282 1958 381 2014 οὖν
415 1963 507 2014 κα)¹
539 1963 734 2026 αὑτοὺς
762 1962 843 2016 δεῖ
873 1966 1064 2017 ποιεῖν.
1097 1965 1217 2018 Κᾶν
1247 1965 1342 2036 δέῃ
1375 1966 1451 2036 (5)
1489 1966 1668 2038 ψυχὴν

94 2055 220 2123 ὑπὲρ
242 2053 317 2124 (6)
342 2054 573 2122 ἀδελφοῦ
597 2054 889 2109 ἀποθέσθαι
910 2097 924 2121 ,
952 2055 1025 2127 μὴ
1045 2056 1388 2110 διστάσωσιψ
1413 2058 1534 2110 οὑδὲ
1559 2058 1668 2130 γάρ

92 2147 115 2196 6
142 2146 344 2217 Κύριος
375 2147 469 2199 καὶ
497 2148 685 2218 Σωτὴρ
706 2149 864 2219 ἡμῶν
897 2149 1103 2221 Ἰησοῦς
1121 2150 1149 2202 6
1168 2151 1401 2221 Χριστὸς
1420 2151 1668 2205 ὲδίστασε

93 2239 177 2308 τὴν
202 2238 386 2310 ψυχὴν
416 2240 580 2294 αὑτοῦ
611 2241 778 2295 θεῖναι
807 2242 903 2313 (7),
934 2242 1009 2305 ὡς
1036 2243 1200 2306 αὑτὸς
1231 2242 1357 2315 ἔφη,
1392 2244 1531 2316 ὑπὲρ
1559 2245 1668 2299 τῶν

94 2332 245 2399 φᾶων
274 2331 469 2386 αὑτοῦ.
507 2334 567 2387 Εἰ
597 2329 688 2387 οὖν
717 2335 744 2387 ὁ
777 2334 979 2406 Κύριος
1023 2332 1116 2389 τοῦ
1165 2333 1398 2406 ούρανοῦ
1446 2336 1539 2388 καὶ
1568 2335 1669 2406 τῆς

95 2424 184 2493 γῆς
214 2426 397 2478 πάντα
428 2426 684 2496 ὑπέμεινε
714 2425 779 2477 δι’
800 2428 968 2496 ἡμᾶς,
988 2426 1105 2490 πῶς
1135 2426 1200 2480 ἂν
1230 2428 1387 2498 ὑμεῖς
1416 2425 1667 2497 διακονῆ-

97 2532 172 2569 σαι
200 2520 313 2581 τοῖς
376 2518 649 2588 δεομένοις
706 2517 1032 2589 ὲνδοιάσητε·
1078 2520 1311 2589 μιμηταὶ
1364 2519 1668 2587 ὀφείλοντες

93 2608 241 2661 αὑτοῦ
272 2606 441 2671 εἶναι,
476 2609 570 2662 τοῦ
611 2611 703 2663 καὶ
730 2610 991 2674 δουλείαν,
1032 2612 1125 2664 καὶ
1171 2611 1377 2663 ἔνδειαν
1417 2612 1523 2682 (8),
1575 2613 1669 2665 καί

93 2699 312 2771 πληγάς,
350 2703 445 2754 καὶ
474 2702 702 2773 σταυρὸν
729 2702 838 2773 δι⁹ή
849 2704 953 2773 μᾶς
976 2703 1395 2773 ὑπομείναντοςξ
1426 2705 1547 2776 Χρὴ
1575 2702 1667 2760 οὖν

92 2793 175 2843 καὶ
198 2795 354 2863 ἡμᾶς
381 2792 647 2847 δουλεύειν
673 2794 784 2857 τοῖς
813 2794 1077 2863 ἀδελφοῖς,
1108 2795 1184 2858 ὡς
1230 2796 1466 2867 Χριστοῦ
1500 2815 1669 2869 μιμη-

92 2886 196 2949 τάς.
232 2906 250 2937 ι
300 2888 364 2940 '0
398 2886 567 2940 θέλων
598 2886 735 2959 γάρ,
768 2889 964 2959 φησὶν,
1004 2889 1063 2941 ὲν
1108 2889 1235 2959 ὑμῖν
1283 2884 1418 2943 εἶναι
1465 2890 1665 2961 μέγας,

94 2978 218 3031 ἔστω
249 2980 409 3050 ὑμῶν
441 2979 702 3043 διάκονος·
739 2980 834 3034 καὶ
864 2980 893 3031 ὁ
913 2980 1079 3033 θέλων
1107 2982 1166 3033 ὲν
1195 2983 1323 3052 ὑμῖν
1356 2979 1496 3035 εἶναι
1527 2982 1672 3054 πρῶ-

1007 288 1610 347 CONSTITUTIONES
1644 288 2324 347 APOSTOLICE.-—LIB.
2352 287 2444 345 Ill.

3238 286 3347 345 802

2351 398 2582 457 CAPUT
2617 399 2760 456 XIX.

2125 494 2314 560 Qualis
2351 510 2464 549 esse
2500 492 2687 548 debeat
2726 491 3002 547 diaconus.

1850 586 1971 641 Sint
2024 594 2204 642 autem
2240 586 2459 640 diaconi
2492 586 2644 639 omni
2683 585 2814 639 vitio
2858 586 3160 647 immunes,
3202 585 3349 641 sicut

1774 688 1828 733 et
1857 680 2151 748 cpiscopus
2179 696 2195 745 ;
2232 678 2613 733 tantummodo
2646 677 2979 743 activiorcs;
3013 677 3349 732 multitudini

1774 770 2035 828 Ecclesia:
2065 783 2475 841 congruentes;
2513 779 2572 825 ut
2612 777 2666 823 et
2699 769 2955 823 invalidis
2995 769 3208 838 possint
3245 769 3351 822 mi-

1772 864 2031 928 nistrare,
2050 872 2310 933 tanquam
2339 862 2609 933 operarii,
2648 861 2782 915 nihil
2825 861 3035 930 pudore
3070 862 3347 916 deterriti.

1770 955 1849 1011 Ac
1877 957 2071 1011 mulier
2108 955 2330 1026 quidem
2370 954 2697 1009 mulieribus
2746 953 3035 1023 providere
3076 952 3346 1007 studeat:

1772 1049 1992 1118 utrique
2030 1063 2160 1103 vero
2195 1046 2379 1101 munia
2418 1045 2706 1100 nuntiandi
2728 1085 2742 1110 ,
2776 1046 3151 1115 digrediendi,
3185 1046 3352 1100 mini-

1770 1139 1980 1194 strandi
2002 1179 2017 1203 ,
2038 1138 2309 1194 serviendi
2333 1138 2567 1204 obeant;
2595 1136 3055 1207 quemadmodum
3079 1138 3145 1192 de
3168 1137 3350 1192 Domi-

1770 1246 1842 1285 no
1866 1230 2005 1285 dixit
2033 1231 2235 1285 Isaias:
2269 1248 2287 1280 ι
2318 1227 2632 1285 Justiﬁcare
2652 1268 2667 1293 ,
2692 1229 2871 1299 inquit
2893 1268 2908 1292 ,
2930 1229 3141 1299 justum
3162 1270 3176 1295 ,
3208 1230 3351 1286 bene

1768 1323 2098 1378 servientem
2127 1321 2317 1377 multis
2342 1321 2411 1377 “.
2448 1340 2465 1372 ι
2497 1319 2708 1391 Singuli
2757 1321 2925 1393 igitur
2964 1322 3145 1376 locum
3188 1339 3349 1378 suum

1768 1428 1832 1469 ac
1865 1430 2064 1469 munus
2096 1420 2434 1486 agnoscant,
2469 1412 2841 1482 impleantque
2874 1412 3188 1483 diligenter,
3221 1429 3351 1469 con-

1764 1506 1919 1561 .cordi
1953 1514 2133 1561 mente
2161 1513 2215 1560 et
2245 1505 2426 1558 anima
2454 1522 2469 1569 ;
2504 1504 2741 1559 scientes
2772 1503 3075 1559 mercedem
3104 1504 3351 1559 ministe-

1767 1598 1856 1652 rii.
1875 1596 1987 1654 Nec
2001 1613 2130 1653 vero
2146 1597 2346 1667 pudeat
2362 1612 2457 1651 eos
2480 1596 2767 1666 egentibus
2788 1596 3105 1650 ministrare
3128 1614 3142 1650 :
3169 1614 3187 1645 ι
3207 1596 3350 1656 sicut

1766 1689 2031 1747 Dominus
2054 1701 2242 1746 noster
2264 1689 2430 1745 Jesus
2453 1688 2712 1744 Christus
2736 1704 2846 1743 non
2871 1688 3020 1743 venit
3046 1696 3102 1742 ut
3127 1688 3231 1743 sibi
3252 1687 3350 1742 mi-

1770 1782 2104 1837 nistraretur
2134 1800 2149 1847 ;
2180 1782 2276 1837 sed
2314 1790 2374 1835 ut
2410 1780 2748 1835 ministraret
2769 1818 2786 1840 .
2827 1786 2881 1835 et
2916 1779 3074 1834 daret
3108 1780 3347 1833 animam

1769 1890 1922 1932 suam
1943 1915 1959 1939 ,
1992 1875 2419 1944 redemptionem
2451 1888 2550 1943 pro
2580 1873 2765 1928 multis
2798 1872 2865 1927 ".
2900 1892 2918 1924 ι
2950 1870 3105 1926 Hunc
3135 1886 3266 1941 ergo
3291 1870 3350 1926 in

1768 1966 1987 2020 modum
2022 1974 2077 2020 et
2114 1967 2269 2038 ipsos
2302 1966 2482 2020 facere
2512 1972 2748 2034 oportet.
2786 1962 2853 2016 Et
2882 1962 3135 2032 quamvis
3166 1962 3348 2016 anima

1769 2073 1867 2129 pro
1890 2057 2059 2113 fratre
2084 2056 2333 2127 ponenda
2359 2056 2428 2111 sit
2454 2095 2468 2120 ,
2500 2070 2847 2125 nequaquam
2871 2055 3110 2109 hmreant
3134 2071 3149 2119 ;
3172 2068 3349 2122 neque

1767 2152 1914 2205 enim
1939 2148 2204 2204 Dominus
2225 2156 2279 2203 et
2306 2147 2559 2202 Salvator
2582 2157 2772 2203 noster
2793 2145 2956 2203 Jesus
2979 2146 3257 2207 Christus,
3289 2152 3350 2201 ut

1770 2240 1886 2312 ipse
1912 2243 2009 2307 ait,
2043 2256 2142 2310 pro
2190 2240 2383 2296 amicis
2429 2240 2549 2296 suis
2580 2238 2854 2295 haesitavit
2906 2240 3142 2293 animam
3190 2254 3348 2293 suam

1768 2350 1971 2405 ponere
2003 2334 2069 2389 ’⁸,
2101 2333 2259 2399 Quod
2294 2333 2341 2388 si
2373 2332 2499 2388 caali
2546 2347 2613 2386 ac
2660 2340 2819 2387 terra:
2852 2330 3117 2387 Dominus
3161 2330 3349 2387 omnia

1769 2434 1993 2496 propter
2029 2439 2130 2480 nos
2175 2424 2473 2489 sustinuit;
2506 2423 2782 2493 quomodo
2831 2437 2930 2477 vos
2976 2421 3350 2492 indigentibus

1769 2520 2083 2574 ministrare
2128 2516 2411 2581 dubitetis,
2446 2532 2569 2570 cum
2614 2515 2910 2570 teneamini
2955 2530 3077 2569 eum
3121 2513 3345 2577 imitari,

1767 2611 1862 2682 qui
1924 2610 2282 2673 servitutem,
2333 2616 2626 2678 egestatem
2654 2647 2667 2671 ,
2730 2606 2956 2661 verbera
3014 2615 3068 2659 et
3125 2619 3346 2659 crucem

1768 2710 1989 2773 propter
2018 2717 2121 2756 nos
2162 2700 2424 2771 pertulit?
2455 2697 2682 2769 Oportet
2730 2699 2894 2769 igitur
2923 2704 2977 2751 et
3025 2712 3126 2750 nos
3163 2694 3348 2748 fratri-

1770 2796 1873 2850 bus
1922 2794 2151 2859 servire,
2202 2805 2461 2863 tanquam
2515 2790 2721 2845 (Zbristi
2800 2789 3121 2844 imitatores.
3173 2806 3191 2838 ι
3241 2786 3347 2853 Qui

1767 2888 1936 2951 enim,
1972 2886 2171 2956 inquit,
2202 2886 2320 2941 vult
2349 2884 2492 2938 inter
2520 2900 2617 2939 vos
2640 2898 2761 2939 esse
2786 2897 3037 2952 magnus.
3067 2881 3137 2936 sit
3168 2887 3347 2935 vester

1770 2978 2050 3045 minister;
2080 2986 2135 3032 et
2159 2978 2253 3047 qui
2286 2978 2402 3031 vult
2430 2976 2573 3031 inter
2603 2990 2702 3028 vos
2728 2989 2852 3029 esse
2876 2973 3107 3042 primus,
3132 2972 3203 3026 sit
3259 2987 3350 3025 ve-

94 3088 190 3134 τος,
221 3072 366 3124 ἔστω
396 3072 552 3142 ὑμῶν
579 3071 779 3136 δοῦλος.
822 3092 839 3124 ι
876 3072 1031 3126 Οὕτω
1063 3073 1171 3145 γὰρ
1216 3075 1310 3127 καὶ
1339 3075 1497 3138 αὑτὸς
1527 3075 1671 3147 ἔργῳ

1777 3084 1886 3128 ster
1936 3086 2128 3127 servus
2157 3071 2223 3126 ".
2262 3091 2280 3122 ›
2313 3068 2448 3123 Nam
2500 3069 2581 3125 sic
2624 3068 2740 3138 ipse
2767 3066 2933 3121 etiam
2996 3062 3127 3117 illud
3158 3082 3171 3117 :
3206 3063 3350 3117 Bene

98 3166 414 3238 πεπλήρωκε
459 3165 519 3217 τὸ
564 3163 621 3218 εὖ
667 3164 931 3219 δουλεύειν
978 3165 1210 3229 πολλοῖς,
1261 3167 1355 3219 καὶ
1401 3167 1461 3219 οὐ
1503 3166 1664 3238 λόγῳ.

96 3258 270 3310 Λαϐὼν
300 3258 416 3330 γὰρ
444 3257 666 3320 λέντιον,
696 3256 1006 3321 διεζώσατοο
1041 3254 1159 3311 εἶτα
1210 3257 1389 3327 βάλλει
1420 3260 1495 3330 (9)
1525 3258 1669 3331 ὕδωρ

96 3351 163 3411 εἰς
203 3350 291 3401 τὸν
336 3349 601 3419 νιπτῆρα·
655 3350 748 3402 καὶ
791 3351 950 3421 ἡμῶν
988 3350 1358 3419 ἀνακειμένων
1404 3350 1667 3413 ἐπελθὼν,

97 3444 295 3497 πάντων
328 3442 491 3514 ἡμῶν
524 3442 669 3513 ἐνιψε
712 3443 837 3505 τοὺς
884 3441 1067 3505 πόδας,
1099 3442 1192 3494 καὶ
1230 3441 1308 3512 τῷ
1337 3442 1526 3512 λεντίῳ
1554 3440 1671 3506 ἐξέ-

100 3533 237 3603 μαξε.
275 3535 453 3588 Τοῦτο
474 3534 530 3586 δὲ
556 3534 745 3597 ποιῶν,
776 3533 1115 3587 ἐπεδείκνυεν
1144 3535 1274 3604 ἡμῖν
1302 3534 1362 3586 τὸ
1387 3534 1486 3603 τῆς
1515 3533 1672 3602 φιλα-

95 3626 296 3696 δελφίας
326 3626 693 3697 ἀγαπητικὸν,
724 3626 810 3677 ἵνα
838 3626 931 3678 καὶ
960 3627 1118 3696 ἡμεῖς
1148 3627 1226 3688 εἰς
1252 3626 1510 3696 ἀλλήλους
1537 3626 1668 3678 αὑτὸ

99 3719 342 3788 ποιῶμεν.
392 3719 455 3770 Εἰ
483 3714 576 3770 οὖν
621 3718 649 3770 6
696 3716 898 3789 Κύριος
930 3717 1107 3788 ἡμῶν,
1138 3718 1232 3770 καὶ
1259 3718 1287 3769 6
1332 3717 1667 3781 διδάσκαλος,

98 3810 252 3875 οὕτως
280 3811 651 3864 ἐταπείνωσεν
680 3810 888 3863 ἑαυτόν·
921 3809 1037 3871 πῶς
1083 3807 1147 3862 ἂν
1196 3811 1352 3879 ὑμεῖς
1379 3810 1672 3879 ἐπαισχυν-

98 3903 308 3975 θήσεσθε
327 3903 492 3957 τοῦτο
513 3902 733 3973 ποιῆσαι
750 3905 859 3965 τοῖς
890 3901 1166 3965 ἀδυνάτοις
1185 3902 1278 3954 καὶ
1296 3900 1544 3955 ἀσθενέσι
1562 3901 1669 3954 τῶν

98 3994 343 4065 ἀδελφῶν.
374 3995 605 4067 ἐργάται
632 3994 783 4057 ὅντες
812 3993 1097 4066 ἀληθείας,
1127 3995 1221 4047 καὶ
1249 3996 1347 4066 τῆς
1385 3996 1665 4060 εὐσεϐείας

99 4088 417 4156 προστάται;
462 4088 871 4159 Ἐξυπηρετεῖτε
901 4083 993 4141 οὖν
1022 4088 1407 4158 ἀγαπητικῶς,
1443 4088 1517 4161 μὴ
1546 4090 1665 4142 ἐπι-

1771 3167 1976 3222 servire
2023 3163 2209 3219 multis
2238 3163 2318 3225 ’⁸,
2362 3177 2525 3231 opere
2558 3159 2822 3230 implevit,
2853 3170 2963 3212 non
3011 3154 3216 3210 verbis.
3262 3152 3349 3206 Si-

1770 3258 2013 3329 quidem,
2048 3264 2275 3327 aceepto
2308 3256 2495 3318 linteo,
2523 3253 2805 3324 praecinxit
2836 3254 2924 3316 sej;
2956 3247 3155 3304 deinde
3199 3245 3350 3301 misit

1716 3376 1727 3389 ι
1772 3366 1967 3420 aquam
2001 3352 2056 3403 in
2085 3349 2316 3420 pelvim;
2342 3355 2395 3402 et
2419 3347 2485 3401 ad
2522 3363 2623 3401 nos
2654 3346 3034 3401 recumbenles
3058 3342 3345 3403 accedens,

1771 3444 2016 3498 omnium
2055 3450 2306 3497 nostrum
2346 3441 2511 3511 pedes
2557 3440 2688 3493 lavit
2732 3454 2796 3493 ac
2828 3438 2996 3492 linteo
3025 3436 3251 3489 extersit
3278 3433 3345 3490 ".

1771 3535 1927 3602 Quod
1959 3534 2187 3599 faciens,
2227 3532 2467 3588 ostendit
2500 3532 2657 3587 nobis
2687 3530 2939 3585 fraterna:
2961 3526 3349 3583 benevolentia:

1770 3628 2129 3693 charitatem;
2163 3632 2223 3679 ut
2251 3632 2305 3679 et
2337 3639 2438 3679 nos
2464 3624 2604 3678 idem
2630 3629 2820 3678 mutuo
2844 3620 3126 3675 faciamus.
3162 3618 3349 3689 Itaque

1773 3720 1820 3774 si
1854 3719 2113 3774 Dominus
2143 3725 2330 3772 noster
2361 3732 2425 3770 ac
2466 3723 2768 3785 praeceptor
2812 3721 3022 3768 tantum
3071 3727 3131 3768 se
3174 3711 3347 3769 demi-

1773 3812 1881 3879 sit;
1913 3828 2022 3882 quo
2044 3819 2205 3881 pacto
2228 3825 2327 3869 vos
2368 3810 2709 3865 erubescetis
2742 3808 2845 3863 hoc
2876 3821 3039 3876 agere
3076 3820 3203 3875 erga
3235 3804 3348 3856 l‘ra—

1772 3913 1886 3960 tres
1915 3905 2123 3959 debiles
2157 3918 2221 3957 ac
2252 3902 2521 3965 inﬁrmos,
2554 3916 2680 3956 cum
2713 3900 2837 3955 sitis
2866 3899 3112 3954 veritatis
3147 3909 3345 3966 opera-

1772 3998 1863 4063 rii,
1890 4006 1944 4053 et
1984 3996 2245 4068 praesides
2293 3994 2550 4066 pietatis?
2590 3991 2861 4059 Quocirca
2907 4006 3030 4045 cum
3079 3987 3349 4043 charitate

1772 4091 2103 4147 ministrate.
2136 4103 2246 4143 non
2273 4092 2702 4145 murmurantes.
2726 4100 2829 4141 nec
2849 4082 3077 4137 dissidia
3106 4096 3348 4138 commo-

159 4224 201 4255 ’δ
240 4223 344 4279 lsa.
380 4240 479 4280 Lllt
507 4266 522 4288 ,
558 4225 616 4279 ll
647 4265 661 4290 ,
695 4225 750 4278 in
782 4222 944 4281 LXX.
1022 4225 1067 4256 "
1108 4223 1296 4284 Matth.
1331 4242 1436 4293 xx,
1463 4224 1554 4281 28.
1630 4226 1677 4257 ⁸⁸
1709 4223 1868 4281 Joan.
1897 4244 1965 4295 x,
1999 4226 2105 4293 i5;
2140 4235 2194 4281 et
2220 4241 2329 4291 xv,
2364 4225 2456 4280 i5.
2531 4224 2577 4255 ’⁷
2619 4221 2812 4276 Matth.
2848 4237 2954 4285 xx,
2983 4221 3074 4275 26.
3151 4220 3196 4251 "
3235 4218 3342 4274 lsa.

98 4306 210 4358 tm,
245 4296 328 4352 ll.
413 4297 457 4327 ”
492 4295 652 4351 Joan.
682 4310 779 4349 xui
802 4334 816 4358 ,
850 4295 905 4350 4.

1386 4402 1759 4461 VARIORUM
1800 4405 2031 4462 NOTE.

101 4562 337 4604 sermone
368 4548 468 4610 l0,
501 4554 554 4603 et
581 4546 647 4601 ad
679 4547 858 4599 locum
888 4544 1123 4616 Mattbafi
1151 4561 1166 4606 ;
1198 4540 1660 4616 IsidorumAPelu-
1686 4545 1733 4605 D
1760 4559 1909 4616 μιν,
1939 4544 2011 4598 23
2035 4585 2049 4605 .
2088 4544 2169 4600 sic
2203 4544 2407 4615 passim
2447 4543 2591 4616 apud
2632 4543 3048 4616 Xenophontem
3099 4542 3345 4611 aliosque

103 4619 282 4671 siotam
316 4620 415 4671 lib.
451 4633 525 4680 ιν,
560 4618 733 4687 epist.
753 4616 824 4669 2—5
853 4634 867 4681 ;
898 4615 1199 4687 Caesarium
1225 4615 1442 4687 dialogo
1473 4614 1524 4687 ξ,
1550 4613 1659 4667 Re-

103 4702 277 4755 spons.
315 4688 388 4741 ad
420 4683 682 4757 interrog.
712 4686 783 4741 29
816 4704 831 4752 ;
860 4694 921 4757 et
948 4685 1297 4757 Ambrosium
1316 4683 1429 4757 _u_|t.
1465 4683 1542 4737 De
1568 4700 1659 4757 sa:

103 4752 371 4812 trementis
404 4759 503 4812 ult.
534 4752 708 4812 Por'ro
733 4756 875 4825 apud
900 4754 1202 4810 Lueianum
1234 4754 1289 4808 in
1316 4754 1540 4824 Dialogo
1569 4752 1656 4825 cui

102 4828 278 4915 titulus
305 4823 898 4915 Phil'gpatris,.initium
922 4841 985 4879 ac
1011 4826 1133 4905 linis
1163 4823 1663 4915 isteorationi‘sri'u-

103 4896 345 4961 dicantur
372 4917 386 4953 :
418 4891 527 4967 Τὴν
556 4898 750 4967 εὐχὴν,
770 4898 859 4967 ait
894 4896 1080 4967 nescio
1118 4894 1253 4967 quis)
1272 4896 1392 4967 ille,
1426 4894 1533 4967 ἀπὸ
1552 4891 1665 4967 lla.-

102 4968 215 5039 ῖρδς
240 4964 585 5039 eadem.
618 4964 716 5039 ξῆν
751 4966 815 5039 §t
847 4964 1198 5039 πολυώνυμον
1227 4964 1368 5035 ᾠδὴν
1392 4965 1483 5039 ,εις
1516 4964 1669 5025 τέλος

105 5033 341 5101 ἐπιθείς,
368 5033 656 5091 orationem
672 5033 713 5090 ἰι
744 5035 904 5089 Patre
937 5033 1189 5103 incipiens
1213 5073 1228 5096 ,
1245 5033 1298 5089 et
1325 5033 1521 5103 celebre
1547 5050 1669 5087 can-

108 5108 267 5177 ticum)
286 5107 354 5160 ad
387 5107 541 5177 ﬁdem
570 5122 854 5177 apponens.
887 5102 1133 5177 Abducit
1154 5102 1665 5177 LambecioScho:

108 5174 229 5229 lium
258 5173 396 5230 libri
417 5173 648 5232 Czesarei
679 5176 868 5231 Theol.
898 5174 1071 5229 Graec.
1107 5174 1176 5227 29
1207 5193 1219 5228 :
1253 5174 1326 5226 Τὸ
1353 5175 1408 5227 δὲ
1447 5174 1529 5225 ὅτι
1569 5173 1663 5225 σοῦ

108 5245 291 5317 ἐστινή
317 5246 562 5316 βασιλεία
594 5249 686 5300 καί
712 5249 743 5317 ὴ
766 5245 992 5317 δύναμις
1024 5245 1119 5298 καὶ
1157 5247 1190 5314 ἡ
1229 5242 1381 5309 δόξα,
1414 5245 1470 5295 ὲν
1522 5243 1663 5295 τισὶν

106 5314 160 5368 οὐ
182 5314 552 5389 κεῖταιᾼνμέχρι
578 5317 671 5370 τοῦ
700 5314 999 5389 ’ᾼμήνζιω

174 5385 247 5455 (Ξ)
284 5382 434 5451 Τοῖῤ.
465 5382 619 5441 Klter
649 5382 907 5440 codex'év
936 5387 1078 5451 τοῖς,
1113 5382 1294 5438 minus
1324 5383 1504 5455 bene,
1536 5397 1661 5455 cum

112 5452 281 5524 seruio
311 5458 385 5510 sit
414 5456 482 5511 de
509 5455 698 5512 oliiciis
725 5471 753 5509 a
786 5455 1035 5509 diaconis
1068 5452 1391 5524 praistandis
1421 5452 1661 5505 homini-

113 5522 241 5586 bus,
296 5526 415 5595 qui)
443 5527 548 5581 sibi
595 5527 905 5581 necessaria
963 5522 1280 5595 prospicere
1332 5529 1660 5592 nequeunt,

115 5595 294 5659 quales
318 5594 573 5648 ἀδύνατοι
599 5598 876 5650 dicuntur.
910 5594 1080 5649 CLER.

180 5664 253 5734 (3)
287 5666 745 5733 Ὑπηρετεῖσθαι,
771 5666 920 5720 Alter
940 5666 1062 5719 cod.
1091 5665 1399 5734 ὑπηρετεῖν,
1423 5660 1664 5725 rectius;

119 5733 247 5812 solet
272 5736 418 5812 enim
443 5738 802 5812 verbumhoc
828 5737 883 5812 in
912 5737 1087 5812 activa
1116 5733 1519 5812 coniugatione.
1547 5746 1660 5812 non

120 5801 174 5853 in
203 5803 421 5873 media,
448 5804 711 5863 adhiberi.
746 5805 878 5861 Vide
924 5804 1068 5861 intra
1116 5813 1170 5860 et
1217 5801 1336 5861 Act.
1387 5818 1496 5868 xx,
1546 5801 1657 5868 34;

1762 4612 1982 4670 Graecos
2011 4612 2331 4670 scriptores.
2364 4616 2443 4670 lo.

1839 4685 1917 4754 (Δ)
1950 4678 2293 4755 Ἀμφότεροι
2333 4685 2401 4738 δὲ
2443 4687 2515 4739 τὰ
2555 4686 2704 4754 πρὸς
2747 4683 3068 4753 ἀγγελίαν,
3113 4690 3245 4755 ριιξΖΔ
3270 4678 3346 4755 De

1769 4748 2104 4811 diaconiSSis
2138 4748 2353 4825 egimus
2384 4772 2572 4826 supra.
2593 4748 2977 4808 Diaconorum
3008 4748 3341 4826 vero_ollicia

1770 4832 1825 4896 e_t
1858 4819 2317 4896 ministeria'quis
2346 4819 2560 4896 cun'cta,
2583 4834 2748 4896 queat
2780 4820 3111 4896 numerare?
3139 4819 3344 4896 Notatu

1772 4894 1997 4965 dignum
2050 4888 2226 4957 illud:
2280 4898 2333 4949 in
2370 4896 2487 4950 Vita
2535 4888 2613 4950 Sf
2644 4894 2966 4965 Epiphanit',
3018 4907 3179 4965 num;
3233 4888 3340 4953 56.

1773 4961 1920 5033 qu'od
1953 4968 2263 5034 pertinebat
2303 4966 2367 5018 ad
2399 4961 2750 5036 postremum
2773 4961 3064 5017 diacOnum
3088 4999 3118 5036 ,_
3149 4961 3341 5012 ἐπικο-

1774 5030 1931 5104 σμεῖν
1953 5030 2053 5108 Ῑτρν
2080 5036 2268 5108 θρόνον
2299 5030 2741 5108 ’ποῦ’ὲπιμσκόπου,
2766 5046 3038 5088 exornare
3080 5030 3342 5085 thronum

1770 5119 1876 5176 seu,
1898 5104 2216 5161 cathedram
2247 5106 2636 5176 episcopalem.
2668 5104 2810 5176 Cor.

1840 5175 1919 5245 (5)
1950 5176 2083 5244 Δέῃ.
2116 5170 2602 5230 ΑΙιοι-ὀοι1.“ιιιιὰἰι
2628 5174 2727 5244 τὴν
2758 5170 2986 5235 ἑαυτῶν,
3019 5170 3342 5237 “iamipse-

1768 5260 1885 5296 rum
1920 5248 2174 5302 animum.
2206 5245 2375 5302 Cum.

1838 5315 1916 5385 (6)
1958 5315 2154 5384 Ὑπέρ.
2186 5316 2336 5369 Alter
2366 5314 2488 5370 cod.
2521 5314 2675 5379 ἀντί,
2710 5322 2764 5367 et
2792 5311 2957 5383 paulo
2984 5319 3109 5381 post
3152 5308 3339 5364 διστά-

1767 5400 1884 5448 σαι,
1917 5386 2108 5441 eodem
2135 5401 2321 5441 sensu.
2351 5386 2427 5439 In.

1834 5452 1886 5523 (7
1953 5456 2164 5509 Θεῖναι.
2199 5456 2347 5508 Alter
2377 5455 2508 5518 θείς,
2538 5468 2648 5507 non
2676 5452 2836 5506 male.
2872 5448 2945 5503 in.

1834 5455 1914 5596 (8)
1955 5525 2248 5579 Ἕνδειαν.
2283 5524 2538 5588 ὐνειδος,
2581 5525 2718 5578 alter
2757 5520 2881 5576 cod.
2929 5535 2945 5572 ι

1834 5526 1890 5595 (8

1828 5635 1913 5737 ⁸(9)
1951 5665 2192 5737 Bttner.
2223 5665 2372 5720 Alter
2398 5664 2594 5735 βαλών,
2612 5660 2761 5735 quod
2780 5666 2863 5720 est
2886 5659 3184 5719 narrationi
3202 5672 3337 5715 con-

1770 5735 2098 5791 venientius.
2134 5735 2209 5791 lo.

1765 5592 1783 5645 Ι
1834 5518 1914 5596 (8)
1955 5525 2248 5579 Ἕνδειαν.
2283 5524 2538 5588 ὐνειδος,
2581 5525 2718 5578 alter
2757 5520 2881 5576 cod.
2929 5534 3038 5573 non
3079 5518 3336 5573 absurde.

1790 5610 1842 5645 D.
