3828 6352
140 345 234 402 821

1049 337 1652 396 CONSTITUTIONES
1689 339 2373 401 APOSTOLleE.—LIB.
2410 345 2497 402 IV.

3283 357 3397 413 82‘}

140 463 171 500 ⁸η
186 457 330 529 τίμα
374 456 468 510 τὸν
513 454 713 526 Κύριον
759 453 866 508 ἀπὸ
909 453 1016 506 σῶν
1059 452 1280 507 δικαίων
1340 453 1518 505 πόνων
1544 471 1558 484 ·
1616 452 1708 506 καὶ

1813 435 2033 523 sapiens
2059 453 2316 510 Salomon
2345 476 2357 511 :
2391 475 2410 507 ι
2438 455 2655 512 Honora
2686 459 2973 514 Dominum
2997 477 3062 516 ex
3093 464 3201 520 tuis
3225 464 3391 536 iustis

135 549 379 620 ἀπάρχου
422 546 572 618 αύτῷ
615 545 725 600 ἀπὸ
771 544 878 598 σῶν
923 543 1151 616 καρπῶν
1191 543 1536 615 δικαιοσύνης
1558 560 1572 574 ·
1623 544 1709 596 ἵνα

135 639 441 711 πιμπλᾶται
466 637 540 692 τά
562 636 784 708 ταμιεῖα
815 653 910 690 σου
941 635 1258 706 πλησμονῆς
1287 634 1432 688 σίτου
1457 651 1483 668 ο·
1501 635 1628 705 οἴνῳ
1651 633 1707 686 δὲ

134 734 186 785 αί
214 731 366 803 ληνοί
399 748 492 784 σου
523 727 876 792 ὲκϐλϋζωσιν.
910 747 930 779 ι
977 728 1070 781 Ἐκ
1098 726 1192 780 τοῦ
1222 726 1431 781 δικαίου
1481 721 1573 778 οὖν
1613 725 1707 778 κό-

135 841 229 877 που
258 823 380 876 τῶν
401 821 628 886 πιστῶν,
656 821 882 892 τρέφετε
909 819 1002 873 καὶ
1031 820 1357 891 ἀμφιέννυτε
1396 819 1520 880 τοὺς
1550 818 1708 871 ὑστε-

135 915 479 984 ρουμένουςι
516 913 610 968 καὶ
661 912 730 966 τά
783 911 842 977 ἐξ
893 911 1094 975 αὐτῶν,
1148 911 1226 974 ὼς
1280 912 1706 982 προειρήκαμεν,

132 1005 493 1078 ἀθροιζόμενα
535 1007 794 1078 χρήματα
833 1003 1146 1058 διατάσσετε
1165 1043 1180 1067 ,
1222 1003 1591 1066 διακονοῦντες
1631 1003 1710 1064 είς

132 1101 253 1161 τοὺς
308 1098 661 1169 ἀγορασμοὺς
704 1096 812 1150 τῶν
860 1094 1029 1164 ἁγίων
1051 1096 1122 1126 ⁸³·
1168 1094 1419 1167 ῥυόμενοι
1469 1093 1706 1155 δούλους,

133 1189 531 1260 αίχμαλώτους,
560 1188 830 1259 δεσμίους,
863 1185 1352 1259 ἐπηρεαζομένους,
1381 1187 1616 1257 ἥκοντας
1645 1185 1709 1237 ὲκ

135 1281 428 1352 καταδίκης
453 1281 543 1334 διὰ
567 1280 628 1334 τὸ
667 1280 835 1351 ὄνομα
872 1279 965 1333 τοῦ
1008 1278 1244 1352 Χριστοῦ
1285 1278 1390 1332 ὑπὸ
1431 1278 1708 1350 τυράννων

133 1375 208 1436 είς
250 1372 584 1444 μονομαχίαν
628 1373 721 1426 καὶ
762 1371 1006 1425 θάνατον.
1054 1370 1215 1439 Λέγει
1260 1369 1368 1441 γὰρ
1414 1370 1666 1442 ἡΓρα-φή
1690 1385 1704 1398 ’

138 1485 155 1517 ι
193 1464 383 1518 Ῥῦσαι
411 1465 715 1537 ἀγομένους
740 1466 818 1528 είς
847 1463 1092 1528 θάνατον,
1123 1462 1220 1518 καὶ
1243 1462 1472 1535 ὲκπρίου
1503 1477 1708 1516 κτεινο-

135 1557 327 1628 μένους
347 1574 362 1588 ο
395 1555 474 1628 μὴ
504 1556 688 1629 φείση.
724 1575 750 1608 ι

673 1649 1064 1703 ΚΕΦΑΛΑΙΟΝ
1110 1649 1170 1702 ι’.

130 1739 432 1806 Διάταξις,
464 1741 542 1794 ἵν’
569 1741 679 1795 ἐὰν·
705 1757 793 1805 τις
819 1739 938 1792 τῶν
963 1739 1217 1802 ἀσεϐῶν,
1253 1737 1352 1805 ϐίᾳ
1397 1739 1703 1806 προσρίψῃ

1809 545 2126 613 laboribus;
2161 556 2216 602 et
2250 547 2523 618 primitias
2551 548 2620 604 da
2650 550 2701 606 ei
2744 551 2812 606 de
2844 552 2953 607 tuis
2990 552 3261 613 fructibus
3297 559 3388 628 ju-

1812 637 1977 692 stitia:
2012 646 2115 693 :ut
2164 640 2492 710 impleantur
2533 642 2752 697 cellaria
2788 650 2883 698 tua
2933 647 3220 704 saturitate
3268 650 3387 705 fru-

1809 730 2016 794 menti,
2047 736 2101 784 et
2128 732 2255 786 vino
2277 733 2570 786 toreularia
2594 741 2688 788 tua
2714 735 3020 790 redundent
3038 734 3224 792 “.pEx
3233 739 3388 810 justo

1810 818 1979 888 igitur
2006 820 2244 876 ﬁdelium
2290 823 2497 888 labore,
2527 824 2660 880 alite
2699 840 2763 879 ac
2793 827 2988 882 vestite
3014 829 3162 883 victu
3197 846 3261 884 ac
3292 847 3386 887 ve-

1810 910 1941 964 stitu
1971 911 2304 980 destitutos;
2348 923 2401 970 et
2433 915 2742 985 pecuniam,
2794 927 2852 972 ut
2902 933 3068 989 supra
3119 920 3408 988 diximusy

1809 1000 1935 1056 inde
1963 1013 2207 1058 coactam
2239 1006 2584 1076 dispensatc,
2618 1016 2838 1065 utentes
2866 1010 2919 1063 in
2954 1011 3381 1082 redemptionem

1810 1100 2161 1160 sanctorum,
2219 1096 2512 1152 liberantes
2559 1113 2779 1166 servos,
2827 1103 3092 1170 captivos,
3147 1103 3381 1171 vinctos,

1809 1185 2136 1240 calumniam
2178 1202 2398 1258 passos,
2438 1190 2711 1245 sententia
2754 1199 3114 1263 tyrannorum
3161 1206 3386 1267 propter

1809 1292 2006 1333 nomen
2035 1278 2236 1334 Christi
2260 1280 2460 1336 missos
2489 1283 2555 1336 ad
2587 1285 3022 1342 monomachiam
3045 1296 3098 1342 et
3126 1299 3378 1346 mortem.

1809 1368 1951 1423 Dicit
1994 1370 2140 1424 enim
2199 1369 2484 1442 Scriptura
2515 1393 2526 1426 :
2563 1391 2581 1425 ι
2605 1372 2800 1429 Libera
2845 1392 2942 1433 eos
2983 1381 3076 1449 qui
3105 1381 3384 1438 ducuntur

1809 1459 1876 1513 ad
1925 1467 2156 1516 mortem
2183 1501 2198 1528 ,
2245 1470 2301 1518 et
2335 1464 2541 1520 redime
2567 1480 2663 1521 eos
2701 1465 2793 1537 qui
2828 1468 3265 1541 interﬁciuntur;
3312 1490 3382 1529 ne

1809 1567 2003 1622 parcas
2019 1553 2086 1603 ".
2127 1571 2146 1606 ι

2424 1648 2652 1704 CAPUT
2691 1649 2758 1707 X.

1812 1733 2154 1823 constitutio2
2188 1749 2245 1792 ut
2276 1743 2324 1823 si
2354 1743 2478 1823 quis.
2526 1742 2715 1823 impius
2759 1744 2809 1823 ui
2835 1747 3108 1823 pecuniam
3133 1751 3382 1806 sacerdo-

500 1811 622 1876 τοῖς
651 1802 935 1887 ἱερεῦσιν,
956 1802 1354 1887 ,εὶςαξύίῐαίιάὶ
1382 1802 1711 1887 ἁιῖθρὰκὶὰῑι

1884 1802 2020 1861 tibus
2036 1811 2331 1887 projecerit,
2355 1802 2410 1864 in
2441 1812 2582 1883 ligna
2598 1802 2650 1866 et
2674 1802 2923 1870 carbo'nes
2943 1833 3058 1870 eam
3084 1802 3377 1887 insaniant,

190 1877 558 1938 ἁκααώσωσι
587 1877 789 1942 ταῦτα,
820 1880 980 1934 ἀλλὰ
1001 1878 1087 1949 μὴ
1117 1881 1203 1945 εἰς
1230 1877 1565 1947 διατροφάς.

204 1972 335 2028 Ἔάν
364 1972 422 2028 δέ
451 1989 580 2026 ποτε
611 1972 818 2044 ἀνάγκη
849 1971 1088 2042 γένηται,
1111 1969 1264 2042 παρά
1288 1987 1431 2034 τινος
1447 1969 1698 2034 δέξασθαι

126 2064 340 2123 ἀνοσίου
375 2065 600 2127 ἄκοντες
618 2063 664 2096 ⁸⁵
698 2064 978 2134 ἀργύριον,
1009 2064 1087 2125 είς
1117 2061 1248 2127 ξύλα
1279 2064 1372 2116 καὶ
1400 2061 1699 2134 ἀνθρακιὰν

125 2156 251 2211 αὐτὸ
268 2155 480 2226 δαπανή
489 2173 634 2209 σατε·
660 2155 748 2208 ἵνα
767 2153 840 2226 μὴ
859 2154 1094 2207 λαϐοῦσα
1114 2156 1146 2224 ἡ
1175 2154 1318 2226 χήρα
1334 2153 1391 2219 ἐξ
1410 2151 1557 2223 αὐτῷ
1587 2151 1698 2225 (46)

122 2261 191 2310 τι,
238 2247 273 2319 ἦ
320 2251 350 2301 ὁ
389 2247 645 2320 ὀρφανὸς,
702 2246 1020 2318 ἀναγκασθῇ
1063 2245 1373 2318 ὠνήσασθαι
1417 2245 1620 2317 τροφὴν
1665 2246 1698 2318 ἢ

124 2341 272 2413 πόμα
299 2340 452 2413 παρά
475 2339 538 2393 τὸ
564 2340 836 2412 προσῆκον
855 2356 869 2370 ο
899 2338 1102 2392 δίκαιον
1132 2337 1240 2410 γὰρ
1270 2337 1340 2391 τά
1386 2337 1537 2409 παρὰ
1575 2338 1702 2390 ἀσε-

123 2432 228 2485 ϐῶν
256 2431 464 2494 ταῦτα,
493 2430 664 2502 πυρὸς
693 2425 831 2482 εἶναι
869 2429 1258 2500 κατανάλωμα,
1318 2429 1417 2482 οὐκ
1462 2429 1699 2482 εὐσεϐῶν

125 2523 338 2595 βρῶμα.
393 2523 577 2578 Ταῦτα
617 2523 673 2575 δὲ
715 2523 807 2576 καὶ
853 2523 882 2576 ὁ
920 2521 1083 2592 νόμος
1121 2521 1460 2594 διαγορεύει,
1509 2521 1716 2612 θυσίαν.

122 2616 430 2685 ὀψισθεῖσαν
486 2615 732 2688 ἄϐρωτον
787 2613 1075 2669 ἀποκαλῶν
1097 2654 1114 2679 ,
1166 2614 1260 2668 καὶ
1313 2615 1447 2686 πυρὶ
1497 2613 1700 2686 ταύτην

121 2706 508 2765 ἀναλίσκεσθαι
537 2705 790 2761 κελεύων.
833 2707 909 2760 Οὐ
952 2704 1062 2778 γὰρ
1099 2708 1166 2778 τῇ
1211 2705 1370 2775 φύσει
1413 2705 1590 2775 φαῦλα
1632 2705 1702 2760 τὰ

121 2798 576 2872 προσφερόμενα,
622 2797 758 2853 ἀλλά
807 2801 874 2871 τῇ
918 2796 1114 2871 γνώμῃ
1159 2797 1266 2851 τῶν
1309 2796 1703 2870 προσκομιζόν-

119 2908 219 2944 των
252 2891 368 2962 (47)
399 2890 557 2945 αύτά.
601 2889 771 2944 Τοῦτο
807 2889 864 2944 δὲ
907 2889 1342 2962 προστάσσομεν,
1387 2890 1479 2943 ἐπὶ
1522 2889 1582 2943 τὸ
1625 2889 1700 2962 μὴ

118 2983 484 3055 ἀποστρέφειν
509 2983 634 3047 τοὺς
663 2981 1057 3055 πλησιάζοντας
1084 2983 1211 3054 ὑμῖν
1227 3000 1242 3014 ο
1267 2982 1466 3046 εἰδότες
1484 2982 1577 3036 καὶ
1601 2982 1701 3054 τὴν

121 3076 411 3146 συντυχίαν
431 3075 688 3139 πολλάκις
707 3075 956 3146 ὲπωςρελῆ
984 3077 1096 3137 τοῖς
1114 3073 1333 3128 ἀσεϐέσι
1351 3074 1696 3146 γεγενῆσθαι,

117 3166 207 3238 τὴν
235 3168 379 3245 πρὸς
405 3168 532 3230 τοὺς
561 3167 801 3231 εὐσεϐεῖς
842 3166 974 3237 (48),
1021 3166 1284 3238 ὲπιϐλαϐἦ
1317 3167 1373 3220 δὲ
1405 3167 1572 3239 μόνην
1599 3167 1697 3238 τὴν
1723 3149 1766 3206 C

118 3260 251 3313 κατά
295 3259 402 3332 τὴν
442 3257 740 3331 θρησκείαν
783 3259 1088 3313 κοινωνίαν.
1139 3259 1323 3312 Ταῦτα
1358 3259 1456 3330 μὲν
1483 3255 1575 3312 οὖν
1608 3260 1700 3312 ἐπὶ

115 3353 387 3417 τοσοῦτον,
433 3351 733 3422 ἀγαπητοὶ,
774 3350 1011 3423 εἰρήσθω
1054 3352 1182 3422 ὑμῖν
1230 3350 1365 3422 πρὸς
1404 3351 1702 3420 ἀσφάλειαν

118 3444 283 3513 ὑμῶν.

644 3537 1039 3591 ΚΕΦΑΛΑῙΟΝ
1068 3537 1172 3590 ΙΑ¹.

511 3627 652 3696 Περὶ
681 3628 904 3699 γονέων
929 3627 1025 3682 καὶ
1053 3629 1308 3684 παίδων.

178 3721 240 3774 Οί
295 3721 486 3792 μέντοι
514 3722 767 3794 πατέρες,
803 3721 1082 3775 παιδεύετε
1112 3721 1182 3776 τὰ
1225 3721 1392 3777 τέκνα
1436 3723 1609 3795 ὑμῶν,
1641 3724 1700 3778 ἐν

118 3814 306 3885 Κυρίῳ
365 3815 722 3886 ἐκτρέφοντες
765 3813 904 3868 αὐτὰ
942 3815 999 3867 ὲν
1047 3813 1267 3889 παιδείᾳ
1312 3814 1408 3870 καὶ
1451 3817 1700 3888 νουθεσίᾳ

117 3906 341 3980 Κυρίου,
391 3908 488 3961 καὶ
522 3907 798 3962 διδάσκετε
847 3905 987 3961 αὐτὰ
1023 3906 1360 3977 ἐπιτηδείους
1397 3909 1490 3962 καὶ
1529 3909 1700 3979 ἁρμο-

115 3999 312 4064 ζούσας
355 3999 436 4071 τῷ
481 4001 624 4071 λόγῳ
673 3999 884 4071 τέχνας,
917 4000 1003 4052 ἵνα
1050 3999 1124 4071 μὴ
1169 3997 1259 4053 διὰ
1288 3999 1389 4071 τῆς
1415 4000 1700 4072 εὐκαιρίας

116 4092 536 4163 στρηνιάσαντα,
569 4093 662 4146 καὶ
688 4091 1049 4163 ἀνεπιτίμητα
1078 4091 1182 4144 ὑπὸ
1207 4092 1315 4146 τῶν
1352 4092 1551 4161 γονέων
1585 4094 1701 4165 μεί-

114 4201 299 4248 ναντα,
331 4183 439 4256 πρὸ
468 4183 617 4254 ῶρας
655 4183 890 4247 ἀνέσεως
931 4183 1183 4253 τυχόντα,
1231 4184 1576 4260 ἀφηνιάσωσι
1602 4184 1698 4238 τοῦ

115 4275 298 4330 καλοῦ.
333 4275 428 4328 Διὸ
458 4275 533 4346 μὴ
580 4274 890 4330 εὐλαϐεῖσθε
935 4276 1119 4340 αὐτοῖς
1167 4277 1543 4348 ὲπιπλήσσειν,
1596 4295 1700 4331 cto—

113 4369 460 4438 φρονίζοντες
487 4367 627 4422 αύτά
658 4365 794 4440 μετὰ
838 4367 1187 4440 ὲμϐριθείας·
1231 4369 1292 4422 ού
1322 4367 1431 4439 γὰρ
1460 4370 1697 4424 ἀποκτε-

1871 1892 1974 1930 ηοη
2005 1889 2179 1934 autem
2208 1882 2264 1933 in
2302 1897 2471 1937 escas.

1871 1971 2024 2040 Quod
2058 1971 2103 2026 si
2128 1973 2424 2043 aliquando
2445 1976 2748 2031 necessitas
2778 1975 3110 2042 incubuerit,
3138 1988 3197 2034 ut
3226 1981 3380 2036 inviti

1802 2081 1830 2118 a
1860 2063 2119 2135 quapiam
2149 2065 2319 2136 impio
2348 2075 2631 2137 argentum
2660 2069 2926 2138 capiatis;
2972 2070 3106 2125 illud
3149 2073 3204 2126 in
3233 2073 3381 2144 ligna

1800 2167 1854 2212 et
1887 2159 2159 2214 carbones
2191 2158 2522 2228 impendite;
2556 2176 2626 2216 ne
2667 2176 2734 2217 ex
2764 2177 2829 2217 eo
2863 2168 3073 2233 partem
3104 2165 3380 2235 accipiens

1801 2249 1986 2317 vidua,
2017 2256 2110 2304 aut
2149 2250 2411 2320 pupillus,
2463 2259 2690 2321 cogatur
2736 2252 2792 2306 in
2836 2253 3069 2308 emendo
3117 2255 3242 2309 cibo
3290 2269 3383 2313 aut

1802 2350 1932 2413 potu
1955 2341 2190 2397 oﬁicium
2215 2344 2523 2414 transgredi
2549 2364 2562 2400 ι
2585 2360 2801 2415 aequum
2825 2349 3025 2417 quippe
3052 2356 3156 2412 est,
3182 2357 3241 2402 ut
3264 2350 3381 2406 haec

1803 2433 2096 2505 impiorum
2126 2449 2356 2490 munera
2409 2434 2554 2506 ignis
2577 2435 2688 2489 sint
2714 2435 2996 2506 pabulum,
3029 2452 3139 2492 non
3163 2440 3379 2508 piorum

1799 2541 1948 2584 esca.
2004 2524 2064 2580 Id
2112 2541 2330 2597 quoque
2379 2527 2462 2582 lex
2509 2527 2704 2591 sancit,
2762 2526 2891 2581 dum
2940 2528 3175 2584 hostiam
3211 2532 3382 2587 nimio

1802 2627 2045 2690 tempore
2091 2625 2363 2675 servatam
2413 2633 2522 2673 non
2569 2617 2960 2673 comedendam
3005 2621 3270 2690 appellat,
3326 2631 3380 2680 et

1804 2712 1927 2782 igne
1955 2712 2100 2778 hanc
2129 2710 2378 2774 consumi
2412 2711 2588 2781 jubet.
2635 2710 2820 2782 Neque
2860 2727 2991 2767 vero
3033 2721 3230 2767 natura
3281 2731 3378 2772 sua

1801 2805 1957 2858 malae
1986 2812 2114 2860 sunt
2142 2820 2219 2860 eae
2246 2804 2574 2872 oblationes,
2603 2804 2698 2859 sed
2727 2811 2951 2874 propter
2980 2805 3221 2860 animum
3247 2809 3380 2864 olle-

1801 2896 2059 2951 rentium.
2094 2895 2270 2952 Porro
2291 2897 2398 2951 hoc
2422 2896 2545 2952 ideo
2576 2897 2942 2967 praecipimus,
2973 2914 3041 2954 ne
3067 2908 3377 2957 arertamus

1801 3003 1895 3044 eos
1925 2989 2020 3060 qui
2055 2988 2124 3042 ad
2154 3006 2256 3046 nos
2283 2989 2566 3044 accedunt.
2603 2987 2821 3044 Scimus
2847 2989 2994 3045 enim
3023 3006 3375 3061 congressum

1800 3096 1924 3136 cum
1947 3081 2071 3152 piis,
2097 3096 2240 3152 saepe
2264 3081 2447 3150 impiis
2471 3081 2772 3151 profuisse;
2802 3082 3023 3136 noxiam
3045 3090 3225 3138 autem
3254 3100 3377 3140 esse

1801 3172 1976 3227 solam
2031 3173 2440 3243 superstitionis
2502 3173 2965 3229 communionem.
3035 3173 3212 3245 Atque
3261 3175 3376 3231 haec

1800 3263 2041 3333 quidem,
2084 3263 2421 3326 charissimi,
2465 3262 2730 3320 hactenus
2760 3265 2914 3322 vobis
2960 3267 3071 3322 sint
3117 3267 3260 3323 dicta
3307 3269 3374 3323 ad

1801 3356 2108 3412 cautionem
2140 3364 2403 3412 vestram.

2395 3535 2628 3592 CAPUT
2669 3534 2760 3591 XI.

2258 3627 2335 3683 De
2357 3628 2663 3698 parentibus
2692 3638 2740 3682 et
2763 3629 2913 3697 ﬁliis.

1868 3720 1937 3774 At
1961 3735 2081 3785 vos,
2121 3729 2325 3792 patres,
2353 3721 2494 3777 ﬁlios
2523 3731 2740 3777 vestros
2776 3721 2989 3776 erudite
3029 3721 3085 3774 in
3117 3719 3370 3786 Domino,

1801 3813 2030 3869 educato
2053 3813 2109 3867 in
2137 3812 2430 3882 disciplina
2463 3820 2517 3868 et
2555 3813 2901 3869 institutione
2933 3812 3168 3877 Domini,
3192 3821 3246 3869 et
3276 3814 3375 3869 do-

1801 3913 1918 3962 cete
1968 3912 2113 3960 artes
2161 3903 2385 3961 idoneas
2425 3920 2490 3960 ac
2539 3905 2707 3961 verbo
2737 3904 2831 3960 Dei
2855 3913 3241 3975 congruentes,
3273 3923 3362 3972 ne,

1799 3998 1925 4053 data
1954 3998 2246 4054 occasione
2274 3997 2544 4061 eﬁ‘renati,
2569 4013 2600 4052 a
2625 3997 2944 4067 parentibus
2971 3997 3177 4067 absque
3197 3998 3375 4053 incre-

1799 4091 2017 4161 patione
2050 4090 2247 4153 relicti,
2287 4096 2343 4144 et
2399 4096 2524 4143 ante
2551 4098 2767 4160 tempus
2796 4089 3105 4144 libertatem
3136 4089 3308 4152 nacti,
3343 4107 3372 4144 a

1799 4183 1999 4241 virtute
2026 4181 2425 4237 contumaciter
2447 4179 2758 4237 deﬁectant.
2782 4179 3052 4249 Quocirca
3092 4197 3160 4237 ne
3185 4197 3372 4238 verea-

1799 4275 1932 4330 mini
1961 4274 2254 4344 objnrgare
2279 4273 2422 4337 illos,
2449 4279 2648 4328 etcum
2679 4271 2970 4328 severitate
3001 4273 3274 4344 castigare
3303 4274 3370 4328 ".

1799 4366 1916 4423 Non
1949 4367 2094 4422 enim
2148 4363 2490 4420 interﬁcietis
2518 4379 2611 4420 eos
2655 4364 3035 4435 corripiendo,
3094 4367 3203 4420 imo
3244 4383 3374 4421 vero

112 4464 247 4514 νεῖτε
306 4461 453 4516 αύτά
501 4461 874 4525 παιδεύοντες,
932 4460 1128 4532 μᾶλλον
1174 4460 1232 4514 δὲ
1279 4459 1483 4514 σώσετε
1531 4463 1690 4518 αύτά-

1806 4458 2601 4528 servabitis;quemadmodum
2652 4457 2912 4512 Salomon
2952 4459 3028 4512 ait
3056 4458 3109 4512 in
3137 4457 3371 4528 Sapien-

114 4553 294 4618 καθώς
325 4571 430 4608 που
458 4556 554 4612 καὶ
581 4556 608 4607 ὁ
637 4552 886 4625 Σολομὼν
920 4554 978 4609 ἐν
1007 4555 1073 4625 τῇ
1106 4551 1276 4624 Σοφίᾳ
1304 4553 1465 4625 φησί·
1495 4573 1514 4606 ι
1551 4556 1691 4610 Παί-

181 4687 408 4743 “Prov.
448 4703 533 4751 ιιι,
569 4685 622 4742 9.
699 4685 743 4718 “
767 4685 960 4741 Anast.
991 4683 1260 4755 πενήτων.

1362 4685 1411 4719 ⁸⁸·
1435 4685 1597 4744 Prov.
1640 4705 1788 4754 mm,
1810 4688 1896 4744 11.
1972 4685 2017 4717 ⁸⁸
2045 4685 2235 4739 Αιιοειν.
2261 4683 2509 4746 ἄκοντας.

1799 4555 1876 4608 tia
1902 4573 1916 4608 :
1948 4572 1966 4604 ι
1995 4550 2226 4621 Corripe
2257 4549 2429 4602 ﬁlium
2483 4557 2659 4629 tuum,
2685 4557 2739 4603 et
2778 4550 3023 4620 requiem
3053 4549 3204 4603 dabit
3227 4549 3322 4603 tibi
3353 4568 3368 4604 :

2622 4682 2668 4715 "
2689 4681 2857 4740 Prov.
2887 4697 3026 4736 XXI-ll
3044 4720 3061 4747 ,
3090 4682 3176 4740 1.3.

1455 4796 1818 4855 YARIORUM
1857 4797 2067 4854 NOTAE
2079 4835 2097 4852 .

112 4957 230 5004 suo,
264 4947 510 4993 attamen
539 4954 667 4994 vere
695 4939 1062 4994 Tertullianus
1083 4938 1222 4992 libro
1245 4938 1314 4990 De
1356 4938 1684 5002 idolatatria,

114 5025 233 5082 cap.
265 5011 352 5082 ὅγε
402 5008 563 5082 Fides
606 5009 800 5078 famem
830 5025 941 5082 non
967 5010 1132 5063 timet.
1165 5007 1279 5062 Scit
1307 5009 1466 5082 etiam
1495 5010 1689 5079 faniam

113 5077 213 5135 non
243 5081 422 5134 minus
459 5079 565 5132 sibi
605 5077 1030 5133 contemnendum
1059 5087 1269 5147 propter
1297 5077 1463 5132 Deum
1482 5077 1503 5145 ,V
1529 5096 1688 5148 quam

112 5169 262 5205 omne
311 5151 500 5203 mortis
551 5166 730 5218 genus.
787 5148 988 5203 Didicit
1036 5165 1138 5201 non
1186 5149 1439 5218 respicere
1482 5150 1686 5202 vitam:

111 5230 310 5282 quanto
339 5221 510 5287 magis
542 5221 731 5272 uictum
755 5221 780 5275 ?
806 5218 1091 5287 Eleganter
1115 5233 1275 5287 vero,
1310 5226 1369 5270 ut
1398 5219 1602 5283 omnia,
1635 5230 1688 5274 et

115 5293 349 5361 genuine
369 5286 448 5361 ad
464 5290 658 5361 locum
687 5286 1106 5361 Constitutoris,
1134 5286 1557 5361 Chrysostomus
1591 5291 1687 5343 ho-

115 5355 228 5416 il.
260 5361 331 5416 86
362 5360 419 5414 in
463 5358 698 5430 Mattinei
731 5358 1144 5430 Evangelitnn_:_
1164 5355 1519 5430 ού’βούλεται
1548 5361 1685 5430 Χρι-

116 5431 238 5495 στος
281 5429 574 5501 πλεονεξίαι
609 5426 1064 5501 τρέφεσθαίχούς
1091 5426 1551 5501 δέχεταιᾼταδύτην
1587 5426 1687 5499 τὴν

112 5502 336 5571 τροφήν.
377 5495 566 5571 Τίτδν
591 5495 870 5571 γΔεσπὰῖην
901 5495 1163 5571 ύϐρίςεις,
1205 5495 1488 5567 ἀκάθαρτα
1510 5495 1686 5571 προσχ-

309 5570 492 5652 aiis-qi;
543 5569 747 5652 βέλτιον
975 5567 1272 5652 τηκόμενον
1291 5567 1604 5652 *περιορῴη
1653 5567 1686 5639 ἦ

113 5641 332 5710 τρέφειν
360 5637 470 5693 ἀπὸ
495 5637 771 5710 τοιούτων.
801 5637 1001 5710 Ἐκεῖνο
1021 5637 1200 5710 thymi,
1225 5637 1502 5710 coirent
1533 5637 1687 5708 069:4

115 5705 263 5780 arei}.
297 5710 508 5763 Βέλτιον
545 5710 708 5780 μηδὲν
738 5709 940 5771 δοῦναι,
970 5707 1002 5778 ἢ
1039 5705 1106 5780 fcit
1122 5706 1293 5761 ἄλλων
1322 5705 1545 5780 ἑτέροις,
1580 5705 1686 5780 etc.

116 5778 241 5833 Non
272 5783 378 5834 calt
410 5776 655 5834 Christus
687 5780 876 5846 rapina
907 5776 1100 5830 nutriri
1129 5791 1147 5830 .'
1179 5793 1281 5830 non
1310 5776 1544 5830 admittit
1588 5776 1685 5828 Im-

113 5850 351 5912 }usmodi
381 5852 658 5906 alimenta.
692 5849 868 5917 Quare
897 5846 1530 5921 Dominumr_contumelia
1561 5847 1692 5917 afﬁ-

1789 4941 1883 5004 cis,
1914 4934 2191 4993 immunda
2219 4936 2267 4990 ei
2305 4933 2577 5004 offerens?
2617 4931 2810 4987 Melius
2836 4939 2913 4986 est
2942 4931 3370 5004 famegtabentem

1787 5000 2070 5077 despicere,
2100 5024 2257 5078 quam
2283 5000 2363 5078 Itis
2395 5004 2658 5058 alimentis
2681 5011 2989 5078 sustentare
3019 5015 3039 5053 :
3070 5000 3238 5078 illud,
3257 5019 3370 5056 cru-

1785 5069 1917 5133 delis
1947 5089 2022 5133 est
2040 5069 2066 5142 ;’
2091 5069 2210 5139 liae,
2241 5077 2403 5130 etiam
2429 5072 2822 5142 contumeliosi.
2848 5069 3082 5142 Prtestat
3105 5070 3370 5142 nihilom-

1787 5151 1912 5204 nino
1934 5139 2082 5212 dare,
2116 5164 2273 5217 quam
2300 5162 2381 5199 res
2406 5145 2634 5217 aliorum
2657 5142 2782 5217 aliis
2805 5141 3010 5217 largiri.
3045 5139 3168 5217 sed
3184 5141 3372 5217 mitior

1785 5219 2000 5276 exstitit
2026 5209 2297 5274 sententia
2326 5214 2547 5269 concilii
2590 5212 2646 5267 S.
2682 5209 2928 5273 Patricii',
2961 5209 3105 5279 quod
3155 5209 3230 5263 ita
3270 5211 3368 5266 de-

1790 5289 1984 5352 crevit,
2018 5304 2140 5358 cap.
2171 5285 2546 5358 Bzillontentus
2571 5290 2941 5358 tegumentoet
2973 5281 3229 5358 alimento
3255 5289 3365 5358 tuo.

1791 5370 1983 5414 uetera
2008 5351 2150 5412 dona
2179 5351 2762 5425 iniquorumurepwba;
2802 5353 2928 5422 quia
2957 5366 3059 5404 non
3089 5351 3252 5404 sumit
3281 5355 3368 5403 lu-

1791 5446 1969 5491 cerna,
2001 5427 2106 5482 nisi
2132 5444 2239 5497 quo
2257 5423 2441 5497 alitur.
2467 5423 2605 5497 Coa.

1862 5488 1972 5622 ἥδ)
2026 5488 2319 5562 Egimus.
2348 5495 2485 5563 Lege
2508 5493 2564 5559 ἐξ
2586 5490 2773 5555 αὐτοῦ,
2804 5497 2899 5545 ant
2925 5503 3050 5543 cum
3076 5488 3368 5546 Anastasio

1921 5571 2076 5622 icone
2102 5567 2162 5622 ἐξ
2189 5565 2388 5618 αὐτῶν.
2423 5565 2558 5618 Cor.

1790 5577 1848 5624 et
1871 5565 2076 5622 Nicone
2102 5567 2162 5631 ἐξ
2189 5565 2388 5618 αὐτῶν.
2423 5565 2558 5618 Cor.

1884 5638 1972 5705 47)
2013 5627 2549 5705 Hpoo'xomférwr.
2576 5633 2759 5705 ~Alte_r_
2779 5630 2963 5686 habet.
3004 5627 3172 5705 (Enen.

1884 5639 1948 5692 47
2013 5637 2549 5705 Προσκομιζϊντων.
2591 5637 2742 5686 Alter
2779 5637 2963 5686 habet.
3004 5637 3172 5684 Gesn.

1862 5637 1972 5778 $48;
2007 5707 2163 5776 Πρὸς
2191 5706 2332 5778 τοὺς
2359 5702 2646 5770 εὐσεϐεῖς.
2706 5700 2851 5757 Idem
2891 5699 3043 5771 παρά
3071 5699 3180 5756 τῶν
3213 5699 3362 5754 εὐαε-

1793 5776 1925 5845 6ὠν,
1955 5776 2174 5835 melius.
2208 5776 2286 5831 In.
