3828 6362
450 319 562 376 825

1304 321 1362 376 S.
1405 317 1798 374 CLEMENTIS
1851 319 1874 372 ι
1908 319 2078 375 ROM.
2115 320 2320 376 PONT.
2359 316 2588 377 OPERA
2623 318 2851 376 DUBIA.

3613 325 3713 382 89.6

450 430 530 486 sic
546 430 694 485 enim
706 429 803 485 tibi
818 430 924 484 erit
936 431 1090 486 bonae
1113 431 1250 500 spei.
1266 429 1399 484 Nam
1420 438 1478 486 tn
1501 430 1720 502 quidem
1745 432 1894 501 virga
1908 447 2034 502 per-

2141 433 2251 487 δευε
2281 433 2392 487 υἱόν
2425 451 2540 497 σου,
2559 433 2654 500 καὶ
2681 432 2986 489 ἀναπαύσει
3020 451 3100 488 σε’
3132 434 3276 490 οὕτω
3303 436 3412 509 γάρ
3439 435 3600 492 ἔσται
3632 455 3712 494 σοι

447 521 623 578 cuties
651 538 810 590 eum;
835 522 1078 585 animum
1100 529 1283 576 autem
1311 522 1431 592 ejus
1460 538 1492 578 e
1523 530 1700 578 morte
1726 523 1969 579 crues“.
1998 542 2018 578 ι

449 611 516 667 Et
563 613 761 670 iterum
818 614 959 670 idem
1007 614 1112 668 hoc
1165 613 1325 670 modo
1383 614 1661 686 loquitur:
1700 635 1718 666 ι
1746 614 1850 682 Qui
1898 631 2026 685 par-

449 705 524 760 cit
545 706 741 761 baculo
792 722 916 771 suo,
951 705 1067 761 odit
1119 705 1290 762 ﬁlium
1349 723 1510 763 suum
1562 707 1662 764 ".i
1709 707 1776 762 Et
1803 708 2021 765 adhuc:

451 795 680 854 «’l‘unde
708 801 880 854 latera
904 799 1047 868 ejus,
1074 800 1203 854 dum
1245 799 1426 855 infans
1451 807 1568 867 est,
1597 816 1669 856 ne
1691 800 1830 855 forte
1864 799 2027 856 indu-

446 897 600 946 ratus
629 907 738 945 non
784 891 969 945 credat
1009 891 1107 946 tibi
1164 892 1263 945 ⁸⁸.»
1301 891 1404 958 Qui
1458 907 1591 962 ergo
1637 891 1930 948 admonere
1973 900 2028 947 et

447 984 721 1054 castigare
773 982 941 1036 ﬁlium
991 999 1151 1039 suum
1197 984 1424 1049 desinit,
1451 985 1728 1054 propriam
1779 985 2025 1040 sobolem

445 1073 573 1130 odio
618 1076 799 1138 habet.
848 1075 1028 1142 Quare
1087 1077 1225 1132 lilios
1267 1086 1480 1134 vestros
1531 1077 1758 1132 edocete
1799 1077 2024 1132 verbum

449 1165 701 1234 Domini;
735 1168 866 1238 quin
902 1175 956 1224 et
985 1169 1310 1226 verberibus
1366 1170 1740 1239 comprimite,
1803 1185 1868 1227 ac
1899 1169 2030 1224 obe-

447 1259 662 1315 dientes
688 1260 1077 1331 subiectosque
1107 1260 1355 1317 reddite:
1377 1261 1444 1314 ab
1469 1260 1694 1314 infantia
1721 1263 1912 1316 docete
1935 1276 2030 1316 eos

447 1351 662 1408 litteras
694 1368 904 1416 sacras,
940 1369 1036 1411 seu
1085 1365 1298 1410 vestras
1337 1369 1402 1409 ac
1459 1353 1695 1418 divinas,
1728 1362 1782 1409 et
1811 1370 2028 1410 onmem

447 1443 691 1500 divinam
723 1443 1065 1514 Scripturam
1098 1445 1334 1510 tradite;
1387 1461 1491 1501 nec
1531 1446 1672 1504 detis
1719 1447 1831 1502 illis
1859 1445 2031 1501 licen-

446 1539 602 1602 tiam,
639 1555 746 1610 qua
777 1547 972 1608 contra
1027 1549 1265 1594 vestram
1325 1539 1660 1594 voluntatem
1709 1539 1817 1596 sibi
1850 1539 1905 1594 in
1933 1554 2032 1597 vos

447 1638 774 1700 potestatem
808 1639 1090 1701 arrogent.
1121 1630 1200 1686 Ne
1252 1631 1582 1701 permittatis
1614 1632 1694 1686 eis
1718 1639 1778 1685 ut
1814 1631 2034 1702 symbo-

2126 524 2363 590 εὔελπις.
2406 527 2478 580 Σὺ
2529 526 2629 598 μὲν
2656 526 2766 597 γάρ
2807 526 2987 599 ῥάϐδῳ
3015 527 3276 600 πατάξεςς
3317 529 3507 592 αὑτὸν,
3534 530 3638 601 τὴν
3661 531 3712 586 δὲ

2126 617 2302 688 ψυχὴν
2342 617 2508 672 αὐτοῦ
2541 618 2679 690 ῥύσῃ
2707 619 2774 672 ὲκ
2819 619 3105 673 Θανάτου.»
3156 621 3265 674 Kal.
3304 621 3464 675 πάλιν
3512 622 3663 690 λέγει
3687 625 3713 676 6

2127 708 2288 772 αὐτὸς
2308 708 2480 773 οὕτως
2494 708 2625 780 (49)έ
2646 729 2664 760 ι
2681 713 2778 774 Ὃς
2799 710 3039 779 φείδεται
3057 712 3156 781 τῆς
3175 712 3369 766 ἑαυτοῦ
3393 712 3712 785 βακτηρίας,

2131 805 2279 872 μισεῖ
2304 801 2393 855 τὸν
2414 802 2606 869 ἑαυτοῦ
2638 802 2775 876 υἱόντ
2789 821 2806 853 ι
2840 803 2950 856 Καὶ
2979 803 3108 874 ἑξῆς
3135 803 3248 876 (50)
3275 822 3290 842 ο
3326 825 3344 856 ι
3375 804 3594 858 Κλάσον
3620 806 3712 869 τὰς

2130 893 2264 946 πλευ
2275 893 2573 965 ράςαύτοῦ,
2604 894 2709 958 ἕως
2729 895 2846 948 ἐστὶ
2874 897 3066 967 νήπιος
3085 939 3100 962 ,
3125 899 3334 968 μήποτε
3365 897 3715 968 σκληρυνθεὶς

2128 986 2400 1057 ἀπειθήσῃ
2431 1003 2568 1038 σοι.)
2612 989 2710 1049 ’ος
2740 987 2980 1057 φείδεται
3020 984 3113 1042 οὖν
3150 992 3434 1060 παραινεῖν
3485 988 3584 1041 καὶ
3609 1005 3711 1040 σω-

2131 1078 2401 1148 φρονίζειν
2445 1078 2538 1131 τὸν
2591 1077 2785 1131 ἑαυτοῦ
2842 1079 2986 1143 υἱὸν,
3035 1083 3182 1150 μισεῖ
3226 1080 3318 1133 τὸν
3369 1080 3504 1132 ἴδιον
3533 1063 3694 1152 παῖδα

2144 1169 2516 1236 Ἐκδιδάσκετε
2545 1165 2638 1224 οὖν
2667 1170 2820 1240 ὑμῶν
2849 1170 2919 1224 τά
2946 1171 3112 1225 τέκνα
3137 1172 3228 1224 τὸν
3271 1171 3429 1240 λόγον
3463 1170 3672 1244 Κυρίου
3695 1188 3708 1202 ·

2133 1261 2361 1331 στύφετε
2391 1261 2448 1315 δὲ
2483 1263 2623 1316 αὐτά
2651 1262 2746 1315 καὶ
2772 1247 3000 1334 δαρμοῖς
3022 1260 3260 1334 (51)ηκαὶ
3287 1266 3495 1316 ποιεῖτε
3525 1264 3716 1333 ὑποτα-

2132 1353 2331 1410 κτικά·
2363 1354 2472 1406 ἀπὸ
2519 1353 2753 1426 βρέφους
2809 1354 3154 1419 διδάσκοντες
3200 1353 3341 1407 αύτά
3375 1353 3497 1425 ίερά
3542 1353 3714 1424 γράμτ

2136 1464 2302 1516 ματα,
2329 1446 2570 1519 ὑμέτερά
2605 1447 2716 1519 (59.)
2751 1465 2810 1500 τε
2839 1449 2933 1506 καὶ
2961 1447 3099 1511 θεῖα,
3130 1447 3226 1503 καὶ
3270 1448 3452 1524 πᾶσαν
3499 1443 3716 1518 Γραφὴν

2132 1540 2281 1594 θείαν
2310 1541 2696 1610 παραδιδόντες
2743 1540 2855 1611 (55)
2881 1558 2894 1572 ·
2938 1541 3012 1611 μὴ
3042 1540 3275 1603 διδόντες
3301 1541 3488 1594 ἄνεσιν
3515 1540 3716 1602 αὐτοῖς,

2133 1632 2570 1699 κατεξουσιάζειν
2627 1633 2780 1703 ὑμῶν
2809 1631 2962 1703 παρά
2988 1633 3087 1702 τὴν
3134 1632 3407 1704 ὑμετέραν
3456 1629 3715 1700 γνώμην·

447 1724 561 1778 lum
602 1723 733 1786 dent
759 1721 828 1778 ad
872 1723 1276 1790 convivandum
1327 1739 1452 1778 cum
1502 1724 1806 1794 aqualibus
1834 1723 1878 1796 ξ’
1905 1741 1921 1790 ;
1950 1723 2032 1779 sic

2141 1723 2275 1795 μετὰ
2301 1723 2577 1795 ὁμηλίκων
2605 1727 2684 1788 εἰς
2715 1725 3018 1795 συμπόσιον
3054 1725 3128 1796 μὴ
3181 1725 3380 1788 ἐῶντες
3412 1725 3561 1778 αὐτὰ
3590 1743 3716 1794 συμ-

447 1815 594 1870 enim
630 1815 698 1870 ad
727 1815 1082 1885 petulantiam
1114 1815 1425 1879 deﬁectent,
1455 1823 1510 1869 et
1548 1790 1604 1870 in
1637 1791 2026 1873 scortationcm

2141 1790 2366 1872 θάλλειν·
2396 1790 2541 1871 οὕτω
2591 1818 2700 1888 γὰρ
2732 1790 2812 1880 είς
2840 1790 3068 1884 ἀταξίαν
3115 1790 3584 1888 έκτραπήσονται,
3609 1790 3717 1870 ’καὶ

448 1908 713 1964 incident.
743 1908 802 1962 ld
835 1923 999 1978 porro
1024 1909 1068 1965 si
1090 1909 1171 1964 eis
1197 1909 1267 1963 ob
1289 1916 1577 1979 parentum
1637 1909 1907 1963 incuriam
1931 1908 2030 1963 ob-

447 2001 653 2071 tigerit.
679 2002 952 2072 Genitores
1002 2002 1081 2056 rei
1125 2009 1288 2056 erunt
1317 2000 1385 2057 de
1437 2002 1726 2056 animabus
1785 2001 2025 2056 illorum.

446 2092 584 2147 Nam
635 2093 680 2148 si
734 2091 987 2147 socordia
1037 2101 1328 2163 parentum
1378 2101 1754 2150 consuescunt
1785 2108 1909 2148 cum
1945 2093 2028 2148 in-

447 2187 735 2258 castigatis
767 2203 862 2244 seu
899 2186 1414 2256 lntemperantibus,
1449 2201 1558 2240 non
1609 2184 1713 2240 soli
1765 2185 1859 2256 qui
1893 2184 2032 2239 delia

447 2289 687 2352 querunt
745 2281 838 2335 ﬁlii
887 2279 1304 2349 castigabantur
1359 2293 1424 2333 ac
1467 2279 1790 2350 punientur,
1839 2277 1934 2335 sed
1977 2285 2031 2334 et

448 2375 691 2444 ipsorum
723 2387 889 2427 causa
949 2379 1205 2442 parentes
1248 2369 1784 2426 condemnabuntur.
1811 2367 1856 2399 '°
1891 2369 2034 2437 Quo-

448 2468 595 2520 circa
628 2478 849 2534 operam
898 2463 1058 2527 date,
1109 2471 1170 2517 ut
1200 2477 1323 2516 eum
1372 2461 1439 2516 ad
1497 2468 1714 2532 tempus
1775 2462 2032 2534 coniugio

449 2563 631 2628 aptum
672 2557 1040 2627 pervenerint,
1071 2570 1167 2610 eos
1205 2554 1556 2609 matrimonio
1577 2552 1821 2626 jungatis
1852 2569 1915 2609 ac
1938 2570 2032 2610 co-

447 2649 674 2720 puletis;
711 2663 778 2702 ne
809 2648 950 2702 inter
991 2655 1206 2702 aetatem
1267 2647 1322 2701 in
1351 2646 1485 2700 ﬁore
1539 2662 1640 2702 suo
1703 2645 2027 2708 ferventem.

449 2755 630 2796 mores
672 2748 1042 2802 scortatorum
1077 2739 1434 2802 contrahant,
1481 2747 1537 2799 et
1564 2753 1663 2793 vos
1691 2738 1747 2792 in
1772 2738 1861 2793 die
1884 2737 2032 2808 judi-

449 2833 518 2887 cii
550 2833 818 2898 rationem
853 2848 883 2886 a
908 2831 1142 2887 Domino
1173 2831 1286 2886 Deo
1313 2829 1703 2902 reposcamini.

1036 2944 1267 3001 CAPUT
1301 2943 1418 3000 ΧΠ.

909 3039 982 3095 De
1001 3040 1218 3108 famulis
1239 3048 1288 3093 et
1321 3039 1569 3095 dominis.

2131 1914 2212 1975 είς
2231 1911 2488 1983 πορνείαν
2518 1909 2960 1980 περιπεσοῦνται.
3011 1909 3122 1963 Καὶ
3161 1907 3256 1961 ὲάν
3301 1907 3458 1979 παρά
3491 1909 3594 1977 τὴν
3622 1908 3718 1961 τῶν

2129 2003 2330 2072 γονέων
2375 2001 2632 2074 ἀμέλειαν
2676 2001 2834 2059 τοῦτο
2865 2001 3144 2066 πάθωσιν,
3180 1999 3351 2071 ἔνοχοι
3383 1999 3494 2052 τῶν
3542 1999 3718 2069 ψυχῶν

2131 2096 2310 2150 αὐτῶν
2337 2096 2387 2148 οἱ
2434 2095 2794 2165 γεννήσαντες
2842 2090 3193 2164 ὐπάρξουσιν,
3243 2093 3306 2146 El
3363 2091 3477 2163 γάρ
3524 2089 3718 2162 τῇτῶν

2130 2188 2466 2258 γειναμένων
2527 2185 2637 2257 (54)
2695 2185 2938 2258 ῥᾳθυμίᾳ
2996 2184 3233 2241 σύνεισιν
3288 2182 3648 2244 ἀκολάστοις,
3675 2181 3719 2234 al

2133 2280 2322 2343 παῖδες
2349 2280 2767 2350 ἀμαρτήσαντες
2786 2277 2887 2331 οὐκ
2916 2276 3069 2330 αὐτοὶ
3093 2276 3244 2347 μόνοι
3272 2273 3717 2345 κολασθήσονται,

2132 2370 2266 2425 ἀλλά
2295 2351 2389 2424 κα).
2432 2369 2574 2442 ὑπὲρ
2605 2369 2782 2422 αὐτῶν
2827 2369 2878 2420 οἱ
2907 2371 3087 2436 γονεῖς
3115 2366 3292 2420 αὐτῶν
3348 2365 3716 2438 κριθήσονται.

2133 2461 2230 2516 Διά
2253 2461 2410 2514 τοῦτο
2432 2459 2759 2524 σπουδάζετε
2781 2459 2898 2531 ὥρᾳ
2916 2460 3094 2530 γάμου
3120 2458 3407 2528 ζευγνύναι
3430 2458 3528 2510 καί⁵
3542 2455 3719 2508 συναλ-

2133 2553 2352 2608 λάσσειν
2373 2553 2533 2614 αὐτὰ,
2553 2553 2638 2605 ἵνα
2671 2552 2747 2624 μὴ
2778 2552 2879 2622 τῆς
2906 2551 3125 2623 ἡλικίας
3144 2553 3202 2604 ὲν
3213 2553 3278 2622 τῇ
3301 2551 3457 2621 ἀκμῇ
3475 2549 3717 2618 ζεούσης,

2135 2646 2229 2716 ἔθη
2260 2645 2572 2718 πορνοκόπα
2745 2644 2946 2712 ἀποϐῆ,
2970 2644 3065 2697 καὶ
3094 2645 3250 2713 ὑμεῖς
3279 2639 3716 2711 ἀπαιτηθήσεσθε

2133 2738 2223 2791 τδν
2251 2736 2406 2806 λόγον
2436 2739 2494 2790 ὲν
2521 2741 2588 2808 τῇ
2619 2735 2802 2808 ἡμέρᾳ
2854 2735 2955 2806 τῆς
2983 2735 3220 2810 κρίσεως
3251 2733 3356 2787 ὑπὸ
3395 2732 3608 2805 Κυρίου
3634 2729 3718 2785 τοῦ

2134 2830 2290 2902 Θεοῦ.

2652 2943 3048 2996 ΚΕΦΑΛΑῙΟΝ
3080 2941 3180 2994 IB'.

2479 3036 2623 3105 Περὶ
2644 3035 2890 3092 οἰκετῶν
2917 3033 3016 3088 καὶ
3045 3030 3378 3088 δεσποτῶν.

527 3133 599 3190 De
628 3132 847 3190 famulis
882 3148 1010 3186 "ero
1042 3132 1172 3202 quid
1205 3131 1440 3202 amplius
1483 3131 1752 3196 dicamus,
1783 3143 1945 3199 quam
1972 3133 2032 3181 ut

2204 3129 2339 3202 Περὶ
2365 3128 2424 3184 δὲ
2449 3128 2675 3183 οἰκετῶν
2705 3127 2757 3180 τί
2786 3126 2851 3182 ἂν
2881 3126 3130 3197 εἴποιμεν
3189 3125 3397 3186 πλεῖον,
3459 3121 3496 3193 ἧ
3527 3123 3608 3175 ότι
3636 3121 3720 3174 καὶ

451 3239 666 3288 servus,
699 3239 822 3279 cum
856 3225 1052 3277 timore
1077 3221 1173 3278 Dei
1203 3223 1271 3285 7’,
1319 3222 1603 3278 dominum
1652 3219 2028 3276 benevolentia

452 3317 881 3387 complectatur,
925 3317 1178 3386 quamvis
1227 3315 1479 3384 impium,
1505 3312 1758 3383 quamvis
1795 3311 2030 3368 scelera-

451 3419 597 3473 tum;
630 3423 741 3461 non
771 3415 955 3461 tamen
988 3421 1112 3460 cum
1164 3421 1230 3458 eo
1287 3405 1341 3458 in
1386 3405 1650 3476 religione
1697 3402 2027 3457 consentiat.

451 3500 583 3554 Item
609 3499 863 3554 dominus
895 3497 1158 3557 famulum
1189 3498 1416 3569 diligat;
1469 3505 1523 3553 et
1558 3496 1808 3568 quamvis
1859 3494 2033 3563 major

452 3592 545 3655 sit.
579 3607 638 3646 se
659 3598 842 3645 tamen
873 3591 1134 3660 aequalem
1164 3590 1392 3659 iudicet,
1427 3591 1511 3646 vel
1565 3597 1838 3660 quatenus
1870 3587 2032 3640 homo

451 3692 554 3738 cst.
587 3681 692 3749 Qui
722 3691 902 3736 autem
934 3682 1218 3738 dominum
1251 3669 1414 3737 habet
1446 3681 1681 3744 ﬁdelem,
1706 3680 1858 3751 salvo
1884 3678 2032 3733 illius

452 3775 756 3835 dominatu.
782 3789 907 3828 eum
945 3782 1113 3838 amet,
1146 3783 1199 3829 et
1229 3782 1289 3832 ut
1333 3775 1638 3838 dominum,
1681 3781 1736 3827 ct
1789 3779 1848 3824 ut
1907 3769 2028 3824 ﬁdei

453 3872 788 3930 consortem,
820 3873 874 3931 et
932 3873 991 3930 ut
1037 3873 1242 3936 patrem
1265 3867 1346 3932 ";
1392 3881 1499 3921 non
1531 3875 1790 3936 tanquam
1839 3878 2030 3919 servus

453 3959 708 4020 simulate
739 3966 793 4026 et
848 3957 916 4011 ad
965 3959 1184 4013 oculum
1237 3959 1573 4024 serviens",
1624 3957 1720 4014 sed
1767 3965 2028 4026 tanquam

454 4050 660 4118 domini
708 4065 922 4112 amans,
973 4051 1154 4105 sciens
1212 4048 1384 4104 Deum
1425 4051 1475 4105 ei
1528 4051 2026 4104 remunerationem

453 4143 749 4211 famulatus
772 4144 1202 4213 persoluturum.
1237 4141 1501 4198 Similiter
1537 4142 1794 4199 dominus
1825 4143 1918 4213 qui
1948 4141 2028 4195 l‘a-

454 4235 662 4290 mulum
703 4236 949 4306 possidet
977 4235 1212 4298 ﬁdelem,
1259 4237 1411 4290 salvo
1435 4236 1582 4291 illius
1635 4234 2027 4302 famulatu,di-

2136 3223 2165 3276 6
2194 3221 2378 3286 δοῦλος
2408 3219 2620 3274 εὖνοιαν
2676 3219 2978 3291 εἰσφερέτω
3008 3218 3144 3289 πρὸς
3173 3216 3284 3288 (56)
3315 3216 3406 3269 τὸν
3435 3215 3718 3286 δεσπότην,

2140 3315 2278 3386 μετά
2307 3313 2470 3384 φόϐου
2499 3313 2657 3376 Θεοῦ,
2689 3311 2789 3365 κᾶν
2819 3310 3042 3382 ἀσεϐὴς,
3071 3310 3173 3367 κᾶν
3203 3309 3444 3380 πονηρὸς
3463 3307 3684 3380 ὑπάρχῃ
3703 3323 3717 3337 .

2134 3407 2320 3461 οὐκέτι
2388 3405 2574 3476 μέντοι
2630 3405 2725 3458 καὶ
2771 3403 3023 3474 ὁμόνοιαν
3069 3400 3208 3456 κατά
3243 3402 3343 3472 τὴν
3389 3399 3716 3472 θρησκείαν·

2135 3502 2228 3554 καὶ
2246 3501 2274 3552 ὁ
2304 3500 2570 3570 δεσπότης
2594 3498 2865 3568 ἀγαπάτω
2908 3496 2998 3550 τὸν
3029 3495 3246 3564 οἰκέτην
3270 3512 3285 3526 ο
3326 3493 3433 3548 κᾶν
3471 3486 3720 3563 διάφορος

2132 3588 2188 3666 ᾗ,
2221 3591 2282 3645 τὺ
2315 3591 2428 3649 ἴσον
2456 3591 2712 3661 κρινέτω,
2743 3590 2777 3661 ἢ
2809 3589 2943 3643 καθὸ
2973 3589 3086 3660 (57)
3135 3588 3424 3658 ἄνθρωπος
3457 3586 3717 3655 ὑπάρχει·

2132 3684 2160 3735 6
2189 3683 2246 3736 δὲ
2293 3682 2484 3737 πιστδν
2531 3682 2669 3753 ἔχων
2710 3681 2998 3753 δεσπότην,
3056 3678 3374 3752 σωζομένης
3422 3677 3576 3749 αὐτῷ
3625 3677 3718 3746 τῆς

2133 3775 2350 3847 κυρίας,
2380 3774 2672 3843 ἀγαπάτω,
2706 3775 2800 3828 καὶ
2834 3774 2910 3837 ὡς
2955 3773 3244 3845 δεσπότην,
3280 3772 3377 3826 καὶ
3407 3771 3484 3835 ὠς
3529 3769 3718 3841 ὀμόπι-

2135 3885 2280 3931 στον,
2337 3868 2433 3921 καὶ
2461 3867 2538 3932 ὡς
2584 3866 2828 3937 πατέρα·
2882 3860 2956 3937 μή
3003 3866 3081 3928 ὡς
3124 3862 3579 3935 όφθαλμὸδουλος,
3611 3860 3716 3914 ἀλλ’

2135 3959 2212 4022 ὼς
2241 3958 2640 4028 φιλοδέσποτος,
2674 3956 2849 4020 εἰδὼς,
2879 3959 2961 4010 ὅτι
2989 3958 3018 4008 6
3048 3957 3182 4022 Θεὸς
3213 3955 3363 4026 αύτῷ
3391 3955 3493 4026 τὴν
3527 3952 3716 4025 μισθα-

2135 4052 2388 4106 ποδοσίαν
2417 4051 2664 4105 ἀποτίσει
2722 4051 2823 4120 τῆς
2878 4049 3204 4121 ὑπηρεσίας.
3248 4047 3530 4110 Ὡσαύτως
3575 4047 3665 4099 καὶ
3690 4046 3722 4115 6

2134 4144 2324 4216 κύριος
2354 4145 2382 4197 6
2412 4141 2604 4197 πιστὸν
2637 4143 2774 4213 ἔχων
2803 4142 3041 4213 οἰκέτην,
3098 4140 3416 4211 σωζομένης
3442 4137 3593 4208 αὐτῷ
3620 4137 3716 4205 τῆς

2135 4236 2453 4309 θεραπείας,
2484 4235 2751 4304 ἀγαπάτω
2779 4235 2856 4297 ὡς
2884 4235 3020 4299 υἱὸν,
3052 4233 3086 4304 ἢ
3122 4233 3200 4296 ὡς
3225 4231 3478 4301 ἀδελφὸν,
3507 4229 3597 4284 διά
3622 4227 3714 4300 τὴν

456 4329 586 4398 ligat
613 4344 735 4385 eum
768 4319 919 4384 velut
965 4328 1157 4392 ﬁlium,
1208 4335 1304 4382 aut
1341 4329 1487 4383 velut
1529 4327 1776 4393 fratrem,
1808 4335 2031 4398 propter

2141 4330 2232 4400 τῆς
2258 4328 2492 4392 πίστεως
2520 4327 2828 4383 κοινωνίαν.

458 4423 582 4479 ﬁdei
611 4423 975 4484 consortium.

525 4579 572 4611 “
602 4578 764 4634 Prov.
799 4596 950 4640 xxix,
979 4580 1139 4632 l7.et
1181 4593 1296 4643 xIx,
1335 4580 1431 4643 18;
1461 4587 1514 4636 ct
1550 4579 1820 4640 ΧΧ111,Μ.
1897 4581 1939 4612 ⁸⁷
1970 4579 2050 4634 Ριη

2166 4579 2402 4643 χιιι,2ι.
2482 4580 2527 4614 ⁸³
2567 4578 2735 4634 Eccli.
2787 4595 2918 4634 xxx.
2974 4576 3060 4630 12.

454 4648 502 4731 ξς
533 4649 640 4731 (IL,
665 4651 829 4731 epist.
855 4652 920 4706 ad
943 4650 1201 4731 J_acob.c.
1231 4649 1282 4704 7.
1358 4651 1401 4681 τι
1432 4650 1633 4720 Ephes.
1656 4667 1732 4719 vt,
1755 4651 1816 4716 5;
1843 4648 1860 4702 l
1885 4649 2002 4706 Pet.
2036 4666 2050 4703 ι

2141 4653 2223 4708 18.

453 4719 573 4775 Col.
606 4719 792 4786 1.11.22

3169 4576 3214 4608 "
3237 4574 3404 4628 Prov.
3429 4587 3591 4632 ultr,
3617 4572 3701 4623 2n.

2327 4653 2372 4681 "'
2397 4648 2516 4705 Col.
2550 4667 2624 4716 ιν,
2657 4650 2716 4717 ι;
2771 4647 2955 4721 ΙΤὶιιι.
2981 4662 3054 4712 vl,
3076 4646 3133 4701 2.
3244 4645 3292 4676 ⁷³
3319 4644 3519 4726 pres.
3552 4639 3703 4697 νι.6.

1783 4891 2148 4950 VARIORUM
2182 4891 2416 4949 NOTAE.

534 5052 642 5124 (49)
673 5053 891 5119 Οὕτως.
949 5053 1109 5108 Deest
1159 5051 1218 5107 in
1247 5052 1439 5115 altero,
1487 5065 1586 5110 nec
1628 5065 1762 5105 sane
1788 5065 1856 5106 eo
1885 5066 2023 5120 opus

907 5195 1056 5269 Alias
1081 5215 1095 5250 :
1120 5197 1296 5269 Πάλιν
1320 5194 1484 5269 σοφός
1509 5210 1591 5269 τις
1623 5193 1830 5265 ἕτερος,
1864 5205 2044 5269 recte;

454 5263 582 5322 nam
621 5263 998 5334 EccleSiastici
1047 5279 1240 5323 auctor
1283 5266 1373 5321 hic
1400 5263 1861 5328 laudatum'non
1891 5263 2048 5319 Salo-

455 5337 948 5489 l'f?gl)lzapyoi¢.
977 5407 1062 5461 Al.
1103 5405 1396 5489 :_rti.qyaig
1439 5409 1535 5461 καὶ
1593 5403 2046 5489 δαρμοῖς.ηῌ6ξγ·

455 5475 660 5550 ςΙιὶιιετ
699 5475 1069 5550 Σπαράγμασι
1091 5495 1104 5509 ο
1139 5475 1378 5549 ξεσμοίς,
1407 5475 2046 5550 ταραχαῖς“,’ἀπο6ολαῖς,

453 5549 703 5621 δαρμοίξς.
727 5547 786 5621 S_.
819 5547 1120 5621 Mait'imus,
1141 5547 1400 5621 (lenturia
1431 5547 1590 5621 4,942
1608 5548 1889 5621 Chai-itote,
1923 5563 2046 5621 cap.

453 5613 674 5690 81'5de
704 5619 805 5690 τὴν
822 5620 1044 5689 ἀγάπην
1061 5619 1281 5684 λύοντα,
1305 5619 1410 5673 εἰσὶ
1433 5613 1608 5672 ταῦτα
1631 5635 1644 5648 ο
1675 5613 1808 5690 οἷον,
1829 5613 2047 5690 ἀτιμία,

455 5689 649 5766 ζημία,
689 5688 1044 5766 συκοφαντία,
1080 5691 1232 5766 ﬂuet;
1263 5691 1523 5766 πίστιν,ἢ
1559 5693 1639 5753 εἰς
1666 5689 1798 5759 βίον,
1823 5688 2047 5760 δαρμοὶ,

457 5761 682 5832 πληγαὶ,
719 5761 812 5814 καὶ
843 5761 909 5813 τὰ
941 5760 1084 5830 ἑξῆς.
1124 5761 1261 5816 (Zur.

2203 5051 2316 5193 252;
2343 5053 2642 5122 ’Υμέτερω
2670 5055 2822 5108 Alter
2835 5054 2964 5124 legit
2983 5052 3178 5114 melius
3201 5053 3503 5125 ἡμετέρας.
3539 5052 3701 5107 Cum.

2224 5121 2294 5176 55
2349 5124 2806 5190 Παραδιδόντες.
2858 5123 3003 5193 Idem
3060 5123 3212 5178 addit
3241 5142 3255 5178 :
3317 5121 3662 5176 θεόπνευστον
3687 5137 3701 5153 ·

2224 5121 2315 5190 55)
2349 5124 2806 5190 Παραδιδόντες.
2858 5121 3003 5179 Idem
3060 5121 3255 5178 additi
3317 5121 3701 5176 θεόπνευστον·

2130 5193 2312 5264 ἄνεσιν
2341 5194 2525 5256 αὐτοῖς
2553 5193 2626 5264 μὴ
2657 5195 2908 5264 διδόντες.
2941 5192 3018 5248 lo.

2226 5261 2314 5333 54)
2344 5261 2733 5333 Ιέιναιὶένλων.
2767 5263 2911 5318 Idem
2945 5264 3105 5321 habet
3137 5263 3358 5332 γονέων.
3389 5261 3465 5319 In.

2335 5331 2854 5404 Πορνοκόπαλίιιιτι
2872 5349 3010 5404 vox,
3027 5350 3150 5404 qua:
3167 5343 3351 5389 tamen
3387 5333 3528 5404 apud
3538 5331 3702 5402 Hesy-

2207 5351 2854 5404 toaprop-oxoxantara
2885 5351 3010 5396 vox,
3069 5351 3150 5388 ua:
3167 5351 3351 5389 tamen
3387 5351 3524 5404 apua
3538 5351 3695 5402 nesy-

2134 5401 2318 5474 citium
2369 5409 2566 5474 exstat.
2618 5403 2725 5457 Pro
2762 5403 2990 5474 ζεούσης
3019 5351 3210 5474 mallet
3264 5405 3401 5460 alter
3432 5402 3552 5474 cod.
3582 5419 3695 5474 νεα-

2136 5471 2383 5547 ζώσης-,ᾳ
2414 5473 2559 5547 quod
2602 5475 2886 5547 glossema
2940 5471 3186 5537 redolet;
3228 5483 3287 5547 _et
3341 5492 3442 5547 pm
3471 5473 3565 5539 ἔθη
3589 5472 3702 5526 haec

2136 5542 2301 5613 verba
2335 5543 2460 5613 ἔθνη
2489 5543 2626 5606 αὐτά
2660 5545 2778 5613 μέν,
2814 5544 2996 5598 minus
3031 5552 3194 5600 recte.
3227 5543 3305 5599 In.

2210 5612 2322 5680 (56)
2352 5612 2524 5680 Πρός.
2561 5612 2737 5675 Εἰςὶιι
2767 5613 2939 5668 altero
2967 5629 3072 5680 ms.
3101 5615 3176 5668 In.

2211 5677 2323 5751 (57)
2368 5677 2445 5754 “ll
2471 5677 2633 5754 acadd.
2669 5683 2767 5739 Ms.
2813 5683 2952 5742 alter
2983 5677 3038 5754 ᾖ,
3072 5686 3250 5740 deleto
3302 5683 3452 5737 καθὸ.
3489 5682 3694 5738 Alteruo.

2141 5760 2282 5805 trum
2316 5753 2529 5808 suﬁicit.
2569 5753 2645 5806 In.
