3828 6348
88 372 169 429 89.9
930 360 1540 426 'CONSTITUTIONES
1575 364 2257 424 APOSTOLICE.—LIB.
2298 364 2341 419 Υ
2353 407 2366 422 .

3154 363 3264 420 850

82 487 157 543 καὶ
178 484 248 549 είς
273 480 679 555 μισθαποδοσίαν
698 480 810 555 (67)
822 481 928 535 τῶν
958 484 1327 556 στρατιωτῶνο
1361 484 1447 538 ῖνα
1479 484 1599 537 ελα-

1708 491 1789 537 tur
1811 489 1865 538 et
1893 496 2037 538 curae
2066 481 2361 545 habeatur;
2396 484 2457 533 ut
2484 487 2746 549 quantum
2767 477 2823 532 in
2842 477 3000 534 vobis
3024 485 3130 541 est,
3153 494 3271 540 noti.

82 576 254 649 φῳνθῇ
289 575 379 628 καὶ
410 572 720 644 ἐπιμελείας
753 573 891 646 τύχῃ
913 591 926 605 ·
973 576 1040 628 ἵν’
1060 576 1182 630 ὅσον
1236 574 1299 629 τὸ
1343 577 1426 645 ἐφ’
1446 576 1600 646 ὑμῖν,

86 670 141 739 μὴ
164 666 387 737 θλίῦηται
410 667 438 718 ὁ
469 664 734 736 μακάριος
770 665 996 733 ἀδελφὸς
1039 666 1211 736 ὑμῶν.
1266 665 1324 719 '0
1373 664 1480 736 γὰρ
1514 664 1603 718 διὰ

80 762 126 813 τὸ
154 759 299 829 ὄνομα
334 757 538 828 Κυρίου
573 757 669 809 τοῦ
724 756 857 810 Θεοῦ
895 757 1413 829 καταδικαζόμενος,
1450 747 1605 820 οὗτος

86 851 254 922 μάρτυς
286 849 455 917 ἅγιος,
502 848 726 916 ἀδελφὸς
769 848 861 901 τοῦ
902 850 1128 919 Κυρίου,
1174 850 1287 913 υίὸς
1315 849 1410 903 τοῦ
1450 849 1603 919 Ὑψί-

85 960 204 1007 στου,
238 942 429 1010 δοχεῖον
462 940 556 992 τοῦ
594 940 748 1008 ἁγίου
796 940 1136 1011 Πνεύματος,
1192 941 1259 994 δι’
1278 938 1339 994 οὗ
1392 943 1486 995 καὶ
1514 941 1605 997 τὸν

85 1032 312 1104 φωτισμὸν
361 1034 459 1103 τῆς
511 1032 666 1104 δόξης
709 1031 803 1085 τοῦ
851 1032 1003 1101 ἁγίου
1042 1033 1369 1102 Εὐαγγελίου
1419 1034 1605 1087 ἔλαὸεν

83 1126 266 1185 ἕκαστος
290 1123 393 1175 τῶν
410 1123 614 1176 πιστῶν
630 1140 643 1153 ·
666 1126 722 1175 ἐν
749 1124 827 1194 τῷ
849 1124 1250 1195 καταξιωθῆναι
1269 1124 1363 1177 τοῦ
1392 1123 1604 1196 ἀφθάρ-

84 1238 152 1271 του
178 1216 272 1290 (68)
304 1216 585 1286 στεφάνου,
618 1216 714 1269 καὶ
740 1218 839 1287 τῆς
869 1216 1172 1288 μαρτυρίας
1199 1217 1307 1268 τῶν
1345 1214 1489 1287 παθη
1500 1216 1604 1287 μά-

85 1329 164 1364 των
197 1308 372 1373 αΰτοῦ,
412 1308 508 1360 καὶ
543 1308 641 1379 τῆς
678 1307 962 1370 κοινωνίας
996 1307 1090 1359 τοῦ
1128 1307 1358 1377 αἵματος
1408 1306 1602 1375 αὐτοῦ,

87 1400 498 1472 σδμμορφωθῆναι
534 1399 613 1470 τῷ
653 1399 865 1469 Θανάτῳ
902 1398 996 1451 τοῦ
1036 1397 1274 1470 Χριστοῦ
1312 1399 1392 1461 είς
1428 1398 1605 1449 υἱοθε-

88 1495 191 1545 σὶαν.
226 1491 413 1545 Τούτου
452 1488 545 1545 οὖν
581 1491 764 1544 ἕνεκεν
799 1492 1037 1552 ἅπαντες
1070 1491 1120 1543 οί
1159 1490 1358 1555 πιστοὶ,
1398 1488 1487 1542 διὰ
1512 1489 1606 1542 τοῦ

85 1583 331 1635 ἐπισκόπου
371 1582 545 1652 ὑμῶν,
588 1584 651 1634 ἐκ
686 1582 792 1633 τῶν
829 1581 1182 1652 ὑπαρχόντων
1220 1579 1373 1650 ὑμῶν
1410 1580 1502 1633 καὶ
1542 1580 1606 1633 ἐκ

85 1674 156 1727 τοῦ
189 1674 337 1727 κόπου
372 1674 723 1743 διακονήσατε
768 1676 881 1735 τοῖς
918 1673 1111 1741 ἁγίοις.
1153 1673 1216 1725 El
1262 1672 1320 1725 δὲ
1359 1672 1457 1725 οὐκ
1493 1671 1608 1743 ἔχει

84 1783 169 1831 τις,
198 1765 505 1836 νηστεύσας,
546 1765 607 1816 τὸ
642 1766 741 1835 τῆς
777 1765 990 1835 ἡμέρας
1021 1764 1115 1816 καὶ
1155 1763 1409 1835 μερίσας,
1450 1764 1607 1818 τοῦτο

1709 575 1977 646 amigatur
2006 574 2199 629 beatus
2223 572 2392 626 frater
2420 577 2625 627 vester.
2646 570 2751 636 Qui
2774 570 2919 625 enim
2949 571 3021 626 ob
3047 569 3271 630 Domini.

1705 666 1799 723 Dei
1842 682 2041 722 nomen
2070 666 2486 729 condemnatur,
2530 664 2619 718 hic
2649 672 2735 719 est
2776 670 3009 719 sanctus,
3029 673 3264 734 martyr,

1707 758 1876 815 frater
1896 759 2133 823 Domini,
2168 758 2316 813 ﬁlius
2341 756 2630 820 Altissimi,
2660 757 3065 825 receptaculum
3089 757 3272 815 sancti

1706 852 1829 923 (per
1859 868 2021 924 quem
2052 851 2504 905 illuminationem
2533 849 2717 920 gloria:
2769 850 2944 905 sancti
2987 849 3271 921 Evangelii

1706 952 2033 1015 acceperunt
2060 943 2259 1013 singuli
2295 942 2483 997 fideles
2510 942 2591 1013 ⁷⁸)
2626 940 2892 1011 Spiritus;
2912 942 3043 1012 quia
3069 941 3272 1012 dignus

1704 1037 1924 1093 habitus
1950 1043 2034 1091 est
2060 1037 2378 1104 incorrupta
2398 1048 2599 1089 corona
2625 1033 2694 1099 ⁸⁰,
2718 1042 2773 1088 et
2801 1034 3113 1091 testimonio
3142 1049 3270 1103 pas-

1706 1131 1923 1186 sionum
1953 1128 2160 1184 Christi
2191 1129 2258 1192 ⁸⁸,
2289 1135 2343 1183 et
2373 1128 2635 1183 societate
2680 1127 2964 1197 sanguinis
3005 1127 3127 1197 ejus
3146 1166 3162 1191 ,
3210 1136 3271 1185 ut

1706 1224 1885 1293 ipsius
1935 1223 2100 1277 morti
2149 1221 2581 1292 configuraretur
2616 1221 2672 1274 in
2716 1220 3061 1290 adoptionem
3088 1220 3154 1273 ⁸¹.
3187 1217 3271 1277 0b

1706 1315 1850 1370 hanc
1885 1314 2053 1386 igitur
2075 1328 2324 1378 causam,
2361 1329 2551 1369 omnes
2584 1313 2789 1378 ﬁdeles,
2820 1329 2919 1383 per
2951 1314 3270 1384 episcopum

1706 1414 1979 1471 vestrum,
2022 1422 2088 1461 ex
2126 1405 2325 1461 vestris
2364 1405 2523 1460 bonis
2558 1420 2622 1460 ac
2667 1405 2964 1469 laboribus,
3001 1404 3272 1461 submini.

1708 1505 1880 1554 strate
1903 1498 2129 1554 sanctis.
2162 1497 2315 1564 Quod
2346 1498 2393 1552 si
2423 1499 2547 1568 quis
2571 1513 2683 1553 non
2711 1498 2928 1563 habeat,
2954 1497 3187 1567 jejunet,
3214 1506 3273 1556 et

1707 1590 1888 1645 cibum
1920 1589 2041 1660 ejus
2069 1590 2173 1645 diei
2217 1589 2474 1659 partitus,
2519 1589 2757 1645 destinet
2786 1589 3013 1646 sanctis.
3051 1588 3110 1644 Si
3143 1590 3271 1661 quis

1708 1692 1889 1739 autem
1916 1683 1973 1737 in
2005 1682 2338 1738 abundantia
2378 1691 2652 1747 versatur,
2700 1682 2823 1751 plus
2851 1682 3036 1747 etiam,
3072 1698 3272 1737 secun-

1708 1774 1837 1829 dum
1880 1774 2285 1845 proportionem
2337 1772 2613 1828 facultatis
2651 1789 2783 1837 suae,
2818 1775 2899 1829 eis
2931 1774 3266 1844 suppeditet.

86 1859 313 1922 ἑκταξάτω
340 1860 447 1919 τοῖς
468 1856 664 1924 ἁγίοις.
687 1857 748 1908 El
768 1856 824 1908 δέ
850 1873 933 1919 τις
960 1856 1017 1908 ὲν
1039 1855 1321 1926 περιουσίᾳ
1350 1856 1603 1927 ὑπάρχει,

1708 1884 1827 1942 Jam
1852 1902 1983 1942 vero
2004 1886 2050 1941 si
2082 1891 2259 1956 potest
2290 1882 2487 1937 tradita
2514 1884 2663 1938 omni
2687 1885 2993 1941 substantia
3027 1901 3147 1952 sua,
3172 1901 3270 1941 eos

88 1951 158 2003 καὶ
186 1949 344 2002 πλεῖόν
386 1966 437 2000 τι
468 1946 613 2001 κατά
651 1946 939 2014 ἀναλογίαν
979 1947 1077 2016 τῆς
1118 1946 1399 2016 δυνάμεως
1435 1946 1601 1999 αὐτοῦ

87 2042 340 2094 διακονείτω
352 2041 550 2103 αὐτοῖς.
582 2040 644 2091 Et
674 2038 729 2090 δὲ
759 2039 851 2091 καὶ
878 2032 985 2101 οἷός
1011 2037 1072 2090 τέ
1105 2038 1248 2090 ἐστιν
1276 2039 1489 2092 ἅπαντα
1515 2038 1606 2091 τὸν

91 2133 175 2202 βίον
194 2133 362 2185 ἐαυτοῦ
374 2131 706 2201 ἀποδόμενος
722 2129 982 2202 ῥύσασθαι
994 2130 1189 2192 αὐτοὺς
1204 2130 1266 2181 ἐκ
1290 2129 1383 2181 τοῦ
1399 2129 1608 2199 δεσμω-

88 2226 253 2295 τηρίου,
291 2225 551 2296 μακάριος
588 2223 761 2288 ἔσται,
802 2223 896 2277 καὶ
932 2222 1083 2291 φίλος
1124 2221 1217 2275 τοῦ
1258 2220 1514 2293 Χριστοῦ.
1542 2221 1606 2275 Et

91 2317 169 2386 γὰρ
189 2320 213 2369 ὁ
236 2317 295 2372 τά
322 2317 634 2387 ὑπάρχοντα
663 2318 896 2385 πτωχοῖς
922 2315 1066 2380 δοὺς,
1095 2314 1315 2382 τέλειος,
1344 2314 1482 2385 μετά
1506 2315 1605 2387 τὴν

92 2408 304 2478 περὶτῶν
348 2408 501 2461 θείων
535 2408 736 2476 γνῶσιν
775 2406 923 2477 (69)·
965 2405 1143 2476 πολλῷ
1183 2406 1378 2477 μᾶλλον
1407 2407 1437 2460 ό
1465 2406 1606 2477 ὑπὲρ

94 2500 346 2572 μαρτύρων.
394 2504 452 2554 ὐ
490 2500 604 2572 γὰρ
645 2499 911 2563 τοιοῦτος,
951 2497 1099 2562 ἄξιος
1135 2496 1269 2550 Θεοῦ
1326 2497 1603 2569 ὑπάρξας,

91 2591 311 2663 πληρώσει
335 2593 392 2645 τὸ
421 2592 633 2662 θέλημα
662 2590 845 2656 αὐτοῦ,
874 2591 1185 2661 χορηγήσας
1202 2589 1447 2657 ἐκείνοις,
1476 2590 1608 2644 οῖτι-

91 2702 156 2746 νες
177 2686 311 2738 αὺτὸν
336 2685 691 2755 ὡμολόγησαν
716 2683 944 2737 ἐνώπιον
974 2680 1162 2748 ἐθνῶν,
1190 2681 1285 2734 καὶ
1316 2680 1604 2750 βασιλέων,

92 2775 189 2826 υἱῶν
211 2792 261 2827 τε
299 2775 527 2847 Ἰσραὴλ,
549 2774 676 2846 περὶ
702 2768 776 2827 ὧν
794 2776 824 2827 ὁ
842 2774 1046 2844 Κύριος
1066 2772 1380 2843 ἀπεφήνατο
1405 2771 1598 2840 λέγων’

96 2868 213 2929 ιὐς
239 2866 295 2919 ἂν
318 2866 625 2938 ὁμολογήσῃ
662 2867 717 2917 ἐν
755 2866 877 2935 ἐμοὶ
917 2862 1218 2935 ἔμπροσθεν
1256 2861 1362 2915 τῶν
1400 2860 1609 2933 ἀνθρώ-

92 2971 202 3020 πων,
239 2956 541 3028 ὁμολογήσω
569 2954 721 3024 κάγὼ
756 2956 814 3008 ἐν
853 2954 1000 3025 αὐτῷ
1039 2954 1342 3026 ἔμπροσθεν
1370 2953 1464 3007 τοῦ
1491 2953 1607 3006 Πα-

92 3048 185 3115 τρός
211 3065 297 3117 μου
327 3048 449 3118 (70).
490 3067 509 3099 ι
547 3048 657 3101 Kal
687 3050 735 3101 εί
763 3047 988 3100 τοιοῦτοί
1033 3050 1199 3113 εἰσιν,
1247 3048 1323 3110 ὼς
1360 3046 1454 3099 καὶ
1502 3044 1607 3099 ὑπὸ

92 3140 277 3208 Χριστοῦ
303 3142 388 3194 ἐπὶ
411 3140 505 3194 τοῦ
539 3141 748 3211 [ἰατρὸς
778 3142 971 3204 αὐτοὺς
1006 3139 1414 3212 μαρτυρεῖσθαι,
1448 3139 1607 3210 ὑμεῖς

92 3233 163 3284 οὐκ
175 3233 386 3300 ὀφείλετε
398 3233 817 3303 ἐπαισχυνθῆναι
828 3232 1042 3286 ἀπιέναι
1062 3233 1197 3304 πρὸς
1217 3232 1411 3294 αὐτοὺς
1423 3232 1480 3284 ἐν
1490 3232 1607 3296 ταῖς

93 3322 324 3389 φυλακαῖς.
359 3326 528 3379 Τοῦτο
564 3325 672 3398 γὰρ
707 3324 1045 3395 ποιησάντων
1082 3324 1263 3395 ὑμῶν,
1314 3322 1607 3394 μαρτύριον

95 3412 190 3482 ὑμῖν
203 3414 563 3487 λογισθήσεται
587 3434 600 3446 ·
631 3418 712 3470 ὅτι
741 3416 966 3480 ἐκείνοις
997 3416 1095 3486 μὲν
1124 3418 1287 3488 πεῖρα
1313 3416 1374 3468 τὸ
1405 3414 1608 3487 μαρτύ-

95 3522 178 3573 ριον
214 3506 460 3579 ὑπῆρξεν,
500 3510 630 3579 ὑμῖν
667 3508 724 3561 δὲ
763 3509 964 3579 ἑτέρως
1001 3504 1143 3578 (Ἡ),
1184 3506 1485 3578 προθυμία,
1532 3505 1608 3570 ὡς

91 3600 308 3662 κοινωνοῖς
335 3600 429 3670 τῆς
453 3598 733 3670 ἀθλήσεως
760 3599 955 3652 αὐτῶν.
986 3599 1147 3668 Λέγει
1174 3598 1282 3670 γάρ
1311 3615 1412 3651 που
1439 3600 1467 3651 ὁ
1496 3596 1609 3651 Κύ-

94 3706 179 3758 ριος
202 3690 318 3763 πρὸς
342 3693 464 3756 τοὺς
490 3691 786 3759 τοιούτους,
818 3690 1039 3761 φάσκων
1061 3707 1076 3723 ’
1114 3710 1134 3742 ‹
1172 3688 1333 3743 Δεῦτε
1369 3690 1418 3742 οἱ
1455 3688 1605 3741 εὐλο-

92 3783 270 3849 γημένοι
300 3783 387 3836 τοῦ
424 3783 636 3855 Πατρός
688 3800 787 3854 μου
804 3825 819 3849 ,
859 3782 1297 3855 κληρονομήσατε
1332 3779 1430 3851 τὴν
1459 3780 1606 3850 ήτοι-

94 3872 323 3945 μασμένην
377 3876 501 3946 ὑμῖν
565 3875 841 3946 βασιλείαν
893 3876 1001 3927 ἀπὸ
1037 3874 1337 3945 καταϐολῆς
1375 3873 1601 3944 κόσμου.

102 3962 341 4018 Ἐπείνασα
375 3968 502 4039 γὰρ,
548 3968 641 4021 καὶ
688 3964 925 4019 ἐδώκατέ
967 3983 1056 4036 μοι
1101 3966 1313 4034 φαγεῖν,
1345 3963 1602 4034 ἐδίψησα,

92 4055 163 4105 καὶ
189 4057 448 4112 ἐποτίσατέ
490 4076 579 4130 με,
629 4058 776 4123 ξένος
811 4059 979 4129 ήμην,
1013 4059 1108 4111 κα).
1139 4054 1474 4128 συνηγάγετέ
1513 4072 1602 4126 με,

92 4147 271 4214 ῖυμνδς,
291 4150 378 4203 καὶ
404 4149 753 4222 περιεϐάλετέ
786 4167 873 4220 με,
902 4148 1131 4218 ἀσθενὴς
1161 4147 1325 4219 ήμην,
1365 4146 1459 4199 κα)⁸
1487 4147 1607 4200 ἐπι-

94 4236 312 4305 σκέψασθε
342 4258 403 4310 με
421 4259 435 4272 ο
465 4243 523 4295 ἐν
553 4241 766 4311 φυλακῇ
797 4241 963 4311 ἥμην,
994 4240 1087 4292 καὶ
1120 4238 1311 4310 ἤλθετε
1340 4237 1477 4309 πρός
1511 4255 1598 4308 με.

94 4324 196 4379 Τότε
218 4329 652 4403 ἀποκριθήσονται
678 4332 824 4403 αὑτῷ
854 4332 903 4384 οἱ
933 4331 1149 4397 δίκαιοι,
1181 4330 1458 4399 λέγοντες·
1491 4330 1603 4393 Κύ-

96 4432 175 4481 ριε,
199 4421 309 4474 πότε
338 4441 393 4476 σε
422 4424 600 4495 ἴδομεν
630 4424 923 4489 πεινῶντα,
958 4422 1050 4476 καὶ
1085 4421 1420 4494 ἐθρέψαμεν,
1459 4420 1491 4492 ἢ
1520 4422 1601 4475 δι-

1706 1994 1772 2033 ex
1797 1994 2017 2033 carcere
2047 1978 2301 2041 liberare,
2330 1976 2521 2030 beatus
2552 1976 2676 2041 erit,
2708 1992 2771 2031 ac
2801 1977 3006 2032 Christi
3036 1978 3265 2032 amicus.

1704 2068 1837 2124 Nam
1862 2087 1985 2126 cum
2013 2070 2081 2133 is,
2101 2070 2191 2139 qui
2214 2069 2355 2123 bona
2377 2084 2473 2122 sua
2492 2068 2822 2137 pauperibus
2852 2068 2963 2134 dat,
2996 2068 3269 2138 perfectus

1706 2162 1778 2218 sit
1806 2164 1875 2228 ⁸⁸,
1909 2171 2030 2231 post
2061 2161 2428 2231 cognitionem
2478 2175 2660 2214 rerum
2704 2160 3047 2223 divinarum,
3098 2159 3270 2215 multo

1705 2255 1997 2326 perfectior
2017 2254 2120 2308 erit
2149 2252 2241 2323 qui
2274 2266 2372 2322 pro
2404 2254 2737 2323 martyribus
2760 2260 2955 2306 cuncta
2986 2253 3267 2323 largietur.

1707 2344 1989 2418 Siquidem
2042 2344 2152 2399 Deo
2198 2343 2397 2415 dignus
2438 2343 2701 2409 existens,
2747 2344 3083 2399 voluntatem
3146 2345 3269 2413 ejus

1704 2447 2054 2511 exsequetur,
2074 2436 2365 2508 praebendo
2394 2436 2462 2490 iis
2489 2436 2581 2505 qui
2604 2435 2853 2490 eumdem
2878 2436 3017 2505 apud
3053 2445 3265 2505 gentes,

1705 2540 1758 2587 et
1788 2548 1967 2603 reges,
2009 2538 2057 2585 et
2098 2528 2315 2583 lsraelis
2362 2527 2505 2582 filios
2536 2526 2772 2582 confessi
2822 2536 2949 2582 sunt
2987 2528 3054 2592 “,
3105 2542 3169 2581 ac
3202 2527 3270 2583 de

1706 2623 1904 2695 quibus
1933 2621 2196 2677 Dominus
2225 2620 2603 2690 pronuntiavit
2635 2619 2823 2675 dicens
2858 2636 2869 2671 :
2912 2638 2931 2671 ι
2968 2620 3071 2687 Qui
3100 2621 3269 2675 conﬂ-

1705 2727 1851 2775 tetur
1880 2734 1966 2773 me
2004 2731 2188 2772 coram
2219 2714 2555 2778 hominibus,
2582 2714 2883 2769 confitebor
2916 2724 2971 2769 et
3016 2729 3114 2784 ego
3142 2730 3267 2769 cum

1707 2827 1890 2869 coram
1921 2810 2083 2865 Patre
2109 2823 2230 2864 meo
2259 2808 2324 2861 ⁸⁵.
2364 2826 2382 2859 ι
2426 2806 2601 2877 Atque
2643 2806 2690 2862 si
2724 2806 2801 2859 illi
2834 2808 2974 2863 tales
3006 2814 3155 2871 sunt,
3208 2817 3268 2863 ut

1707 2905 2083 2962 testimonium
2130 2916 2160 2955 a
2211 2901 2430 2956 Christo
2484 2899 2625 2970 apud
2677 2898 2895 2954 Patrem
2921 2916 3268 2969 consequan-

1708 3006 1831 3066 tur;
1884 3012 1996 3052 non
2023 2995 2181 3050 debet
2202 2993 2407 3064 pudere
2431 3008 2547 3055 vos,
2582 2990 2649 3045 ad
2702 3007 2796 3047 eos
2848 2992 2906 3045 in
2955 2994 3269 3049 carceribus

1707 3093 1919 3165 positos
1950 3089 2228 3144 accedere.
2272 3088 2319 3121 ³⁸
2354 3084 2468 3139 Hoc
2496 3085 2640 3140 enim
2673 3100 2797 3139 cum
2841 3084 3083 3140 feceritis
3103 3125 3117 3149 ,
3168 3102 3271 3156 pro

1636 3196 1678 3255 ο
1710 3185 1975 3257 martyrio
1998 3182 2156 3239 vobis
2198 3180 2594 3250 imputabitur:
2637 3177 2897 3248 quoniam
2928 3178 3007 3232 illi
3048 3178 3268 3248 quidem

1707 3287 1976 3349 martyres
2060 3273 2281 3329 fuerunt
2328 3270 2693 3342 experiendo;
2748 3286 2849 3326 vos
2901 3284 3032 3325 vero
3079 3271 3267 3334 aliter,

1707 3385 1900 3441 nempe
1922 3369 2156 3422 alacrem
2182 3364 2487 3420 exhibendo
2511 3363 2863 3426 voluntatem,
2894 3371 2955 3416 ut
2976 3362 3270 3432 participes

1708 3460 2027 3518 certaminis
2058 3458 2297 3513 illorum.
2327 3453 2407 3509 Ad
2442 3454 2575 3508 tales
2608 3468 2840 3523 namque
2867 3453 2952 3508 his
2980 3454 3162 3509 verbis
3189 3453 3271 3508 lo-

1706 3557 1893 3627 quitur
1927 3534 2193 3607 Dominus
2227 3565 2239 3600 :
2278 3567 2297 3600 (
2325 3544 2539 3612 Venite,
2570 3545 2839 3601 benedicti
2889 3544 3069 3600 Patt‘is
3118 3544 3266 3608 mei,

1708 3648 1985 3721 possidete
2035 3652 2282 3715 paratum
2319 3639 2477 3694 vobis
2523 3654 2749 3709 regnum
2803 3652 2834 3691 a
2877 3637 3269 3692 constitutione

1706 3742 1917 3798 mundi.
1950 3736 2167 3795 Esurivi
2188 3734 2354 3798 enim,
2376 3740 2430 3788 et
2464 3731 2694 3787 dedistis
2733 3729 2867 3785 mihi
2895 3728 3266 3793 manducare;

1707 3857 1876 3921 sitivi,
1909 3864 1963 3911 et
1992 3852 2221 3909 dedistis
2248 3848 2381 3904 mihi
2403 3848 2588 3902 bibere
2614 3863 2633 3913 ;
2659 3846 2857 3916 hospes
2887 3859 3057 3907 eram,
3087 3851 3141 3899 et
3160 3845 3270 3899 col-

1706 3950 1914 4022 legistis
1931 3961 2048 4014 me;
2074 3943 2275 4005 nudus,
2301 3948 2355 3995 et
2376 3938 2670 4009 operuistis
2692 3951 2805 3991 me:
2827 3935 3075 3990 inﬁmus
3094 3950 3266 4001 eram,

1705 4052 1760 4100 et
1782 4040 2047 4101 visitastis
2087 4054 2175 4093 me
2211 4053 2226 4088 :
2258 4038 2312 4090 in
2351 4048 2573 4090 carcere
2616 4045 2797 4092 eram,
2842 4036 2895 4085 et
2941 4028 3167 4083 venistis
3199 4026 3269 4081 ad

1707 4151 1813 4195 me.
1846 4133 2000 4188 Tune
2022 4128 2429 4201 respondebunt
2456 4127 2502 4181 ei
2528 4124 2685 4195 justi,
2708 4121 2951 4175 dicentes
2976 4140 2990 4176 :
3016 4119 3265 4186 Domine,

1706 4226 1924 4299 quando
1954 4234 2008 4281 te
2027 4223 2263 4279 vidimus
2291 4220 2642 4280 esurientem,
2676 4222 2729 4270 et
2752 4214 3040 4284 pavimus?
3061 4221 3155 4267 aut
3186 4213 3267 4269 si-

1706 4322 1950 4383 tientem,
1983 4325 2036 4373 ct
2059 4315 2308 4372 dedimus
2336 4311 2563 4384 potum?
2586 4307 2815 4374 Quando
2838 4316 3018 4361 autem
3048 4315 3099 4361 te
3127 4306 3269 4360 vidi-

1706 4429 1829 4468 mus
1854 4409 2081 4474 nudum,
2114 4414 2167 4462 et
2189 4402 2611 4476 c00peruimus?
2652 4406 2745 4454 aut
2770 4398 3068 4461 infirmum,
3100 4404 3155 4451 et
3182 4397 3267 4451 vi-

93 4507 255 4579 ψῶντα,
288 4518 374 4570 ml
406 4490 761 4589 ἐποτίσαμεν;
804 4516 932 4569 πότε
968 4515 1025 4568 δέ
1064 4532 1123 4568 σε
1151 4490 1331 4585 ῖδομεν
1359 4490 1564 4584 γυμνὸν
1583 4556 1599 4579 ,

1708 4503 2024 4563 sitavimus?
2043 4499 2262 4571 quando
2281 4513 2413 4553 vero
2441 4502 2493 4551 te
2510 4494 2744 4549 vidimus
2766 4491 3055 4561 hospitem,
3083 4496 3138 4544 et
3153 4490 3267 4542 col-

96 4600 167 4650 xal
203 4606 609 4679 περιεϐάλομεν;
667 4608 700 4678 ἢ
742 4607 960 4677 ἀσθενῆ,
1006 4606 1103 4659 καὶ
1143 4604 1600 4675 ἐπεσκεψάμεθας

96 4689 194 4743 πότε
233 4695 283 4749 δέ
322 4715 376 4751 σε
418 4700 594 4769 ἴδομεν
636 4698 811 4764 ξένον,
863 4699 955 4752 καὶ
1009 4696 1423 4768 συνηγάγομεν;
1465 4694 1499 4767 ἦ
1544 4697 1601 4747 ὲν

95 4780 281 4855 φυλακῇ,
318 4792 405 4856 καὶ
444 4790 671 4861 ήλθομεν
714 4789 847 4861 πρὸς
884 4789 972 4853 σέ;
1003 4789 1112 4842 Kal
1147 4787 1463 4859 ἀποκριθεὶς
1490 4787 1606 4857 ἐρεῖ

96 4871 261 4939 αὖτοῖςσ
301 4880 406 4949 Ἐφ’
421 4883 543 4934 ὅσον
570 4883 859 4953 ἐποιήσατε
888 4881 967 4935 ἐν).
994 4879 1195 4933 τούτων
1224 4880 1331 4933 τῶν
1360 4878 1601 4947 ἀδελφῶν

100 4977 175 5027 μου
196 4968 288 5021 τῶν
311 4971 612 5042 ἐλαχίστων,
644 4975 765 5044 ἐμοὶ
791 4975 1096 5045 ἐποιήσατε.
1128 4975 1237 5029 Καὶ
1273 4973 1601 5039 ἀπελεύσον-

96 5066 164 5104 ται
184 5051 307 5114 οὗτοι
354 5066 429 5125 εἰς
468 5062 622 5135 ζωὴν,
651 5064 884 5121 αἰώνιον.
925 5067 1055 5135 Τότε
1095 5067 1212 5139 ἐρεῖ
1250 5065 1345 5133 καὶ
1383 5069 1494 5129 τοῖς
1540 5065 1600 5137 ἐξ

1707 4596 1970 4670 legimus?
2008 4594 2091 4649 vel
2122 4594 2178 4655 in
2219 4604 2461 4655 carcere,
2497 4595 2551 4642 et
2577 4585 2829 4640 venimus
2856 4582 2925 4637 ad
2960 4582 3056 4636 te?
3084 4579 3150 4639 Et
3179 4595 3266 4634 re-

1708 4689 1983 4761 spondens
2006 4688 2152 4753 dicet
2195 4685 2339 4740 illis:
2372 4682 2652 4750 Quatenus
2685 4676 2893 4733 fecistis
2943 4674 3039 4729 uni
3079 4688 3146 4728 ex
3176 4672 3263 4727 his

1703 4781 1966 4840 fratribus
1999 4778 2134 4835 meis
2163 4775 2426 4838 minimis,
2468 4772 2603 4828 mihi
2655 4768 2883 4825 fecistis.
2928 4764 2994 4818 Et
3020 4765 3176 4819 ibunt
3206 4764 3261 4818 hi

1703 4875 1757 4927 in
1782 4873 1946 4927 vitam
1976 4879 2254 4933 aeternam.
2288 4866 2441 4921 Tunc
2468 4867 2610 4920 dicet
2630 4872 2683 4920 et
2714 4865 2781 4919 iis
2828 4863 2919 4933 qui
2951 4877 2981 4915 a
3022 4859 3261 4916 sinistris

1702 4972 1864 5021 erunt
1897 4983 1910 5020 :
1946 4962 2213 5017 Discedite
2245 4975 2273 5013 a
2301 4975 2407 5023 me,
2442 4955 2735 5020 maledicti,
2769 4956 2824 5008 in
2875 4954 3054 5024 ignem
3103 4958 3261 5004 teter-

1702 5074 1855 5125 num,
1879 5057 1969 5131 qui
1989 5062 2212 5127 paratus
2234 5057 2317 5107 est
2340 5050 2554 5105 diabolo
2583 5057 2635 5102 et
2657 5046 2861 5115 angelis
2884 5046 3021 5116 ejus.
3042 5041 3258 5098 Esurivi

151 5212 244 5293 '1“
266 5216 379 5293 Cor.
407 5237 477 5293 tv,
500 5224 552 5293 4.
627 5224 673 5256 ³ο
704 5225 722 5278 Ι
751 5224 875 5278 Cor.
906 5240 982 5286 Ix,
1014 5224 1104 5293 25.
1180 5224 1223 5255 ⁸¹
1254 5223 1450 5293 Philip.
1485 5238 1569 5293 ιιι,

1767 5221 1813 5253 ³³
1840 5220 2035 5290 Ephes.
2069 5235 2109 5284 ι,
2134 5218 2189 5273 5.
2262 5216 2307 5249 ⁸³
2335 5214 2523 5271 Matth.
2547 5226 2658 5282 nx,
2682 5212 2772 5268 21.
2848 5211 2895 5243 ⁸⁸
2912 5210 3031 5265 Act.
3054 5223 3136 5276 Ix,
3167 5207 3254 5262 15.

99 5280 133 5311 ⁸⁸
156 5280 316 5343 Matth.
344 5306 394 5354 ι,
421 5280 527 5346 52(
580 5294 625 5325 ⁸⁸
648 5294 817 5365 lgnat.
857 5280 1111 5365 interpol.
1153 5294 1219 5348 ad
1254 5280 1472 5364 Smyrn.
1500 5280 1567 5347 9..
1591 5317 1608 5334 ι

1336 5446 1697 5503 VARIORUM
1732 5443 1964 5502 NOTAE.

152 5577 241 5659 (ἔτ)
273 5586 760 5659 Μισθααζοδοσίαν.
780 5586 928 5659 Alter
956 5583 1078 5659 cod.
1104 5582 1417 5659 θεραπείαν,
1439 5581 1593 5659 quod

99 5648 261 5731 tnellius.
268 5671 294 5731 ;.
301 5656 553 5731 stipendia
569 5659 711 5731 enim
730 5657 927 5731 milites
948 5670 981 5731 a_
998 5648 1211 5731 Caesare
1232 5648 1590 5731 accipiebant,

100 5716 317 5798 tednihil
337 5716 539 5790 vétalnat
564 5727 692 5796 quin
724 5743 753 5779 a
781 5724 1111 5798 Christianis
1142 5716 1367 5778 munera
1394 5722 1585 5781 obser-

100 5796 256 5868 “931$
283 5809 455 5868 Fati-“>8,
490 5801 808 5868 acciperent.
832 5796 995 5850 Cum.

154 5856 243 5929 (53)
288 5856 790 5935 hyadprovfbeest
814 5869 868 5922 iu
897 5868 1068 5922 altero
1098 5864 1302 5922 codice.
1330 5860 1407 5918 In.

1765 5579 1872 5649 (69)
1910 5579 2074 5633 Μετὰ
2100 5578 2220 5649 ehi:
2242 5554 2528 5649 saepiri)?
2554 5574 2725 5649 θείων
2746 5572 2989 5649 κινῶσιν.
3015 5569 3074 5625 In
3088 5570 3260 5625 altero

1690 5640 1813 5707 cod.
1844 5640 1984 5703 κατά
2002 5650 2099 5718 τὴν
2129 5640 2222 5699 τοῦ
2254 5640 2462 5718 κυρίου
2488 5640 2849 5718 διάταξινζίι).

1756 5722 1865 5790 (70)
1898 5709 2129 5786 ⁸Πατρός
2151 5733 2288 5790 μου.
2328 5709 2492 5790 Addit
2521 5714 2658 5767 alter
2698 5714 2869 5790 codex
2914 5710 3007 5766 τοῦ
3045 5712 3104 5766 ἐν
3147 5709 3261 5776 τοῖς

1696 5781 2046 5861 obpavoige't
2070 5781 2235 5861 paulo
2256 5794 2373 5861 post
2401 5783 2537 5861 ᾤστε
2567 5798 2663 5861 pro
2679 5784 2785 5861 ⁸ῶς.
2819 5781 2893 5861 In.

1769 5852 1877 5931 (71)
1928 5852 2179 5929 Ἑτέρως.
2212 5852 2497 5928 Antiquior
2522 5852 2645 5911 cod.
2676 5855 2828 5920 Oéwg.
2864 5852 2938 5909 In.
