3828 6352
54 278 148 335 835

951 259 1550 326 CONSTITUTIONES
1584 262 2266 324 APOSTOLICE.-—LIB.
2307 262 2373 320 V.

3184 272 3283 328 εει

54 405 162 462 γετε
190 392 271 454 εις
321 388 424 460 τὴν
474 387 640 460 ἀλλην
693 385 944 459 (75),51:t
998 386 1058 439 ὲν
1098 384 1176 457 τῷ
1204 384 1394 456 κόσμῳ
1437 381 1611 454 θλτψιν

1719 380 1866 434 niam
1895 379 1952 435 in
1979 379 2184 436 mundo
2206 393 2516 450 prcssuram
2552 377 2845 439 habebitis.
2874 366 3112 440 Tradent
3140 389 3286 446 enim

53 476 206 547 ἕξετε.
237 478 626 555 Παραδώσουσι
652 477 764 551 γὰρ
819 479 965 550 ὑμᾶς
1017 479 1098 542 τις
1142 477 1484 546 συναγωγὰς,
1523 475 1611 530 καὶ

1715 485 1816 528 vos
1860 471 1916 526 in
1955 487 2289 543 synagogas,
2325 479 2378 528 et
2419 471 2488 526 ad
2531 473 2792 542 praesides
2829 487 2894 529 ac
2932 491 3089 545 reges
3118 477 3287 534 duce-

51 575 131 628 ἑπὶ
173 572 444 644 ἡγεμόνας
481 572 576 625 καὶ
605 570 845 642 βασιλεῖς
879 567 1184 641 ἀχθήσεσθε
1230 568 1417 622 ἕνεκεν
1459 564 1615 638 ἐμοῦ,

51 669 120 729 εις
173 663 470 736 μαρτύριον
523 663 726 726 αὐτοῖς.
785 662 894 716 Καὶ
930 663 960 715 ὁ
1004 659 1302 732 ὑπομείνας
1336 662 1418 724 εις
1441 654 1615 724 τέλος,

52 753 187 818 οὗτος
223 756 548 827 σωθήσεται.
590 774 608 806 ι
661 753 720 806 '0
748 755 860 826 γὰρ
903 753 1152 824 διωχθεὶς
1180 753 1365 806 ἕνεκεν
1402 752 1502 823 τῆς
1529 751 1618 804 πι-

55 865 225 911 στεως,
256 850 352 901 καὶ
385 849 743 920 μαρτυρήσας
791 835 920 918 περὶ
947 845 1132 911 αὐτοῦ,
1161 846 1258 900 καὶ
1298 844 1613 916 ὑπομείνας,

51 933 188 1003 οὗτος
213 939 431 1011 ἀληθῶς
457 940 746 1011 ἄνθρωπος
772 938 929 993 Θεοῦ.

571 1032 966 1086 ΚΕΦΑΛΑῙΟΝ
1002 1034 1072 1085 A'.

55 1125 164 1178 ὀτι
188 1125 441 1196 φρικτὸν
467 1125 566 1179 καὶ
592 1125 882 1194 ὀλέθριον,
904 1125 969 1178 τὸ
998 1116 1307 1194 ἀρνεῖσθαι
1336 1124 1610 1193 Χριστόν.

120 1218 172 1270 'U
209 1218 268 1270 δὲ
325 1218 702 1290 ἀρνησάμενος
747 1217 937 1270 ἑαυτὸν
967 1216 1203 1289 Χριστοῦ
1250 1213 1409 1281 εἶναι,
1438 1216 1526 1271 διὰ
1552 1216 1614 1272 τὸ

56 1309 116 1379 μὴ
171 1310 445 1378 μισεῖσθαι
486 1308 590 1362 ὑπὸ
637 1307 960 1380 ἀνθρώπων,
992 1309 1222 1379 φιλήσας
1273 1309 1371 1380 τὴν
1417 1309 1611 1363 ἑαυτοῦ

53 1401 208 1470 φυχήν
255 1402 460 1472 μᾶλλον
521 1399 554 1472 ἢ
607 1402 700 1454 τὸν
739 1401 966 1472 Κύριον,
998 1393 1060 1453 οῦ
1106 1401 1140 1470 ἡ
1181 1399 1320 1472 πνοὴ
1360 1399 1523 1455 αὑτοῦ
1554 1401 1612 1453 ὲν

52 1493 177 1564 χειρὶ
217 1493 407 1546 αὐτοῦ·
450 1487 604 1556 οὗτος
657 1493 906 1557 ἐλεεινὸς,
937 1493 1118 1555 ἄθλιος
1148 1491 1282 1563 (76),
1310 1488 1385 1556 ὡς
1411 1492 1614 1564 ἐναγὴς

53 1585 131 1637 καὶ
167 1583 472 1655 βδελυκτός·
511 1585 662 1655 φίλος
707 1586 806 1657 μὲν
848 1584 1150 1658 ἀνθρώπων
1189 1585 1422 1658 θελήσας
1447 1581 1606 1650 εἶναι,

1717 564 1852 618 mini
1878 571 2102 634 propter
2131 579 2238 629 me,
2269 565 2325 618 in
2363 566 2734 621 testimonium
2771 567 2902 622 illis.
2939 566 3004 622 Et
3031 568 3125 639 qui
3163 585 3289 640 per-

1717 657 2051 712 severaverit
2099 671 2273 728 usque
2329 659 2386 712 in
2430 658 2614 722 ﬁnem,
2653 657 2743 712 hic
2789 660 2975 714 salvus
3018 661 3124 716 erit
3146 661 3212 718 ⁸⁸.
3259 681 3279 716 ι

1715 747 1850 802 Nam
1882 749 1976 819 qui
2010 749 2134 804 ﬁdei
2169 757 2299 821 ergo
2319 759 2515 821 passus
2543 757 2627 806 est
2655 755 3113 822 persecutionem,
3141 769 3194 812 et
3217 758 3286 814 de

1714 839 1937 897 Christo
1992 843 2369 898 testimonium
2431 843 2728 914 perhibuit,
2780 852 2834 901 et
2885 851 3282 918 perseveravit,

1713 931 1806 988 hic
1833 941 1919 988 est
1946 947 2072 990 vere
2101 934 2268 991 homo
2291 934 2409 990 Dei.

2315 1026 2543 1084 CAPUT
2590 1027 2681 1085 IV.

1715 1119 1869 1189 Quod
1923 1119 2239 1174 horrendum
2291 1137 2352 1174 ac
2386 1121 2600 1176 exitiale
2639 1123 2709 1176 sit
2757 1135 2942 1194 negare
2992 1123 3280 1179 Christum.

1782 1212 1885 1282 Qui
1925 1230 2054 1271 vero
2087 1230 2146 1269 se
2189 1212 2394 1269 Christi
2423 1229 2545 1269 esse
2577 1216 2873 1285 negaverit,
2912 1225 2970 1270 ut
3011 1217 3079 1272 ab
3107 1217 3288 1270 homi~

1713 1309 1874 1364 nibus
1910 1307 2036 1363 odio
2065 1322 2174 1362 non
2216 1307 2502 1372 habeatur,
2534 1306 2896 1377 dilexeritque
2945 1309 3119 1378 magis
3165 1311 3284 1364 ani-

1711 1415 1854 1455 mam
1886 1415 2042 1456 suam
2075 1411 2238 1470 quam
2267 1399 2557 1454 Dominum
2576 1400 2642 1462 ”,
2675 1400 2730 1454 in
2766 1401 2924 1468 cujus
2956 1416 3119 1454 manu
3148 1403 3285 1456 resi-

1709 1493 1799 1548 det
1831 1493 1992 1548 ﬂatus
2005 1491 2315 1563 ejus”;hic
2336 1492 2658 1548 miserabilis
2681 1501 2733 1547 et
2758 1493 2943 1549 infelix
2971 1501 3076 1558 est,
3096 1504 3286 1565 utpote

1708 1585 2062 1641 exsecrabilis
2105 1592 2160 1640 et
2194 1583 2626 1651 abominandus;
2673 1587 2765 1656 qui
2814 1587 3036 1654 quidem
3069 1588 3281 1642 amicus

51 1675 222 1746 ἐχθρὸς
265 1676 327 1730 δὲ
364 1677 460 1730 τοῦ
499 1676 652 1730 Θεοῦ·
703 1677 892 1748 μερίδα
919 1676 1099 1730 λαϐὼν
1124 1677 1306 1730 οὐκέτι
1339 1676 1476 1748 μετὰ
1499 1676 1608 1732 τῶν

1714 1675 2011 1746 hominum,
2054 1677 2230 1734 hostis
2284 1686 2465 1734 autem
2517 1678 2608 1732 Dei
2652 1695 2774 1734 esse
2802 1679 3005 1745 voluit;
3037 1683 3130 1750 qui
3173 1696 3283 1736 non

53 1768 222 1834 ἁγίων,
251 1768 394 1821 ἀλλὰ
423 1767 560 1839 μετά
584 1768 692 1822 τῶν
723 1769 1138 1841 κατηραμένων·
1199 1761 1318 1822 ἀντὶ
1346 1767 1458 1840 (77)
1504 1767 1606 1840 βα-

54 1857 232 1922 σιλείας
257 1860 662 1933 εὐλογημένων,
693 1861 936 1933 ποθήσας
965 1861 1024 1914 τὸ
1055 1861 1167 1933 πῦρ
1194 1861 1253 1914 τὸ
1284 1859 1523 1925 αἰώνιον,
1544 1861 1607 1916 τὺ

53 1951 432 2023 ἡτοιμασμένον
470 1952 548 2023 τῷ
593 1951 823 2024 διαϐόλῳ
866 1954 958 2008 καὶ
997 1955 1111 2018 τοῖς
1138 1955 1391 2023 ἀγγέλοις
1419 1952 1603 2011 αὐτοῦ·

52 2041 132 2112 οὐχ
171 2044 260 2096 ὑπ’
319 2043 622 2115 ἀνθρώπων
660 2044 741 2098 ἔτι
798 2043 1139 2118 μισούμενος,
1197 2047 1311 2101 ἀλλ’
1364 2044 1470 2101 ὑπὸ
1512 2046 1608 2101 τοῦ

53 2131 168 2186 θεοῦ
218 2133 565 2207 ἀπεωσμένος,
595 2137 688 2190 καὶ
728 2137 835 2191 ἀπὸ
863 2136 957 2191 τοῦ
1000 2136 1484 2209 προσώπουάῦτοῦ
1514 2139 1608 2192 ὲκ-

56 2225 388 2296 ὕεσλήμῶος.
422 2227 556 2299 Περὶ
595 2227 705 2300 γὰρ
747 2228 936 2282 τούτου
982 2229 1298 2302 ἀπεφήνατο
1325 2233 1354 2285 ὁ
1381 2231 1606 2304 Κύριος,

54 2314 219 2384 λέγων·
245 2319 474 2382 «Ὅστις
502 2320 794 2392 ἀρνήσεταί
828 2338 894 2393 με
925 2320 1231 2394 ἔμπροσθεν
1259 2322 1366 2376 τῶν
1396 2323 1608 2396 ἀνθρώ·-

57 2424 172 2472 πων,
200 2411 292 2463 καὶ
338 2411 680 2484 ἐπαισχυνθῇ
713 2411 823 2484 (78)
849 2413 910 2466 τὸ
937 2413 1110 2484 ὄνομά
1151 2432 1275 2485 μου,
1303 2415 1609 2487 ἀρνήσομαι

56 2501 194 2554 αὑτὸν
239 2502 402 2572 κάγὼ
457 2504 550 2557 καὶ
605 2504 1108 2577 ἐπαισχυνθήσομαι
1153 2505 1264 2577 (79)
1305 2505 1610 2578 ἔμπροσθεν

56 2591 133 2645 τοῦ
160 2595 385 2666 Πατρός
404 2613 504 2667 μου
550 2596 644 2649 τοῦ
688 2597 746 2649 ὲν
775 2597 1040 2668 οὐρανοῖς.
1082 2617 1100 2648 ι
1134 2597 1242 2651 Καὶ
1271 2597 1432 2651 πάλιν
1465 2598 1610 2668 λέγει

53 2683 146 2747 τοῖς
202 2685 472 2757 μαθηταῖς
522 2686 707 2752 αὑτοῦ,
735 2688 866 2759 ἡμῖν
911 2689 1111 2752 αὐτοῖς,
1141 2687 1330 2752 οὕτως·
1369 2708 1388 2742 ι
1411 2689 1469 2743 Ὀ
1525 2707 1612 2759 φι-

54 2773 143 2827 λῶν
168 2779 380 2850 πατέρα
409 2778 442 2850 ἦ
477 2780 686 2851 μητέρα
715 2780 856 2850 ὑπὲρ
900 2780 1022 2851 ἐμὲ,
1054 2781 1154 2834 οὐκ
1183 2780 1296 2834 ἐστι
1319 2797 1420 2852 μου
1439 2779 1606 2845 ἄξιος·

56 2869 134 2922 καὶ
176 2871 204 2924 ὁ
237 2872 412 2939 φιλῶν
474 2872 586 2925 υἱὸν
615 2872 648 2943 ἢ
679 2872 952 2944 θυγατέρα
1002 2873 1143 2945 ὑπὲρ
1196 2873 1316 2945 ἐμὲ,
1347 2873 1445 2927 οὐκ
1495 2873 1610 2926 ἐστι

57 2980 143 3031 μου
183 2965 351 3032 ἄξιος.
385 2965 495 3019 Καὶ
520 2965 578 3028 ὃς
605 2963 665 3017 οὐ
695 2964 961 3036 λαμϐάνει
983 2964 1092 3036 (80)
1109 2962 1210 3018 τὸν
1258 2965 1484 3037 σταυρὸν
1515 2964 1614 3019 αὑ-

1708 1769 1943 1840 amplius
1988 1779 2198 1840 partem
2239 1785 2362 1825 cum
2397 1771 2605 1826 sanctis
2633 1771 2850 1840 accipit,
2886 1771 2978 1825 sed
3011 1787 3135 1825 cum
3166 1788 3282 1825 ma-

1709 1861 1991 1918 ledictioni
2037 1861 2302 1928 subditis;
2349 1863 2444 1933 qui
2498 1877 2602 1932 pro
2632 1878 2801 1934 regno
2846 1862 3282 1917 benedictionem

1706 1955 2052 2026 adeptorum,
2083 1955 2348 2026 expetivit
2396 1955 2577 2026 ignem
2617 1956 3035 2026 sempiternum,
3066 1955 3284 2009 diabolo

1707 2050 1762 2099 et
1787 2042 1994 2114 angelis
2031 2044 2151 2114 ejus
2180 2053 2429 2114 paratum
2450 2045 2530 2112 ";
2563 2045 2656 2114 qui
2689 2061 2794 2100 non
2826 2045 2936 2114 jam
2961 2046 3028 2100 ab
3052 2047 3290 2102 homini-

1708 2134 1811 2190 bus
1839 2135 2029 2190 odium
2054 2144 2318 2206 reportat,
2347 2137 2440 2191 sed
2467 2152 2495 2191 a
2525 2135 2634 2191 Deo
2657 2139 2861 2207 patitur
2888 2139 3288 2207 expulsiom-m,

1708 2239 1762 2284 et
1794 2244 1825 2284 a
1865 2228 2005 2285 facie
2029 2228 2150 2298 ejus
2181 2229 2417 2299 ejicitur.
2441 2228 2523 2284 De
2553 2230 2658 2285 hoc
2685 2230 2882 2299 quippe
2911 2232 3286 2299 pronuntiavit

1709 2317 1994 2387 Dominus,
2029 2323 2218 2379 dicens
2255 2343 2268 2378 :
2309 2341 2327 2374 ι
2364 2322 2468 2390 Qui
2510 2324 2788 2394 negaverit
2832 2339 2918 2378 me
2955 2339 3137 2377 coram
3183 2324 3284 2377 ho-

1708 2415 1972 2480 minibus,
2007 2423 2062 2470 et
2096 2414 2379 2469 erubuerit
2409 2430 2607 2468 nomen
2639 2429 2816 2467 meum
2839 2430 2852 2478 ;
2876 2415 3082 2483 negabo
3104 2421 3158 2467 et
3186 2429 3288 2483 ego

1707 2522 1831 2561 cum
1864 2521 1927 2561 ac
1957 2506 2282 2561 erubescam
2334 2521 2518 2559 coram
2567 2503 2724 2559 Patre
2754 2520 2894 2566 meo,
2920 2505 3011 2574 qui
3049 2506 3104 2558 in
3133 2506 3288 2560 cmlis

1707 2605 1792 2654 est
1814 2597 1882 2654 ".
1923 2617 1941 2650 ι
1983 2595 2050 2651 Et
2083 2599 2280 2652 iterum
2326 2597 2620 2666 discipulis
2651 2596 2789 2659 suis,
2817 2597 2978 2651 nobis
3020 2597 3176 2666 ipsis,
3206 2597 3287 2651 sic

1708 2691 1784 2745 ait
1814 2707 1828 2745 :
1861 2708 1880 2741 ι
1918 2688 2020 2755 Qui
2051 2697 2197 2743 amat
2220 2696 2425 2760 patrem
2458 2696 2551 2742 aut
2581 2697 2806 2743 matrem
2833 2690 2954 2758 plus
2979 2705 3142 2758 quam
3176 2706 3283 2754 me,

1708 2797 1819 2837 non
1853 2789 1937 2838 est
1972 2797 2059 2836 me
2101 2781 2300 2852 dignus
2336 2799 2349 2836 :
2381 2788 2434 2835 et
2469 2781 2562 2850 qui
2597 2788 2745 2834 amat
2797 2782 2965 2835 ﬁlium
2995 2788 3088 2835 aut
3121 2781 3286 2835 tiliam

1711 2889 1878 2944 super
1911 2889 2019 2938 me,
2054 2888 2162 2928 non
2205 2880 2292 2929 est
2338 2888 2424 2928 me
2472 2873 2693 2944 dignus.
2728 2873 2793 2927 Et
2823 2875 2914 2944 qui
2947 2890 3056 2929 non
3089 2875 3287 2944 accipit

1712 2982 1930 3022 crucem
1962 2982 2138 3028 suam,
2164 2973 2218 3021 et
2247 2967 2496 3036 sequitur
2521 2982 2636 3029 me,
2677 2981 2788 3020 non
2834 2974 2918 3021 est
2948 2982 3035 3022 me
3066 2967 3283 3036 dignus.
3324 2959 3338 2971 ’

54 3055 152 3118 τοῦ,
184 3058 275 3112 καὶ
304 3057 592 3112 ἀκολουθεῖ
645 3056 819 3110 ὀπίσω
876 3074 999 3128 μου,
1031 3057 1130 3110 οὐκ
1170 3056 1282 3110 ἔστι
1313 3073 1412 3127 μου
1441 3056 1608 3123 ἄξιος.

1714 3058 1816 3125 Qui
1843 3058 2048 3114 invenit
2073 3058 2308 3112 animam
2341 3072 2516 3124 suam,
2539 3055 2727 3128 perdet
2749 3058 2933 3125 illam;
2966 3066 3019 3113 et
3047 3060 3138 3127 qui
3165 3074 3289 3128 per-

65 3150 113 3201 ‘0
141 3149 310 3222 εὑρὼν
355 3150 458 3221 τὴν
509 3148 685 3220 ψυχὴν
728 3148 914 3213 αὑτοῦ,
945 3149 1198 3203 ἀπολέσει
1225 3149 1412 3221 αὐτήψ
1447 3149 1541 3204 καὶ
1579 3150 1609 3204 ό

56 3240 304 3305 ἀπολέσας
332 3242 436 3310 τὴν
463 3241 639 3312 ψυχὴν
666 3242 830 3295 αὐτοῦ
856 3241 1042 3295 ἕνεκεν
1073 3241 1229 3312 ἐμοῦ,
1264 3240 1485 3312 εὑρήσει
1511 3240 1611 3296 αὐ-

55 3333 153 3402 τήν.
186 3333 248 3386 Τί
300 3333 415 3404 γὰρ
471 3333 756 3401 ὠφελεῖται
800 3332 1102 3404 ἄνθρωπος,
1136 3331 1231 3385 ὲάν
1283 3332 1375 3385 τὸν
1407 3331 1610 3403 κόσμον

55 3417 154 3476 ελον
206 3426 472 3499 κερδήσῃ,
501 3425 602 3497 τὴν
653 3425 711 3478 δὲ
755 3424 932 3496 ψυχὴν
975 3423 1142 3478 αὑτοῦ
1188 3422 1466 3496 ζημιωθῇ;
1495 3423 1527 3494 ἢ
1557 3423 1610 3476 τί

54 3513 193 3570 εὼσει
246 3517 537 3589 ἄνθρωπος
589 3516 941 3588 ἀντάλλαγμα
984 3517 1083 3588 τῆς
1129 3515 1306 3586 ψυχῆς
1349 3512 1548 3579 αὐτοῦς
1586 3533 1605 3566 ι

56 3609 146 3662 Καὶ
173 3610 314 3681 ἑξῆς·
360 3611 482 3680 «Μὴ
513 3609 782 3682 φοϐηθῆτε
823 3609 932 3663 ἀπὸ
959 3609 1066 3662 τῶν
1096 3607 1518 3662 ἀποκτεινόντων
1551 3607 1613 3660 τὸ

56 3699 215 3772 σῶμα,
243 3703 344 3774 τὴν
395 3690 455 3756 δὲ
493 3701 669 3774 ψυχὴν
702 3703 775 3774 μὴ
804 3702 1113 3773 δυναμένων
1154 3702 1489 3756 ἀποκτεῖναν
1519 3719 1614 3771 φο-

56 3795 234 3868 Εήθητε
289 3797 350 3850 δὲ
411 3796 608 3867 μᾶλλον
658 3795 951 3866 δυνάμενον
998 3793 1090 3848 καὶ
1127 3793 1306 3865 ψυχὴν
1334 3791 1429 3848 καὶ
1456 3792 1616 3864 σῶμα

56 3889 296 3944 ἀπολέσαι
327 3891 388 3942 ἐν
417 3889 628 3960 γεέννῃ.
669 3907 688 3940 ι

586 4001 978 4056 ΚΕΦΑΛᾹΙΟΝ
1018 4002 1094 4053 E'.

152 4095 276 4148 Ὅτι
298 4092 592 4164 μιμητέον·
618 4092 875 4164 Χριστὸν
901 4093 972 4164 ἐν
998 4091 1076 4158 τῷ
1104 4091 1381 4164 πάσχειν,
1413 4090 1511 4145 καὶ

313 4147 611 4232 {afﬂictior
646 4147 760 4230 ἑὴν
787 4161 973 4216 αὐτοῦ
999 4147 1332 4230 ὑὲιομονῆν.

117 4257 225 4319 Πᾶς
269 4253 368 4311 οῦν
409 4254 695 4327 μανθάνων
720 4254 915 4325 τέχνην
940 4252 1083 4316 τινὰ,
1113 4252 1327 4322 βλέπων
1357 4252 1449 4306 τὸν
1475 4252 1619 4306 διδά-

1711 3150 1909 3206 diderit
1938 3150 2182 3220 animam
2228 3165 2382 3206 suam
2414 3158 2640 3220 propter
2671 3165 2777 3213 me,
2813 3150 3050 3205 inveniet
3078 3151 3280 3204 eam".

1709 3241 1854 3310 Quid
1882 3243 2030 3297 enim
2064 3241 2288 3313 prodest
2319 3242 2547 3309 homini,
2582 3243 2628 3297 si
2665 3242 2928 3296 mundum
2969 3244 3284 3298 universum

1709 3334 1970 3397 lucretur,
2005 3335 2200 3388 animat
2239 3349 2370 3389 vero
2417 3349 2530 3390 sua:
2567 3333 2954 3412 detrimentum
3002 3334 3288 3404 patiatur?

1709 3428 1819 3481 Aut
1858 3442 2022 3498 quam
2055 3427 2206 3482 dabit
2257 3427 2422 3483 homo
2459 3427 2944 3482 commutationem
2975 3442 3076 3496 pro
3103 3426 3287 3480 anima

1711 3538 1811 3578 sua
1827 3522 1914 3577 "3
1950 3541 1969 3574 ι
2005 3519 2071 3575 Ει
2094 3530 2353 3592 praeterea
2390 3539 2403 3575 :
2443 3538 2462 3571 ι
2496 3519 2673 3575 Nolite
2696 3521 2887 3574 timere
2913 3534 3010 3574 eos
3025 3519 3118 3588 qui
3147 3519 3290 3572 occi-

1711 3613 1846 3669 dunt
1874 3629 2098 3684 corpus,
2128 3612 2364 3667 animam
2397 3619 2578 3666 autem
2603 3627 2709 3665 non
2739 3617 2970 3681 possunt
2995 3610 3244 3664 occidere
3270 3627 3284 3664 :

1712 3708 1808 3763 sed
1842 3707 2022 3778 potius
2068 3707 2256 3762 timete
2319 3719 2444 3761 eum
2496 3704 2588 3775 qui
2643 3711 2824 3774 potest
2863 3711 2918 3759 et
2967 3704 3203 3757 animam
3233 3711 3288 3758 et

1713 3814 1912 3870 corpus
1946 3797 2173 3870 perdere
2205 3799 2260 3852 in
2288 3799 2592 3868 gehennam
2615 3797 2705 3850 ίοο.
2748 3817 2766 3848 ι

2326 3997 2556 4054 CAPUT
2597 3997 2662 4053 ν.

1801 4092 1955 4161 Quod
1978 4092 2181 4147 imitari
2211 4085 2444 4161 oporteat
2479 4089 2749 4146 Christum
2777 4093 2829 4144 in
2854 4089 3122 4159 patiendo,
3156 4097 3206 4143 et

2100 4163 2344 4217 cumulari
2374 4162 2521 4216 illius
2547 4162 2907 4215 tolerantiam.

1789 4254 2051 4327 Quisquis
2080 4271 2214 4312 sane
2247 4263 2418 4310 artem
2448 4255 2687 4325 aliquam
2720 4254 2904 4318 discit,
2939 4255 3132 4309 videns
3173 4270 3290 4308 ma-

57 4350 237 4402 σκαλαν
265 4349 457 4411 αὑτοῦ,
489 4347 577 4402 διὰ
601 4348 699 4418 τῆς
754 4345 1036 4418 ἐνεργείας
1065 4346 1157 4398 καὶ
1183 4346 1472 4416 ἐμπειρίας
1505 4345 1611 4416 (81)

1719 4349 1949 4419 gistrum
1981 4364 2161 4412 suum,
2180 4348 2496 4419 operatione
2517 4355 2571 4402 et
2595 4347 2786 4418 peritia
2809 4347 3098 4403 artiﬁcium
3129 4364 3288 4403 suum

59 4441 416 4512 ἀπαρτιζοντα
442 4440 540 4511 τὴν
559 4439 753 4510 τέχνην
779 4437 966 4501 αὐτοῦ,
989 4438 1082 4491 καὶ
1111 4437 1271 4501 αὐτὸς
1300 4438 1452 4509 ζηλοί
1479 4437 1611 4510 (82),

1719 4440 1998 4511 perﬁcere,
2034 4449 2088 4495 et
2115 4442 2232 4511 ipse
2263 4439 2500 4505 aiiectat,
2526 4447 2587 4493 ut
2609 4439 2751 4509 quod
2783 4439 2945 4494 habet
2973 4455 3084 4509 prae
3115 4441 3292 4493 mani-

59 4531 226 4602 ὅμοιον
271 4533 425 4604 αὐτῷ
473 4531 585 4603 (85)
644 4529 962 4603 ποιήσεσθαι
1013 4529 1074 4583 τὸ
1115 4529 1471 4601 ὲγχειρισθέν·
1521 4530 1611 4584 ἐὰν

1721 4533 1844 4597 bus,
1883 4533 1962 4588 illi
1989 4533 2168 4589 simile
2195 4531 2432 4599 efﬁciat;
2461 4532 2607 4604 quod
2640 4532 2688 4587 si
2724 4547 2835 4586 non
2880 4531 3148 4595 valuerit,
3178 4546 3288 4585 non

153 4689 196 4720 ”
221 4687 381 4745 Joan.
417 4705 528 4748 xvr,
558 4689 660 4756 33;
701 4688 888 4742 Matth.
925 4706 980 4753 x,
1015 4687 1102 4754 i7,
1159 4688 1249 4745 22.
1324 4690 1370 4722 ⁸⁵
1394 4686 1554 4756 Joan.
1582 4705 1611 4742 ι

1714 4689 1803 4745 25.
1879 4692 1923 4724 ’⁸
1947 4691 2082 4746 Dan.
2109 4709 2161 4755 ν,
2184 4692 2276 4746 25.
2350 4691 2395 4722 °°
2411 4690 2600 4746 Matth.
2633 4707 2760 4746 xxv.
2827 4688 2871 4721 ⁸⁷
2894 4688 3027 4744 Luc.
3063 4704 3140 4751 Ix,
3191 4687 3282 4743 26.

63 4754 101 4787 ’⁸
123 4758 307 4816 Matth.
351 4777 409 4823 ι,
453 4754 652 4814 37-59;
708 4758 954 4819 "Matth.
1003 4774 1116 4824 xvr,
1145 4757 1235 4814 26.
1305 4759 1372 4790 ¹⁰⁰
1402 4755 1776 4824 Matth.x,28.

1370 4913 1730 4972 VABIORUM
1763 4915 1976 4974 NOTAE

1709 5077 1872 5140 diem;
1910 5076 2161 5147 Ἰωάννης
2190 5075 2496 5147 ἐϐάπτισεν,
2530 5073 2616 5147 ἵνα
2639 5071 2737 5147 τῂν
2779 5069 2984 5147 έκεῖθεν
3019 5067 3289 5147 ἀἰσχύνην

66 5140 476 5220 ἁυῂέιιξτ.μϐιεξιὶο
574 5215 618 5220 __
823 5140 866 5220 _'
1145 5212 1157 5220 .
1334 5212 1346 5220 .
1405 5165 1416 5179 ‘
1557 5216 1568 5220 -

1725 5151 1794 5218 τῇ
1826 5140 2292 5220 ένταῦθα-ιρύγῃς.
2328 5143 2460 5211 Qua:
2485 5143 2649 5198 verba
2676 5140 2730 5194 in
2781 5140 3286 5220 Anastasiiﬁugest.

128 5213 237 5284 (76)
272 5217 534 5281 Ἀθλιος.
559 5215 707 5271 Alter
739 5214 862 5271 cod.
891 5213 1041 5269 addit
1066 5212 1195 5287 huic
1228 5212 1348 5268 voci
1373 5216 1619 5283 φευκτός.
1727 5209 1794 5273 ρξ’
1822 5215 1878 5282 6,
1925 5233 1979 5287 p.
2024 5209 2120 5278 6‘2,
2159 5209 2417 5287 dicuntur
2443 5212 2930 5287 esse_ex_ora_tione
2971 5211 3026 5264 in
3059 5209 3285 5287 lumina,

1177 5282 1278 5357 lp._
1386 5280 1396 5283 ⁷
1726 5280 2046 5357 perperam;
2107 5301 2232 5340 cum
2284 5286 2395 5340 sint
2451 5283 2714 5338 orationis
2765 5282 2822 5335 in
2868 5289 3115 5336 sanctum
3154 5280 3290 5350 hap-

131 5355 239 5424 (77)
282 5357 463 5410 Ἀντί.
497 5356 646 5411 Alter
673 5355 795 5426 cod.
851 5354 1083 5426 praeﬁgit
1113 5355 1228 5410 καί.
1259 5353 1339 5412 lo.
1726 5353 1909 5414 tisma.
1933 5356 2073 5413 Co'r.

131 5417 236 5495 (78)
271 5427 385 5500 Καὶ
412 5425 805 5500 ἐπαισχυνθῇ.
836 5417 960 5481 Haec
981 5417 1036 5481 et
1055 5424 1164 5479 duo
1185 5439 1336 5500 seqq.
1361 5427 1611 5500 vocabula

1749 5499 1760 5500 γ
1799 5427 1909 5500 (80)
1940 5430 2043 5500 ’ξος
2082 5429 2163 5500 ,οὐ
2208 5425 2510 5500 λαμξάίει.
2556 5422 2682 5477 Haec
2727 5429 2780 5477 et
2822 5437 2973 5492 seqq.
3018 5420 3084 5474 ad
3131 5417 3291 5486 ἄξιος

70 5495 257 5569 desunt
303 5499 362 5551 in
409 5494 766 5561 altero‘codq
799 5506 858 5550 ut
909 5505 962 5551 et
1008 5511 1164 5565 seqq.
1197 5497 1611 5569 ἐπαισχυνθήσο-

1732 5494 1928 5555 desunt
1959 5498 2009 5551 in
2043 5499 2213 5569 altero
2243 5494 2362 5569 cod.
2396 5494 2565 5569 Gym.

75 5564 293 5638 pag)».
676 5557 762 5638 γ’
913 5635 950 5638 _
1089 5557 1142 5565 "
1365 5557 1396 5566 "
1519 5557 1530 5569 '

1803 5569 1915 5638 (81)
1946 5567 2056 5622 Καὶ
2083 5567 2402 5636 ἐμπειρίας.
2427 5565 2656 5638 Desunt
2679 5563 2733 5638 in
2758 5563 2930 5638 altero
2949 5560 3073 5618 eod.
3103 5557 3182 5616 ιο.

136 5636 250 5709 (79),
281 5637 887 5709 Ἐπαςσχυνθήσομαα
913 5635 1219 5709 Eleganter,
1251 5639 1564 5709 ut__omnia,
1596 5639 1611 5691 ἐ

1802 5632 1914 5708 (82)
1937 5632 2137 5709 Ζηλοῗ.
2163 5632 2314 5709 Alter
2341 5637 2463 5709 cod.
2486 5633 2802 5709 σπουδᾷζει.
2829 5632 2903 5689 ID.

75 5703 388 5808 Ξεορὲήμων
420 5703 714 5808 (ξιὲἔςοτὶυρ
733 5703 892 5808 Νῗη..
921 5703 1126 5808 omitti,
1154 5721 1229 5790 Op.
1271 5705 1396 5792 65,7.
1419 5707 1463 5760 Α
1491 5709 1611 5808 alii”,

1801 5703 1917 5784 (85)
1947 5703 2137 5776 Αὐτῷ.
2171 5708 2332 5766 Deest
2366 5707 2423 5762 in
2451 5706 2644 5761 altero.
2677 5703 2752 5759 1n.

80 5776 387 5848 ἁπαξιῶσῃς
444 5776 792 5850 ἐξαγορεῦσαξ
844 5795 934 5830 σου
987 5778 1086 5850 τὴν
1145 5776 1412 5848 ἁμαρτίαν
1469 5776 1623 5843 εἰδὼς

124 5072 232 5145 (75)
263 5071 522 5146 Ἄλλην.
569 5073 720 5130 Alter
762 5067 981 5146 ἑτέραν,
1033 5086 1155 5143 quae
1182 5086 1344 5128 voces
1389 5073 1622 5130 confun-
