3828 6358
1376 253 1433 307 S.
1472 252 1865 311 CLEMENTIS
1905 255 1925 311 Ι
1963 253 2131 310 ΒΟΜ.
2170 254 2371 311 ΡΟΝΤ.
2413 248 2646 310 OPERA
2678 253 2905 311 DUBIA.

535 375 623 423 est
664 369 719 422 in
766 382 929 438 opere
967 367 1261 437 perlectus.
1304 366 1369 420 Et
1413 382 1514 422 nos
1569 367 1733 436 igitur
1777 367 2130 435 magistrum‘

2210 369 2277 440 μὴ
2323 368 2601 441 ὲξισχύσῃ,
2631 370 2730 423 οὐκ
2781 368 2896 422 ἔστι
2947 368 3360 439 τετελειωμέῶς
3396 368 3460 421 ὲν
3485 367 3567 440 τῷ
3596 368 3753 441 ἔργῳ.

539 460 802 515 habentes
872 458 1159 513 Dominum
1224 466 1471 512 nostrum
1545 455 1729 512 Jesum
1792 453 2091 523 Christum,

537 566 705 622 quare
735 550 1038 605 doctrinam
1076 549 1195 617 ejus
1235 563 1344 602 non
1376 548 1688 603 imitamur?
1709 546 1976 614 Quoniam
2006 549 2095 603 ille

538 643 752 711 quidem
778 640 1110 695 renuntiavit
1131 640 1381 702 licentiae,
1401 640 1630 702 deliciis,
1648 640 1853 710 gloria),
1867 638 2092 704 divitiis,

538 732 723 797 fastni,
757 732 1011 801 potentia:
1064 730 1271 794 ultrici,
1323 732 1486 785 matri
1542 746 1608 786 ac
1663 731 1943 794 fratribus,
1980 738 2094 784 tum

538 825 697 879 etiam
742 823 972 892 propriae
1022 822 1178 887 vitae;
1215 821 1378 892 idque
1425 822 1495 876 ob
1533 822 1787 891 pietatem
1830 836 1960 891 erga
1993 820 2097 875 Pa-

539 924 695 978 trem,
718 922 771 969 et
802 914 872 967 ob
903 913 1293 983 benignitatem
1329 914 1381 966 in
1411 928 1545 980 nos;
1578 928 1774 983 passus
1803 928 1909 967 non
1936 913 2096 967 modo

539 1006 971 1075 persecutionem
1022 1019 1087 1059 ac
1145 1005 1394 1067 verbera,
1442 1003 1796 1074 ignominiam
1845 1018 1909 1058 ac
1956 1003 2097 1058 ludi-

539 1097 738 1159 brium,
765 1096 859 1150 sed
882 1104 935 1150 et
951 1097 1061 1165 jam
1091 1096 1520 1165 compactionem
1560 1095 1625 1148 ad
1662 1095 1866 1164 lignum
1892 1096 2093 1160 crucis,

544 1203 654 1257 quo
682 1186 901 1243 Judzeos
932 1190 1265 1257 gentilesque
1309 1203 1404 1257 per
1440 1188 1812 1257 paenitentiam
1843 1187 2093 1242 salvaret.

2193 461 2303 513 Καὶ
2330 462 2489 531 ἡμεῖς
2514 458 2627 523 οὖν,
2658 460 2871 531 ἔχοντες
2912 460 3228 514 διδάσκαλον
3254 460 3346 514 τὸν
3375 460 3583 531 Κύρων
3609 463 3756 533 ἡμῶν

2209 551 2411 622 Ἰησοῦν
2450 553 2539 605 τὸν
2570 552 2823 624 Χριστὸν,
2853 551 2941 605 διὰ
2969 552 3021 605 τί
3048 553 3108 605 οὐ
3142 552 3453 623 μιμούμεθα
3474 554 3576 623 τὴν
3602 554 3757 608 αὐτώ

2194 642 2445 713 διδαχὴν,
2477 644 2557 696 ὅτι
2586 644 2790 707 ἐκεῖνος
2840 643 2937 715 μὲν
2986 644 3290 708 ἀπετάξατο
3330 645 3535 709 ἀνέσει,
3563 652 3756 719 τρυφῇ,

2194 735 2341 808 δόξῃ,
2372 735 2607 805 πλούτῳ,
2654 735 2826 805 τύφῳ,
2875 736 3097 805 δυνάμει
3144 737 3437 807 ἀμυντικῇ,
3472 738 3643 808 μητρὶ
3674 742 3761 791 καὶ

2196 825 2461 894 ἀδελφοῖς,
2491 826 2590 897 ἡδη
2620 826 2677 879 δὲ
2705 827 2798 880 καὶ¹
2827 829 2893 897 τῇ
2922 826 3095 896 οἰκείᾳ
3122 825 3358 898 ζωῇ,διά
3386 828 3489 898 τὴν
3517 828 3655 898 πρὸς
3676 830 3760 881 τὺν

2197 917 2413 987 Πατέρα
2447 918 2725 971 εὐσέϐειαν
2755 916 2887 987 (84),
2920 918 3012 971 καὶ
3055 918 3153 988 τὴν
3179 920 3261 981 εἰς
3286 919 3433 987 ἡμᾶς
3462 918 3761 989 φιλανθρω-

2197 1009 2348 1071 πίαν,
2381 1010 2675 1079 ὑπομείνας
2693 1010 2753 1062 οὐ
2778 1010 2935 1080 μόνον
2962 1010 3200 1079 διωγμὸν
3228 1010 3321 1062 καὶ
3340 1010 3452 1081 (85)
3471 1010 3759 1080 μάστιγας,

2197 1100 2496 1170 ὀνειδισμὸν
2524 1102 2617 1154 κα)⁸
2648 1102 2978 1172 ὲμπαιγμὸν,
3009 1101 3123 1155 ἀλλ’
3153 1101 3255 1171 ἡδη
3278 1102 3375 1154 καὶ
3403 1102 3506 1171 τὴν
3546 1101 3684 1170 πρὸς
3709 1103 3763 1153 τὸ

2198 1192 2352 1259 ξύλον
2393 1191 2694 1263 πρόσπὴξιν
2726 1192 2860 1263 (86),
2890 1192 3035 1253 ὅπως
3076 1192 3355 1255 Ἰουδαίους
3381 1192 3475 1245 καὶ
3509 1192 3763 1262 Ἕλληνας

542 1279 599 1333 Si
632 1295 762 1351 ergo
804 1281 895 1335 ille
925 1280 1100 1334 nostri
1138 1281 1311 1350 gratia
1348 1279 1678 1333 renuntiavit
1706 1280 1828 1333 vita:
1857 1279 2003 1333 molli
2035 1294 2098 1333 ac

2210 1284 2633 1353 μετανοήσαντας
2679 1280 2848 1355 σώσῃ.
2879 1283 2943 1336 Ei.
2971 1279 3064 1336 οὖν
3100 1282 3259 1346 αὑτὸς
3284 1283 3351 1335 δι’
3383 1284 3535 1353 ἡμᾶς
3572 1285 3766 1337 ἀπετά-

538 1371 754 1441 quietae,
774 1386 874 1425 nec
900 1372 1118 1426 erubuit
1145 1386 1384 1435 crucem,
1408 1385 1510 1425 nec
1538 1378 1766 1424 mortem
1794 1385 1914 1425 esse
1946 1370 2101 1439 igno-

2210 1372 2317 1437 ἱατο
2337 1372 2664 1439 ἀναπαύσει,
2697 1371 2773 1445 μὴ
2800 1373 3179 1443 ὲπαισχυνθεὶς
3201 1373 3453 1445 σταυρὸν,
3482 1372 3558 1443 μὴ
3590 1372 3765 1445 ἀδοξή-

539 1462 827 1517 miniosam
857 1463 1221 1529 existimavit;
1255 1477 1359 1532 qua
1389 1461 1458 1516 de
1486 1452 1650 1517 causa
1688 1475 1789 1514 nos
1817 1460 2100 1530 passiones

2210 1481 2289 1528 τας
2307 1466 2399 1519 τὸν
2414 1465 2663 1531 θάνατον,
2685 1465 2830 1529 τίνος
2850 1465 3036 1518 ἕνεκεν
3061 1466 3220 1536 ἡμεῖς
3244 1466 3356 1535 (87)
3372 1464 3434 1517 οὑ
3455 1464 3763 1536 μιμούμεθα

548 1554 669 1621 ejus
721 1568 828 1607 non
878 1552 1176 1616 imitamur,
1227 1562 1277 1607 et
1312 1560 1532 1621 propter
1570 1567 1717 1614 eum,
1751 1551 1853 1621 ipsi
1887 1564 2102 1621 quoque

2210 1555 2365 1609 αὑτοῦ
2414 1555 2483 1609 τὰ
2526 1556 2694 1627 πάθη,
2726 1557 2822 1610 καὶ
2864 1556 3280 1627 ἀποτασσὸμεθα
3317 1558 3459 1627 ὑπὲρ
3485 1556 3655 1610 αὑτοῦ
3685 1560 3765 1609 καὶ

541 1644 665 1697 vitae
730 1652 930 1698 nostrae
977 1645 1228 1698 nuntium
1282 1660 1391 1697 non
1440 1638 1786 1708 remittimus,
1841 1643 2101 1713 largiente

2210 1648 2339 1718 αὐτῇ
2370 1650 2435 1718 τῇ
2468 1647 2580 1717 ζωῇ
2626 1646 2802 1718 ἡμῶν,
2831 1648 3062 1711 διδῦντος
3118 1647 3282 1701 αὑτοῦ
3342 1650 3472 1718 ἡμῖν
3513 1648 3616 1718 τὴν
3649 1648 3768 1699 (ito-

538 1737 700 1791 nobis
738 1737 855 1806 ipso
879 1736 1256 1791 tolerantiam?
1275 1734 1369 1789 Ille
1396 1735 1540 1789 enim
1562 1744 1748 1789 nostra
1777 1748 1970 1801 causa;
2002 1750 2103 1789 nos

2210 1715 2434 1809 μνὴνιὴ
2481 1715 2714 1802 Ἐιῖεῖνος
2770 1739 2867 1808 μὲν
2923 1739 3031 1811 γάρ
3080 1739 3144 1791 δι’
3174 1741 3318 1810 ἡμᾶς
3348 1715 3486 1809 (88),
3534 1715 3694 1808 ἡμεῖς
3718 1739 3766 1789 δὲ

540 1844 668 1885 vero
697 1838 917 1901 propter
957 1845 1057 1884 nos
1101 1829 1271 1898 ipsos.
1299 1826 1484 1896 Neque
1506 1827 1650 1882 enim
1689 1827 1848 1881 nobis
1876 1827 2101 1898 indiget,

546 1924 641 1978 sed
693 1940 791 1978 nos
839 1924 1013 1994 ipsius
1054 1920 1431 1976 misericordia
1486 1919 1808 1990 indigemus.
1867 1918 2104 1975 Tantum

538 2031 669 2093 vero
686 2031 715 2069 a
740 2015 896 2069 nobis
918 2014 1157 2085 postulat
1188 2013 1345 2066 Iidem
1370 2011 1639 2066 sinceram
1657 2018 1709 2065 et
1722 2012 2101 2066 voluntariam.

540 2106 1003 2174 Quemadmodum
1025 2106 1099 2159 ait
1130 2103 1410 2173 Scriptura
1430 2104 1448 2133 ¹
1478 2120 1493 2158 :
1531 2120 1549 2153 ι
1583 2101 1639 2156 Si
1658 2104 1840 2172 justus
1870 2118 1949 2167 es,
1974 2103 2101 2173 quid

540 2197 697 2253 dabis
739 2198 829 2265 ei;
892 2206 984 2252 aut
1031 2196 1162 2267 quid
1192 2196 1260 2250 de
1321 2210 1486 2248 manu
1535 2203 1628 2248 tua
1674 2195 1940 2265 accipiet?
1975 2194 2105 2250 Viro

539 2289 706 2343 simili
750 2290 827 2344 tui
874 2289 1121 2361 impietas
1166 2298 1275 2349 tua,
1328 2295 1380 2341 et
1445 2284 1558 2341 ﬁlio
1611 2286 1847 2342 hominis
1891 2287 2106 2358 justitia

541 2391 654 2436 tua.
688 2401 706 2435 ι

1142 2472 1372 2528 CAPUT
1411 2472 1503 2528 Vl.

542 2565 693 2633 Quod
733 2574 931 2635 oportet
965 2564 1167 2633 ﬁdelem
1196 2584 1355 2637 neque
1395 2565 1728 2619 temerarium
1761 2580 1871 2637 esse
1897 2572 2105 2637 propter

611 2639 973 2697 securitatem,
999 2653 1155 2703 neque
1188 2634 1547 2689 meticulosum
1574 2644 1782 2704 propter
1806 2634 2065 2703 ignaviam
2082 2647 2101 2684 :

611 2707 700 2759 sed
730 2707 906 2774 fugere
932 2716 1141 2773 propter
1164 2708 1494 2767 cautionem;
1522 2715 1569 2759 et
1593 2721 1708 2757 cum
1738 2705 1791 2755 in
1814 2704 2101 2771 periculum

613 2776 871 2839 inciderit,
903 2781 1169 2829 decertare
1192 2776 1253 2829 ob
1276 2778 1556 2844 repositam
1583 2790 1850 2827 coronam.

611 2867 1008 2922 Renuntiemus
1052 2882 1180 2937 ergo
1218 2868 1557 2937 parentibus,
1590 2865 1859 2935 cognatis,
1888 2864 2100 2930 amicis,

489 2965 501 2980 '
542 2959 721 3022 uxori,
747 2958 953 3021 liberis,
986 2958 1445 3028 possessionibus,
1495 2966 1549 3011 et
1576 2957 1829 3011 omnibus
1858 2956 1981 3010 vitae
2007 2956 2103 3010 bo-

2202 1830 2266 1883 δι’
2325 1830 2564 1894 ἑαυτούς.
2596 1831 2669 1883 Οὐ
2718 1829 2824 1901 γάρ
2877 1830 3066 1901 χρῄζει
3095 1832 3248 1901 ἡμῶν
3292 1831 3475 1892 αὐτὸς,
3522 1831 3684 1899 ἡμεῖς
3721 1830 3769 1881 δὲ

2202 1922 2296 1975 τοῦ
2352 1923 2532 1987 ἐλέους
2587 1922 2752 1976 αὑτοῦ
2785 1922 2916 1993 (89).
2961 1923 3134 1976 Μόνον
3176 1922 3233 1976 δὲ
3285 1922 3347 1975 τὸ
3400 1922 3501 1991 τῆς
3546 1921 3769 1981 πίστεως

2203 2015 2358 2087 ἡμῶν
2429 2017 2648 2086 γνήσιον
2704 2015 2951 2085 ἐπιζητεί
2992 2015 3087 2068 καὶ
3144 2013 3462 2085 αὐθαίρετον
3509 2012 3647 2082 (90)δ
3687 2013 3769 2073 Ὦς

2204 2123 2365 2177 φησιν
2412 2107 2445 2177 ἡ
2496 2107 2755 2178 Γραφὴοι
2792 2108 2854 2159 El
2881 2106 3086 2168 δίκαιος
3141 2101 3209 2169 εἷ,
3259 2105 3312 2158 τί
3361 2104 3554 2166 δώσεις
3613 2104 3767 2171 αύτῷ,

2202 2197 2236 2266 ἢ
2269 2197 2319 2250 τί
2379 2199 2443 2251 ὲκ
2495 2198 2676 2269 χειρός
2732 2215 2824 2250 σου
2883 2198 3143 2269 λήψεται;
3174 2197 3326 2268 ἀνδρὶ
3364 2196 3445 2266 τῷ
3484 2195 3659 2266 ὁμοίῳ
3687 2211 3767 2247 σου

2203 2288 2236 2359 ἡ
2269 2288 2491 2343 ἀσέϐειά
2522 2288 2631 2361 (91)
2665 2306 2780 2353 σου,
2813 2290 2906 2343 καὶ
2935 2288 3036 2361 υίῷ
3063 2287 3348 2361 ἀνθρώπου
3394 2290 3427 2359 ἡ
3467 2288 3767 2358 δικαιοσύνη

2205 2398 2321 2435 σου.
2363 2399 2381 2433 ι

2720 2458 3114 2528 ΚΕΦΑΔΔΙΟΝ
3150 2477 3241 2541 cr.

2202 2569 2321 2622 Ὅτι
2345 2564 2462 2636 χρὴ
2486 2564 2594 2618 τὸν
2619 2566 2841 2636 πιστὸν
2867 2567 3021 2636 μήτε
3040 2562 3494 2636 ,ῥιψοκίνδυνον
3513 2558 3671 2636 εἶναι
3703 2563 3771 2636 δι’

2273 2633 2630 2704 ἀάᾷάλειαν,
2670 2635 2823 2705 μήτε
2858 2633 3097 2705 ἐξεριδεῆ
3142 2634 3214 2686 δι’
3244 2633 3593 2705 ἀνανδρίαν
3628 2634 3770 2685 ἀλλὰ

2273 2702 2371 2758 καί
2423 2702 2686 2774 φεύγειν⁷
2719 2702 2791 2757 δι’
2846 2702 3194 2767 εὐλάϐειαν,
3253 2703 3347 2756 καὶ
3404 2704 3769 2774 ἐμπεσόντα.

2270 2772 2653 2843 ἀγωνίζεσθαι
2684 2774 2780 2827 διὰ
2809 2775 2913 2827 τὸν
2939 2774 3333 2841 ἀποκείμενον
3361 2772 3688 2841 στέφανον.

2283 2866 2695 2937 ’Δποταξὼμεθα
2705 2863 2795 2918 οὖν
2808 2866 2899 2918 καὶ
2909 2864 3142 2934 γονεῦσι,
3163 2866 3254 2917 καὶ
3271 2864 3579 2933 συγγενέσι,
3598 2864 3688 2916 καὶ
3700 2864 3749 2931 φῖ
3761 2894 3772 2902 -

2200 2958 2331 3024 λοις,
2346 2959 2438 3011 καὶ
2452 2960 2684 3025 γυναικὶ,
2700 2956 2927 3029 [τέκνοις
2942 2955 3007 3028 ν]
3024 2957 3115 3010 καὶ
3130 2958 3392 3026 κτήμασι,
3409 2957 3505 3009 καὶ
3521 2955 3775 3025 σύμπαντι

541 3050 880 3120 nis,quando
909 3064 1096 3103 eorum
1126 3048 1327 3117 aliquid
1355 3048 1739 3119 impedimento
1770 3047 1871 3102 erit
1893 3047 2099 3117 pietati.

2210 3049 2281 3119 τῷ
2299 3049 2417 3120 βίῳ,
2441 3050 2567 3103 ὅταν
2657 3067 2709 3101 τι
2737 3049 2940 3101 τούτων
2969 3048 3195 3119 κώλυμα
3215 3048 3351 3117 πρὸς
3381 3045 3680 3100 εύσέόειαν.
3699 3047 3774 3097 Δεῖ

546 3142 824 3212 Siquidem
852 3156 1009 3195 orare
1031 3141 1308 3204 debemus,
1337 3155 1405 3194 ne
1433 3138 1800 3209 ingrediamur
1836 3139 1891 3192 in
1933 3144 2107 3192 tenta-

544 3236 767 3289 tionem.
794 3232 949 3299 Quod
974 3234 1021 3289 si
1053 3232 1121 3287 ad
1145 3232 1467 3301 martyrium
1494 3246 1773 3298 vocemur,
1801 3238 2012 3300 oportet
2051 3239 2108 3285 ut

545 3343 669 3381 cum
709 3326 1028 3381 fortitudine
1074 3335 1127 3381 et
1162 3324 1471 3380 constantia
1499 3324 1878 3378 honorandum
1910 3339 2108 3378 nomen

547 3421 903 3475 conﬁteamur
945 3437 960 3473 :
1002 3425 1056 3471 et
1097 3419 1143 3472 si
1175 3416 1296 3471 ideo
1329 3417 1397 3470 ad
1440 3415 1767 3485 supplicium
1806 3415 2106 3477 mittamur,

547 3512 877 3584 gaudeamus
914 3522 1169 3580 tanquam
1198 3509 1290 3578 qui
1317 3507 1385 3562 ad
1424 3507 1886 3561 immortalitatem
1917 3520 2112 3575 prope-

549 3621 753 3660 ramus.
780 3604 915 3659 Cum
950 3605 1381 3672 persecutionem
1406 3598 1663 3669 patimur,
1692 3612 1759 3651 ne
1781 3595 1939 3666 quasi
1964 3595 2018 3649 in
2054 3611 2113 3650 re

551 3712 690 3752 nova
712 3712 775 3750 ac
794 3694 1033 3749 inaudita
1057 3702 1392 3762 stupeamus.
1417 3689 1535 3744 Non
1559 3688 1847 3758 diligamus
1875 3702 2112 3756 praesens

552 3789 833 3851 saeculum,
863 3801 1038 3855 neque
1076 3783 1267 3838 laudes
1296 3782 1363 3835 ab
1390 3780 1722 3842 hominibus,
1754 3794 1931 3848 neque
1963 3779 2113 3848 prin-

552 3881 734 3951 cipum
761 3863 1003 3932 virorum
1035 3875 1263 3947 gloriam
1288 3881 1342 3927 et
1370 3873 1629 3927 honorem
1654 3890 1668 3938 ;
1694 3873 1837 3927 sicut
1868 3872 2114 3926 nonnulli

2207 3141 2315 3213 γάρ
2342 3141 2733 3213 προσεύχεσθαι
2763 3141 2861 3211 μὲν
2889 3143 3058 3212 ἡμᾶς,
3106 3140 3192 3192 ἵνα
3225 3140 3298 3211 μὴ
3346 3138 3677 3208 εἰσέλθωμεν
3707 3140 3773 3199 εἰς

2208 3234 2528 3305 πειρασμόν.
2576 3232 2698 3286 Ἐὰν
2740 3233 2798 3285 δὲ
2847 3233 3132 3303 κληθῶμεν
3178 3235 3257 3295 εἰς
3289 3231 3623 3303 μαρτύριον,
3658 3230 3775 3300 μετᾶ

2208 3327 2507 3388 ὲνστάσεως
2551 3326 2830 3395 ὁμολογεῖν
2861 3324 2971 3396 (92)
3016 3324 3077 3376 τὸ
3103 3324 3284 3395 τίμιον
3330 3324 3502 3394 ὄνομα
3527 3341 3540 3352 ·
3576 3325 3672 3376 καὶ
3696 3323 3775 3373 ἐάν

2207 3419 2395 3470 τούτου
2431 3417 2590 3488 χάριν
2619 3416 2996 3486 κολασθῶμεν,
3044 3416 3323 3486 χαίρωμεν
3358 3415 3436 3477 ὼς
3478 3414 3574 3465 ὲπὶ
3600 3414 3777 3465 ἀθανα-

2212 3510 2331 3564 σίαν
2379 3509 2695 3571 σπεύδοντες
2725 3509 2855 3578 (95).
2896 3509 3261 3580 Διωκόμενοι,
3308 3507 3383 3578 μὴ
3433 3505 3772 3575 ξενιξὼμεθα.

2211 3601 2302 3673 Μὴ
2356 3600 2465 3673 (94)
2525 3601 2895 3671 άγαπήσωμεν
2950 3600 3043 3653 τὸν
3090 3597 3186 3653 νῦν
3226 3597 3431 3662 αἰῶνα,
3482 3596 3618 3668 μηδὲ
3669 3597 3776 3653 τοὺς

2214 3693 2366 3764 παρά
2390 3692 2689 3764 ἀνθρώπων
2729 3691 3015 3757 ἐπαίνους,
3066 3690 3197 3762 μηδὲ
3225 3690 3321 3761 τὴν
3361 3689 3472 3741 τῶν
3520 3687 3775 3759 ἀρχόντων

2212 3787 2366 3852 δόξαν
2395 3787 2487 3840 καὶ
2517 3786 2625 3857 (95)
2653 3784 2849 3855 τιμὴν,
2893 3783 3141 3852 καθάπερ
3182 3782 3274 3833 καί
3313 3797 3460 3842 τινες
3511 3779 3625 3831 τῶν
3664 3779 3775 3831 Ἰου-

2213 3879 2374 3933 δαίων
2398 3921 2412 3946 ,
2443 3878 2811 3948 θαυμάζοντες
2849 3875 2943 3928 τοῦ
2971 3875 3176 3946 Κυρίου
3205 3874 3305 3936 τὰς
3342 3873 3628 3944 ἐνεργείας
3648 3914 3662 3937 ,
3692 3872 3777 3923 οὐκ

550 3970 756 4034 Judaei,
796 3983 918 4024 cum
948 3967 1160 4021 Domini
1202 3980 1365 4035 opera
1396 3964 1817 4029 admirarentur,
1850 3981 1960 4018 non
1998 3978 2117 4018 creo

2216 3971 2493 4024 ἐπίστευον
2521 3972 2600 4033 είς
2630 3970 2791 4023 αὐτὸν
2810 4012 2825 4035 ,
2855 3969 3002 4039 φόϐῳ
3029 3967 3107 4036 τῷ
3141 3967 3276 4036 πρὸς
3316 3966 3442 4029 τοὺς
3484 3966 3773 4037 ἀρχιερεῖς,

552 4062 807 4118 didcrunt
853 4061 906 4113 in
936 4075 1095 4122 eum,
1130 4068 1274 4111 metu
1315 4057 1631 4127 pontiﬁcum
1679 4058 2118 4127 reliquorumque

2216 4065 2310 4117 καὶ
2355 4064 2478 4125 τοὺς
2505 4061 2723 4124 λοιποὺς
2764 4061 2872 4112 τῶν
2922 4060 3228 4131 ἀρχόντων·
3267 4077 3285 4108 ί
3329 4057 3652 4125 Ἡγάπησαν
3686 4055 3777 4123 γὰρ

552 4155 916 4223 optimatum:
960 4169 977 4201 ι
1011 4149 1325 4205 Dilexerunt
1375 4149 1518 4204 enim
1566 4149 1793 4219 gloriam
1839 4149 2118 4204 hominum

2216 4156 2315 4226 τὴν
2343 4155 2498 4220 δόξαν
2527 4153 2634 4206 τῶν
2664 4152 2961 4224 ἀνθρώπων
2994 4150 3190 4221 μᾶλλον
3218 4150 3363 4220 ἡπερ
3388 4149 3492 4218 τὴν
3520 4146 3674 4211 δόξαν
3698 4145 3775 4197 τοί

551 4244 746 4314 magis,
770 4258 931 4312 quam
960 4242 1190 4312 gloriam
1210 4240 1301 4296 Dei
1325 4243 1365 4295 ³.
1400 4261 1418 4293 ι
1446 4241 1673 4306 Quando
1701 4251 1881 4296 autem
1921 4241 2118 4295 bonam

2219 4246 2373 4299 Θεοῦ.
2404 4264 2423 4297 ι
2470 4245 2927 4315 Ὀμολογήσαντες
2965 4242 3021 4294 δὲ
3048 4242 3145 4311 τὴν
3193 4240 3361 4311 καλὴν
3390 4240 3703 4309 ὁμολογίαν,
3728 4239 3777 4288 οὐ

551 4336 949 4391 confessionem
981 4334 1324 4399 conﬁtemur,
1358 4350 1473 4388 non
1505 4334 1667 4388 modo
1697 4349 1798 4389 nos
1822 4334 1969 4404 ipsos
2004 4349 2122 4389 ser-

2226 4339 2383 4409 μόνον
2412 4338 2638 4400 ἑαυτοὺς
2669 4335 2933 4407 σώζομεν,
2961 4334 3095 4387 ἀλλά
3132 4335 3225 4387 καὶ
3251 4335 3379 4396 τοὺς
3407 4332 3778 4400 νεοφωτίστως

552 4444 743 4483 vamus
763 4466 779 4492 ,
808 4426 900 4481 sed
934 4433 989 4481 et
1017 4441 1208 4481 recens
1236 4426 1539 4496 baptizatos
1571 4425 1988 4491 conﬁrmamus,
2030 4434 2115 4478 at-

2224 4428 2561 4500 βεϐαιοῦμεν,
2592 4428 2685 4482 καὶ⁸
2710 4429 2835 4490 τοὺς
2856 4443 3092 4497 κατηχου
3100 4426 3288 4495 μένους
3311 4421 3772 4492 πιστοποιούμεθα.

552 4538 658 4592 que
693 4520 1111 4575 catechumenos
1144 4520 1197 4572 in
1229 4519 1332 4574 ﬁde
1367 4519 1676 4574 statuimus.
1723 4517 1822 4573 Sin
1849 4534 1979 4574 vero
2017 4518 2118 4572 ali-

2222 4522 2286 4574 Ei.
2328 4520 2385 4573 δὲ
2430 4518 2759 4589 καθυφῶμέν
2796 4536 2849 4570 τι
2877 4518 2977 4587 τῆς
3020 4516 3325 4587 ὁμολογίας,
3365 4516 3775 4587 ἐξαρνησάμενοι

551 4611 685 4682 quid
714 4612 781 4667 de
806 4609 1151 4665 confessione
1193 4610 1568 4667 remiserimus
1587 4650 1602 4675 ,
1634 4619 1829 4682 negata
1857 4610 2120 4680 religione

2222 4612 2319 4683 τὴν
2373 4611 2651 4665 εὐσέϐειαν
2694 4609 2783 4663 διὰ
2826 4610 3049 4681 γνώμης
3104 4609 3407 4680 χαυνότητα
3432 4651 3446 4673 ,
3495 4610 3591 4661 καὶ
3635 4606 3775 4675 φόὸον

553 4702 648 4759 Dei
667 4704 738 4758 ob
764 4702 930 4757 animi
959 4702 1237 4757 mollitiem
1268 4711 1321 4757 et
1345 4702 1678 4759 brevissima:
1696 4718 1871 4774 pana).
1892 4711 2118 4771 metum,

2228 4701 2571 4775 βραχυτάτης
2598 4701 2865 4774 τιμωρίας
2884 4743 2899 4768 ,
2928 4701 2990 4754 οὐ
3024 4701 3182 4771 μόνον
3211 4702 3439 4763 ἑαυτοὺς
3468 4698 3777 4769 άποστεροῦο

617 4862 633 4893 ¹
663 4859 766 4915 Job
819 4875 981 4918 xxxv,
1016 4858 1068 4911 7.
1109 4858 1178 4888 εί·
1214 4854 1325 4926 Hoc
1355 4855 1577 4909 verbum
1614 4856 2009 4926 supplevimus,
2042 4852 2210 4925 quod,
2242 4854 2327 4926 vel
2360 4853 2515 4926 aliud
2559 4852 2757 4926 simile,
2792 4851 3104 4906 inconsulte
3134 4850 3401 4906 omissum
3430 4850 3649 4906 videtur
3677 4848 3777 4905 :si-

554 4932 775 5003 quidem
804 4930 873 4985 ab
897 4931 1187 4999 interprete
1212 4925 1404 4980 Latine
1430 4941 1645 4982 versum
1670 4921 1773 4982 est.
1805 4925 1961 4980 Em'r.
1994 4921 2130 4980 Pin

2217 4962 2234 4979 .
2304 4924 2325 4953 '
2351 4921 2508 4978 Joan.
2540 4940 2639 4988 xu,
2679 4923 2768 4977 45.

1859 5064 2218 5122 VARJOBUM
2254 5064 2485 5120 ΝΟΤᾸΞ.

628 5214 742 5285 (84)
776 5211 1461 5285 Ebaé6etar.t_'l'_1taxoﬁv,_
1490 5205 1548 5261 in
1571 5206 1779 5285 _altero._
1800 5205 1965 5261 Cum.

2239 5277 2250 5285 _
2308 5204 2420 5277 (91)
2458 5202 2741 5285 Ἀσέδεια.
2774 5201 2925 5285 Alter
2943 5199 3212 5285 ερσεδεια,
3252 5198 3471 5285 melius,
3500 5199 3545 5253 si
3569 5199 3774 5285 seorsim

653 5269 744 5353 85)
774 5282 1035 5353 Διαηομὸν
1062 5282 1179 5335 καί.
1215 5269 1504 5353 Desunt
1536 5277 1728 5353 altero.
1763 5277 1838 5331 lo.
2065 5347 2076 5353 _
2228 5269 2471 5353 legatur;
2491 5270 2915 5353 sententia;_sed
2970 5269 3587 5353 lectionem‘vulgarem
3617 5278 3778 5322 tuetur

654 5337 743 5424 89)
773 5337 970 5424 Ξύλᾷν
1026 5350 1383 5420 πρόσπηξιν.
1439 5347 1498 5402 1η
1547 5347 1717 5402 altero
1765 5354 1850 5403 est
1892 5347 2122 5419 σταυρὸν

2228 5337 2400 5424 16599
2427 5344 2678 5424 llebraifi
2715 5340 2924 5424 codicis
2950 5350 3005 5395 et
3030 5348 3162 5424 vett:
3197 5337 3320 5424 lntt.
3345 5337 3402 5420 in

564 5408 877 5495 ἀνάρτ’ἡσιν.
910 5420 988 5495 In.
1043 5408 1082 5495 ξ
1361 5489 1375 5495 _
1553 5486 1574 5495 _
2029 5408 2042 5419 ’

2298 5417 2409 5486 (92)
2458 5412 2817 5495 Ὁμολοτεῐη.
2863 5411 3012 5466 Alter
3060 5410 3184 5465 cod.
3241 5408 3693 5479 ὁμολογήσωμεν,
3728 5414 3773 5461 ut

658 5442 877 5547 ἵστησιν.
910 5442 988 5477 ιι).

695 5494 747 5562 7)
795 5493 1010 5562 Ἡμεῖς.
1043 5490 1204 5562 Deest
1232 5489 1289 5562 in
1329 5489 1519 5562 altero.
1553 5486 1630 5562 lo.
1761 5556 1808 5562 __
1954 5556 1967 5562 _

2298 5442 2409 5486 ιη]
2477 5442 2817 5483 Uro-«mm
2863 5455 2865 5461 ι

2225 5495 2415 5562 Postea
2458 5484 2755 5562 χείραξιιεν-
2789 5481 2865 5535 ιυ-

660 5502 723 5547 87
795 5502 1010 5562 Ἠμείς.
1044 5502 1204 5546 Deest
1232 5506 1289 5544 tn
1329 5502 1519 5543 altero.
1555 5502 1630 5543 ID.

660 5502 750 5631 88)
785 5562 987 5631 'dec.
1020 5560 1184 5616 Addit
1226 5561 1373 5631 alter
1405 5559 1577 5631 codex
1606 5556 1926 5631 ἀπετάξατο.
1951 5556 2029 5613 In.

2225 5502 2415 5556 poswa
2458 5502 2755 5603 xatpwgsv.
2789 5502 2865 5535 ω.

2450 5555 2645 5631 gessi
2671 5569 2860 5631 (ζηζες.
2892 5549 3250 5631 ιςαλούμενοι,
3281 5550 3335 5631 in
3367 5550 3542 5603 altero
3567 5546 3683 5603 cod.
3708 5544 3771 5600 1b.

659 5619 751 5699 89)
780 5619 994 5686 λῦτοῦ.
1018 5632 1179 5686 Addit
1204 5632 1339 5684 alter
1360 5628 1605 5699 δεόμεθα.
1640 5627 1716 5699 ln.
1793 5619 1808 5623 '
1965 5695 1982 5699 _

2294 5619 2404 5699 (9:5)
2441 5624 2558 5699 Μή,
2592 5619 3059 5699 Μηδέμὶηκοοάειη,
3084 5619 3253 5699 recte.
3285 5619 3338 5671 lo

772 5702 1148 5771 AMw’petor.
1180 5699 1236 5755 In
1257 5701 1426 5756 altero
1448 5688 1753 5770 εἰλικρινές,
1780 5706 1941 5756 recte.
1965 5695 2043 5754 In.

2295 5688 2402 5768 (95)
2442 5695 2632 5762 Δόξαν
2659 5688 2777 5746 erat.
2811 5691 3016 5746 Desunt
3047 5690 3103 5744 in
3132 5691 3322 5747 altero.
3351 5688 3430 5760 lo.
