3728 6238
147 255 229 309 8δῖ
992 265 1569 322 CONSTITUTIONES
1607 269 1640 320 Α

1751 266 2265 325 5TOLlCrE.--LIB.
2306 266 2369 320 Υ.
2389 274 2397 281 “

3174 273 3275 327 858

135 386 221 437 μεν
243 368 336 437 τῆς
359 369 577 423 αἰωνίου
606 373 772 446 δόξης
794 418 809 444 ,
854 376 1086 451 ἀλλ’ήδη
1129 381 1221 433 καὶ
1264 381 1462 447 ἑτέροις
1500 381 1640 432 αἴτιοη

1756 397 1863 434 non
1898 380 2069 435 solum
2106 395 2204 433 nos
2249 380 2350 449 ipsi
2378 387 2575 433 :eterna
2607 380 2774 449 gloria
2820 379 3271 449 defraudabimus,

132 458 375 520 ἀπωλείας
399 463 774 533 γενησόμεθα,
803 471 896 522 καὶ
920 469 1226 539 διπλοτέραν
1253 470 1536 538 ύποίσομεν
1560 470 1655 540 τὴν

134 546 251 599 τίσιν
275 546 414 617 (96),
445 550 524 613 ὼς
560 553 803 623 ὑποψίαν
830 557 1075 621 δόσαν-,τες
1103 559 1210 628 (97)
1251 558 1336 611 διὰ
1376 560 1472 627 τῆς
1498 560 1657 630 ἀρνή-

135 652 282 701 πως,
332 637 541 709 πλάνης
593 642 819 714 διδαχὴν
871 642 1005 698 εἶναι
1053 648 1148 717 τήν
1199 663 1325 697 ποτε
1368 646 1454 714 ὑφ’
1504 647 1655 716 ἡμῶν

131 725 459 797 δοξαζομένην
486 729 772 800 ἀλήθειαν.
809 733 900 784 Διὸ
929 736 1062 803 μήτε
1090 735 1356 805 πρόχειροι
1399 730 1539 804 ὦμεν
1567 737 1655 788 καὶ⁵

126 817 461 885 ,ῥιψοκίνδυνοι
484 835 499 847 ο
542 819 702 887 λέγει
740 822 847 892 γὰρ
886 824 914 875 6
956 824 1151 893 Κύριος
1182 840 1195 853 ·
1231 843 1248 874 ι
1277 824 1652 895 Προσεύχεσθε,

130 904 194 975 μὴ
219 908 465 976 ἐμπεσεῖν
497 909 612 979 (98)
637 915 724 975 εἰς
751 914 1047 983 πειρασμόν
1064 931 1076 943 ·
1094 915 1151 965 τὸ
1180 915 1273 982 μὲν
1301 914 1508 983 πνεῦμα
1536 915 1657 984 πρό-

130 996 306 1065 θυμον,
345 1001 379 1067 ἠ
410 986 483 1050 δὲ’
496 1000 642 1070 σὰρξ
680 1002 908 1074 ἀσθενής
928 1020 941 1033 ο
970 1021 988 1052 ι
1022 1004 1151 1073 μηδὲ
1181 1003 1281 1073 μὴν
1319 1005 1653 1073 ἐμπεσόντες,

128 1084 273 1154 δειλίᾳ
300 1089 759 1160 καταισχύνωμεν
786 1092 881 1160 τὴν
907 1092 1199 1162 ὁμολογίαν.
1218 1094 1279 1145 Ei
1297 1092 1401 1163 γὰρ
1427 1094 1655 1162 ἀρνησά-

129 1176 263 1242 μενός
290 1194 371 1239 τις
396 1179 497 1248 τὴν
543 1181 748 1233 ἑαυτοῦ
778 1183 994 1246 ἐλπίδα,
1023 1183 1079 1244 ὃς
1105 1183 1245 1234 ἐστιν
1285 1181 1482 1252 Ἰησοῦς
1508 1185 1535 1235 6
1560 1182 1651 1235 τοῦ

125 1265 238 1317 Θεοῦ
256 1264 375 1329 Υἱὸς
396 1309 411 1331 ,
441 1270 701 1342 ἀπολυθῇ
732 1272 822 1325 τοῦ
856 1272 1178 1342 προσκαίρου
1204 1271 1447 1338 θανάτου,
1476 1272 1654 1343 αὕριον

123 1357 159 1408 δ’
182 1359 264 1409 ἐπὶ
288 1359 475 1431 κλίνης
513 1363 664 1433 νόσῳ
684 1364 949 1435 περιπέσῃ
974 1364 1218 1434 ὀξυτάτῃ,
1239 1364 1456 1429 κοιλίας,
1477 1364 1509 1434 ἦ
1538 1381 1655 1417 στο-

1751 469 1847 523 sed
1881 469 1991 536 jam
2021 468 2140 524 aliis
2177 484 2387 537 quoque
2423 475 2670 523 auctores
2698 470 3010 537 perditionis
3035 472 3270 538 erimus;

1752 568 1803 613 et
1828 559 2045 625 duplum
2070 558 2386 627 supplicium
2417 558 2745 629 perferemus
2764 598 2779 622 ,
2827 560 2969 628 quod
2993 562 3275 630 negatione

1752 655 1969 712 nostra,
2004 649 2204 702 erroris
2254 656 2556 714 suspectam
2598 649 2985 704 reddiderimus
3023 665 3140 719 quae
3175 651 3274 702 ali-

1752 737 1964 805 quando
2008 751 2039 789 a
2078 737 2230 791 nobis
2274 738 2642 790 celebrabatur
2685 738 2975 791 veritatem.
3011 739 3272 803 Quocirca

1752 841 1923 895 neque
1960 826 2190 894 prompti
2231 827 2399 881 simus
2438 834 2673 890 temere,
2721 834 2879 894 atque
2934 827 3001 879 ad
3037 829 3271 897 pericula

1752 915 2081 985 praecipites;
2112 915 2367 969 Dominus
2395 917 2536 970 enim
2578 916 2745 970 dicit:
2780 934 2795 963 ι
2822 914 3007 979 Orate,
3043 932 3111 971 ne
3137 918 3272 970 inci-

1751 1004 1890 1057 datis
1937 1004 1993 1057 in
2040 1004 2428 1058 tentationem:
2470 1005 2692 1073 spiritus
2740 1005 2951 1073 quidem
2996 1016 3270 1075 promptus

1750 1100 1861 1156 est,
1903 1107 2030 1146 caro
2071 1100 2245 1147 autem
2290 1094 2575 1157 inﬁrma“;
2608 1114 2626 1146 ›
2676 1109 2847 1162 neque
2897 1094 2943 1146 si
2994 1094 3268 1162 intercepti

1749 1182 2028 1246 fuerimus,
2055 1184 2441 1248 confessionem
2474 1184 2750 1236 timiditate
2773 1184 3116 1238 maeulemus.
3139 1183 3270 1237 Nam

1749 1273 1841 1341 qui
1871 1273 2179 1342 abnegando
2201 1288 2348 1342 spem
2386 1287 2537 1327 suam
2556 1312 2570 1337 ,
2598 1272 2701 1326 hoc
2724 1282 2806 1327 est
2832 1272 3012 1326 Jesum
3032 1311 3047 1335 ,
3078 1272 3270 1327 Filium

1750 1360 1877 1425 Dei,
1921 1376 1951 1414 a
1981 1370 2149 1415 morte
2189 1363 2511 1430 temporaria
2558 1362 2811 1415 liberatus
2838 1370 2952 1427 est,
2984 1363 3029 1416 si
3057 1378 3177 1417 cras
3216 1363 3271 1417 in

125 1446 297 1517 μάχου,
317 1447 350 1519 ἢ
372 1451 646 1520 κεφαλῆς,
670 1454 707 1522 ἦ
724 1470 828 1504 τινι
855 1453 1011 1505 πάθει
1027 1451 1131 1504 τῶν
1148 1453 1395 1518 ἀνιάτων,
1426 1453 1640 1522 σήψεως,

1751 1449 1886 1505 lecto
1913 1451 2110 1504 incidat
2139 1451 2195 1504 in
2221 1451 2462 1504 morbum
2486 1452 2849 1506 acutissimum
2875 1491 2890 1515 ,
2921 1453 3150 1516 ventris,
3180 1462 3273 1506 aut

122 1539 528 1611 ἢγατγραίνης,
570 1540 606 1611 ἢ
637 1541 1013 1606 ἀποστάσεως,
1043 1542 1073 1610 ἢ
1107 1542 1242 1594 ίλεοῦ
1260 1583 1275 1609 ,
1307 1542 1339 1611 ἢ
1368 1543 1549 1611 ὑδέρου
1572 1583 1587 1607 ,
1617 1542 1640 1611 ἦ

1751 1541 2040 1603 stomachi,
2071 1549 2161 1594 aut
2197 1542 2418 1609 capitis,
2461 1542 2542 1595 vel
2575 1544 2630 1595 in
2660 1543 2873 1611 aliquod
2895 1544 3081 1597 vitium
3120 1543 3270 1596 insao

123 1630 294 1694 κώλου,
321 1636 544 1701 ταχεταν
571 1633 871 1703 ποιήσηται
896 1632 992 1702 τὴν
1018 1632 1382 1703 καταστροφὴν
1399 1671 1413 1695 ,
1443 1632 1534 1685 καὶ
1558 1631 1640 1683 τοῦ

1751 1629 1950 1693 nabile,
1990 1630 2127 1684 tabis
2155 1631 2237 1684 vel
2259 1644 2571 1698 gangraena,
2600 1633 2684 1685 vel
2711 1633 3013 1695 abscessus,
3042 1634 3123 1686 vel
3152 1635 3269 1687 vol-

122 1723 204 1791 ζῇν
229 1687 524 1787 ὑπεξέλθοι,
555 1687 806 1793 οὐχὶικάὶ
830 1722 936 1775 τῶν
950 1687 1189 1775 ⁵ἐνταῦθα
1220 1687 1491 1793 ⁸ὲσῖιτερίγθη
1515 1762 1530 1786 ,
1561 1724 1640 1773 κα]

1751 1718 1878 1782 vuli,
1908 1719 1990 1772 vel
2015 1733 2164 1787 aquae
2191 1720 2490 1782 intercutis,
2521 1721 2604 1774 vel
2640 1722 2797 1774 eolici
2823 1721 3073 1788 affectus;
3100 1731 3153 1776 et
3174 1736 3270 1777 ce-

120 1813 211 1864 τῶν
236 1812 462 1865 αἰωνίων
493 1814 825 1867 ὲκπέπτωκε
840 1851 854 1875 ,
887 1812 1078 1883 μᾶλλον
1104 1812 1159 1863 δὲ
1183 1811 1280 1880 τῆς
1305 1812 1471 1863 ἀϊδίου
1499 1811 1640 1863 κολά-

1751 1807 1844 1862 leri
1893 1808 2037 1862 exitu
2083 1824 2112 1861 e
2152 1809 2258 1861 vita
2302 1809 2574 1875 discedat;
2623 1826 2801 1864 nonne
2836 1819 2888 1864 et
2917 1812 3269 1880 praesentibus

122 1918 239 1963 σεως
276 1903 421 1966 ἐντὸς
458 1904 709 1973 κατέστη
731 1946 746 1969 ,
777 1903 1053 1973 πορευθεὶς
1094 1903 1172 1963 είς
1204 1919 1222 1951 t
1260 1901 1320 1953 τὸ
1366 1901 1549 1963 σκότος
1591 1903 1640 1954 τὲ

1751 1899 1900 1952 bonis
1933 1899 2170 1967 privatus
2202 1908 2284 1954 est
2304 1940 2317 1963 ,
2349 1908 2402 1953 et
2431 1901 2497 1954 ab
2523 1902 2737 1955 aeternis
2767 1902 2996 1968 excidit;
3028 1902 3269 1970 quinimo

114 1990 384 2061 ἐξώτερον,
427 1985 492 2044 οὗ
540 1994 571 2043 6
622 1993 895 2062 κλαυθμὸς
936 1992 1028 2044 καὶ
1060 1993 1086 2043 6
1115 1990 1350 2061 βρυγμὸς
1375 1990 1479 2043 τῶν
1508 1990 1640 2042 ὀδόν-

1751 1998 1996 2043 aaternum
2021 1990 2338 2057 supplicium
2370 1992 2553 2057 subiit,
2586 1992 2858 2059 profectus
2886 1991 2950 2044 ad
2978 2009 2996 2041 ι
3023 1992 3269 2045 tenebras

118 2096 243 2145 των;
270 2101 287 2133 ι
317 2084 345 2135 6
370 2083 427 2135 δὲ
456 2083 571 2153 (99)
604 2083 855 2146 ἀξιωθεὶς
883 2082 1191 2151 μαρτυρίου,
1219 2081 1446 2150 χαιρέτω
1472 2080 1565 2149 τὴν
1591 2082 1640 2133 ὲν

1751 2079 2034 2133 exteriores
2058 2118 2074 2143 ,
2109 2079 2200 2132 ubi
2244 2079 2398 2133 ﬂetus
2434 2092 2486 2133 et
2524 2081 2720 2135 stridor
2748 2081 2987 2134 dentium
3008 2081 3073 2133 ‘1'
3104 2100 3122 2133 ι
3167 2080 3268 2145 Qui

120 2173 285 2241 Κυρίῳ
310 2174 503 2243 χαρὰν,
520 2174 602 2236 ὡς
631 2172 944 2243 τηλικούτου
970 2170 1231 2240 ἐπιτυχὼν
1260 2172 1535 2238 στεφάνου,
1557 2171 1640 2222 καὶ

1751 2182 1869 2222 vero
1891 2168 2141 2238 martyrio
2166 2168 2356 2238 dignus
2382 2179 2462 2223 est
2491 2170 2724 2231 habitus,
2750 2170 2930 2223 laetitia
2960 2171 3013 2222 in
3046 2170 3270 2223 Domino

116 2259 174 2311 δι’
196 2261 470 2331 ὁμολογίας
516 2262 843 2330 ποιούμενος
884 2260 979 2330 τὴν
1017 2259 1187 2323 ἔξοδον
1220 2259 1313 2311 τοῦ
1360 2259 1491 2328 βίου.
1532 2258 1640 2312 Κᾶν

1751 2258 2010 2324 sﬂ'eratur,
2055 2259 2194 2327 quod
2226 2268 2427 2311 tantam
2455 2274 2708 2313 coronam
2765 2268 2956 2314 nactus
2982 2260 3178 2322 fuerit,
3215 2267 3269 2314 et

118 2351 499 2420 κατηχούμενος
537 2348 608 2421 ᾗ,
657 2351 856 2411 ἄλυπος
898 2348 1106 2401 ἀπίτωο
1137 2348 1195 2400 τὺ
1236 2348 1342 2419 γὰρ
1385 2348 1549 2410 πάθος
1586 2350 1640 2401 τὸ

1751 2364 1837 2417 per
1881 2348 2271 2402 confessionem
2323 2364 2387 2402 ex
2433 2349 2533 2401 hac
2577 2350 2683 2401 vita
2743 2351 2952 2417 migret.
3010 2349 3267 2414 Quamvis

118 2438 238 2509 ὑπὲρ
262 2441 496 2511 Χριστοῦ
522 2482 537 2507 ,
570 2442 730 2493 ἔσται
778 2439 924 2509 αὐτῷ
960 2438 1307 2508 γνησιώτερον
1337 2438 1605 2507 βάπτισμα
1626 2454 1640 2468 ·

1751 2437 2156 2491 catechumenus
2203 2439 2306 2500 sit,
2348 2438 2465 2493 sine
2506 2438 2721 2491 tristitia
2772 2440 2991 2491 excedat
3030 2458 3042 2491 :
3086 2440 3265 2506 passio

118 2529 185 2580 ὅτι
210 2531 361 2592 αὐτὸς
392 2533 491 2601 μὲν
522 2531 693 2601 πείρᾳ
737 2528 1150 2598 συναποθνήσκει
1174 2526 1251 2596 τῷ
1276 2527 1486 2596 Κυρίῳ,
1514 2527 1562 2577 οἱ
1588 2527 1640 2579 δὲ

1751 2528 1880 2582 enim
1923 2542 2021 2597 pro
2069 2527 2285 2582 Christo
2333 2529 2534 2596 perlata
2561 2565 2576 2591 ,
2624 2526 2727 2580 erit
2769 2527 2817 2580 ei
2866 2527 3124 2580 sincerior
3172 2527 3267 2579 ba-

118 2616 269 2670 λοιποὶ
290 2659 304 2683 ,
332 2619 507 2689 τύπῳ.
541 2619 796 2690 Χαιρέτω
821 2614 912 2670 οὖν
944 2616 1261 2687 μιμούμενος
1285 2616 1371 2667 τὸν
1396 2617 1640 2670 διδάσκα-

1751 2617 1993 2685 ptismus;
2031 2616 2459 2685 quandoquidem
2498 2618 2611 2685 ipse
2661 2630 2845 2668 revera
2875 2625 2927 2668 et
2967 2615 3265 2684 periculum

117 2706 214 2759 λον’
237 2710 415 2779 ἐπειδὴ
439 2711 535 2762 καὶ
564 2709 990 2779 προστέτακται·
1016 2726 1034 2757 ι
1054 2705 1483 2775 Κατηρτισμένος
1509 2706 1640 2758 ἔστω

1751 2704 1982 2760 faciendo
2003 2743 2021 2770 ,
2051 2705 2266 2759 Christo
2292 2706 2636 2758 eommoritur
2655 2743 2671 2769 ,
2703 2706 2894 2773 reliqui
2922 2719 3076 2768 vero,
3114 2724 3132 2755 ι
3165 2705 3264 2759 hoc

118 2801 236 2864 πᾶς,
266 2800 338 2862 ὡς
362 2801 391 2850 6
422 2799 746 2859 διδάσκαλος
773 2797 952 2849 αὐτοῦ.
990 2814 1009 2846 ι
1053 2796 1107 2848 '0
1133 2794 1189 2847 δὲ
1219 2794 1524 2856 διδάσκαλος
1549 2795 1640 2846 αύ-

1751 2802 1839 2858 ast,
1864 2796 1953 2865 qui
1980 2796 2336 2864 baptizantur,
2366 2814 2385 2846 ι
2419 2797 2586 2865 ﬁgura
2616 2803 2843 2851 tantum.
2875 2796 3111 2850 Gaudeat
3137 2812 3265 2867 ergo

117 2888 197 2939 τοῦ
215 2890 302 2940 καὶ
322 2889 467 2959 (100)
489 2889 654 2958 ἡμῶν
684 2885 884 2957 Ἰησοῦς
903 2887 929 2937 6
948 2884 1141 2954 Κύριος
1157 2884 1204 2935 δι
1220 2884 1233 2899 ⁸
1252 2885 1396 2952 ἡμᾶς
1414 2883 1638 2953 ἐπλήγη,

1751 2885 1805 2939 le
1832 2885 2068 2955 Magistri
2100 2886 2431 2950 imitatione,
2470 2887 2733 2954 siquidem
2781 2895 3102 2955 praeceptum
3131 2896 3210 2941 est
3246 2904 3260 2937 :

119 2977 302 3049 βλασφη
311 2980 436 3048 μίας
450 2980 528 3048 (1)
542 2977 800 3048 ὑπέμεινε
819 2976 910 3029 καὶ
922 2974 1242 3044 ὀνειδισμοὺς
1263 2973 1632 3043 μακροθύμως,

1751 2995 1764 3028 ι
1794 2975 2070 3032 Perfectus
2100 2978 2170 3031 sit
2197 2978 2391 3041 omnis,
2423 2978 2561 3032 sicut
2587 2976 2835 3046 Magister
2856 2977 3039 3044 ejus";
3068 2996 3087 3029 ι
3117 2982 3264 3047 atqui

116 3069 409 3138 ὲνεπτύσθη,
438 3066 770 3136 ὲκολαφίσθη
790 3106 805 3129 ,
836 3064 1152 3135 ὲρῤαπίσθη,
1184 3062 1394 3133 σταυρῷ
1424 3061 1555 3131 μετά
1580 3062 1640 3114 τὸ

1751 3065 1988 3135 Magister
2034 3067 2153 3135 ejus
2199 3076 2252 3122 et
2289 3076 2491 3131 noster,
2521 3068 2780 3122 Dominus
2830 3067 3007 3131 Jesus,
3051 3078 3265 3137 propter

98 3148 453 3227 ⁷μαστιχθῆναι
482 3155 842 3227 προσηλώθη,
871 3154 987 3219 ὅξος
1024 3154 1113 3205 καὶ
1154 3151 1309 3220 χολὴν
1352 3150 1598 3221 ἐποτίσθη
1620 3167 1634 3181 °

115 3245 379 3308 τελειώσας
413 3247 491 3315 (2)
522 3246 705 3299 πάντα
731 3243 1104 3315 γεγραμμένα,
1146 3237 1262 3293 εἷπε
1288 3242 1364 3311 τῷ
1391 3242 1505 3311 Θεῷ
1546 3243 1638 3295 καὶ

119 3334 267 3404 Πιτρί
295 3351 307 3364 ο
344 3355 363 3385 ‹
386 3337 486 3398 Εἰς
540 3335 729 3406 χεῖράς
782 3352 873 3386 σου
928 3331 1255 3403 παρατίθημι
1316 3331 1376 3382 τὸ
1427 3330 1639 3401 πνεῦμά

120 3438 224 3488 μου.
263 3444 280 3473 ι
312 3426 402 3477 Διὸ
448 3426 547 3477 καὶ
587 3427 616 3476 6
660 3425 940 3493 εὐχόμενος
983 3420 1184 3473 ἐκείνου
1217 3419 1454 3490 μαθητὴς
1479 3416 1635 3487 εἶναι,

117 3511 335 3580 ζηλούτω
360 3517 489 3577 τοὺς
515 3513 681 3567 αὐτοῦ
710 3513 938 3581 ἀγῶνας,
963 3510 1222 3581 μιμείσθω
1238 3510 1331 3580 τὴν
1352 3510 1635 3581 ὑπομονὴν,

117 3601 371 3665 γινώσκων
398 3604 482 3656 ὃτι
510 3603 613 3657 κᾶν
643 3604 699 3654 ὲν
731 3603 860 3672 πυρὶ
889 3602 989 3653 ὑπὸ
1018 3599 1309 3670 ἀνθρώπων
1338 3607 1465 3675 καῇ,
1493 3599 1636 3652 οὐδὲν

118 3690 338 3744 πείσεται
361 3735 376 3758 ,
406 3695 483 3756 ὡς
512 3694 564 3744 οἱ
592 3695 737 3763 τρεῖς
766 3692 948 3753 παῖδες
966 3732 980 3757 ,
1010 3690 1041 3759 ἢ
1076 3691 1122 3741 εί
1151 3691 1241 3741 καὶ
1268 3689 1410 3760 πάθῃ
1438 3707 1518 3754 τι,
1552 3707 1638 3759 μι-

116 3777 224 3829 σθὸν
260 3782 405 3851 παρά
448 3781 656 3851 Κυρίου
696 3780 956 3850 λήψεταιο
1001 3777 1261 3829 πιστεύων
1312 3778 1388 3846 τῷ
1428 3780 1505 3830 ἑνὶ
1546 3780 1636 3830 καὶ

118 3867 246 3938 μόνῳ
285 3870 523 3940 ἀληθινῷ
564 3870 680 3939 Θεῷ
707 3871 799 3922 καὶ
823 3871 1018 3939 Πατρὶ,
1065 3868 1151 3921 διὰ
1189 3869 1357 3939 Ἰησοῦ
1384 3868 1633 3939 Χριστοῦ,

117 3956 198 4009 τοῦ
227 3961 452 4027 μεγάλου
483 3961 781 4031 ἀρχιερέως
803 3998 818 4021 ,
864 3959 953 4011 καὶ
992 3958 1255 4030 λυτρωτοῦ
1294 3961 1399 4012 τῶν
1434 3960 1633 4029 ψυχῶν,

118 4048 197 4098 καὶ
238 4046 625 4117 μισθαποδότου
670 4050 776 4101 τῶν
817 4049 986 4103 ἄθλων
1018 4066 1030 4079 ⁸
1073 4044 1117 4116 ᾧ
1158 4052 1190 4119 ὴ
1235 4048 1357 4114 δόξα
1401 4052 1479 4113 είς
1513 4053 1635 4114 τοὺς

117 4136 313 4199 αἰῶνας.
356 4141 546 4210 Ἀμήν.

574 4427 957 4482 ΚΕΦΑΛΑΙΟΝ
992 4429 1041 4479 Ζν
1078 4425 1172 4495 (3).

124 4544 246 4610 Περὶ
310 4546 696 4611 ἀναστάσεως
761 4543 1087 4611 ἀποδείξεις
1108 4608 1114 4611 _
1133 4538 1400 4611 _6tdgpopm
1434 4554 1475 4611 '_
1503 4537 1635 4611 περὶ

182 4606 463 4681 Σιϐύλλης
483 4632 498 4646 ο
532 4615 627 4667 καὶ
658 4606 714 4665 τί
740 4617 793 4667 οἱ
833 4610 1067 4665 Στωϊκοὶ
1097 4608 1172 4678 (4)
1204 4607 1335 4674 περὶ
1375 4606 1478 4660 τοῦ
1506 4606 1634 4673 φοί-

181 4696 333 4746 νικος
356 4685 462 4737 τοῦ
491 4684 717 4749 ὀρνέου.

187 4770 339 4835 Αὐτὸς
364 4772 469 4842 γὰρ
495 4773 642 4842 ἡμᾶς
676 4772 848 4840 ἐγερεῖ
873 4770 901 4821 6
929 4765 1308 4836 παντοκράτωρ
1349 4766 1475 4827 Θεὸς
1496 4803 1510 4827 ,
1547 4763 1634 4817 διὰ

1735 3170 1835 3211 nos
1884 3158 2066 3227 plagas
2133 3158 2419 3220 sustinuit,
2479 3159 2717 3211 convicia
2764 3165 2816 3210 et
2871 3158 3065 3225 probra
3112 3172 3264 3226 aequo

1736 3244 1914 3300 animo
1942 3246 2214 3307 toleravit,
2255 3255 2548 3315 consputus
2578 3255 2696 3309 εει,
2738 3249 2978 3316 colaphis
3002 3258 3055 3302 et
3092 3251 3261 3319 alapis

1736 3347 2050 3400 percussus,
2078 3336 2223 3390 cruci
2248 3344 2367 3404 post
2396 3336 2558 3404 ﬂagra
2599 3335 2783 3390 afﬁxus
2804 3375 2819 3399 ,
2873 3348 3028 3391 aceto
3057 3348 3110 3392 et
3140 3340 3263 3394 felle

1735 3430 1980 3490 potatus;
2041 3426 2530 3493 consummatisque
2589 3426 2837 3479 omnibus
2890 3442 3007 3495 quze
3064 3429 3260 3497 scripta

1735 3519 1920 3577 erant,
1965 3513 2096 3567 dixit
2126 3513 2233 3567 Deo
2285 3520 2336 3567 et
2379 3512 2522 3567 Patri
2550 3533 2561 3567 :
2603 3533 2621 3565 ι
2650 3513 2705 3567 ln
2736 3530 2927 3570 manus
2955 3523 3075 3569 tuas
3106 3531 3258 3570 eom-

1736 3602 1927 3656 mendo
1972 3603 2217 3670 spiritum
2264 3619 2439 3657 meum
2458 3605 2498 3659 ⁸.
2531 3624 2550 3655 ι
2599 3605 2931 3673 Quapropter
2978 3606 3070 3673 qui
3114 3615 3260 3675 Optat

1735 3691 1878 3744 illius
1918 3707 2036 3747 esse
2083 3693 2412 3761 discipulus,
2459 3697 2734 3748 aemuletur
2775 3696 2891 3762 ejus
2931 3697 3255 3757 certamina,

1736 3781 1971 3835 imitetur
2002 3784 2340 3851 patientiam;
2392 3786 2566 3839 sciens
2594 3787 2734 3854 quod
2761 3786 2861 3839 etsi
2892 3786 2946 3838 in
2975 3786 3148 3854 ignem
3189 3788 3256 3839 ah

1736 3869 2038 3924 hominibus
2065 3873 2413 3940 conjiciatur,
2446 3874 2578 3926 nihil
2606 3878 2854 3943 patietur,
2881 3875 3018 3928 sicut
3044 3875 3118 3927 illi
3146 3882 3256 3929 tres

1735 3960 1939 4026 pueri";
1967 3967 2056 4012 aut
2080 3961 2125 4014 si
2154 3961 2352 4029 aliquid
2377 3964 2629 4030 patiatur,
2654 3964 2948 4017 mercedem
2973 3978 3001 4015 a
3030 3962 3256 4016 Domino

1734 4049 1991 4117 accipiet;
2024 4049 2177 4103 ﬁdem
2201 4050 2404 4105 habens
2442 4053 2534 4105 uni
2562 4060 2615 4106 et
2652 4054 2750 4107 soli
2779 4068 2904 4106 vero
2936 4053 3041 4106 Deo
3065 4068 3125 4106 ac
3152 4052 3255 4106 lia-

1733 4137 1838 4200 tri,
1871 4152 1964 4205 per
1990 4137 2171 4191 Jesum
2212 4138 2517 4203 Christum,
2547 4156 2795 4210 magnum
2828 4143 3128 4210 pontificem
3150 4181 3165 4205 ,
3204 4152 3256 4196 et

1755 4225 2135 4294 redemptorem
2166 4229 2491 4291 animarum,
2527 4232 2979 4301 certaminumque
3010 4246 3254 4286 remune-

1662 4295 1707 4349 Ῑ)
1737 4323 2001 4382 ratorem;
2031 4318 2117 4370 cui
2148 4317 2315 4386 gloria
2362 4318 2417 4371 in
2440 4322 2653 4374 saecula.
2687 4321 2855 4375 Arnen

2306 4426 2526 4481 CAPUT
2564 4429 2674 4486 VII.

1733 4536 1809 4591 De
1835 4538 2200 4591 resurrectione
2229 4538 2386 4607 uarice
2415 4538 2909 4603 demonstrationes;
2935 4538 2995 4591 de
3024 4537 3248 4607 Sibylla;

2071 4616 2119 4658 et
2145 4606 2265 4674 quid
2291 4605 2451 4659 Stoici
2470 4608 2531 4661 de
2545 4609 2765 4676 phoenice
2791 4623 2898 4660 ave.

1804 4760 1921 4830 lpse
1946 4762 2089 4816 enim
2121 4776 2221 4815 nos
2243 4762 2582 4816 resuscitabit
2608 4761 2939 4829 omnipotens
2962 4759 3121 4825 Deus,
3153 4774 3252 4829 per

188 4901 205 4931 ‘
227 4900 403 4956 Matth.
432 4919 578 4965 xxvr,
604 4901 691 4953 41.
754 4900 775 4931 ⁸
807 4899 992 4953 Matth.
1035 4913 1152 4959 vm,
1178 4897 1260 4950 12.
1331 4897 1352 4928 ⁸
1372 4894 1502 4949 Luc.
1533 4909 1609 4956 vr,
1638 4927 1640 4935 ι

1788 4891 1808 4922 ⁸
1833 4890 1962 4944 Luc.
2010 4905 2164 4957 mn,
2188 4890 2280 4944 46.
2338 4889 2508 4945 'Dan.
2541 4906 2625 4955 ιιι,
2661 4891 2729 4944 24

1364 5022 1717 5079 VARIORUM
1749 5021 1974 5077 NOTAE.

194 5142 291 5214 (96)
324 5143 681 5207 Διπλοτέραν
706 5141 878 5194 τίσιν.
910 5140 970 5191 1η
1001 5138 1166 5214 altero
1199 5136 1505 5214 διπλασίονα
1527 5136 1626 5214 τὴν

133 5203 285 5278 δίκην,
317 5203 1034 5278 ιιιίειιιι-εένιιοιιςιιιοιυιιι,
1092 5207 1147 5258 in
1199 5206 1284 5259 his
1326 5204 1477 5256 libris
1524 5203 1628 5257 fre-

140 5280 468 5345 quentissima.
501 5278 677 5345 Cum.

209 5345 283 5413 97)
316 5349 629 5413 Δόσαντες.
666 5343 719 5413 in
737 5345 914 5413 altero
941 5340 1114 5413 δόντες
1139 5340 1349 5413 melius.
1380 5335 1453 5390 lo.

329 5411 666 5480 Ἐμπεσεῖν.
683 5409 836 5480 Δξᾱειιι
859 5408 1130 5480 εἰσελθεῖν.Δ
1154 5408 1229 5480 In.

197 5473 285 5543 (99)
327 5473 491 5541 ‘66s,
526 5485 644 5528 etc.
679 5476 878 5530 Novum
922 5484 1079 5541 caput
1120 5476 1418 5543 inchoatur,
1451 5473 1628 5543 addito

140 5540 381 5620 titulo
399 5545 578 5620 {ﬂeet
599 5544 941 5620 ἀναστάσεως
966 5540 1255 5620 ἀποδείξεις
1281 5542 1534 5620 διάφοροι.
1554 5540 1607 5594 In

194 5611 314 5684 (100)
348 5610 547 5668 Αὐτοῦ
583 5610 705 5660 καί.
741 5612 938 5667 Desunt
968 5612 1020 5662 in
1050 5611 1217 5665 altero
1239 5610 1356 5664 eod.
1388 5610 1460 5661 In.

1795 5133 1868 5204 (l)
1920 5133 2175 5201 Ἐπλήγη
2198 5133 2599 5200 βλασφημίας.
2644 5130 2765 5185 Haec
2790 5146 3000 5201 quoque
3029 5145 3242 5204 absunt.

1794 5272 1869 5343 (2)
1913 5269 2242 5330 Τελειώσας.
2281 5265 2574 5336 Przeligitur
2604 5268 2655 5321 in
2684 5267 2869 5321 eodem
2894 5268 3004 5332 καί,
3032 5202 3239 5343 genus,

1796 5408 1871 5477 (3)
1908 5410 2072 5477 ΚΕεξτ
2120 5405 2284 5477 Deest_
2308 5402 2411 5456 hoc
2437 5410 2490 5457 et
2542 5418 2658 5472 cap.
2693 5404 2969 5472 inscriptio
3014 5340 3245 5464 digium--

1727 5467 1830 5544 que
1853 5467 1981 5530 'eod.
2020 5474 2241 5544 Vindob.
2266 5467 2339 5544 ln_.

1804 5544 1876 5614 (4)
1918 5540 2258 5614 ΟζΣζωζκοί.
2312 5537 2506 5614 Dovius
2543 5541 2830 5614 invenerat
2849 5543 3018 5614 solum
3062 5545 3116 5597 in
3143 5544 3244 5614 hoc

1736 5605 1890 5666 titulo
1921 5628 1933 5662 :
1966 5610 2096 5678 Περὶ
2139 5605 2493 5670 ἀναστάσεως.
2534 5608 2734 5663 Caetera
2769 5608 2946 5665 addita
2990 5622 3145 5676 sunt,
3188 5611 3244 5666 ni
