3828 6384
117 335 248 391 849

1059 328 1662 387 CONSTITUTIONES
1696 329 2379 387 ΑΡο5τ‹)ιι(;ιΕ.-ιιιι.
2420 331 2485 385 ν.

3299 337 3405 395 850

115 446 479 520 τετράποδα,
510 444 736 518 ἑρπετὰ,
775 444 939 515 φυτὰ,
974 443 1219 515 βοτάνας
1251 444 1343 497 τὸν
1388 444 1546 496 αὑτὸν
1597 444 1720 515 τρό-

1829 445 2114 501 universos
2140 461 2239 501 sua
2271 446 2550 499 voluntate
2579 444 2887 507 suscitabit,
2922 445 3042 514 opis
3096 460 3205 501 non
3260 448 3407 504 indi-

117 558 267 604 πον,
303 538 402 593 καὶ
430 539 638 601 πάντας
664 538 956 608 ἀναστήσει
985 536 1273 607 θελήματι,
1308 534 1623 605 συνεργείας
1655 535 1728 606 μὴ

119 634 421 705 δεόμενος·
480 632 577 701 τῆς
604 630 713 701 γὰρ
741 630 913 699 αὐτῆς
958 628 1237 699 δυνάμεώς
1268 630 1413 681 ἐστιν
1441 627 1621 698 ἔργον,
1669 628 1730 680 τὸ

122 723 550 795 δημιουργῆσαι
579 721 802 791 κόσμον,
834 720 1008 773 καὶτὸ
1027 721 1252 791 νεκροὺς
1274 720 1588 789 ἀναστῆσαι.
1620 720 1731 774 Καὶ

124 817 267 869 τότε
308 816 407 886 μὲν
439 814 512 885 μὴ
559 812 689 866 ὅντα
736 812 846 882 (55)
875 812 966 864 τὸν
1020 811 1326 883 ἄνθρωπον,
1356 814 1419 863 ὲκ
1462 811 1729 882 διαφόρων

130 908 409 977 εποίησεν
438 904 725 974 ἄνθρωπον
754 903 886 973 (56),
916 903 1037 968 δοὺς
1057 902 1204 973 αὐτῷ
1223 904 1320 973 τὴν
1339 903 1514 973 ψυχὴν
1544 905 1609 955 ὲκ
1636 902 1728 956 τοῦ

135 1000 222 1071 μὴ
260 1000 437 1060 ὄντος·
472 996 567 1051 νῦν
598 995 653 1048 δὲ
682 996 803 1057 ταῖς
846 993 1033 1059 obeat;
1074 994 1274 1063 ψυχαῖς
1300 994 1368 1046 τὰ
1418 993 1732 1046 διαλυθέντα

133 1090 385 1161 σώματα
426 1087 693 1142 ἀποτίσει.
727 1086 1012 1156 Κειμένων
1043 1085 1150 1155 γάρ
1179 1085 1324 1138 ἐστιν
1355 1086 1386 1155 ἡ
1416 1086 1727 1148 ἀνάστασις,

126 1184 266 1253 οὐχὶ
298 1183 358 1235 δὲ
389 1181 463 1253 μὴ
493 1180 861 1251 ὑπαρχόντων.
908 1178 965 1231 'U
1012 1174 1105 1232 οὖν
1140 1178 1209 1231 τὰ
1256 1177 1448 1248 πρῶτα
1504 1178 1731 1248 σώματα

127 1277 203 1327 ἐκ
242 1274 325 1345 μὴ
353 1274 520 1326 ὄντων
552 1272 804 1341 ποιήσας,
828 1270 921 1323 καὶ
949 1270 1008 1334 ἐξ
1030 1270 1207 1323 αὐτῶν
1227 1270 1456 1341 διάφορα
1482 1270 1731 1342 δημιουρ-

128 1369 330 1437 γήσας
391 1357 706 1437 (57),οὖτος
759 1365 851 1418 καὶ
900 1366 1028 1427 τοὺς
1083 1364 1339 1429 θανόντας
1393 1365 1731 1436 ζωοποιήσας

126 1457 468 1527 ἀναστήσει.
512 1457 569 1509 '0
597 1455 704 1525 γὰρ
733 1457 789 1508 ὲν
817 1458 883 1526 τῇ
913 1455 1090 1525 κοιλίᾳ
1117 1456 1207 1509 τὸν
1235 1456 1517 1527 ἄνθρωπον
1544 1459 1607 1511 ὲκ
1640 1476 1729 1528 μι-

127 1545 283 1619 κροῦ
319 1547 632 1619 σπέρματος
665 1546 907 1617 μορφῶν,
938 1548 1033 1600 καὶ
1056 1546 1235 1618 ψυχὴν
1263 1548 1411 1618 αὐτῷ
1438 1549 1537 1602 οὐκ
1564 1546 1731 1603 οὖσαν

129 1639 690 1712 ἐνδημιουργῶν·(58)
703 1641 788 1695 κα)
807 1640 881 1702 ὡς
910 1641 1071 1704 αὐτός
1102 1640 1203 1694 πού
1217 1658 1348 1712 φησι
1364 1641 1442 1712 τῷ
1474 1642 1725 1714 Ἱερεμίᾳυ

136 1752 155 1782 ι
201 1733 326 1803 Πρὸ
356 1730 453 1785 τοῦ
487 1749 554 1802 με
584 1731 786 1785 πλάσαι
821 1748 878 1785 σε
909 1732 967 1785 ὲν
1014 1732 1212 1804 κοιλία,
1259 1732 1556 1803 ἐπίσταμαί
1612 1750 1724 1785 crs-1

1832 552 1962 603 gens
1989 556 2001 590 :
2038 552 2160 591 cum
2191 537 2437 605 ejusdem
2461 538 2742 605 potestatis
2773 553 2909 607 opus
2935 538 3027 602 sit,
3057 544 3109 593 et
3142 539 3409 603 mundum

1829 630 2084 695 condere,
2132 639 2184 683 et
2208 638 2455 685 mortuos
2485 631 2747 686 excitare.
2781 630 2857 683 Ac
2893 641 3023 686 tunc
3060 629 3281 700 quidem
3310 634 3405 691 ho-

1830 722 2032 779 minem
2086 723 2178 793 qui
2209 738 2321 777 non
2347 731 2485 785 erat,
2508 738 2576 778 ex
2604 724 2836 779 diversis
2866 724 2922 778 in
2955 724 3230 780 hominem
3266 741 3406 783 con-

1830 816 2025 877 stituit,
2058 815 2185 869 data
2235 816 2285 870 ei
2326 831 2392 871 ex
2419 815 2589 870 nihilo
2619 816 2843 881 anima;
2892 832 3036 870 nunc
3067 832 3199 871 vero
3242 823 3407 880 resti-

1828 916 1943 962 tuet
1968 909 2333 963 existentibus
2361 907 2651 963 animabus
2679 924 2911 978 corpora
2942 910 3235 966 dissoluta.
3269 909 3405 968 Nam

1830 1001 2164 1059 resurrectio
2191 1015 2380 1054 eorum
2409 1008 2513 1063 est,
2554 1016 2673 1069 qua:
2711 1000 2916 1071 jacent,
2966 1018 3075 1055 non
3102 1012 3282 1057 autem
3314 1017 3408 1058 co-

1828 1109 1950 1148 rum
1988 1108 2109 1163 qua:
2150 1108 2257 1146 non
2294 1103 2444 1148 sunt.
2504 1092 2691 1164 Itaque
2721 1095 2813 1166 qui
2846 1095 3021 1165 prima
3071 1110 3301 1165 corpora
3340 1112 3407 1151 ex

1828 1186 1999 1238 nihilo
2033 1184 2233 1245 ell‘et-it.
2273 1191 2326 1238 et
2356 1200 2419 1238 ex
2451 1184 2586 1253 ipsis
2636 1186 2784 1242 varia
2816 1186 3097 1254 condidit;
3124 1188 3213 1242 hic
3241 1190 3405 1243 etiam

1828 1275 2133 1340 defunctos,
2162 1275 2276 1329 vita
2312 1274 2545 1343 reddita,
2586 1277 2895 1332 suscitabit.
2928 1278 2993 1332 Et
3023 1282 3118 1351 qui
3162 1281 3218 1335 in
3253 1291 3407 1335 utero

1828 1367 2103 1423 hominem
2132 1382 2197 1421 ex
2249 1366 2456 1425 semine
2497 1369 2695 1438 exiguo
2740 1368 2958 1433 format,
2984 1380 3038 1424 et
3069 1373 3306 1425 animam
3341 1388 3405 1427 ex

1828 1474 1937 1513 non
1969 1466 2093 1515 ente
2120 1473 2317 1513 creans
2356 1459 2458 1528 ipsi
2488 1459 2627 1513 indit
2656 1478 2669 1526 ;
2706 1461 2848 1516 sicut
2875 1464 2990 1533 ipse
3018 1462 3263 1519 Ieremia:
3294 1464 3401 1518 ait:

1830 1549 2149 1620 Priusquam
2172 1560 2219 1604 te
2239 1550 2526 1619 formarem
2544 1553 2597 1604 in
2628 1562 2797 1619 utero,
2822 1555 2939 1607 novi
2970 1554 3077 1608 te“
3112 1572 3125 1620 ;
3152 1562 3206 1609 et
3238 1555 3401 1609 alibi:

1829 1640 1942 1712 Ego
1981 1641 2242 1696 Dominus
2278 1643 2500 1711 ﬁrmans
2544 1644 2752 1705 ca'lum,
2799 1654 2848 1699 et
2894 1645 3124 1714 [nudans
3186 1656 3404 1713 terram,

1827 1747 1876 1793 et
1901 1739 2102 1808 ﬁngens
2125 1738 2373 1808 spiritum
2398 1738 2626 1792 hominis
2645 1739 2699 1791 in
2718 1753 2776 1792 eo
2798 1738 2843 1768 ³¹
2862 1737 2939 1791 ³³ε
2972 1737 3113 1792 idem
3136 1746 3188 1793 et
3211 1750 3403 1792 omnes

130 1823 237 1877 καὶ
267 1822 523 1893 ἀλλαχοῦ·
562 1842 580 1876 ι
632 1822 770 1891 Ἐγὼ
800 1822 1023 1893 Κύριος,
1056 1823 1287 1895 στερεῶν
1333 1823 1580 1894 οὐρανὸν,
1626 1825 1720 1878 καὶ

1829 1827 2082 1882 homines
2110 1828 2178 1881 ad
2204 1828 2369 1881 vitam
2402 1826 2701 1888 revocabit,
2727 1833 2911 1896 utpote
2937 1839 3077 1894 quos
3104 1824 3273 1880 fecit:
3296 1824 3401 1880 sic-

133 1915 417 1986 θεμελιῶν
442 1916 569 1987 γῆν,
599 1918 691 1970 καὶ
748 1916 1001 1970 πλάσσων
1056 1916 1273 1987 πνεῦμα
1329 1915 1616 1987 ἀνθρώπου
1672 1918 1730 1970 ὲν

137 2006 323 2078 αὐτῷ·
341 2027 359 2059 ι
395 2008 556 2070 αὐτὸς
585 2008 680 2061 καὶ
708 2008 913 2070 πάντας
948 2007 1268 2081 ἀνθρώπους
1286 2009 1597 2079 ἀναστήσει,
1630 2008 1727 2061 αὑ-

134 2100 238 2153 τοῦ
271 2101 433 2164 ὄντας
461 2102 760 2173 ποιήματα·
794 2100 976 2165 καθὼς
1005 2102 1099 2155 καὶ
1123 2103 1156 2171 ἡ
1188 2101 1307 2155 Θεία
1341 2101 1530 2173 Γραφὴ
1588 2118 1727 2173 μαρ-

133 2198 299 2266 τε.)ρεῖ
328 2194 551 2263 λέγοντα
575 2195 668 2249 τὸν
695 2194 825 2248 Θεὸν
854 2194 931 2264 τῷ
956 2192 1486 2264 μονογενεῖΧριστῷ’
1518 2210 1536 2245 ι
1567 2193 1727 2263 Ποιή-

139 2305 330 2359 σωμεν
356 2287 639 2359 ἄνθρωπον
670 2288 787 2340 κατ’
816 2287 1001 2341 εἰκόνα
1030 2286 1125 2340 καὶ
1154 2284 1273 2341 καθ’
1308 2283 1563 2355 ὁμοίωσιν
1594 2285 1727 2354 ἠμε-

136 2379 331 2449 τέραν.
389 2380 498 2433 Καὶ
524 2380 777 2449 ἐποίησεν
802 2380 830 2433 ὁ
857 2378 989 2441 Θεὸς
1033 2378 1128 2431 τὸν
1158 2377 1461 2448 ἄνθρωποψ
1495 2378 1614 2429 κατ’
1648 2377 1723 2428 εἱ-

138 2470 278 2523 κόνα
310 2467 444 2523 Θεοῦ
474 2470 726 2541 ἐποίησεν
756 2468 939 2524 αὐτόν’
995 2471 1161 2541 ἄρσεν
1189 2470 1283 2524 καὶ
1310 2469 1442 2540 θῆλυ
1473 2469 1725 2540 ἐποίησεν

139 2562 362 2624 αὐτούς.
379 2582 397 2612 ι
458 2564 566 2616 Καὶ
593 2565 622 2616 6
650 2562 920 2625 θειότατος
940 2563 1033 2615 καὶ
1060 2562 1383 2634 καρτερικὸς
1427 2559 1567 2629 Ἰὼϐ,
1599 2560 1725 2631 περὶ

139 2648 205 2706 οὗ
235 2656 403 2725 φησιν
438 2656 470 2725 ἡ
499 2656 713 2726 Γραφὴ,
768 2654 849 2707 ὅτι
884 2673 902 2705 ί
934 2653 1241 2725 γέγραπται
1270 2653 1431 2708 αὑτὸν
1487 2653 1689 2724 ἀναστή
1711 2682 1723 2692 -

142 2746 336 2798 σεσθαι
369 2739 571 2816 μεθ’ὧν
601 2748 629 2799 6
657 2746 862 2816 Κύριος
890 2746 1173 2817 ἀνίστησιν
1206 2744 1370 2816 (59)·›
1404 2739 1560 2809 οὗτός
1587 2760 1723 2813 φησι

140 2839 283 2909 πρὸς
309 2838 401 2889 τὸν
430 2837 578 2891 Θεὸν·
618 2857 635 2890 ι
679 2839 749 2891 Ἢ
785 2839 882 2907 οὐχ
926 2837 1116 2909 ὥσπερ
1144 2837 1284 2906 γάλα
1341 2853 1408 2907 με
1463 2833 1721 2906 ἧμελξας,

140 2930 352 3000 ἔπηξας
382 2928 492 3001 (40)
521 2931 578 2984 δέ
626 2948 692 3002 με
738 2930 828 2984 ῐσα
856 2930 1003 3001 τυρῷ
1038 2947 1052 2995 ;
1108 2930 1283 3001 δέρμα
1311 2929 1405 2981 καὶ
1440 2927 1607 2999 κρέας
1655 2944 1722 2999 με

141 3023 419 3085 ἐνέδυσας·
461 3023 663 3086 ὀστέοις
698 3022 754 3076 δὲ
799 3023 891 3075 καὶ
928 3022 1138 3093 νεύροις
1187 3038 1252 3092 με
1291 3022 1525 3091 ὲνεῖραςο
1576 3019 1722 3091 ζωὴν

142 3114 200 3166 δὲ
230 3115 326 3165 καὶ
353 3113 497 3165 ἔλεον
524 3113 643 3167 ἔθου
674 3115 801 3184 παρ’
832 3113 972 3183 ἐμοί·
1016 3114 1048 3183 ή
1077 3112 1132 3165 δὲ
1160 3112 1430 3183 ὲπισκοπή
1464 3129 1556 3163 σου
1588 3108 1720 3180 ἐφύ-

1827 1925 1889 1972 ιιι
1915 1918 2096 1974 divina
2130 1917 2409 1988 Scriptura
2440 1916 2610 1973 Deum
2660 1926 2888 1973 testatur
2922 1915 3209 1988 Unigenito
3236 1917 3397 1972 Chri-

1827 2016 1914 2066 sto
1943 2008 2185 2065 dixisse:
2221 2007 2510 2063 Faciamus
2538 2009 2799 2065 hominem
2826 2010 2895 2063 ad
2935 2010 3217 2080 imaginem
3249 2020 3299 2063 et
3332 2009 3403 2062 ad

1826 2098 2240 2153 similitudinem
2266 2109 2530 2154 nostram.
2564 2098 2630 2153 Et
2666 2100 2789 2170 fecit
2825 2099 2963 2154 Deus
3002 2100 3301 2156 hominem:
3332 2100 3406 2153 ad

1826 2191 2110 2262 imaginem
2138 2190 2235 2244 Dei
2259 2191 2383 2260 fecit
2408 2208 2525 2244 eum
2545 2208 2563 2244 :
2592 2190 2885 2244 masculum
2918 2200 2966 2244 et
2999 2191 3252 2260 feminam
3276 2190 3402 2260 fecit

1826 2297 1911 2336 eos
1942 2282 2008 2335 “.
2037 2282 2105 2337 Et
2132 2281 2370 2337 maxime
2396 2280 2616 2335 divinus
2646 2296 2710 2335 ac
2751 2281 2991 2337 tolerans
3023 2281 3148 2348 Job,
3182 2282 3249 2338 de
3292 2298 3407 2353 quo

1831 2370 2111 2443 Scriptura
2161 2371 2327 2428 dicit:
2386 2370 2653 2439 Scriptum
2698 2385 2927 2432 est,eum
2974 2388 3094 2426 cum
3121 2372 3250 2437 illis,
3284 2389 3403 2426 cum

1828 2461 2016 2535 quibus
2060 2462 2287 2533 resurgit
2337 2458 2621 2527 Dominus,
2676 2472 3093 2517 resurrecturum
3116 2464 3191 2529 ³⁵;
3236 2464 3283 2520 is
3335 2465 3402 2519 ad

1823 2551 1995 2609 Deum
2024 2553 2135 2608 ait:
2173 2552 2365 2607 Nonne
2398 2555 2536 2607 sicut
2565 2554 2649 2607 lac
2674 2553 2904 2607 mulsisti
2932 2571 3031 2621 me,
3056 2564 3105 2609 et
3129 2572 3405 2626 coagmen-

1825 2647 1951 2707 tasti
1987 2661 2068 2699 me
2098 2661 2245 2713 teque
2276 2661 2338 2698 ac
2365 2645 2617 2699 caseum?
2648 2644 2793 2699 Pelle
2819 2657 2866 2699 et
2893 2662 3048 2700 carne
3070 2649 3271 2701 vestisti
3299 2666 3402 2714 me;

1823 2735 2127 2808 ossibusque
2150 2747 2198 2792 et
2223 2739 2391 2792 nervis
2419 2739 2711 2793 inuexuisti
2730 2756 2840 2802 me;
2871 2740 3029 2793 vitam
3052 2751 3226 2793 autem
3240 2752 3285 2793 et
3310 2743 3405 2794 mi-

1823 2829 2168 2889 sericordiam
2194 2831 2421 2898 posuisti
2448 2832 2588 2900 apud
2618 2849 2730 2892 me;
2759 2841 2807 2887 et
2836 2833 3072 2887 visitatio
3104 2842 3403 2897 tuaqcusto-

1823 2916 1953 2971 divit
1977 2918 2222 2987 spiritum
2254 2935 2447 2976 meum.
2492 2920 2619 2976 [lare
2668 2939 2784 2976 cum
2827 2923 3043 2977 habeam
3085 2925 3137 2978 iu
3180 2925 3399 2993 meipso,

1822 3008 1930 3061 scio
1958 3008 2099 3079 quod
2127 3012 2303 3064 omnia
2330 3020 2495 3077 potes,
2524 3023 2572 3067 et
2606 3013 2739 3066 nihil
2766 3015 2861 3068 tibi
2885 3024 2960 3068 est
2981 3015 3304 3084 impossibile
3332 3016 3397 3071 ³⁸.

1822 3098 2001 3166 Quare
2032 3102 2107 3156 ait
2139 3112 2191 3157 et
2222 3112 2409 3158 noster
2429 3102 2679 3160 Salvator
2702 3122 2765 3160 ac
2788 3105 3046 3177 Magister
3067 3106 3226 3163 Jesus
3250 3107 3402 3161 Chri-

142 3203 272 3268 ).αξέ
306 3221 407 3274 μου
436 3205 495 3257 τὸ
523 3204 759 3275 πνεῦμα·
818 3204 1002 3257 Ταῦτα
1033 3203 1170 3274 ἔχων
1201 3205 1257 3257 ὲν
1301 3203 1547 3276 ἐμαυτῷ,
1601 3199 1720 3259 οἶδα

1828 3202 1968 3249 stus:
1996 3194 2149 3259 Quod
2164 3195 2484 3265 impossibile
2512 3207 2590 3251 est
2618 3198 2759 3266 apud
2782 3198 3037 3263 homines,
3057 3200 3306 3268 possibile
3323 3210 3403 3255 est

144 3297 226 3348 ὅτι
259 3297 436 3348 πάντα
462 3297 705 3361 δύνασαι,
736 3297 1064 3351 ἀδυνατεῖδέ
1096 3314 1176 3350 σοι
1204 3297 1374 3351 οὐδέν.
1418 3316 1436 3347 ι
1499 3296 1589 3349 Διό
1619 3314 1720 3367 φη-

1828 3287 1963 3355 apud
1986 3287 2150 3341 Deum
2167 3288 2231 3339 ³⁷.
2266 3286 2409 3344 Dicit
2430 3289 2594 3345 etiam
2617 3289 2725 3345 Deo
2743 3291 2943 3347 Charus
2972 3290 3171 3348 David:
3206 3292 3399 3348 Manus

149 3404 201 3439 σι
245 3388 355 3459 (il)
407 3389 500 3441 καὶ
527 3391 554 3441 6
582 3388 847 3459 ἡμέτερος
875 3390 1066 3461 Σωτὴρ
1111 3390 1204 3442 καὶ
1257 3389 1576 3453 διδάσκαλος
1620 3390 1720 3460 ’1η-

1828 3389 1929 3433 tua:
1962 3379 2193 3447 fecerunt
2228 3396 2329 3446 me,
2367 3391 2415 3434 et
2446 3381 2839 3448 plasmaverunt
2865 3398 2943 3436 me
2966 3384 3123 3449 “;et
3160 3384 3394 3442 iterum:

153 3477 274 3540 σοῦς
304 3481 332 3531 6
361 3479 611 3549 Χριστός
651 3482 805 3532 «Ὅτι
831 3481 892 3533 τὸ
920 3481 1071 3553 παρὰ
1108 3481 1413 3551 ἀνθρώποις
1442 3482 1724 3549 ἀδύνατον,

152 3569 369 3621 δυνατὸν
400 3569 550 3640 παρὰ
576 3571 652 3641 τῷ
706 3572 842 3643 Θεῷ.
886 3593 903 3623 ι
965 3574 1127 3641 Λέγει
1181 3573 1237 3628 δὲ
1279 3576 1370 3628 καὶ
1406 3577 1433 3628 6
1479 3575 1727 3647 θεοφιλὴς

153 3661 312 3715 Δαϐίδ
343 3662 581 3734 (6⁸2)·ιΛί
612 3666 789 3736 χεῖρές
819 3682 910 3717 σου
942 3667 1203 3736 ἐποίησάν
1238 3684 1327 3737 με,
1359 3670 1455 3721 καὶ
1483 3668 1721 3722 ἔπλασαν

156 3769 272 3821 με’»
330 3755 423 3806 καὶ⁸
454 3755 629 3808 πάλιν
660 3776 676 3806 ι
715 3758 785 3810 Σὺ
816 3756 985 3824 ἔγνως
1011 3759 1070 3810 τὸ
1098 3758 1319 3830 πλάσμα
1366 3761 1538 3831 ἡμῶν·
1576 3782 1593 3814 ι
1628 3764 1723 3816 καὶ

154 3842 291 3913 ἑξῆς
331 3864 347 3895 ι
386 3847 458 3900 Σὺ
488 3846 724 3911 ἔπλασας
784 3866 870 3919 με,
934 3851 1028 3903 καὶ
1082 3850 1283 3921 ἔθηκας
1336 3852 1423 3905 ἐπ’
1471 3854 1571 3924 ἐμὲ
1624 3854 1723 3925 τὴν

153 3936 309 4006 χεῖρά
340 3954 454 3989 σου·
513 3939 905 4011 ἐθαυμαστώθη
963 3942 996 4011 ἡ
1056 3943 1255 4009 γνῶσίς
1303 3962 1394 3996 σου
1454 3945 1513 4009 ἐξ
1568 3944 1724 4015 ἐμοῦ,

153 4027 511 4098 ικραταιὼοη,
544 4032 604 4083 οὐ
629 4032 705 4101 μὴ
725 4030 967 4101 δύνωμαι
997 4034 1133 4101 πρὸς
1164 4036 1354 4107 αὑτήν.
1388 4038 1460 4089 Τὸ
1486 4037 1725 4105 ἁκατέρ-

226 4217 263 4246 ³⁸
293 4214 402 4270 lar.
473 4230 511 4277 1,
565 4214 612 4267 5.
731 4215 772 4245 δ’
810 4215 851 4245 ³³
898 4214 1063 4270 Zach.
1121 4233 1220 4279 xu,
1262 4216 1312 4271 1.

1420 4216 1464 4248 ³⁸
1508 4214 1643 4271 Gen.
1704 4233 1743 4278 ι,
1794 4216 1885 4275 26.

1823 3468 1901 3529 Tu
1924 3471 2525 3541 cognovisti/igmentum
2544 3485 2805 3539 nostrum;
2821 3475 3143 3545 etdeinceps
3162 3494 3174 3529 :
3195 3474 3267 3528 Tu
3287 3476 3399 3545 [or-

1819 3564 1981 3616 masti
2004 3579 2102 3629 me,
2130 3572 2178 3616 et
2200 3563 2421 3631 posuisti
2439 3580 2593 3632 super
2622 3580 2701 3617 me
2724 3581 2934 3618 manum
2962 3573 3155 3630 tuam;
3176 3550 3399 3620 mirabi-

1820 3655 1886 3707 lis
1910 3655 2057 3723 facta
2084 3666 2155 3709 est
2174 3655 2394 3708 scientia
2438 3666 2529 3708 tua
2553 3671 2616 3707 ea:
2638 3672 2736 3721 me,
2759 3660 3165 3725 contortataest,
3183 3674 3398 3728 nonpo-

1822 3755 1933 3799 tero
1957 3745 2025 3797 ad
2046 3762 2162 3799 eam
2180 3745 2243 3798 ’9.
2266 3744 2637 3815 Imperfectum
2658 3763 2823 3800 meum
2853 3748 3090 3802 viderunt
3116 3750 3254 3802 oculi
3273 3750 3395 3816 mei,

1818 3837 1938 3891 etin
1962 3836 2097 3889 libro
2122 3845 2210 3889 tuo
2236 3853 2411 3890 onmes
2428 3835 2721 3889 scribentur
2742 3837 2805 3890 ⁸ο.
2836 3835 2938 3891 Sed
2958 3832 3195 3892 etlsaias
3222 3836 3394 3893 Deum

1817 3928 2145 3998 deprecans:
2181 3926 2318 3993 Nos,
2350 3928 2771 3998 inquit,lutum;
2795 3938 2842 3982 et
2866 3938 2921 3981 tu
2948 3929 3104 3998 ﬁctor
3122 3931 3379 3984 noster“.

1819 4020 1878 4077 Si
1904 4036 2033 4093 ergo
2059 4021 2223 4077 homo
2249 4032 2499 4077 creatura
2548 4022 2640 4077 Dei
2683 4031 2785 4087 cst,
2834 4038 2929 4093 per
2969 4022 3247 4080 Christum
3300 4023 3384 4079 fa-

1995 4218 2041 4250 ³³
2069 4218 2124 4273 in
2180 4212 2287 4270 line
2331 4210 2435 4269 Job
2491 4214 2635 4286 apud
2682 4212 2843 4286 LXX.
2943 4214 2985 4245 ³⁸
3022 4212 3125 4286 Job
3182 4232 3237 4280 ις
3301 4215 3387 4273 10-

158 4288 200 4318 ³⁷
238 4286 362 4339 Luc.
402 4301 557 4349 xviii,
592 4284 681 4339 27.
760 4286 801 4317 ³⁸
832 4284 1277 4349 l’sal.cxvm,73.
1357 4287 1400 4319 ³⁹
1430 4285 1578 4342 Psal.
1627 4302 1723 4352 cn,
1756 4288 1840 4343 15.
1915 4288 1960 4320 ἰθ
1994 4288 2140 4345 Psal.
2174 4300 2442 4354 cxxxvut,
2484 4284 2543 4341 5.
2616 4285 2658 4317 ⁵⁸
2701 4284 2808 4341 lsa.
2865 4300 3014 4349 LXIV,
3056 4285 3111 4343 8.

1470 4480 1837 4539 V'ARIORUM
1866 4480 2097 4537 NOTIE.

158 4663 558 4729 tus,quirtelum
584 4680 681 4731 pro
712 4664 894 4717 throno
926 4664 1102 4724 habet,
1151 4681 1211 4717 ae
1236 4675 1430 4718 terram
1475 4680 1569 4731 pro
1603 4680 1721 4717 sca—
1754 4665 1798 4721 Ι)
1828 4663 2050 4731 resurgit
2080 4662 2359 4724 Dominus,
2397 4662 2501 4730 vel,
2536 4679 2653 4715 cum
2685 4662 2794 4715 illis
2825 4679 2953 4731 quos
2978 4664 3260 4716 resuscitat
3290 4663 3398 4717 Do-

158 4736 323 4795 ιρι-[ιω
354 4735 684 4803 insuperque,
721 4744 775 4786 ut
808 4734 1101 4803 prophetice
1146 4735 1376 4797 dicatur,
1427 4737 1515 4800 qui
1544 4737 1722 4805 pulmo

157 4807 332 4858 ctelum
390 4805 621 4866 metitur,
661 4814 709 4857 et
773 4815 963 4858 terram
992 4821 1203 4875 pugno;
1238 4816 1357 4859 ante
1391 4806 1540 4873 cujus
1596 4822 1722 4857 con-

154 4886 374 4942 spectant
394 4890 569 4945 omnes
586 4884 758 4945 gentes
793 4885 912 4928 sunt
952 4877 1103 4944 quasi
1137 4886 1451 4929 momentum
1482 4886 1718 4939 staterae,

155 4956 202 4998 et
234 4944 381 5011 quasi
438 4944 588 4997 stilla
638 4944 700 4999 de
732 4946 916 5000 situla.
963 4945 1124 5017 (lsai.
1164 4947 1365 5011 χι,19.,
1394 4946 1506 5015 15.)

225 5081 328 5151 (55')
356 5080 452 5148 Μὴ
484 5080 644 5145 ὄντα,
672 5089 778 5135 etc.
823 5078 880 5134 ln
915 5082 1159 5151 margine
1190 5090 1435 5136 notatum
1466 5096 1495 5133 a
1534 5081 1724 5136 nescio

160 5167 263 5220 quo
297 5151 432 5222 Σημ.
464 5151 607 5205 κατὰ
631 5152 1082 5223 βΩριγενιαστὼν,
1113 5153 1268 5223 quasi
1310 5154 1395 5206 his
1420 5153 1601 5207 verbis
1624 5168 1723 5223 op-

161 5230 487 5293 pugnaretur
510 5222 852 5293 προΰπαρξις
871 5222 977 5275 τῶν
1004 5222 1209 5293 ψυχῶν.
1243 5222 1409 5277 Cum.

224 5291 326 5414 (δή)
357 5291 720 5361 Ἄνθρωπον.
739 5291 959 5348 ’νοευιιι
983 5291 1110 5347 haec
1126 5293 1192 5348 ab
1214 5294 1383 5348 altero
1404 5291 1591 5348 codice
1627 5292 1723 5347 ab-

246 5404 257 5414 .
317 5378 370 5414 ι).

160 5369 257 5416 εει.
297 5369 370 5417 ID.

224 5432 326 5503 (57)
356 5432 803 5503 Δημιουργήσας
838 5434 987 5500 εἴδη.
1037 5432 1128 5488 Sic
1158 5434 1308 5504 legit,
1360 5435 1529 5488 altera
1577 5448 1711 5488 voce

159 5504 380 5565 auctior,
410 5519 552 5558 unus
580 5504 738 5560 Vind.
766 5506 915 5571 cod.,
951 5522 1050 5561 neu
1081 5507 1242 5560 male.
1275 5504 1351 5562 In.

223 5570 306 5640 (58
333 5573 443 5626 Καὶ
600 5575 798 5646 Καθὼς
828 5577 881 5629 in
908 5586 1139 5646 utroque
1154 5577 1276 5631 cod.
1304 5584 1363 5629 ut
1408 5574 1499 5629 hic
1547 5574 1709 5630 habet

160 5646 346 5707 versio,
380 5644 594 5700 melius.
628 5644 705 5700 In.

223 5713 535 5787 (59)Αὐζὸν
548 5716 998 5782 ἀναστήσεσθαι
1021 5718 1147 5787 μεθ’
1175 5716 1260 5771 ὧν
1288 5720 1321 5772 ό
1338 5717 1552 5784 Κύριος
1578 5715 1705 5770 ἀνί-

160 5797 367 5850 στησιν
388 5800 407 5836 :
431 5782 611 5853 Ipsum
640 5782 1049 5843 resurrecturum
1068 5806 1182 5842 cum
1217 5788 1345 5853 illis,
1373 5782 1489 5843 cum
1514 5787 1701 5857 quibus

1831 4735 2025 4787 minus.
2075 4733 2235 4786 Aliud
2264 4750 2369 4787 ms.
2396 4734 2695 4801 exemplar,
2743 4740 2881 4786 teste
2904 4732 3194 4790 Turriano.
3256 4735 3399 4788 inter

1830 4803 1990 4855 αὐτὸν
2019 4810 2072 4857 et
2090 4802 2489 4874 ἀναστήσεσθαι
2522 4803 2786 4856 insertum
2831 4803 3066 4857 habebat
3106 4803 3285 4863 πάλιν,
3340 4813 3399 4857 ut

1832 4873 1995 4942 vulgo
2045 4874 2248 4941 legunt.
2287 4873 2433 4925 Eam
2465 4881 2642 4927 tamen
2677 4874 2998 4942 particulam
3048 4888 3154 4926 non
3181 4876 3398 4927 videtur

1829 4956 2127 5011 agnoscere
2149 4942 2508 5013 Theophanes
2531 4944 2845 5013 Cerameus,
2862 4943 3048 4997 homil.
3076 4943 3164 5005 27,
3184 4960 3234 5013 ρ.
3268 4944 3327 4996 21
3346 4946 3363 4996 l
3380 4987 3393 5001 .

1822 5012 1968 5134 ἕξοτὰ
2020 5013 2109 5067 Sic
2147 5021 2200 5067 et
2248 5012 2315 5067 in
2344 5015 2515 5068 altero
2580 5013 2700 5069 cod.
2748 5012 2979 5067 Vindob.
3025 5012 3195 5066 πάλιν
3236 5015 3397 5067 αὑτὸν

1885 5124 1898 5134 .
1975 5100 2098 5134 LER.

1853 5084 1898 5136 ἑ.
1928 5084 2098 5138 Cum.

1893 5154 2003 5223 (40)
2042 5156 2334 5221 Ἔπηξας.
2366 5152 2523 5223 Alter
2548 5153 2707 5208 codd.
2728 5151 3255 5220 Vindobonensium,
3274 5155 3396 5208 ἐτύ-

1828 5241 2033 5295 ρωσας,
2064 5223 2207 5280 forte
2245 5225 2472 5295 rectius.
2510 5222 2585 5278 ID.

1893 5293 2004 5375 (11)
2036 5296 2136 5375 Aio
2164 5312 2388 5375 φησιν..
2422 5293 2547 5349 llaec
2569 5303 2621 5348 et
2649 5309 2804 5375 seqq.
2834 5294 2905 5375 ad
2935 5294 3013 5359 τῷ
3038 5294 3159 5375 Θεῷ
3190 5300 3395 5375 omissa

1824 5372 1953 5418 sunt
1983 5365 2036 5417 in
2070 5366 2244 5421 altero
2288 5365 2412 5419 cod.
2446 5380 2547 5419 nec
2566 5380 2695 5419 sane
2716 5365 3013 5435 quidquam
3046 5366 3112 5419 ad
3162 5382 3273 5419 rem
3313 5368 3395 5419 fa-

1821 5437 1973 5492 ciunt
1996 5453 2220 5507 ;7neque
2240 5437 2384 5491 enim
2411 5451 2591 5507 sermo
2618 5443 2701 5489 est
2732 5436 2799 5489 de
2825 5439 3229 5507 omnipotentia
3253 5438 3396 5490 divi-

1820 5522 1911 5571 na,
1941 5506 2035 5562 sed
2066 5505 2459 5577 decreatione.
2512 5506 2567 5559 In
2618 5507 2864 5577 margine
2888 5507 3129 5577 alterius
3167 5505 3233 5561 ad
3278 5508 3395 5564 haec

1818 5577 1989 5651 verba
2011 5597 2023 5633 :
2052 5576 2475 5651 ΟὑδῗεΑταῦταέεν
2505 5582 2616 5651 τοῖς
2650 5570 2827 5651 ἄλλοις
2859 5570 3035 5651 εὗρον.
3061 5579 3142 5651 l_n.

2050 5646 2246 5701 Δαϐίό.
2297 5646 2465 5701 Addit
2513 5646 2657 5701 idem
2720 5648 2890 5703 codex
2922 5646 2999 5718 τῷ
3058 5649 3198 5719 Θεῷ,
3247 5649 3394 5718 quod

1887 5646 2006 5772 $1,522,
2050 5646 2246 5729 Aaé’ld.
2297 5646 2465 5728 Addit
2513 5646 2657 5701 idem
2720 5648 2890 5729 codex
2922 5646 2999 5718 τῷ
3037 5649 3198 5729 Θεῷ,
3247 5649 3394 5718 quod

1815 5722 1868 5789 et
1938 5733 1965 5789 a
2007 5727 2130 5789 etur
2162 5736 2216 5773 In
2265 5733 2552 5785 versnone;
2590 5726 2642 5773 et
2678 5736 2734 5774 re
2777 5735 2893 5789 Ipsa
2921 5719 3085 5775 Davnd
3115 5720 3281 5776 Deum
3312 5720 3395 5772 al-

1814 5786 2073 5857 loquitur.
2110 5788 2183 5845 lo.
