3828 6410
425 356 523 414 8'5!

1273 353 1328 407 S.
1361 349 1754 407 CLEMENTIS
1786 351 1805 406 l
1845 350 2017 408 ROM.
2056 353 2256 410 PONT.
2294 353 2519 410 OPERA
2552 351 2781 409 DUB‘IA.

3559 352 3665 421 85?.

421 479 544 524 ctus
570 487 588 538 ς
633 469 875 541 profecto
906 471 1070 525 etiam
1099 483 1195 539 per
1223 482 1345 521 eum
1377 475 1500 535 post
1537 473 1768 521 mortem
1799 483 1988 522 resur-

2091 470 2287 537 γαστόν
2317 469 2428 541 (4⁵5)
2462 487 2560 541 μου
2590 466 2727 524 εἶδον
2754 472 2803 523 οἱ
2856 469 3119 541 ὀφθαλμοί
3175 487 3290 535 σου,
3330 471 3424 523 καὶ
3469 470 3562 522 ἐπὶ
3604 470 3666 523 τδ

421 572 548 633 get;
600 572 660 618 ut
702 564 786 618 vel
822 570 1114 616 coronetur
1144 573 1243 630 pro
1267 557 1586 621 virtutibus,
1615 557 1697 612 vel
1726 558 1988 625 puniatur

418 670 520 726 pro
548 654 779 710 delictis.
830 653 986 720 Quod
1015 653 1058 706 si
1077 651 1291 721 justitia
1328 649 1559 719 judicat,
1582 656 1641 703 ut
1671 650 1984 720 legislator;

417 745 873 816 quemadmodum
936 743 1092 814 punit
1141 741 1362 811 impios,
1424 740 1505 795 sic
1559 740 1744 796 fideles
1813 750 1865 795 et
1893 742 1987 811 qui

416 846 640 907 pr0pter
679 853 802 892 eum
833 837 899 889 ab
951 835 1264 889 hominibus
1310 841 1438 888 sunt
1487 833 1709 887 mactati
1739 840 1985 898 sanctos,

417 927 691 982 beneficus
723 929 930 992 salvat;
963 927 1159 996 partim
1183 926 1326 980 sicut
1349 932 1497 979 astra
1517 923 1834 994 splendidos
1860 923 1987 978 red-

415 1019 568 1078 dens.
605 1019 804 1087 partim
868 1018 1013 1071 velut
1075 1017 1366 1070 luminaria
1428 1015 1790 1086 refulgentes,
1841 1014 1988 1084 quod

415 1108 625 1162 Danieli
682 1110 1002 1179 prolocutus
1057 1117 1139 1163 est
1188 1107 1408 1162 Gabriel
1449 1106 1514 1160 δ’.
1582 1105 1749 1176 Igitur
1801 1105 1986 1160 ﬁdeles

412 1215 624 1263 omnes,
653 1201 746 1269 qui
781 1199 986 1254 Christi
1012 1215 1203 1253 sumus
1227 1198 1505 1268 discipuli,
1535 1198 1824 1268 promissis
1863 1197 1985 1266 ejus

412 1289 684 1345 credimus
717 1309 729 1344 :
762 1307 886 1344 nam
941 1291 1034 1360 qui
1069 1290 1345 1361 promisit,
1367 1289 1588 1344 mentiri
1627 1305 1738 1344 non
1769 1296 1981 1358 potest:

411 1382 544 1434 dicit
594 1391 774 1435 autem
813 1383 1002 1436 beatus
1033 1382 1295 1450 propheta
1333 1379 1498 1434 David
1526 1399 1538 1434 :
1568 1378 1773 1434 Fidelis
1799 1378 1985 1432 Domi-

411 1490 507 1527 nus
538 1475 592 1525 in
648 1474 886 1527 omnibus
919 1473 1084 1528 verbis
1116 1474 1249 1537 suis,
1296 1482 1347 1526 et
1397 1479 1610 1526 sanctus
1639 1473 1694 1524 in
1743 1470 1986 1524 omnibus

411 1566 649 1635 operibus
677 1567 787 1620 suis
817 1566 884 1621 ⁸³.
931 1565 1091 1621 Certe
1133 1565 1229 1635 qui
1277 1564 1381 1618 sibi
1424 1577 1625 1632 corpus
1671 1576 1738 1617 ex
1765 1560 1987 1632 Virgine

411 1657 736 1720 construxit,
772 1657 818 1711 is
842 1664 895 1711 et
916 1664 1239 1710 eteterorum
1272 1654 1554 1708 hominum
1583 1660 1668 1710 est
1697 1653 1982 1720 conditor;

410 1760 464 1804 et
496 1751 589 1819 qui
621 1766 680 1804 se
730 1765 762 1803 a
796 1749 1029 1803 mortuis
1075 1745 1359 1812 excitavit,
1401 1745 1546 1800 idem
1575 1753 1631 1800 et
1687 1761 1879 1801 omnes
1928 1746 1986 1800 in

411 1851 584 1896 morte
603 1841 854 1909 jacentes
884 1842 951 1895 ad
984 1841 1153 1895 vitam
1180 1839 1370 1909 eriget.
1415 1836 1521 1904 Qui
1559 1837 1892 1894 frumentum
1914 1853 1983 1892 ex

411 1951 520 1990 uno
545 1949 714 2003 grano
744 1947 1102 1988 numerosum
1125 1949 1155 1988 e
1191 1940 1338 1987 terra
1369 1931 1554 1987 educit
1580 1949 1594 1999 ;
1627 1932 1721 2002 qui
1742 1933 1985 1987 excisam

411 2016 658 2085 arborem
682 2027 1014 2098 repullulare
1041 2026 1172 2080 facit
1195 2026 1250 2080 in
1282 2025 1597 2090 surculum;
1625 2025 1720 2095 qui
1748 2024 1985 2081 Aaronis

411 2123 614 2191 virgam
644 2121 756 2190 jam
818 2120 1104 2183 siccatam,
1139 2119 1191 2172 in
1237 2133 1459 2189 germen
1515 2116 1680 2188 jussit
1729 2131 1986 2188 prorum-

410 2231 537 2286 pere
563 2213 607 2244 “
633 2233 646 2267 ε
703 2213 820 2283 ipse
849 2229 952 2268 nos
979 2227 1197 2282 quoque
1226 2210 1513 2266 suscitabit
1543 2211 1600 2264 in
1640 2211 1834 2282 gloria.
1879 2208 1984 2276 Qui

411 2305 772 2378 paralyticum
806 2320 1001 2360 sanum
1034 2304 1088 2357 in
1123 2303 1288 2376 pedes
1338 2301 1532 2358 statuit
1566 2303 1652 2368 “;
1698 2311 1754 2357 et
1782 2317 1983 2356 manus

409 2397 666 2452 ariditate
699 2395 1038 2449 laborantem
1083 2394 1298 2448 curavit
1329 2391 1415 2459 “;
1457 2401 1512 2448 et
1560 2407 1707 2448 caeco
1765 2408 1796 2446 a
1834 2391 1984 2447 nati-

409 2491 596 2551 vitate,
653 2488 798 2563 quod
844 2487 1132 2542 deficiebat
1189 2485 1518 2550 membrum,
1550 2501 1648 2557 per
1681 2494 1882 2541 terram
1927 2494 1983 2542 et

408 2582 631 2635 salivam
687 2578 923 2634 reddidit
947 2579 989 2609 "
1020 2598 1031 2632 :
1065 2579 1110 2634 is
1144 2579 1260 2648 ipse
1295 2593 1396 2633 nos
1440 2593 1659 2648 quoque
1700 2577 1769 2633 ad
1818 2577 1984 2633 vitam

407 2673 703 2728 revocabit.
765 2671 967 2739 Quiiex
995 2673 1237 2742 quinque
1262 2671 1499 2741 panibus
1538 2677 1593 2725 et
1632 2670 1846 2725 duobus
1898 2671 1985 2741 pi-

410 2766 596 2822 scibus
624 2764 867 2834 quinque
913 2764 1083 2817 millia
1116 2765 1356 2816 virorum
1395 2762 1638 2825 satiavit,
1669 2762 1875 2816 faciens
1926 2771 1985 2815 ut

407 2857 695 2914 duodecim
726 2855 948 2926 cophini
996 2862 1351 2925 superessent
1378 2853 1422 2885 ⁸⁸
1451 2872 1466 2921 ;
1497 2862 1552 2908 et
1599 2869 1666 2908 ex
1695 2867 1852 2924 .aqua
1895 2852 1980 2907 vi-

410 2963 539 3003 num
573 2947 810 3002 confecit
833 2945 908 3012 ";
940 2956 994 3001 et
1031 2961 1098 3001 ex
1128 2961 1223 3000 ore
1273 2929 1440 3017 piscis
1469 2951 1774 3000 extractum
1808 2949 1980 2999 state-

410 3057 522 3094 rem
555 3055 651 3113 per
683 3054 768 3092 me
793 3037 1014 3092 Petrum
1064 3036 1214 3091 misit
1262 3051 1463 3091 census
1511 3035 1862 3090 exactoribus
1882 3035 1928 3065 ⁵⁰
1964 3054 1977 3088 :

2092 561 2292 632 βιϐλίον
2323 559 2415 613 σου
2468 562 2670 625 πάντες
2695 563 3082 634 γραφήσονται.
3124 582 3142 613 ι
3193 561 3350 615 Ἀλλά
3379 563 3476 614 καὶ
3503 565 3532 614 6
3573 563 3665 614 Ἠ·-

2090 654 2246 717 σαῖας
2265 654 2412 722 λέγει
2431 655 2860 725 προσευχόμενος
2877 653 3044 725 αὐτῷ,
3067 656 3148 708 ὅτι
3182 675 3198 705 ι
3226 655 3412 725 Ἡμεῖς
3427 655 3456 706 ὁ
3475 653 3662 722 πηλὸς,

2090 753 2182 806 καὶ
2214 751 2278 804 σὺ
2302 751 2330 804 6
2353 750 2596 822 πλάστης
2620 749 2775 822 ήμῶν
2807 748 2938 819 (44).
2975 767 2994 800 ι
3029 749 3092 801 Ei
3141 746 3318 799 τοίνυν
3355 743 3522 797 αὑτοῦ
3562 743 3657 812 δη-

2091 838 2407 910 μιούργημα
2432 839 2460 890 6
2490 837 2791 910 ἄνθρωπος,
2821 837 2909 890 διὰ
2943 833 3179 906 Χριστοῦ
3201 833 3508 904 γενόμενος,
3528 831 3663 882 πάνυ

2086 945 2192 992 τως
2219 930 2299 980 ὅτι
2329 929 2420 980 καὶ
2447 926 2638 991 θανὼν,
2667 926 2731 979 δι’
2762 924 2924 978 αὐτοῦ
2956 925 3328 996 ἀναστήσεται·
3378 924 3472 975 ἐπὶ
3525 924 3603 995 τῷ
3630 924 3661 993 ή

2090 1019 2380 1090 στεφθῆναι
2409 1017 2520 1089 (45)
2552 1018 2644 1070 ἐπὶ
2670 1020 2781 1080 τοῖς
2809 1016 3244 1088 κατορθώμασιν,
3274 1016 3308 1085 ἢ
3339 1015 3662 1086 κολασθῆναι

2087 1115 2179 1166 ἐπὶ
2204 1115 2316 1175 τοῖς
2370 1110 2854 1182 πλημμελήμασιν.
2902 1110 2965 1161 El
3003 1109 3060 1162 δὲ
3103 1107 3417 1178 δικαιοσύνῃ
3464 1107 3660 1178 κρίνει,

2087 1207 2163 1269 ὡς
2209 1203 2527 1275 νομοθέτης·
2562 1202 2750 1273 ὥσπερ
2778 1201 2994 1264 κολάζει
3037 1201 3162 1262 τοὺς
3209 1199 3444 1264 ἀσεϐεῖς,
3491 1197 3662 1260 οὕτως

2089 1294 2387 1368 εὐεργετῶν
2408 1293 2566 1358 σώζει
2591 1295 2715 1356 τοὺς
2743 1294 2984 1358 πιστοὺς,
3015 1293 3108 1345 ml.
3133 1291 3258 1353 τοὺς
3283 1292 3349 1344 δι’
3379 1290 3542 1343 αὑτὸν
3572 1292 3660 1341 ὑπ’

2088 1388 2384 1461 ἀνθρώπων
2407 1386 2707 1456 σφαγέντας
2734 1384 2936 1452 ἁγίους·
2965 1384 3091 1445 τοὺς
3120 1383 3216 1454 μὲν
3241 1383 3316 1445 ὼς
3343 1383 3518 1452 ἄστρα
3550 1398 3663 1449 φαι-

2088 1482 2315 1554 δρύνων,
2346 1482 2471 1544 τοὺς
2497 1479 2554 1532 δὲ
2581 1479 2658 1541 ὡς
2685 1477 2978 1548 φωστῆρας
3021 1474 3368 1546 λαμπρύνων·
3426 1472 3608 1535 καθὼς
3632 1476 3660 1526 6

2088 1572 2328 1644 Γαϐριὴλ
2353 1570 2429 1642 τῷ
2456 1569 2652 1641 Δανιὴλ
2679 1569 2851 1637 ἐλεγε-
2886 1567 3122 1640 μαθηταὶ
3152 1563 3244 1620 οὖν
3264 1564 3504 1636 Χριστοῦ
3535 1565 3662 1617 πάν-

2049 1661 2178 1727 ’τες
2216 1662 2552 1734 ὑπάρχοντες
2589 1662 2640 1713 οἱ
2685 1661 2886 1723 πιστοὶ,
2942 1657 3267 1728 πιστεύομεν
3320 1656 3488 1712 αὐτοῦ
3543 1657 3660 1718 ταῖς

2089 1754 2457 1824 ἐπαγγελίαις·
2507 1751 2741 1823 ἀψευδὴς
2773 1750 2882 1822 γὰρ
2909 1753 2938 1804 ὁ
2978 1748 3461 1818 ἐπαγγειλάμενος·
3512 1747 3658 1814 λέγει

2085 1847 2141 1900 δὲ
2166 1848 2194 1899 6
2235 1845 2502 1916 μακάριος
2531 1843 2816 1914 προφήτης
2842 1841 3028 1902 Δαὸὶδ,
3055 1841 3136 1894 ὅτι
3172 1859 3191 1890 ι
3222 1838 3418 1901 Πιστὸς
3456 1837 3658 1908 Κύριος

2086 1939 2144 1991 ἐν
2174 1940 2304 1992 πᾶσι
2329 1940 2440 2000 τοῖς
2466 1936 2644 2004 λόγοις
2670 1933 2858 1998 αὑτοῦ,
2887 1934 2979 1987 ml.
3004 1933 3150 1994 ὅσιος
3173 1930 3280 2003 (46)
3300 1932 3359 1983 ἐν
3385 1931 3522 1982 πᾶσι.
3551 1933 3658 1991 τοῖς

2086 2030 2266 2102 ἔργοις
2323 2026 2509 2081 αὑτοῦ.
2533 2046 2551 2079 ι
2615 2027 2674 2079 'U
2709 2025 2818 2096 γὰρ
2865 2026 2930 2078 ἐκ
2959 2022 3228 2095 παρθένου
3280 2021 3459 2091 ἐαυτῷ
3486 2038 3656 2074 κατα-

2087 2122 2355 2184 σκευάσας
2385 2119 2562 2190 σῶμα,
2590 2112 2744 2180 οὗτος
2772 2117 2866 2170 καὶ
2892 2115 2999 2169 τῶν
3026 2114 3198 2170 ἄλλων
3216 2112 3518 2184 ἀνθρώπων
3564 2113 3656 2182 δη-

2090 2213 2346 2285 μιουργός
2375 2213 2509 2264 ἐστι·
2541 2211 2636 2264 ml.
2657 2209 2766 2281 (47)
2799 2209 2989 2262 ἐαυτὸν
3017 2207 3327 2277 ἀναστήσας
3345 2207 3410 2258 ἐκ
3437 2204 3548 2257 τῶν
3575 2222 3656 2256 νε-

2087 2305 2253 2376 κρῶν,
2308 2303 2470 2366 αὐτὸς
2505 2302 2598 2356 ml.
2627 2301 2835 2363 πάντας
2860 2301 2987 2362 τοὺς
3028 2297 3312 2369 κειμένους
3340 2297 3651 2365 ἀναστήσει·

2083 2400 2113 2451 6
2139 2398 2228 2451 τὸν
2256 2395 2428 2467 πυρὸν
2456 2395 2517 2460 ἐξ
2543 2395 2661 2458 ἐνὸς
2687 2393 2888 2447 κόκκου
2911 2391 3174 2462 πολύχουν
3199 2392 3262 2443 ἐκ
3279 2390 3381 2460 γῆς
3399 2388 3654 2451 άνιστῶν,

2083 2494 2112 2545 ό
2139 2490 2201 2544 τὸ
2227 2490 2459 2542 ἐκκοπὲν
2486 2487 2701 2558 δένδρον
2731 2489 2809 2550 είς
2832 2485 3100 2558 ῥάδαμνον
3131 2482 3467 2544 άναθάλλων,
3500 2484 3528 2534 6
3556 2481 3653 2549 τὴν

2098 2581 2304 2654 Ἀαρὼν
2335 2579 2528 2654 ῥάϐδον
2559 2578 2866 2650 ξηράνασαν
2897 2576 3006 2648 (ιῑ8)
3029 2575 3270 2644 ἐκφύσας
3294 2575 3376 2636 εἰς
3404 2573 3649 2643 βλαστόν·

2084 2674 2246 2738 αὐτὸς
2272 2675 2367 2728 καὶ
2393 2667 2541 2745 ῆμᾶς
2568 2674 2750 2744 ἐγερεῖ
2775 2673 2833 2724 ἐν
2860 2668 3007 2741 δόξῃ.
3080 2669 3137 2723 Ὀ
3165 2667 3255 2722 τὸν
3286 2666 3653 2737 παραλυτικὸν

2087 2767 2222 2820 σῶον
2259 2767 2564 2836 ἀνεγείρας,
2606 2765 2702 2819 καὶ
2743 2765 2834 2816 τὸν
2890 2762 3274 2835 ἐξηραμμένην
3322 2761 3516 2830 ἔχοντα
3555 2761 3653 2829 τὴν

2084 2861 2240 2930 χεῖρα
2273 2858 2586 2928 ἰασάμενος,
2618 2857 2710 2910 καὶ
2735 2857 2796 2908 τὸ
2821 2856 3005 2908 λεῖπον
3038 2854 3201 2924 μέρος
3226 2855 3284 2906 ἐν
3311 2852 3388 2922 τῷ
3417 2853 3483 2905 ἐκ
3509 2869 3655 2919 γενε-

2083 2952 2181 3022 τῆς
2208 2950 2368 3022 πηρῷ
2395 2952 2458 3003 ἐκ
2502 2951 2604 3019 γῆς
2648 2950 2741 3002 καὶ
2770 2948 2944 3003 σιὲλου
2989 2946 3237 3008 ἀποδούς·
3284 2947 3312 2998 6
3359 2943 3522 3006 αὐτὸς
3560 2946 3653 2996 καὶ

2084 3043 2230 3113 ἡμᾶς
2249 3043 2513 3112 ἀνεγερεῖ.
2570 3042 2627 3094 '0
2655 3043 2718 3094 ἐκ
2747 3040 2904 3093 πέντε
2933 3041 3110 3110 ἄρτων
3164 3038 3259 3090 καὶ
3307 3037 3399 3089 δύο
3456 3035 3655 3104 ἰχθύων

411 3132 550 3188 idem
581 3139 632 3186 et
693 3137 869 3184 morte
920 3129 1166 3184 sublatos
1209 3128 1334 3183 vitae
1367 3127 1575 3183 reddet.
1627 3126 1752 3182 Haec
1781 3126 1982 3198 quippe

2088 3134 2555 3205 πεντακισχιλίους
2599 3133 2849 3204 κορέσας,
2881 3133 2974 3185 καὶ
3032 3130 3392 3202 περισσεύσας
3445 3128 3656 3181 δώδεκα

407 3223 590 3276 omnia
619 3223 685 3277 de
732 3237 798 3277 eo
826 3229 1150 3276 attestamur
1175 3238 1189 3289 ;
1222 3219 1328 3274 alia
1375 3234 1506 3273 vero
1535 3219 1831 3291 prophetae.
1861 3217 1976 3273 Nos

407 3316 498 3384 qui
532 3331 654 3367 cum
676 3329 740 3367 eo
773 3313 1110 3366 comedimus
1138 3325 1203 3366 ac
1228 3311 1501 3378 bibimus;
1528 3320 1584 3366 et
1612 3309 1979 3382 spectavimus

406 3406 670 3460 miracula
699 3403 841 3474 ejus,
894 3405 1083 3468 vitam,
1136 3404 1632 3467 conversationem,
1667 3416 1973 3468 sermones,

406 3499 709 3571 passiones,
757 3503 1007 3560 mortem,
1042 3504 1204 3566 atque
1235 3510 1301 3549 ex
1334 3495 1568 3550 mortuis
1608 3494 1973 3549 resurrectio-

407 3607 528 3646 nem
557 3608 570 3659 ;
599 3597 652 3642 et
685 3603 808 3642 cum
855 3603 920 3643 eo
961 3602 1057 3658 per
1102 3586 1465 3659 quadraginta
1525 3585 1643 3642 dies
1689 3594 1978 3658 postquam

408 3683 569 3740 rediit
620 3680 688 3734 ad
738 3680 904 3733 vitam
929 3677 995 3744 ",
1030 3679 1227 3734 versati
1277 3693 1506 3744 sumus;
1554 3687 1608 3734 et
1657 3676 1978 3732 mandatum

406 3775 718 3844 accepimus
769 3773 838 3828 ab
867 3787 953 3836 eo,
994 3769 1327 3842 praedicandi
1378 3770 1728 3841 Evangelium
1760 3773 1816 3824 in
1846 3768 1974 3825 uni-

405 3882 561 3923 verso
583 3864 808 3926 mundo,
841 3863 1075 3918 docendi
1106 3878 1296 3919 omnes
1317 3870 1530 3933 gentes,
1566 3877 1630 3918 ac
1664 3861 1976 3932 baptizandi

405 3961 459 4013 in
498 3967 727 4013 mortem
767 3958 890 4028 ejus
920 3956 987 4022 ⁸³,
1020 3957 1074 4010 in
1129 3956 1454 4010 auctoritate
1485 3954 1578 4008 Dei
1612 3961 1974 4022 cunctorum;

403 4053 497 4120 qui
527 4060 611 4106 est
640 4049 803 4104 Pater
833 4051 974 4120 ejus,
1019 4065 1117 4104 nec
1149 4063 1259 4103 non
1289 4048 1344 4101 in
1373 4046 1688 4101 testimonio
1716 4045 1974 4115 bpiritus,

403 4144 496 4213 qui
527 4149 609 4198 est
648 4142 969 4200 Paraclctns
1005 4161 1018 4198 :
1047 4157 1168 4206 nos,
1205 4141 1450 4210 inquam,
1470 4140 1585 4193 haec
1607 4140 1790 4192 omnia
1812 4138 1977 4194 doce-

403 4253 526 4291 mus
555 4250 652 4290 vos
680 4253 693 4300 ;
718 4251 840 4306 qua:
872 4250 995 4290 cum
1043 4234 1310 4290 edixisset
1353 4233 1538 4297 nobis,
1574 4232 1630 4285 in
1678 4240 1975 4301 conspectu

402 4337 592 4384 nostro
614 4336 926 4395 assumptus
947 4336 1031 4382 est
1050 4327 1104 4380 in
1122 4324 1406 4392 omium”,
1440 4324 1507 4379 ad
1544 4339 1666 4379 eum
1685 4325 1777 4394 qui
1797 4325 1972 4394 ipsum

403 4422 647 4476 miserat.
686 4421 860 4492 Atque
893 4421 940 4475 si
968 4419 1331 4481 credideritis,
1363 4418 1507 4472 beati
1540 4417 1694 4472 eritis
1723 4435 1738 4484 ;
1773 4416 1819 4471 si
1841 4431 1975 4471 con-

402 4521 487 4566 tra
535 4530 641 4567 non
688 4513 1052 4576 credideritis,
1096 4526 1198 4567 nos
1248 4511 1570 4565 innocentes
1619 4517 1673 4564 et
1712 4507 1902 4563 mundi
1941 4524 1972 4562 a

401 4614 581 4658 vestra
614 4605 992 4661 incredulitate
1037 4590 1388 4673 reperiemur.

2084 3226 2352 3295 κοφίνους,
2381 3227 2474 3279 ml
2519 3224 2578 3290 ἐξ
2614 3225 2804 3288 ὓδατος
2830 3220 2970 3277 οἶνον
3009 3225 3394 3295 μεταποιήσας,
3440 3223 3535 3275 καὶ
3590 3224 3657 3276 ἐκ

2085 3318 2350 3389 στόματος
2381 3317 2560 3388 ἰχθύος
2589 3318 2829 3388 στατῆρα
2854 3317 2920 3369 δι’
2951 3316 3083 3388 ἐμοῦ
3114 3316 3319 3387 Πέτρου
3359 3318 3471 3378 τοῖς
3498 3316 3659 3367 ἁπαι-

2083 3409 2235 3463 τοῦσι
2257 3409 2452 3480 κῆνσον
2473 3409 2816 3480 ἀποστείλας·
2837 3403 2991 3471 οὗτος
3017 3410 3111 3462 καὶ
3137 3410 3263 3471 τοὺς
3290 3409 3519 3479 νεκροὺς
3533 3409 3658 3462 ἀνε-

2081 3505 2247 3574 γερεῖ.
2280 3501 2466 3556 Ταῦτα
2489 3500 2597 3573 γὰρ
2642 3500 2856 3554 ἅπαντα
2883 3501 3039 3572 ἡμεῖς
3067 3501 3193 3571 περὶ
3245 3500 3410 3553 αὑτοῦ
3445 3517 3656 3570 μαρτυ-

2084 3595 2304 3666 ροῦμεν·
2332 3593 2402 3648 τὰ
2423 3595 2467 3648 δ’
2491 3593 2624 3649 ἄλλα
2649 3595 2697 3647 οἱ
2727 3594 3020 3665 προφῆται.
3049 3594 3235 3663 Ἡμεῖς
3261 3594 3310 3645 οῖ
3343 3593 3658 3662 συμφαγὸνο

2078 3703 2170 3750 τες
2195 3686 2342 3757 αύτῷ
2371 3687 2463 3738 ml.
2492 3686 2837 3756 συμπιόντες·
2897 3687 2991 3739 καὶ
3021 3685 3208 3739 θεαταὶ
3234 3683 3517 3754 γενόμενοι
3545 3684 3655 3736 τῶν

2079 3778 2243 3831 αὐτοῦ
2270 3779 2588 3849 τεραστίων,
2635 3779 2726 3833 καὶ
2752 3781 2849 3849 τῆς
2900 3779 3065 3849 ζωῆς,
3119 3779 3210 3830 καί
3237 3779 3334 3848 τῆς
3356 3776 3653 3840 πολιτείας,

2080 3869 2305 3922 καὶτῶν
2333 3869 2524 3938 λόγων,
2557 3871 2649 3924 ml.
2689 3870 2796 3922 τῶν
2827 3869 3182 3940 παθημάτων,
3214 3871 3308 3923 καὶ
3340 3869 3434 3922 τοῦ
3484 3869 3652 3922 θανά-

2077 3977 2193 4026 του,
2225 3961 2317 4013 ml.
2340 3961 2438 4032 τῆς
2465 3962 2529 4013 ἐκ
2559 3960 2764 4032 νεκρῶν
2787 3959 2950 4012 αὐτοῦ
2979 3961 3347 4022 ἀναστάσεως,
3378 3960 3474 4013 καὶ
3499 3977 3652 4013 συνα-

2079 4051 2484 4123 ναστραφέντες
2509 4052 2658 4122 αὐτῷ
2686 4051 2898 4122 ἡμέρας
2927 4050 3333 4121 τεσσαράκοντα
3381 4050 3524 4121 μετά
3550 4053 3648 4122 τὴν

2078 4145 2293 4216 ἔγερσιν
2320 4143 2504 4197 αὐτοῦ·
2563 4145 2656 4196 καὶ
2710 4142 2964 4204 λαϐόντες
3016 4143 3237 4214 ἐντολὴν
3293 4146 3425 4215 παρ’
3482 4143 3649 4197 αὑτοῦ

2077 4233 2310 4308 κηρύξαι
2336 4235 2398 4288 τὸ
2425 4233 2750 4307 Εὐαγγέλιον
2779 4237 2859 4297 είς
2886 4234 3004 4286 ὅλον
3034 4235 3124 4286 τὸν
3161 4234 3383 4304 κόσμον,
3417 4237 3512 4288 καὶ
3545 4254 3647 4305 μα-

2077 4327 2334 4399 θητεῦσαι
2364 4327 2538 4381 πάντα
2564 4326 2632 4380 τὰ
2659 4326 2805 4397 ἔθνη,
2837 4327 2930 4381 καὶ
2969 4325 3224 4395 βαπτίσαι
3253 4328 3331 4389 εἰς
3359 4327 3451 4380 τὸν
3481 4327 3646 4380 αὑτοῦ

2078 4419 2326 4485 θάνατον,
2356 4420 2448 4487 ἐπὶ
2475 4418 2724 4489 αύθεντίᾳ
2752 4417 2845 4470 τοῦ
2873 4417 3009 4471 Θεοῦ
3038 4417 3144 4470 τῶν
3189 4418 3345 4484 ὅλων,
3393 4420 3453 4480 ὃς
3500 4421 3646 4471 ἐστιν

2079 4508 2243 4564 αὑτοῦ
2297 4511 2504 4581 Πατὴρ,
2537 4510 2628 4562 ml.
2661 4509 2931 4581 μαρτυρίᾳ
2951 4509 3284 4580 Πνεύματος,
3314 4511 3372 4572 ὅς
3400 4511 3518 4563 ἐστι
3541 4510 3645 4562 [Ια-

2002 4590 2046 4644 Ῑ)
2078 4602 2361 4673 ράκλητος·
2395 4601 2718 4671 διδάσκομεν
2746 4601 2890 4672 ὑμᾶς
2916 4601 3089 4656 ταῦτα
3109 4603 3300 4669 πάντα,
3330 4603 3367 4658 ἃ
3393 4604 3642 4670 διαταξά-

404 4715 560 4766 μενος
588 4701 715 4769 ήμῖν
743 4696 1012 4766 ἀνελήφθη
1041 4696 1124 4750 ἐπ’
1158 4693 1278 4764 ὄψει
1307 4695 1461 4766 ήμῶν
1501 4699 1578 4760 εἰς
1616 4698 1707 4751 τὸν
1734 4695 1959 4766 οὐρανὸν
2024 4694 2160 4766 πρὸς
2189 4696 2278 4748 τὸν
2322 4693 2715 4752 ἀποστείλαντα
2759 4694 2939 4748 αὐτόν.
2996 4695 3106 4748 Καὶ
3163 4695 3258 4747 ἐὰν
3297 4697 3394 4767 μὲν
3425 4700 3633 4752 aris-.56.

401 4804 549 4856 σητε,
583 4787 837 4858 μακάριοι
867 4783 1178 4855 γενήσεσθε·
1215 4787 1264 4838 εί
1309 4785 1366 4850 δὲ
1397 4787 1470 4858 μὴ
1524 4786 1870 4858 πιστεύσητε,
1893 4785 2062 4842 ἀθῶοι
2121 4788 2281 4856 ἡμεῖς
2340 4785 2751 4858 εὑρεθησόμεθα
2811 4787 2903 4842 ml.
2965 4786 3197 4860 καθαροὶ
3231 4789 3332 4860 τῆς
3373 4789 3646 4862 ὑμετέρας

397 4877 456 4928 δυ
466 4877 731 4938 σπιστίας.

460 5011 506 5042 ἰ’
549 5012 680 5065 Dan.
713 5029 812 5070 ιιιι.
838 5015 892 5066 5.
967 5013 1011 5048 ⁸³
1041 5015 1186 5069 Psal.
1217 5028 1396 5072 cxuv,
1424 5013 1508 5068 l5.

1588 5014 1633 5044 ⁸³
1654 5011 1964 5074 Num.xvn,
1996 5013 2050 5066 8.
2126 5011 2168 5042 ⁵⁸
2199 5009 2389 5067 Matth.
2423 5027 2500 5071 lx,
2555 5014 2605 5070 5.

2705 5008 2749 5039 “
2779 5008 2949 5063 Marc.
2980 5025 3064 5074 ιιι,
3097 5010 3152 5065 5.
3222 5008 3267 5041 ’⁵⁷
3293 5009 3455 5063 Joan.
3483 5025 3561 5072 ix,
3593 5006 3641 5063 7.

397 5083 442 5117 ⁵⁸
474 5080 665 5137 Matth.
708 5101 818 5147 xw,
856 5089 943 5147 20.
1023 5086 1066 5116 ⁸³
1090 5085 1247 5139 Joan.
1285 5100 1344 5148 ιι,
1379 5084 1430 5139 5.
1506 5084 1552 5114 ⁵⁸
1580 5083 1770 5138 Matth.
1811 5099 1945 5148 avn,
1977 5083 1994 5136 Ξ

2146 5083 2188 5114 ⁸⁸
2223 5081 2344 5137 Act.
2403 5099 2442 5141 ι.
2475 5083 2531 5137 3.
2608 5080 2652 5112 "
2675 5077 2866 5135 Matth.
2891 5095 3085 5147 xxvm,
3120 5079 3207 5134 l8.
3284 5081 3332 5111 ⁵³
3355 5079 3477 5134 Act.
3513 5096 3552 5144 ι,
3589 5079 3642 5134 9.

1714 5217 2076 5273 VARIORUM
2112 5215 2341 5274 NOTAE.

437 5330 576 5414 τίβδ)
613 5333 678 5414 7Ῐό
709 5335 1176 5414 ,ἀκατέργαστοἈ
1234 5333 1533 5414 Prteﬁgitttr
1569 5333 1622 5388 in
1656 5332 1824 5387 altero
1872 5333 1962 5386 καὶ

395 5405 570 5463 αὖθις,
603 5412 658 5455 ιιι
707 5407 760 5459 in
794 5408 1065 5467 versione,
1099 5419 1196 5457 nec
1236 5405 1392 5458 male.
1430 5405 1598 5456 Cum.

465 5471 575 5541 (44)
610 5475 716 5528 Καὶ
743 5477 822 5529 σὺ
853 5481 884 5530 ό
917 5475 1192 5542 πλάστης
1220 5474 1405 5543 ἡμῶν.
1452 5473 1568 5526 Non
1619 5473 1876 5526 abhorret
1932 5487 1960 5524 a

392 5557 542 5602 vero,
577 5553 699 5598 cs‘se
725 5548 886 5600 etiam
915 5545 1019 5597 τῶν
1049 5546 1124 5605 0',
1160 5546 1283 5597 licet
1313 5543 1450 5612 apud
1494 5560 1588 5597 eos
1630 5543 1959 5612 jampridem

391 5627 502 5682 non
527 5625 896 5682 compareant,
955 5623 1007 5669 et
1035 5617 1136 5670 sub
1160 5616 1424 5668 asterisco
1450 5615 1607 5682 quasi
1651 5613 1860 5681 Aquilae
1906 5620 1961 5665 et

392 5679 804 5753 :l‘lieodoti'onis,
837 5693 1108 5753 ponantur
1134 5685 1189 5740 in
1220 5679 1731 5753 editione—Procopii
1753 5699 1816 5737 ex
1850 5700 1955 5739 ms.

407 5703 424 5736 ι
445 5703 804 5747 ueououonis,
875 5703 1108 5739 onantur
1134 5703 1189 5740 in
1220 5703 1458 5739 euiuone
1482 5703 1729 5753 rrocopn
1753 5703 1816 5737 ex
1850 5703 1953 5739 ms.

392 5750 587 5807 ll.--nati
622 5703 898 5809 Μαι-(τῇτιῆ
955 5755 1028 5808 Ac
1052 5757 1193 5808 forte
1222 5757 1640 5809 continebantur
1678 5756 1731 5808 in
1764 5753 1953 5810 codice

391 5839 498 5897 quo
529 5840 659 5881 usus
693 5827 792 5880 fuit
825 5825 1206 5881 Theodoritus.
1233 5824 1368 5879 Cor.

2141 5331 2251 5400 (45)
2301 5328 2661 5400 Στεφθῆναι.
2708 5329 2857 5400 Alter
2904 5328 3028 5383 cod.
3061 5327 3222 5400 Vind.
3252 5397 3268 5400 _
3293 5325 3639 5400 στεφανωθῆ-

2071 5397 2177 5462 ναι,
2211 5397 2399 5456 eadem
2432 5399 2725 5465 sententia,
2758 5399 2853 5454 sed
2881 5415 3013 5454 voce
3040 5399 3227 5523 paulq:
3245 5397 3640 5466 frequentiore.

3233 5483 3355 5522 ιειι.

3233 5483 3333 5520 LER
3340 5508 3355 5522 .

2141 5539 2251 5612 (46)
2299 5539 2409 5595 Καὶ
2438 5540 2628 5612 ὅσιος-
2662 5539 3169 5612 usque_ad_a6toﬁ.
3219 5537 3427 5594 Desunt
3447 5535 3504 5590 in
3543 5551 3640 5590 an-

2069 5607 2302 5682 tiquiore
2341 5612 2435 5665 sed
2461 5610 2732 5682 deteriore
2747 5607 2884 5667 cod.
2935 5607 3013 5665 In.

2138 5677 2248 5752 (47)
2296 5684 2444 5752 Καί.
2480 5680 2620 5752 Lege
2649 5697 2737 5752 ex_
2765 5683 2936 5752 altero
2967 5681 3089 5736 cod.
3119 5680 3229 5733 Καὶ
3269 5679 3318 5752 6.
3351 5677 3432 5732 In.

2135 5749 2245 5822 (⁷48)
2291 5749 2666 5820 Egerii-adma
2715 5750 2862 5808 Alter
2895 5750 3258 5823 ξηραίνουσαν
3298 5749 3637 5870 ἐκφεῖσήσας.

3439 5834 3489 5870 ο-

3439 5834 3489 5873 ιι.
