3728 6270
140 248 226 307 873

1022 240 1605 303 CONSTITUTlONES
1635 235 2297 294 APOSTOLICE.—-LIB.
2332 234 2396 289 V.

3188 232 3286 290 87d

141 374 275 433 μενος
300 357 384 410 καὶ
411 354 563 409 αὑτὸν
587 357 948 425 σωφρονίσαι,
984 360 1076 412 xal.
1091 360 1235 429 ἡμᾶς
1251 356 1524 410 παιδεῦσαι
1546 354 1652 425 (72)

1757 351 2013 407 Dominus
2041 364 2164 404 eum
2194 348 2486 417 corrigere,
2515 352 2568 402 et
2591 360 2691 401 nos
2717 346 3107 416 pnescientiam
3135 361 3287 401 suam

140 452 219 519 ιὴν
243 446 530 518 πρόγνωσιν
562 446 749 510 αὑτοῦ,
783 447 940 516 λέγει
961 464 975 478 σ
1015 467 1034 500 «
1073 447 1271 517 Ἀμὴν,
1323 446 1467 516 ἀμὴν
1523 444 1662 511 λέγω

139 540 263 608 ὑμῖν,
291 529 456 598 ὄτιεῖς
494 534 555 598 ἐξ
574 535 731 604 ὑμῶν
762 536 1080 607 παραδώσει
1116 554 1181 606 με
1202 553 1216 566 θ
1256 554 1275 587 ι
1330 536 1420 587 καὶ
1437 535 1661 589 ἑκάστου

137 627 267 696 ἡμῶν
292 626 558 692 λέγοντος·
596 645 615 676 «
643 627 792 696 Μήτι
825 627 969 694 syth;
1005 646 1023 679 ι
1061 626 1264 681 καὶτοῦ
1294 625 1492 695 Κυρίου
1537 640 1660 676 σιω-

136 717 334 779 πῶντος,
362 715 600 777 ἀναστὰς
628 716 763 782 ἐγὼ,
798 711 881 780 εἷς
902 720 966 770 ἐκ
993 716 1100 769 τῶν
1140 716 1343 769 δώδεκα
1363 753 1379 778 ,
1411 713 1660 784 φιλούμε-

133 824 208 868 νος
232 806 399 858 πλεῖον
433 806 543 857 τῶν
583 805 763 859 ἄλλων
811 807 902 859 ὑπ’
925 805 1118 868 αὑτοῦ,
1157 803 1658 874 ἐνστερνισάμενος,

131 896 268 947 αὑτὸν
305 895 409 965 (75)
451 894 691 946 ἱκέτευον
740 897 914 946 εἰπεῖν
944 895 1025 957 τίς
1054 894 1119 947 ἂν
1150 896 1233 963 εἴη
1270 894 1297 945 6
1333 892 1660 963 παραδώσων

130 987 290 1038 αὐτόν·
321 986 411 1037 καὶ
437 984 542 1036 οὐδ’
572 982 751 1045 οὕτως
788 986 924 1053 ἡμῖν
969 985 1182 1054 εἴρηκεν
1222 982 1381 1034 αὑτοῦ
1410 981 1469 1033 τὸ
1495 982 1660 1050 ὄνομα

128 1078 152 1128 6
174 1074 355 1142 ἀγαθὸς
384 1073 584 1143 Κύριος
599 1089 615 1103 ο
652 1072 792 1124 ἀλλά
815 1073 908 1125 δύο
929 1075 1124 1141 σημεῖα
1144 1071 1235 1123 τοῦ
1262 1071 1513 1142 προδότου
1531 1071 1659 1122 ἐδω-

128 1182 230 1217 κεν·
266 1164 321 1214 ἓν
343 1164 458 1232 μὲν,
487 1161 688 1215 εἰπών’
732 1180 752 1213 ι
794 1164 853 1215 '0
882 1162 1285 1231 ἐμϐαπτόμενος
1313 1162 1425 1230 μετ’
1454 1159 1585 1228 ἐμοῦ
1604 1160 1660 1212 ἐν

126 1253 191 1323 τῷ
210 1252 425 1323 τρυϐλίῳ
448 1267 463 1281 ’
494 1269 514 1301 ›
547 1250 807 1321 δεύτερον
841 1251 898 1303 δέ
922 1268 935 1281 ·
976 1270 994 1302 «
1019 1246 1089 1320 τῼ
1120 1248 1227 1317 ἐγὼ
1264 1249 1434 1318 sata;
1460 1249 1519 1300 τὸ
1549 1248 1661 1316 ψω-

130 1344 225 1412 μίον
244 1342 476 1394 ἐπιδώσω
501 1356 515 1371 ·
554 1360 573 1392 ι
625 1341 723 1393 καί
751 1357 837 1392 τοι
872 1339 1117 1392 κάκείνου
1150 1339 1390 1406 λέγοντος
1411 1355 1425 1369 ·
1475 1358 1492 1389 «
1518 1340 1657 1409 Μήτι

126 1432 217 1500 ἐγώ
240 1434 363 1501 εἰμι,
392 1430 620 1495 Ῥαϐϐίς
652 1450 671 1482 ι
740 1432 845 1483 οὐκ
874 1428 1021 1483 εἶπεν
1065 1431 1093 1480 6
1137 1430 1335 1499 Κύριος
1384 1428 1493 1498 (74)
1519 1466 1535 1491 ,
1580 1429 1658 1480 ὅτι

130 1541 145 1572 «
166 1523 276 1585 Ναί,
305 1542 321 1572 ι
353 1521 463 1576 ἀλλ’
490 1522 573 1574 ὅτι
610 1540 629 1571 «
660 1521 734 1573 Σὺ
766 1517 956 1582 dicar
980 1540 997 1571 ι
1023 1520 1114 1573 καὶ
1141 1519 1368 1588 φοϐῆσαι
1396 1518 1551 1571 αὑτὸν
1570 1518 1659 1569 ἐπὶ

126 1612 271 1681 τούτῳ
288 1610 577 1680 βουληθεὶς,
603 1610 774 1680 φησίν
800 1625 815 1639 ·
857 1626 875 1659 «
904 1609 1034 1661 Οὐαὶ
1053 1608 1130 1677 τῷ
1160 1606 1424 1678 ἀνθρώπῳ
1450 1606 1655 1675 ἐκείνῳ,

1760 441 1973 504 docere,
2003 440 2173 495 dixit:
2210 457 2229 489 «
2252 437 2445 502 Amen,
2474 451 2628 491 amen
2655 436 2778 492 dico
2809 436 2983 500 vobis,
3008 438 3132 507 quia
3151 453 3289 493 unus

1759 546 1825 586 ex
1841 531 1995 586 Vobis
2008 530 2184 583 tradet
2208 544 2292 582 me
2308 548 2319 578 :
2336 547 2353 579 ι
2375 537 2427 581 et
2448 542 2768 596 unoquoque
2785 537 3026 582 nostrum
3044 527 3253 581 dicente
3272 542 3286 578 :

1766 621 2040 692 sNunquid
2070 621 2206 689 ego?
2242 640 2259 671 ι
2290 635 2351 671 ac
2375 617 2603 672 Domino
2645 627 2885 679 tacente;
2918 634 3142 688 surgens
3166 634 3286 687 ego,

1759 728 1900 765 unus
1929 726 1996 764 ex
2029 709 2335 772 duodecim,
2367 724 2525 778 quem
2554 709 2675 777 plus
2722 711 2931 763 ceteris
2983 708 3285 768 adamabat,

1758 810 1811 857 et
1831 800 2147 854 incumbens
2196 801 2250 853 in
2285 808 2473 868 pectus
2503 798 2620 865 ejus
2641 836 2657 860 ,
2696 800 2915 851 orabam
2962 806 3018 851 ut
3047 797 3248 851 diceret
3271 833 3286 856 .

1758 894 1880 962 quis
1910 898 2077 954 esset,
2101 890 2191 959 qui
2242 906 2361 943 eum
2387 897 2503 955 erat
2532 889 2863 948 traditurus;
2893 896 2947 941 et
2997 903 3171 956 neque
3211 888 3289 940 sic

1756 998 1949 1037 nomen
1972 982 2115 1034 illius
2145 980 2301 1033 nobis
2326 980 2533 1047 aperuit
2554 979 2726 1031 bonus
2744 976 3032 1041 Dominus;
3062 977 3152 1030 sed
3183 976 3290 1029 duo

1758 1071 1909 1141 signa
1938 1071 2223 1140 proditoris
2246 1069 2411 1133 dedit;
2438 1084 2600 1122 unum
2621 1066 3128 1136 quidem,dicendo:
3157 1067 3289 1131 «Qui

1758 1160 1973 1229 intingit
1997 1175 2201 1213 mecum
2226 1160 2276 1212 in
2309 1160 2508 1223 catino;
2542 1176 2559 1209 ›
2588 1159 2811 1211 alterum
2849 1172 2993 1221 vero,
3029 1158 3284 1212 dicendo:

1761 1250 1888 1304 «Cui
1910 1250 2240 1319 egotinctam
2265 1248 2518 1301 bucceam
2543 1263 2831 1316 porrexero
2851 1266 2897 1304 ε»
2930 1249 3035 1303 imo
3057 1247 3193 1303 Juda
3216 1251 3293 1304 in-

1756 1348 2091 1407 terrogante:
2129 1356 2146 1388 «
2176 1334 2423 1405 Nunquid
2446 1353 2543 1406 ego
2577 1354 2714 1402 sum,
2749 1337 2945 1391 ltabbi?
2975 1357 2991 1389 υ
3046 1355 3158 1392 non
3201 1355 3289 1393 re-

1756 1429 1971 1497 spondit
1998 1428 2273 1490 Dominus,
2294 1427 2548 1491 «Etiamp
2575 1426 2687 1490 sed,
2713 1426 2820 1479 «Tu
2845 1429 3054 1481 dixisti:
3081 1449 3098 1480 ›
3117 1438 3170 1484 et
3192 1447 3290 1485 cu-

1757 1520 1907 1586 piens
1928 1526 2126 1571 metum
2151 1518 2225 1569 illi
2242 1533 2303 1568 ea
2321 1516 2375 1569 in
2396 1532 2452 1569 re
2470 1516 3291 1587 incutere,«Vae,inquit,bomini

1758 1606 1853 1669 illi,
1872 1623 1966 1675 per
1986 1623 2146 1676 quem
2158 1606 2561 1661 Filiusbominis
2585 1608 2843 1672 tradetur;
2864 1608 3060 1661 bonum
3087 1617 3202 1662 erat
3216 1611 3286 1674 ei,

125 1700 179 1753 δι’
202 1695 255 1751 οῦ
280 1700 442 1761 όΥἰὸς
482 1699 578 1751 τοῦ
626 1697 921 1769 ἀνθρώπου
953 1698 1295 1767 παραδίδοται
1317 1713 1331 1727 °
1393 1697 1548 1750 καλὸν
1596 1694 1652 1767 ἦν

1760 1698 1803 1751 si
1827 1708 1984 1752 natus
2005 1714 2109 1750 non
2136 1696 2381 1761 fuissem
2409 1696 2603 1765 quibus
2636 1697 2834 1750 auditis
2858 1698 3009 1759 abiit,
3046 1698 3288 1768 dixitque

127 1789 269 1857 αὐτῷ,
301 1792 346 1840 εἰ
373 1790 472 1840 οὐκ
501 1788 773 1857 ἐγεννήθη
797 1804 811 1817 ’
848 1806 869 1839 ι
920 1789 1012 1840 καὶ
1051 1787 1219 1839 ταῦτα
1264 1786 1495 1848 ἀκούσας
1528 1787 1657 1855 (75).

126 1877 337 1931 ἀπελθὼν
368 1874 486 1930 εἷπε
534 1881 649 1939 τοῖς
698 1876 957 1944 ἱερεῦσιν·
992 1896 1010 1927 «
1041 1876 1104 1929 Τί
1143 1876 1323 1929 θέλετέ
1350 1877 1656 1946 μοιδοῦναι,

126 1971 203 2020 καὶ
224 1967 324 2035 ἐγὼ
351 1969 477 2037 ὑμίν
495 1968 661 2020 αὑτὸν
683 1984 762 2019 πα
773 1966 1028 2037 ραδώσω;
1060 1985 1078 2017 ι
1113 1967 1161 2018 οἱ
1186 1967 1243 2019 δὲ
1266 1966 1493 2037 ἔστησαν
1514 1968 1658 2038 αὑτῷ

125 2059 377 2127 τριάκοντα
422 2057 666 2128 ἀργύρια
691 2074 707 2087 ·
741 2056 843 2109 καὶ
886 2055 1166 2126 ἐπληρώθη
1212 2059 1245 2127 ἡ
1283 2058 1529 2129 Γραφὴή
1572 2060 1657 2112 λέ-

126 2164 294 2215 γουσα·
336 2167 354 2198 «
380 2150 489 2201 Kal.
517 2147 713 2200 ἔλαϐον
752 2145 869 2219 (76)
897 2146 964 2199 τά
991 2147 1276 2218 τριάκοντα
1306 2149 1537 2219 ἀργύρια
1562 2153 1657 2222 τὴν

127 2239 264 2309 τιμήν
309 2239 401 2291 τοῦ
453 2238 864 2308 τετιμημένου,
907 2236 966 2289 ὃν
1016 2238 1333 2307 ἐτιμήσαντο
1378 2239 1484 2291 ἀπὸ
1532 2240 1658 2293 υἱῶν

146 2330 356 2399 Ἰσραὴλ,
368 2330 461 2382 καὶ
479 2330 686 2382 ἔδωκαν
709 2327 855 2381 αὐτὰ
871 2330 948 2389 είς
973 2327 1062 2379 τὸν
1080 2325 1222 2381 οἷκον
1243 2329 1352 2398 (77)
1369 2329 1461 2380 τοῦ
1494 2347 1657 2400 κεραι

133 2418 314 2486 μέωςη
364 2420 456 2471 καὶ
502 2422 569 2489 τῇ
621 2419 887 2489 πέμπτῃ,
943 2416 1198 2484 φαγόντες
1246 2420 1373 2485 παρ’
1405 2419 1550 2488 αὐτῷ
1597 2420 1658 2473 τὸ

131 2508 311 2577 Πάσχα,
342 2510 607 2578 βάψαντος
645 2507 860 2561 ἐκείνου
891 2508 987 2577 τὴν
1016 2510 1168 2576 χεῖρα
1210 2509 1287 2569 είς
1314 2508 1374 2559 τὸ
1393 2508 1654 2577 τρυϐλίον,

132 2598 208 2648 καὶ
227 2598 280 2649 τδ
305 2599 508 2668 ψωμίον
552 2597 846 2658 λαϐόντος,
870 2597 963 2648 καὶ
983 2596 1278 2659 ἐξελθόντος
1303 2599 1508 2662 νυκτὸς,
1528 2602 1656 2669 ἡμῖν

134 2682 257 2737 εἶπεν
287 2689 314 2737 6
338 2688 560 2757 Κύριος·
593 2708 611 2738 «
649 2686 937 2755 Ἐλήλυθεν
957 2688 989 2755 ἡ
1013 2685 1148 2756 ὥρα,
1173 2687 1256 2738 ἵνα
1278 2688 1654 2757 σκορπισθῆτε,

134 2775 211 2826 καὶ
227 2776 316 2844 ἐμὲ
345 2778 497 2845 μόνον
528 2778 731 2847 ἀφῆτε
763 2795 787 2827 ι’
815 2777 908 2829 καὶ
940 2776 1163 2828 ἓκαστου
1200 2776 1655 2847 διισχυριζομένου

135 2865 195 2934 μὴ
217 2867 588 2938 ἐγκαταλείψαι
620 2866 814 2928 αὑτὸν,
847 2865 979 2936 ἐμοῦ
1026 2866 1228 2935 Πέτρου
1268 2868 1658 2937 ἐπαγγελλομέ-

129 2969 203 3005 νου
232 2957 315 3007 καὶ
344 2958 756 3019 συναποθανεῖν,
778 2952 952 3007 εἷπεψ
985 2974 1004 3005 «
1043 2956 1207 3025 Ἀμὴν
1236 2955 1372 3023 λέγω
1396 2959 1499 3021 σοὶ,
1528 2961 1653 3030 πρὶν
1679 2983 1725 3038 C

131 3043 359 3116 ἀλέκτορα
397 3047 660 3117 φωνῆσαι,
723 3047 842 3114 τρὶς
883 3046 1166 3116 ἀπαρνήσῃ
1201 3045 1273 3116 μὴ
1293 3046 1488 3101 εἰδέναι
1517 3064 1602 3117 με.
1630 3067 1649 3100 ι

134 3131 376 3203 Παραδοὺς
415 3137 471 3188 δὲ
500 3139 633 3206 ἡμῖν
675 3134 745 3186 τὰ
772 3134 1031 3187 ἀντίτυπα
1062 3136 1324 3204 μυστήρια
1358 3137 1450 3188 τοῦ
1480 3138 1654 3206 τιμίου

135 3224 350 3293 σώματος
378 3226 540 3279 αὑτοῦ
568 3228 666 3279 καὶ
698 3225 923 3293 αἵματος
972 3224 1102 3293 (78),
1147 3223 1310 3277 Ἰούδα
1343 3224 1416 3295 μὴ
1442 3241 1654 3295 συμπαιι

138 3314 290 3382 ρόνιος
329 3318 455 3386 ἡμῖν
489 3317 624 3387 (79),
652 3314 875 3383 ἐξῆλθεν
922 3316 999 3375 εἰς
1045 3313 1105 3364 τὸ
1147 3313 1269 3383 ὅρος
1310 3315 1415 3367 τῶν
1465 3315 1654 3370 ἐλαιῶν

135 3403 329 3472 πλησίον
359 3406 448 3458 τοῦ
477 3424 559 3475 χει
568 3407 786 3475 μάρῤου
815 3403 919 3455 τῶν
939 3403 1172 3472 Κέδρων,
1214 3403 1340 3454 ὅπου
1368 3400 1434 3473 ἦν
1461 3405 1649 3474 κῆπος·

140 3496 343 3564 συνῆμεν
372 3497 427 3548 δὲ
447 3498 539 3549 καὶ
563 3498 750 3565 ἡμεῖς,
781 3494 871 3545 καὶ
900 3493 1211 3562 ὑμνήσαμεν
1243 3494 1381 3546 κατά
1425 3494 1484 3545 τὸ
1514 3495 1653 3557 ἔθος

134 3584 213 3634 καὶ
227 3586 496 3655 χωρισθεὶς
516 3590 548 3656 ή
559 3586 702 3655 μῶν,
724 3583 854 3635 πολὺ
877 3582 985 3652 (80)
1008 3583 1338 3653 προσηύχετο
1366 3584 1442 3653 τῷ
1462 3586 1649 3655 Πατρὶ,

135 3668 281 3739 λέγων
298 3692 312 3704 ο
362 3695 381 3726 «
406 3677 585 3746 Πάτερ
607 3714 623 3738 ,
666 3673 967 3742 παρένεγκε
994 3673 1085 3724 ἀπ’
1111 3671 1242 3739 ἐμοῦ
1274 3672 1333 3723 τὸ
1366 3674 1612 3743 ποτήριον
1634 3689 1649 3703 ·

135 3760 252 3832 πλὴν
270 3767 339 3835 μὴ
368 3766 493 3836 ἐμὸν
522 3763 858 3836 (81)θέλημα
877 3763 1129 3829 γενέσθω,
1150 3761 1279 3813 ἀλλά
1305 3761 1364 3813 τὸ
1392 3763 1500 3814 σόψ
1526 3783 1543 3813 ι
1560 3763 1652 3815 καὶ

192 3918 233 3947 ⁸⁸
261 3918 439 3973 Matth.
467 3918 713 3979 xxerF').

1755 1788 2155 1842 sacerdotibus:
2187 1787 2355 1850 «Quid
2378 1787 2537 1840 vultis
2580 1787 2708 1838 mihi
2756 1788 2902 1848 dare,
2930 1796 2984 1841 et
3009 1804 3105 1857 ego
3136 1790 3289 1844 vobis

1754 1893 1873 1931 eum
1892 1877 2095 1930 tradam
2110 1876 2218 1928 ⁸³2»
2244 1876 2320 1928 illi
2343 1892 2468 1929 vero
2480 1876 2873 1929 constituerunt
2886 1876 2933 1929 ei
2958 1877 3173 1944 triginta
3197 1893 3289 1931 ar-

1754 1975 1995 2036 genteos;
2019 1974 2071 2020 et
2088 1967 2303 2034 impleta
2318 1974 2399 2019 est
2419 1965 2695 2033 Scriptura
2713 1981 2831 2034 quae
2852 1966 2979 2018 dicit
3000 1985 3042 2018 :«
3055 1965 3119 2018 Et
3136 1982 3291 2021 acce-

1755 2064 1948 2125 perunt
1979 2056 2194 2124 triginta
2239 2065 2517 2123 argenteos
2554 2056 2782 2123 pretium
2807 2056 3287 2127 apprctiati,quem

1755 2148 2194 2216 appretiaverunt
2218 2160 2250 2197 ιι
2280 2145 2402 2198 liliis
2431 2145 2673 2210 lsraelis;
2712 2152 2765 2197 et
2805 2145 3068 2199 dederunt
3102 2161 3195 2213 eos
3233 2146 3287 2199 in

1754 2237 1966 2290 domum
1987 2235 2180 2304 ﬁguli“
2196 2254 2208 2288 :
2226 2254 2242 2284 ι
2265 2244 2319 2288 et
2336 2236 2520 2303 quinta
2536 2235 2687 2299 feria,
2703 2250 2825 2287 cum
2840 2236 2979 2304 apud
2995 2252 3115 2290 eum
3140 2252 3288 2291 com-

1753 2327 2052 2381 edissemus
2095 2326 2323 2388 Pascha,
2355 2334 2407 2379 et
2447 2323 2613 2378 Judas
2644 2339 2864 2378 manum
2893 2325 3201 2379 intinxisset
3228 2326 3284 2378 in

1754 2419 1952 2481 catino,
1985 2419 2239 2471 bucceam
2268 2418 2566 2484 accepisset
2598 2430 2660 2468 ac
2684 2422 2843 2468 nocte
2865 2416 3103 2479 exiisset,
3129 2416 3283 2471 nobis

1752 2508 1885 2561 dixit
1910 2505 2401 2562 Dominus:«Venit
2426 2508 2578 2569 hora,
2610 2514 2669 2558 ut
2698 2505 3104 2573 dispergamini,
3125 2514 3179 2559 et
3199 2521 3286 2559 me

1753 2599 1923 2652 solum
1946 2598 2260 2666 relinquatis
2276 2598 2387 2651 ":1
2415 2605 2468 2651 et
2490 2596 2717 2665 singulis
2732 2594 3124 2649 aliirtuantibus
3140 2596 3283 2664 quod

1752 2704 1859 2743 non
1893 2688 2131 2743 relicturi
2161 2694 2505 2748 essenteum,
2537 2701 2729 2754 meque
2755 2683 2915 2739 Petro
2939 2684 3284 2751 promittente

1753 2778 1891 2847 quod
1915 2794 2035 2831 cum
2056 2777 2265 2831 eomori
2288 2785 2505 2845 paratus
2519 2790 2715 2838 essem,
2736 2772 3013 2843 respondit
3031 2793 3047 2827 :
3085 2775 3282 2830 «Amen

1752 2869 1873 2922 dico
1903 2869 2020 2931 tibi,
2052 2868 2361 2937 priusquam
2390 2867 2563 2935 gallus
2603 2875 2804 2928 cantet,
2837 2872 2916 2919 ter
2942 2866 3165 2933 negabis
3196 2880 3284 2921 me

1754 2958 1845 3012 tibi
1874 2967 2059 3013 notum
2073 2974 2193 3014 esse
2210 2960 2275 3011 ⁸³.
2290 2976 2308 3008 ι
2330 2957 2462 3011 Cum
2493 2967 2669 3011 autem
2687 2956 2994 3010 tradidisset
3021 2957 3176 3011 nobis
3192 2971 3285 3009 an-

1754 3048 1919 3118 titypa
1947 3049 2201 3117 mysteria
2228 3048 2451 3116 pretiosi
2505 3046 2755 3115 corporis
2778 3059 2841 3099 ac
2863 3047 3143 3113 sanguinis
3171 3048 3279 3109 sui,

1749 3136 1886 3192 Iuda
1917 3138 2199 3191 nobiscum
2236 3152 2343 3191 non
2386 3138 2752 3199 consistente,
2796 3150 3048 3204 egressus
3099 3144 3183 3191 est
3224 3137 3280 3190 in

1752 3236 1985 3282 montem
2006 3226 2281 3281 Olivarum
2312 3242 2478 3296 prope
2521 3235 2811 3279 torrentem
2841 3226 3158 3290 Cedrorum,
3190 3227 3281 3280 ubi

1749 3331 1869 3371 erat
1902 3319 2091 3372 hortus
2126 3317 2205 3372 "z
2237 3317 2520 3371 aderamus
2558 3324 2737 3369 autem
2759 3331 2882 3379 nos,
2918 3323 2971 3370 et
2998 3331 3149 3370 more
3184 3332 3281 3369 no-

1749 3416 1863 3463 stro
1885 3409 2141 3478 hymnum
2171 3407 2404 3461 diximus
2432 3407 2482 3438 ⁸⁸
2507 3425 2521 3460 :
2565 3407 2655 3459 ille
2686 3420 2813 3459 vero
2841 3420 2871 3456 a
2924 3406 3080 3457 nobis
3107 3419 3282 3458 remo-

1749 3508 1858 3559 tus,
1888 3500 2113 3552 multum
2133 3499 2322 3553 orabat
2340 3495 2575 3559 Patrem,
2597 3497 2783 3550 dicens
2799 3495 3030 3559 :«Pater,
3049 3495 3281 3548 transfer

1756 3604 1787 3641 a
1812 3605 1897 3643 me
1918 3589 2172 3655 calicem;
2202 3597 2569 3642 verumtamen
2600 3601 2705 3638 non
2736 3601 2851 3639 mea
2876 3586 3123 3639 voluntas
3154 3584 3276 3647 tiat,

1748 3680 1842 3732 sed
1872 3687 1960 3731 tua
1994 3679 2068 3731 ⁸⁹ε
2095 3697 2112 3728 ι
2144 3677 2287 3745 quod
2314 3691 2436 3729 cum
2463 3675 2621 3729 tertio
2647 3674 2885 3737 fecisset,
2939 3689 3145 3742 nosque
3168 3689 3279 3741 pne

1750 3768 2002 3820 mmstitia
2028 3767 2080 3819 in
2112 3781 2359 3821 somnum
2381 3764 2769 3819 decidissemus
2795 3764 2863 3826 ’°,
2893 3763 3157 3817 accedens
3193 3761 3277 3815 di-

787 3916 833 3947 "
865 3914 1051 3985 Matth.
1075 3930 1239 3985 xxiv",
1262 3913 1315 3967 9.
1386 3915 1435 3946 ⁸³
1462 3915 1616 3985 Joan.

1756 3960 1766 3981 ,
1816 3920 1916 3985 5‘2;
1943 3919 2125 3971 Matth.
2150 3933 2300 3978 xxvi,
2323 3919 2411 3972 51.
2485 3918 2531 3949 ⁸⁸
2559 3916 2687 3970 Luc.
2715 3931 2851 3979 χιιι.
2886 3917 2975 3972 34.
3049 3916 3093 3948 ⁸¹¹
3115 3915 3271 3970 Joan.

135 3998 269 4052 xvnl,
323 3993 372 4042 1.
446 3989 691 4042 "Matth.
727 4001 874 4052 xxvn,
907 3982 991 4039 30.
1067 3982 1111 4014 "
1136 3984 1264 4036 Luc.
1296 3995 1429 4051 xxn,
1453 3983 1542 4040 42.
1614 3988 1652 4018 ⁹¹¹

1756 3990 1873 4042 ιιιὶι.
1904 3982 2047 4053 sxw,
2079 3988 2171 4053 45,
2226 3988 2327 4054 44;
2361 3987 2491 4041 Luc.
2520 4001 2653 4051 χιιι,
2679 3985 2768 4039 ιδ.

1356 4184 1359 4187 -
1395 4164 1748 4242 unionem
1781 4163 2006 4219 No'rJE.

190 4334 290 4405 (72)
322 4335 494 4404 Ὴμᾶς
515 4326 849 4405 παιδεῦσαι.
864 4283 1098 4405 Uterque
1120 4324 1249 4405 ἡμῖν
1277 4321 1457 4385 δεῖξαι.
1475 4322 1640 4405 Cir-1n.
1668 4320 1720 4379 ι)
1744 4319 1787 4405 2

192 4387 292 4472 (73)
325 4387 1122 4472 Ἑῖρονξερνιιγᾴέιεῖοςῃαὐξόν·ἶ
1143 4387 1439 4472 ξΠιειυίιιιεε
1496 4391 1644 4472 Ἰεξπι-

133 4458 290 4524 πεσὼν
315 4472 390 4542 τῷ
420 4458 607 4542 στήθει
642 4458 823 4519 αὐτοῦ.
854 4458 1028 4528 Ὡσοά
1076 4458 1286 4513 videtur
1330 4458 1459 4514 esse
1503 4461 1646 4529 glos-

131 4556 281 4594 sema.
314 4540 389 4593 lo.

189 4610 439 4679 (74)_0:’2x
463 4607 636 4659 εἶπεν
665 4606 697 4656 ό
715 4603 944 4679 Κύριοςἶ
974 4601 1084 4656 Hoc
1105 4606 1187 4679 est
1209 4597 1351 4679 quod
1374 4598 1648 4679 eleganter

133 4665 658 4731 dicit'Tertulltanus
722 4665 1032 4724 in'laudetn
1082 4665 1344 4739 patientia:
1399 4665 1640 4719 Domini:

134 4744 292 4815 Etiam
315 4745 634 4815 proditorgm
662 4756 815 4793 suum
853 4755 1023 4793 secum
1051 4737 1251 4799 habuit,
1277 4751 1365 4787 nec
1401 4744 1645 4787 constan-

134 4823 199 4866 ter
229 4811 505 4866 denotavit.
537 4811 672 4864 COT.

191 4882 294 4951 (75)
326 4882 433 4934 Kal
445 4880 642 4953 Ξαῦτα
673 4878 953 4953 ἀκοιξοςᾳς.
983 4876 1094 4930 Imo
1117 4885 1397 4953 antequam
1418 4872 1642 4953 dixisset

135 4940 408 5005 Dominus:
445 4949 536 5001 Va:
577 4948 773 4999 homini
801 4946 904 5008 illi,
925 4961 1013 5012 per
1033 4960 1177 5012 quem
1198 4940 1374 5012 Filius
1394 4941 1642 5012 _hominis

136 5019 351 5070 tradetur
368 5058 382 5077 ,
410 5032 533 5069 cum
563 5015 764 5069 Judaais
784 5006 972 5081 pactus
994 5006 1166 5081 fuerat
1191 5009 1374 5061 Judas.
1394 5006 1466 5060 In.

190 5081 291 5149 (76)
327 5076 435 5136 Kal
460 5083 699 5145 ἔλαϐον,
730 5076 831 5135 etc.
864 5078 991 5149 Haec
1011 5076 1210 5149 omnia.
1252 5091 1423 5145 usque
1450 5078 1515 5130 ad
1548 5091 1643 5130 κε-

122 5142 355 5215 ραμέὼς,
382 5152 574 5204 desunt
605 5151 659 5203 in
687 5142 853 5202 altero
881 5146 1077 5200 codice.
1112 5142 1275 5195 CLEB.

137 5281 154 5334 Ι
194 5208 437 5288 (77)’Τὸν
456 5218 637 5269 οἷκον.
671 5215 856 5268 Melius
882 5216 936 5267 in
953 5222 1178 5279 utroque
1204 5208 1321 5261 cod.
1340 5208 1429 5261 τδν
1454 5213 1636 5281 ἀγρόν.

158 5300 204 5334 Β.

158 5300 204 5338 D.

197 5355 299 5421 (78)
334 5353 635 5407 Ἀντιτυπα
677 5350 966 5421 μυστήρια
1006 5345 1105 5399 τοῦ
1140 5342 1328 5420 τιμίου
1374 5346 1639 5415 σώματος

137 5417 301 5475 αὑτοῦ
326 5422 420 5475 καὶ
444 5417 704 5488 αἵματος.
729 5417 1063 5488 Sacramenta
1087 5417 1327 5488 corporis
1351 5421 1415 5488 et
1429 5422 1639 5488 sangui-

142 5491 215 5541 nis
230 5488 449 5543 Domini.
479 5481 534 5540 1;.
565 5481 789 5538 Andreas
810 5485 1073 5539 Cretensis
1099 5481 1342 5530 oratione
1371 5481 1447 5533 De
1475 5481 1635 5538 ruinis

140 5559 440 5621 palmarum:
484 5557 571 5606 Ἐν
599 5552 891 5615 ἀντιτύποις
942 5545 1234 5620 συμϐόλοις.
1286 5544 1351 5597 Et
1406 5559 1548 5605 tomo
1593 5554 1634 5606 ιι

436 5646 704 5702 Pyrum“
737 5643 841 5700 Gn.
882 5643 926 5700 Ι.

1747 4319 1973 4441 Ορενιιη]
1990 4321 2045 4373 S.
2062 4320 2363 4407 Epiphanii,
2378 4326 2516 4399 orat.
2534 4318 2596 4372 In
2609 4316 2805 4403 Christi
2819 4323 3235 4375 resurrectionem
3246 4339 3272 4402 ε

1747 4390 1789 4440 Τ
1858 4408 1926 4441 un
1959 4390 2319 4441 παλαιουιιενα
2370 4405 2463 4440 του
2520 4388 2638 4441 νέου
2664 4390 2852 4441 Πασγα
2896 4390 3012 4441 ἀντὶ
3050 4390 3271 4441 παλαιου

1959 4404 2319 4444 παλαιούμενα
2370 4405 2463 4440 του
2520 4404 2638 4441 νεου
2664 4404 2852 4444 uana
2896 4404 3012 4441 αντῑ
3050 4404 3271 4444 παλαιοῦ

1751 4405 1827 4441 ἰα
1857 4405 1928 4460 μη
1959 4405 2319 4459 παλαιουμενα
2370 4405 2463 4440 του
2520 4405 2638 4441 νεου
2664 4405 2852 4456 ιιασχα
2896 4405 3012 4441 αντι
3050 4405 3268 4444 παλαιου

1751 4461 2014 4578 μυστήρια
2041 4460 2319 4510 ἀντίτυπα.
2355 4457 2526 4511 Minus
2570 4472 2695 4526 ergo
2722 4466 2864 4510 recte
2914 4473 2943 4508 a
2983 4457 3268 4521 Salmasio,

1751 4527 1881 4578 libro
1947 4545 1972 4578 e
1990 4526 2585 4578 transsubstantiatione.
2601 4541 2654 4578 ι).
2676 4525 2765 4578 41.
2791 4524 3049 4577 ἀντίτυπα
3072 4528 3268 4578 μυστή-

1748 4524 1881 4581 libro
1904 4524 1972 4578 De
1990 4526 2585 4588 transsubstantiatione,
2601 4524 2765 4597 p.41,
2791 4524 3049 4577 ἀντίτυπα
3072 4528 3273 4597 μυστή-

1747 4610 1836 4715 ρια
1868 4597 2124 4649 indictum
2169 4612 2288 4649 esse
2317 4604 2534 4662 putatur
2575 4602 2627 4647 et
2659 4594 2892 4661 ineptum
2913 4632 2927 4654 ,
2962 4604 3123 4661 atque
3172 4594 3274 4648 hoc

1767 4678 1866 4715 oco
1886 4680 1949 4715 ex
1965 4666 2142 4715 alossa
2166 4665 2245 4715 vel
2268 4679 2333 4715 ex
2353 4662 2759 4715 internolatione
2777 4661 3094 4715 profectum.
3132 4662 3265 4715 Cor.

1767 4678 1866 4716 oco
1886 4680 1949 4717 ex
1965 4666 2142 4733 glossa
2166 4665 2245 4716 vel
2268 4661 2333 4733 ex
2353 4662 2759 4733 interpolatione
2777 4661 3107 4733 profectum.
3132 4662 3265 4715 Cor.

1757 4730 2064 4810 Ἀντιτιὶπά
2082 4732 2396 4810 μυστήρια.
2437 4730 2527 4783 Sic
2553 4730 2806 4809 dicuntur
2829 4731 3265 4810 panisctvinum,

1744 4816 1881 4869 quae,
1912 4798 2135 4869 mystica
2174 4802 2380 4852 ratione
2403 4840 2418 4865 ,
2467 4812 2660 4867 corpus
2704 4798 2821 4865 ejus
2858 4804 2913 4851 et
2954 4801 3267 4866 sanguinem

1743 4868 2061 4923 referebant.
2088 4868 2251 4921 Cwn.

1812 4938 1920 5005 (79)
1963 4937 2143 4991 Ἰούδα
2150 4935 2233 5004 μὴ
2266 4936 2671 5003 συμπαρόντος
2692 4934 2848 5005 ἡμῖν,
2865 4932 2979 4986 Non
3000 4939 3082 4986 est
3106 4932 3174 4986 bu
3177 4933 3266 5001 jus

1742 5003 1844 5061 loci
1871 5003 2165 5074 expendere
2190 5008 2323 5059 duas
2348 5005 2585 5057 celebres
2616 5003 3019 5074 contrariasque
3049 5013 3265 5056 senten-

1740 5076 1865 5137 tias,
1898 5071 2019 5128 cum
2044 5081 2301 5134 veterum,
2348 5079 2461 5123 tum
2498 5071 2876 5129 recentiorum.
2921 5073 3066 5139 circa
3122 5086 3265 5139 qua:-

1742 5144 1988 5202 stionem,
2032 5142 2332 5194 adl’ueritne
2383 5139 2569 5200 Judas,
2610 5142 2691 5192 vel
2740 5138 2991 5198 abfuerit,
3046 5138 3263 5206 quando

1738 5211 2059 5265 eucharistia
2093 5210 2333 5262 instituta
2364 5208 2483 5261 fuit.
2518 5207 2808 5261 Videantur
2836 5219 3115 5260 sacrorum
3152 5208 3265 5260 elo-

1739 5282 1981 5348 quiorum
2005 5279 2341 5348 interpretes.
2365 5273 2497 5348 Cor.

1807 5350 1915 5415 (80)
1942 5347 2117 5399 Πολύ.
2145 5343 2374 5412 Uterque
2395 5346 2559 5399 codex
2588 5345 2647 5398 οὐ
2698 5343 2849 5410 πολύ,
2887 5343 2992 5396 hoc
3021 5350 3111 5395 est;
3159 5360 3262 5396 mm

1736 5418 1845 5470 diu.
1879 5418 2041 5470 CLER-

1805 5486 1915 5554 (Si)
1952 5484 2133 5554 Ἐμὸν.
2168 5480 2223 5554 l_n
2247 5482 2416 5554 altero
2451 5482 2512 5535 τὸ
2543 5482 2865 5554 ἐμόνηηυοᾱ
2915 5477 3118 5532 melius
3148 5493 3271 5533 σοπ-

1735 5550 1878 5609 venit
1898 5550 2025 5606 cum
2048 5550 2105 5601 τὸ
2137 5550 2224 5601 σόν
2246 5551 2385 5616 quod
2418 5550 2677 5619 sequitur.
2704 5550 2773 5604 ns.
