3828 6350
448 371 560 429 R83

1296 375 1352 427 S.
1392 371 1780 429 CLEMENTIS
1812 371 1831 427 ι
1867 372 2033 431 ROM.
2067 374 2269 431 PONT.
2307 374 2533 431 OPERA
2567 374 2792 432 DUBIA.

444 492 590 548 enim
622 480 1145 560 comprehenderunt
1170 490 1225 542 in
1248 488 1363 559 ipsa
1385 489 1491 553 die,
1512 503 1616 558 qua
1641 488 1836 543 l'cstnm
1868 489 2012 544 cele-

2114 493 2371 561 μιουργοῦ
2412 494 2468 544 ἐν
2506 492 2653 562 αὐτῷ
2689 492 2769 544 ἐτι
2811 491 2916 545 ὑπὸ
2947 492 3049 563 γῆν
3078 491 3231 555 ὄντος
3262 505 3279 523 ·
3322 491 3381 544 ἐν
3413 490 3554 563 αὐτῇ
3589 491 3701 563 γὰρ

443 582 710 646 brabant;
740 588 799 634 ut
839 581 970 634 illud
1005 580 1301 648 Scriptura:
1340 581 1622 635 oraculum
1674 581 2011 651 impleretur,

443 672 588 739 quod
620 673 740 726 ait:
785 689 803 720 ι
839 670 1146 725 Posucrunt
1196 671 1350 740 signa
1392 686 1488 724 sua
1547 671 1602 725 in
1647 673 1823 726 medio
1872 673 2016 727 sole»

444 766 689 821 mnitatis
716 779 862 829 sum;
899 772 954 818 et
980 779 1087 817 non
1111 771 1484 834 cognoverunt
1513 764 1610 818 “.i
1636 764 1861 835 Oportet
1881 780 2010 835 ergo

444 859 628 928 lugere
666 856 733 910 de
776 855 929 925 ipsis,
979 854 1124 925 quod
1153 871 1275 910 cum
1318 854 1581 911 Dominus
1611 857 1870 921 venisset,
1904 871 2013 910 non

440 946 789 1002 crediderunt
819 947 890 1010 ei,
922 945 1015 1000 sed
1039 946 1349 1016 repulerunt
1373 946 1672 1001 doctrinam
1701 949 1841 1016 ejus,
1871 955 1925 1001 et
1954 962 2013 1003 se

439 1040 693 1109 indignos
723 1038 900 1093 salute
924 1037 1263 1107 judicarunt.
1312 1036 1382 1091 At
1411 1053 1508 1093 vos
1548 1039 1691 1093 beati
1732 1040 1887 1102 estis,
1917 1039 2009 1108 qui

440 1126 734 1197 aliquando
774 1142 883 1183 non
922 1128 1181 1198 populus,
1216 1142 1363 1182 nunc
1393 1143 1521 1182 vero
1556 1143 1690 1199 gens
1721 1138 1910 1183 sancta
1945 1130 2009 1193 ",

438 1220 666 1275 liberata
696 1218 764 1273 ab
790 1218 1059 1274 idolorum
1090 1235 1301 1286 errore,
1351 1220 1419 1275 ab
1453 1220 1780 1291 ignorantia,
1814 1222 1883 1275 ab
1910 1222 2014 1274 im-

438 1312 675 1382 pietate;
720 1312 815 1381 qui
860 1320 988 1366 tunc
1038 1328 1148 1367 non
1208 1314 1492 1367 consecuti
1554 1314 2009 1378 miscricordiam,

436 1416 587 1454 nunc
633 1410 814 1456 autem
854 1418 972 1459 eam
1019 1404 1200 1474 adepti
1253 1404 1317 1468 ¹⁸,
1376 1411 1597 1474 propter
1649 1404 2009 1459 obedientiam

437 1492 621 1547 cordis
647 1493 815 1547 vestri
850 1512 861 1547 :
898 1495 1053 1550 vobis
1082 1495 1253 1558 enim,
1292 1495 1385 1565 qui
1416 1510 1481 1549 ex
1521 1495 1795 1565 gentibus,
1828 1506 2012 1566 aperta

435 1592 521 1638 est
548 1585 879 1654 vitmjanua,
909 1586 1002 1655 qui
1028 1586 1322 1655 aliquando
1349 1602 1456 1639 non
1482 1586 1689 1650 dilecti,
1722 1602 1866 1641 nunc
1885 1603 2013 1642 vero

437 1676 603 1730 amati
631 1694 645 1742 ;
684 1678 917 1748 populus
944 1678 997 1732 in
1031 1678 1450 1748 acquisitionem
1484 1679 1574 1733 Dei
1607 1678 1912 1743 ordinatus,
1945 1681 2011 1735 ad

438 1767 811 1837 prardicandas
864 1768 1094 1823 virtutes
1150 1768 1307 1836 ejus;
1366 1766 1435 1822 de
1486 1769 1689 1838 quibus
1759 1768 2012 1825 Salvator

2115 581 2292 634 αὐτῶν
2327 585 2394 653 τῇ
2427 584 2586 654 ἑορτῇ
2618 582 2882 652 κατέσχον
2913 583 3004 636 τὸν
3036 582 3258 654 Κύριον,
3287 581 3439 646 ὅπως
3467 583 3698 653 πληρω-

2115 671 2181 743 θῇ
2212 673 2385 726 ἐκεῖνο
2411 674 2472 726 τὸ
2513 674 2719 742 φάσκον
2760 674 2938 743 λόγιον
2966 690 2981 704 ο
3035 693 3055 726 ι
3105 673 3325 727 Ἐθεντο
3374 672 3448 726 τά
3490 676 3700 744 σημεῖα

2113 766 2292 820 αὐτῶν
2331 766 2405 838 (6)
2444 768 2501 820 ἐν
2534 767 2682 839 μέσῳ
2708 766 2808 837 τῆς
2834 766 3027 838 ἑορτῆς
3050 764 3248 829 αὐτῶν,
3281 766 3377 818 καὶ
3398 765 3501 817 οὐκ
3520 765 3698 833 ἐγνω-

2115 876 2234 914 σαν.
2271 879 2290 911 ι
2333 862 2424 913 Δεῖ
2448 857 2540 913 οὖν
2571 858 2785 913 πενθεῖν
2820 858 2962 929 ὑπὲρ
2986 858 3183 921 αὐτῶν,
3213 858 3295 910 ὅτι
3319 856 3569 919 ἐλθόντος
3598 859 3698 910 τοῦ

2112 952 2319 1024 Κυρίου
2348 954 2447 1006 ούκ
2489 953 2812 1007 ἐπίστευσαν
2842 951 3009 1023 αὐτῷ,
3049 951 3175 1004 ἀλλ’
3204 950 3568 1004 άπεσείσαντο
3596 950 3700 1020 τὴν

2110 1042 2454 1097 διδασκαλίαν
2499 1043 2683 1109 αὐτοῦ,
2722 1043 2971 1108 ἀναξίους
3006 1044 3289 1116 κρίναντες
3320 1042 3554 1105 ἑαυτοὺς
3591 1059 3699 1095 σω-

2110 1136 2322 1207 τηρίας.
2355 1136 2543 1207 Ὑμεῖς
2591 1132 2683 1190 οῦν
2717 1136 2996 1207 μακάριοι,
3024 1136 3073 1188 οἱ
3102 1136 3230 1188 ποτέ
3252 1135 3312 1187 ού
3343 1135 3491 1198 λαὸς,
3516 1133 3614 1187 νῦν
3640 1133 3699 1186 δὲ

2112 1227 2263 1291 ἔθνος
2274 1229 2448 1297 ἅγιον,
2475 1228 2667 1299 ρυσθέν
2686 1229 2794 1281 ἀπὸ
2810 1228 3017 1299 πλάνης
3036 1227 3289 1291 εἰδώλων,
3311 1228 3421 1281 άπὸ
3443 1227 3693 1294 ἀγνοίας,

2112 1319 2218 1373 ἀπὸ
2229 1320 2288 1372 δυ
2296 1319 2626 1382 σσεὸείαςιοί
2640 1320 2738 1373 οὐκ
2754 1320 2885 1391 ἡλεη
2895 1320 3063 1391 μένοι,
3082 1318 3176 1372 νῦν
3198 1319 3254 1373 δὲ
3275 1318 3593 1390 ἐλεηθέντες
3608 1317 3696 1372 διὰ

2110 1412 2210 1484 τὴν
2226 1412 2471 1483 ὑπακοὴν
2504 1412 2603 1485 τῆς
2632 1412 2860 1483 καρδίας
2884 1411 3036 1482 ὑμῶν
3066 1429 3079 1441 ·
3116 1412 3241 1481 ὑμῖν
3278 1411 3388 1483 γὰρ
3418 1410 3616 1481 ἠνοίγη
3658 1411 3697 1481 ἡ

2113 1502 2252 1573 πύλη
2279 1503 2377 1574 τῆς
2409 1503 2551 1574 ζωῆς
2582 1506 2693 1566 τοῖς
2715 1502 2773 1568 ἐξ
2800 1503 2989 1569 ἐθνῶν,
3018 1504 3236 1567 οἵτινές
3264 1521 3395 1556 ποτε
3424 1504 3529 1556 οὐκ
3555 1504 3696 1571 ἠγα-

2112 1594 2362 1664 πημένοι,
2392 1594 2488 1647 νῦν
2518 1594 2575 1647 δὲ
2616 1594 3005 1665 πεφιλημένοι·
3051 1595 3178 1657 λαὸς
3219 1596 3300 1658 είς
3341 1594 3697 1665 περιποίησιν

2111 1685 2244 1738 Θεοῦ
2270 1687 2617 1757 τεταγμένος,
2647 1685 2723 1757 τῷ
2751 1686 2849 1749 τὰς
2877 1686 3078 1757 ἀρετὰς
3105 1685 3268 1738 αὑτοῦ
3301 1685 3653 1753 ἐξαγγέλλειν
3672 1699 3692 1717 ⁵

2114 1778 2240 1849 περὶ
2276 1770 2350 1832 ὧν
2379 1775 2528 1831 εἶπεν
2558 1780 2585 1831 ὁ
2620 1778 2809 1849 Σωτήρ
2847 1777 2960 1850 (7)·
3000 1797 3017 1830 ι
3056 1778 3301 1850 Εὑρέθην
3329 1781 3444 1841 τοῖς
3472 1778 3578 1847 ἐμὲ
3619 1779 3693 1849 μὴ

436 1858 573 1912 dixit
609 1878 623 1913 :
666 1877 686 1910 ‹
737 1857 996 1914 Inventus
1027 1875 1149 1920 sum
1181 1859 1362 1915 abhis
1394 1860 1485 1929 qui
1520 1876 1604 1914 me
1643 1876 1750 1915 non
1800 1877 2011 1932 quaere-

2114 1869 2363 1940 ζητοῦσιν
2394 1888 2407 1901 ’
2441 1870 2688 1941 ἐμφανὴς
2719 1870 2982 1942 ἐγενόμην
3009 1874 3119 1935 τοῖς
3148 1872 3246 1942 ἐμὲ
3282 1872 3356 1942 μὴ
3402 1869 3697 1942 ἐπερωτῶν

436 1951 596 2017 bant;
630 1949 952 2006 manifestus
985 1950 1159 2005 factus
1192 1965 1310 2005 sum
1347 1950 1415 2007 iis
1459 1952 1551 2021 qui
1589 1967 1674 2007 me
1700 1968 1807 2006 non
1839 1953 2010 2007 inter-

437 2043 734 2115 rogabant;
772 2042 884 2098 dixi
916 2062 928 2098 :
955 2040 1096 2096 Ecce
1134 2057 1255 2113 ego,
1290 2043 1435 2113 genti
1460 2059 1578 2113 qme
1604 2060 1713 2099 non
1738 2045 2010 2101 invocavit

435 2172 632 2211 nomen
653 2170 832 2211 meum
861 2155 921 2210 “.
950 2166 967 2198 ι
997 2153 1132 2208 Cum
1164 2155 1308 2209 enim
1340 2169 1450 2208 non
1479 2156 1814 2225 quzesissetis
1858 2172 2004 2217 eum.

434 2260 569 2307 tunc
600 2249 668 2303 ab
694 2264 759 2304 eo
792 2246 1041 2318 inquisiti
1071 2246 1223 2302 estis.
1259 2245 1324 2305 Et
1354 2262 1451 2302 vos
1481 2246 1753 2303 credendo
1781 2247 1835 2302 in
1858 2264 2005 2313 eum,

434 2342 700 2399 obedistis
742 2339 1028 2395 vocationl'
1065 2339 1207 2407 ejus,
1247 2339 1437 2393 relicto
1483 2354 1685 2395 vesano
1714 2341 2006 2395 multorum

432 2432 659 2487 deorum
687 2431 859 2495 cultu,
888 2438 943 2485 et
965 2429 1033 2483 ad
1056 2444 1237 2483 veram
1259 2429 1651 2494 monarchiam,
1679 2430 1781 2485 boc
1803 2439 1909 2496 est,
1940 2430 2007 2485 ad

434 2540 602 2578 unum
629 2538 817 2578 verum
852 2522 1179 2593 principem,
1203 2520 1632 2592 omnipotentem
1667 2520 1857 2587 Deum,
1882 2536 2010 2577 con-

432 2615 723 2685 fugientes,
765 2629 863 2686 per
908 2611 1092 2669 Jesum
1138 2610 1447 2679 Christum;
1496 2612 1671 2668 elTecti
1726 2612 2008 2683 plenitudo

430 2722 620 2761 eorum
652 2707 885 2769 numeri,
914 2706 1006 2772 qui
1048 2707 1184 2761 salvi
1218 2706 1353 2760 liunt
1400 2723 1414 2759 :
1472 2723 1491 2757 ι
1544 2704 1691 2759 Dena
1729 2706 1894 2759 millia
1921 2706 2010 2760 de-

431 2813 562 2853 num
596 2798 846 2861 millium,
883 2807 937 2853 et
974 2798 1119 2853 mille
1152 2798 1321 2851 millia
1344 2798 1391 2829 "
1446 2816 1504 2851 ει
1546 2796 2004 2869 quemadmodum

430 2888 576 2958 apud
603 2887 859 2944 Davidem
885 2889 1149 2959 scriptum
1174 2896 1259 2945 est
1292 2907 1306 2943 :
1343 2906 1362 2939 ι
1406 2886 1615 2943 Cadent
1637 2903 1667 2942 a
1708 2888 1875 2943 latere
1911 2896 2007 2942 tuo

430 2966 874 3043 inille,et'decem
896 2981 1062 3033 millia
1095 2995 1125 3033 a
1151 2980 1358 3035 dextris
1388 2980 1499 3034 tuis
1526 2980 1566 3010 ¹¹
1595 2997 1640 3045 ;›
1674 2988 1727 3034 et
1749 2980 1944 3034 iterum
1986 2998 2002 3037 :

436 3090 455 3120 ι
489 3070 701 3125 Currus
750 3069 844 3124 Dei
876 3069 1061 3125 decem
1104 3070 1346 3124 millibus
1379 3068 1680 3138 multiplex,
1721 3069 1887 3122 millia
1916 3069 2007 3123 ιω.

430 3162 664 3218 tantium
689 3164 789 3217 ".i
824 3162 903 3217 Ad
927 3161 1178 3219 Israelcm
1206 3177 1334 3217 vero
1362 3160 1654 3225 infidelem,
1688 3161 1764 3215 ait
1794 3182 1806 3216 :
1839 3160 2004 3217 «Tota

2113 1981 2195 2018 σιν
2226 1981 2240 1994 ο
2273 1960 2432 2018 εἶπαο
2476 1964 2604 2017 Ἰδού
2632 1965 2766 2033 εἰμι,
2815 1963 2891 2035 τῷ
2924 1961 3085 2028 ἔθνει,
3114 1964 3162 2016 οἳ
3201 1963 3300 2016 οὐκ
3334 1962 3607 2016 ἐκάλεσαν
3634 1959 3697 2014 τὺ

2109 2055 2281 2126 ὄνομά
2305 2073 2424 2127 μου.
2463 2076 2481 2107 ι
2509 2056 2601 2127 Μὴ
2628 2055 2957 2127 ζητήσαντες
2989 2054 3096 2126 γάρ
3125 2055 3285 2108 αὐτὸν
3310 2055 3431 2108 τότε
3467 2053 3545 2124 (8)
3571 2055 3698 2107 ἐπε-

2109 2144 2379 2218 ζητηθητε
2418 2150 2554 2219 παρ’
2587 2147 2771 2201 αὑτοῦ.
2824 2148 2935 2201 Καὶ
2979 2148 3138 2218 ὑμεῖς
3177 2146 3252 2218 (9)
3298 2146 3696 2210 πιστεύσαντες

2108 2241 2187 2302 είς
2216 2240 2397 2304 αὑτὸν,
2427 2240 2769 2311 ὑπηκούσατε
2806 2244 2873 2312 τῇ
2897 2240 3083 2311 κλήσει
3113 2240 3299 2305 αὑτοῦ,
3330 2238 3700 2309 καταλείψαν-

2106 2348 2198 2395 τες
2224 2332 2323 2404 τὴν
2364 2332 2620 2385 πολύθεον
2659 2332 2872 2403 μανίαν,
2919 2333 3013 2387 καὶ
3062 2336 3126 2404 τῇ
3177 2332 3366 2403 ἀληθεῖ
3414 2332 3699 2406 μοναρχίᾳ⁵

2108 2424 2530 2493 προσφυγόντες,
2553 2423 2629 2495 τῷ
2659 2424 3055 2495 παντοκράτορι
3089 2424 3198 2495 (10)
3214 2424 3353 2495 Θεῷ,
3384 2423 3477 2477 διὰ
3516 2424 3695 2493 Ἰησοῦ

2108 2514 2342 2587 Χριστοῦ
2380 2532 2393 2545 ·
2430 2515 2699 2587 πλήρωμα
2726 2515 2819 2569 τοῦ
2850 2516 3083 2587 ἀριθμοῦ
3115 2516 3222 2569 τῶν
3249 2516 3578 2586 σωζομένων
3597 2534 3694 2584 γε-

2108 2608 2324 2678 νόμενοι
2353 2625 2367 2638 ’
2410 2626 2428 2659 ι
2466 2608 2673 2680 Μύριαι
2707 2609 2987 2679 μυριάδες,
3020 2610 3115 2662 καὶ
3140 2609 3306 2679 χίλιαι
3344 2608 3586 2679 χιλιάδες
3615 2628 3628 2641 ο
3663 2628 3687 2661 ι

2105 2699 2181 2759 ὡς
2207 2700 2263 2753 ἐν
2291 2699 2366 2770 τῷ
2396 2701 2559 2753 Δαὸὶδ
2586 2701 2895 2773 γέγραπται
2926 2718 2939 2733 ο
2974 2721 2991 2753 ι
3031 2702 3282 2755 Πεσείται
3322 2702 3435 2771 (11)
3482 2703 3550 2754 ἐκ
3595 2701 3695 2754 τοῦ

2106 2790 2321 2855 κλίτους
2352 2808 2444 2844 σου
2477 2792 2673 2862 χιλιὰς,
2706 2794 2801 2846 καὶ
2834 2793 3032 2865 μυριὰς
3056 2795 3121 2846 ἐκ
3146 2793 3334 2858 δεξιῶν
3361 2810 3456 2845 σου
3490 2810 3504 2824 ’
3550 2810 3570 2844 ι
3597 2794 3696 2847 καὶ

2108 2884 2299 2939 πάλιν
2342 2904 2360 2936 ι
2408 2885 2481 2938 Τὸ
2510 2886 2661 2956 ἅρμα
2708 2884 2801 2938 τοῦ
2832 2884 2965 2938 Θεοῦ
3004 2884 3411 2957 μυριοπλάσιον,
3452 2884 3694 2954 χιλιάδες

2105 2975 2470 3047 εὐθηνούντων
2521 2976 2651 3047 (12).
2705 2996 2724 3029 ι
2761 2977 2904 3048 Πρὸς
2941 2978 2998 3031 δέ
3034 2977 3124 3030 τὸν
3165 2976 3400 3048 Ἰσραὴλ,
3445 2977 3537 3029 τὸν
3564 2977 3697 3030 άπι-

2108 3085 2230 3121 στον
2257 3068 2403 3137 λέγει
2434 3085 2447 3099 ο
2489 3088 2507 3119 ι
2539 3068 2707 3141 Ὅλην
2737 3070 2836 3140 τὴν
2866 3069 3076 3140 ἡμέραν
3099 3069 3197 3131 τὰς
3222 3069 3410 3140 χεῖράς
3441 3084 3544 3138 μου
3571 3066 3693 3131 ἐξε-

2106 3159 2318 3226 πέτασα
2346 3161 2481 3233 πρὸς
2510 3162 2636 3216 λαὸν
2672 3160 3015 3225 ἀπειθοῦντα,
3048 3161 3141 3215 καὶ
3177 3160 3546 3228 ἀντιλέγοντα,
3577 3161 3696 3222 τοῖς

428 3254 517 3309 die
544 3255 779 3324 expandi
806 3270 1002 3310 manus
1040 3268 1190 3309 meas
1236 3253 1303 3307 ad
1337 3253 1594 3323 populum
1638 3254 2001 3322 incredulum,

2114 3253 2489 3324 πορευομένοις
2520 3255 2577 3307 ἐν
2598 3253 2699 3325 ὀδῷ
2726 3253 2787 3306 οὺ
2815 3253 2975 3324 καλῇ,
3006 3253 3130 3322 ἀλλ]
3167 3253 3341 3305 ὀπίσω
3366 3251 3477 3305 τῶν
3506 3252 3696 3321 ἁμαρ-

427 3355 482 3401 et
507 3346 992 3410 contradicentem,
1035 3346 1129 3417 qui
1170 3345 1449 3401 ambulant
1484 3345 1537 3399 in
1568 3346 1654 3399 via
1687 3362 1796 3400 non
1821 3348 1984 3411 bona,

2092 3344 2222 3400 τιῶν
2260 3344 2460 3410 αὐτῶν,
2492 3345 2618 3398 λαὸν
2650 3330 3126 3417 παροξύναντὰμε
3155 3343 3383 3398 ἐνώπιόν
3412 3360 3536 3413 μου.
3577 3363 3596 3394 ι

429 3435 525 3491 sed
549 3446 671 3508 post
697 3444 918 3506 peccata
967 3450 1095 3503 sua;
1122 3435 1381 3505 populum
1431 3435 1845 3492 exacerbantem
1890 3452 1977 3493 me
2023 3439 2079 3492 in
2114 3447 2408 3507 conspectu
2438 3452 2559 3491 meo
2587 3436 2653 3490 ".
2694 3455 2713 3488 ι

1002 3544 1231 3601 CAPUT
1274 3543 1413 3599 XVI.

431 3640 778 3700 Enumeratio
807 3639 1227 3708 propheticarum
1265 3636 1809 3708 pra'dictiouumrqua:
1845 3638 2000 3693 Chri-

495 3723 635 3768 stum
664 3706 988 3780 praedicant;
1034 3706 1525 3780 quaruin’eventum
1572 3706 1750 3780 Iudici
1790 3711 1992 3780 intuiti,

495 3776 706 3851 propter
754 3776 1193 3851 malevolentiam,
1224 3778 1408 3833 Jcsum
1447 3794 1558 3851 esse
1601 3776 1869 3851 Christum
1902 3779 2001 3833 Dei

494 3848 601 3907 non
628 3852 985 3917 crediderunt,
1028 3860 1078 3904 et
1127 3850 1196 3905 ad
1240 3863 1446 3904 crucem
1492 3848 1775 3903 Dominum
1814 3850 1999 3920 gloria:

492 3924 984 3980 oondcntnaverunt.

499 4016 685 4074 Videte
700 4031 808 4088 quo
831 4014 993 4071 modo
1016 4014 1245 4086 populus
1259 4014 1664 4071 exacerbavcrit
1683 4012 1994 4078 Dominum,

497 4173 539 4203 "
564 4170 711 4227 Psal.
746 4185 941 4231 Lxxm,
973 4171 1025 4226 4.
1133 4168 1173 4200 ³⁷
1199 4166 1218 4219 ι
1248 4168 1392 4224 Petr.
1426 4186 1485 4231 ιι.
1508 4170 1595 4226 10.

422 4240 637 4297 "Psal.
674 4256 845 4298 van.
880 4241 970 4295 18.
1047 4239 1093 4273 ’³
1130 4239 1238 4293 Isa.
1275 4255 1403 4303 ων,
1434 4240 1488 4295 9..

1700 4170 1744 4201 ¹⁸
1768 4168 1925 4225 Rom.
1952 4183 2027 4232 ix,
2056 4167 2146 4224 ‘25.

2612 3523 3006 3602 ΚΕΦΑΛᾸΙΟΝ
3044 3550 3163 3616 ις’.

2122 3639 2547 3745 Ἀπαρίθμησις
2580 3640 2961 3709 προφητικῶν
2987 3640 3374 3709 προρῤήσεων
3401 3641 3510 3693 τιιν
3551 3643 3691 3709 Χρι-

2178 3727 2329 3745 nm“
2363 3709 2794 3745 νωηηηηηπιτηρ
2844 3708 2928 3745 ,τηρ
2982 3711 3249 3745 ·ι,.έ..»ι,ῖι.,
3280 3710 3397 3745 ιθ...
3439 3711 3691 3745 κυρίην...

2176 3708 2329 3763 στὸν
2363 3708 2812 3777 κηρυττουσῶν,
2843 3708 2928 3763 ὧν
2982 3708 3250 3764 Ἰουδαῖοι
3280 3710 3397 3777 τὴν
3434 3711 3693 3763 ἕκόασιν

2179 3780 2554 3849 θεασάμενοι,
2572 3780 2639 3833 ἐκ
2670 3781 2986 3846 κακονοίας
3008 3781 3359 3847 ἠπίστησαν
3384 3781 3574 3833 αὑτὸν
3602 3780 3689 3832 εἷς

2175 3866 2271 3903 ναι
2309 3850 2414 3903 τὸν
2458 3850 2714 3920 Χριστὸν
2757 3850 2863 3903 τοῦ
2901 3851 3069 3916 Θεοῦ,
3106 3851 3205 3904 καὶ
3232 3849 3473 3920 σταυρῷ
3512 3850 3691 3904 κατέ-

2176 3936 2385 3988 κρινεῖν
2420 3921 2526 3974 τὸν
2557 3918 2666 3989 τῆς
2692 3919 2875 3987 δόξης
2900 3922 3136 3990 Κύριον.

2176 4012 2408 4067 Βλέπετε
2454 4012 2572 4077 πῶς
2617 4010 2931 4085 παρώξυνεν
2975 4014 3004 4067 ὁ
3057 4012 3185 4078 λαὸς
3214 4012 3305 4066 τὸν
3343 4010 3570 4084 Κύριον,
3608 4009 3690 4081 μὴ

2249 4170 2289 4201 ³⁹
2314 4168 2416 4225 Isa.
2445 4186 2567 4234 va,
2598 4170 2649 4225 Ι.
2724 4170 2770 4202 ὀ
2802 4168 2935 4225 Dan.
2958 4186 3056 4233 vn,
3084 4168 3150 4223 10
3244 4168 3285 4198 ²¹
3319 4165 3467 4222 Psal.
3494 4181 3585 4234 xc,
3628 4165 3685 4225 'l.

1714 4390 2077 4448 VARIORUM
2112 4390 2343 4447 ΝΟΤΛΞ.

496 4577 572 4647 (6)
608 4575 813 4633 Αὐτῶν
842 4584 895 4631 et
939 4590 1092 4645 seqq.
1141 4572 1210 4627 ad
1243 4571 1462 4629 αὐτῶν.
1502 4572 1707 4628 Desunt
1752 4573 1807 4627 in
1865 4575 1990 4631 cod.
2026 4580 2070 4636 υ
2098 4574 2404 4647 litterarum
2442 4574 2619 4647 fautor
2634 4574 2895 4647 eximius,
2918 4577 3138 4647 perveni
3174 4577 3239 4630 ad
3268 4578 3448 4633 locum
3484 4582 3678 4645 istum.

422 4646 587 4703 Vind.
634 4649 730 4705 CL.

493 4719 570 4785 (7)
608 4718 827 4785 Σωτήρ.
862 4716 918 4770 In
951 4717 1122 4769 altero
1142 4713 1266 4769 cod.
1293 4711 1454 4785 Vind.
1489 4712 1708 4785 Κύριος.
1743 4710 1814 4768 ID.

494 4722 548 4784 (7
608 4722 827 4785 Σωτήρ.
862 4722 918 4770 In
951 4722 1122 4769 altero
1142 4722 1266 4769 cod.
1299 4722 1454 4768 Vind.
1490 4722 1708 4783 Κύριος.
1743 4722 1814 4768 ID.

494 4722 570 4859 (8;
615 4790 768 4841 Τότε.
818 4787 983 4851 Ποτέ,
1041 4784 1995 4859 uterque_codex._Conjungendum

419 4853 858 4928 cuin'negatione
879 4873 1001 4926 qua:
1023 4853 1339 4928 antecessit,
1370 4853 1527 4928 quasi
1560 4862 1717 4928 esset
1739 4856 1946 4923 μήποτε
1964 4870 1991 4928 _-

418 4944 540 4983 cum
582 4922 851 4999 nu'uquam
887 4922 1207 4998 quwsissetis
1250 4922 1399 4987 eum,
1439 4922 1502 4976 ab
1536 4940 1594 4976 eo
1619 4922 1749 4978 estis
1776 4922 1994 4999 inventi.

491 5067 570 5140 (9)
610 5068 826 5137 Ὑμεῖς.
859 5066 1020 5122 Deest
1041 5064 1097 5121 in
1126 5063 1418 5120 cod.Vind.
1451 5073 1503 5118 et
1532 5062 1756 5186 quidet]:
1774 4992 1991 5121 ritilius.

493 5208 604 5277 (10)
667 5206 750 5273 Τῷ
794 5205 1244 5277 παντοκρᾴτορι.
1292 5202 1484 5259 Melius
1523 5204 1645 5258 cod.
1684 5203 1848 5259 Vind.
1887 5203 1994 5258 Τοῦ

421 5276 859 5349 παντοκράτορος
886 5276 1039 5330 Θεοῦ.
1075 5276 1149 5330 In.

492 5348 605 5417 (il)
634 5342 936 5414 Πεσὲῐται,
966 5355 1099 5411 etc.,
1132 5346 1200 5401 ad
1240 5344 1673 5411 εὐθηνούντων.
1711 5344 1911 5399 Desunt
1942 5342 1996 5397 in

425 5426 654 5472 utronue
675 5418 796 5472 cod.

495 5435 1081 5555 ἱῗὲἳῖῖοθῒνούντων.
1132 5484 1546 5539 Abundantium.
1571 5481 1991 5555 Αιίἰεῦθυμούνιι

420 5554 548 5611 των.
569 5554 759 5610 Creteri
782 5556 1163 5610 εὐθυνούντων.
1207 5555 1350 5611 Psal.
1375 5571 1541 5613 vatl.
1565 5555 1648 5612 18.
1678 5554 1843 5607 Multo
1868 5561 1988 5621 post

424 5626 539 5682 haec
567 5627 708 5695 typis
740 5628 1014 5688 mandata,
1054 5640 1180 5679 cum
1212 5627 1443 5695 legerem
1484 5624 1749 5679 Theodoti
1797 5622 1982 5693 Ancy«

424 5642 539 5682 meo
567 5642 586 5680 ι
627 5643 708 5695 pls
740 5642 1014 5688 mandata,
1054 5642 1180 5679 cum
1213 5642 1443 5695 legerem
1486 5642 1749 5679 ιιιεοιιοιι
1797 5642 1982 5693 ancy-

421 5698 541 5767 rani
580 5642 983 5767 Expositionem
1016 5696 1071 5749 in
1114 5696 1423 5767 symbolum
1468 5695 1769 5767 Nicmnum.
1819 5710 1983 5759 quam

418 5766 635 5823 duobus
664 5766 748 5823 ab
790 5767 915 5820 hinc
960 5767 1119 5819 annis
1148 5766 1266 5819 orbi
1298 5766 1610 5819 Christiano
1641 5766 1868 5829 largitus
1898 5772 1981 5817 est

413 5837 883 5897 eminentissimus
928 5836 1219 5893 cardiualis
1257 5834 1579 5891 Franciscus
1628 5835 1975 5901 Burin-riuus,

2117 4662 2158 4720 ι.
2187 4645 2255 4698 86
2276 4664 2301 4720 _:
2336 4645 2545 4720 61550
2576 4646 2789 4699 πάντων
2833 4648 2959 4720 τοὺς
3005 4645 3193 4720 λόγους
3229 4649 3477 4720 ἐρευνᾷν,
3522 4667 3683 4704 κατα

2100 4662 2155 4767 Εἰ.
2187 4662 2255 4698 δυ
2290 4664 2301 4698 :
2348 4662 2409 4697 ιο
2438 4663 2545 4717 γαρ
2576 4662 2789 4699 παντων
2833 4662 2959 4708 τους
3006 4662 3193 4714 λογους
3229 4662 3477 4720 ερευνᾳν,
3522 4667 3661 4704 κατα

2109 4714 2244 4786 κύειν
2273 4716 2387 4767 ἐστὶ
2417 4714 2670 4786 θαύματα
2706 4732 2718 4744 ⁸
2755 4716 2866 4786 *καὶ
2902 4717 3251 4786 παροργίζειν
3296 4718 3429 4770 Θεὸν
3465 4721 3527 4771 ἐν
3560 4723 3681 4783 ταῖς

2102 4734 2244 4767 Αυειν
2273 4734 2387 4767 εστι
2417 4734 2669 4785 υαυματα
2706 4734 2718 4744 ·
2771 4734 2866 4767 και
2902 4734 3044 4786 παρο
3082 4734 3251 4783 γιςειν
3296 4734 3429 4770 δεον
3465 4734 3527 4771 εν
3560 4734 3675 4783 ταις

2100 4785 2563 4867 θαυματουργίαις
2615 4784 2780 4865 αὑτοῦ
2837 4788 2980 4856 παρ’
3035 4734 3190 4867 ἕμῶν
3246 4787 3675 4867 εὐθυμούμενον.

2104 4854 2244 4907 Ναηι
2296 4854 2526 4909 rationes
2583 4856 2813 4908 omnium
2869 4854 3235 4924 pénestigare,
3279 4854 3679 4913 est'mi'r'acula

2099 4924 2400 4987 dissolvere,
2431 4935 2478 4978 et
2516 4924 2682 4979 Deum
2731 4925 2783 4976 in
2815 4926 2926 4978 suis
2960 4942 3084 4994 erga
3115 4943 3208 4979 nos
3246 4928 3523 4981 miraculis
3568 4945 3680 4982 sese

2099 4994 2443 5050 oblcctantem
2487 4996 2554 5048 ad
2604 4997 2741 5049 iram
2789 5010 3087 5061 provocare.
3117 4995 3221 5061 Qui
3260 4996 3483 5065 quidem
3525 4998 3679 5052 locus

2099 5065 2231 5118 mibi
2273 5066 2424 5137 visus
2474 5072 2559 5119 est
2601 5073 2932 5137 corruptus;
2976 5066 3334 5137 Corrigendus
3362 5076 3549 5121 autem
3582 5085 3677 5137 per

2100 5135 2455 5207 mutationem
2481 5134 2749 5204 participii
2787 5134 3186 5207 εὑθυμούμενον
3218 5139 3269 5189 in
3322 5134 3673 5207 participium

2103 5203 2578 5275 εὐθυνόμενονζὴιι
2606 5214 2663 5258 ιιι
2684 5221 2878 5259 sensus
2907 5203 3013 5259 sit:
3034 5203 3110 5259 vel
3138 5207 3205 5258 ad
3227 5203 3365 5275 iram.
3390 5203 3677 5267 provocare

2103 5274 2307 5337 Deum,
2327 5292 2359 5327 a
2392 5275 2539 5329 nobis
2571 5277 2627 5329 in
2658 5276 2767 5327 suis
2796 5275 3068 5327 miraculis
3154 5274 3414 5327 rationem
3489 5288 3675 5344 postu-

2104 5354 2292 5407 .atunt,
2339 5361 2433 5399 seu
2469 5362 2499 5397 a
2539 5362 2638 5414 quo
2674 5346 2728 5396 in
2758 5345 2867 5396 suis
2896 5344 3169 5398 miraculis
3242 5348 3505 5402 rationem
3581 5362 3676 5399 cx-

2105 5430 2402 5481 poscamus.
2440 5414 2568 5498 Ija‘g.
2617 5416 2706 5498 βυ,
2748 5415 2807 5498 ξι
2846 5432 2859 5466 :
2915 5414 3483 5498 Ἀπάσηίπεριέργου
3514 5415 3675 5498 ζητη-

2095 5501 2231 5556 σεως
2286 5484 2561 5547 παντελῶς
2606 5485 2927 5556 ἀπεχόμενοι
2959 5500 2980 5556 ’ξ
3023 5484 3083 5536 ού
3116 5484 3231 5556 ’γὰρ
3264 5484 3579 5555 ἐὺθύνομενή
3602 5484 3674 5539 τὰ

2090 5552 2195 5626 ὑπὸ
2223 5556 2471 5626 πατέρων
2502 5552 2932 5625 πεπιστεῦμένα,
2967 5554 3074 5626 liot:
3119 5552 3249 5609 est:
3281 5556 3359 5608 Ab
3400 5552 3544 5607 enini
3578 5570 3671 5607 tu-

2088 5624 2233 5695 riosa
2275 5624 2640 5695 disquisitione
2681 5624 2885 5692 penitus
2910 5624 3237 5695 abstinentes
3274 5640 3293 5677 :
3336 5642 3501 5694 neque
3528 5626 3668 5677 enim

2088 5694 2138 5745 in
2168 5710 2229 5745 ea
2271 5693 2387 5763 qm
2423 5713 2455 5747 a
2507 5693 2757 5749 Patribus
2797 5694 2998 5747 credita
3039 5693 3271 5760 fuerunt,
3324 5693 3663 5763 inquirimus.

2088 5764 2242 5829 Quod
2264 5773 2443 5817 autent
2466 5765 2818 5818 dorlissimus
2843 5765 3005 5817 homo
3031 5765 3247 5819 Samuel
3278 5764 3586 5817 Bocbartus
3609 5764 3666 5818 in

2089 5833 2422 5901 llierozcico,
2455 5851 2506 5905 ιι.
2552 5834 2602 5903 1,
2636 5836 2672 5891 ι.
2719 5852 2779 5902 ιι,
2814 5854 2862 5891 c.
2896 5835 2987 5902 b3,
3021 5836 3294 5907 corrigere
3333 5835 3531 5894 nititur
3553 5833 3665 5907 Cy-
