3828 6362
190 369 298 424 885

1112 364 1710 422 CONSTITUTIONES
1742 363 2422 421 APOS’I‘OLICAL—LIB.
2461 367 2524 420 V.

3339 371 3445 428 886

183 484 480 546 ταστεύσας
520 480 670 552 αὐτῷ
699 498 714 512 ο
761 479 843 534 διὸ
887 480 1035 550 λέγει
1063 496 1079 511 ο
1118 477 1452 552 Παρώξυναν
1491 477 1553 531 τὸ
1599 477 1761 532 Πνεῦ-

1873 494 1978 533 ηοη
2007 480 2238 536 credens
2266 481 2316 537 ei
2351 500 2363 535 :
2397 488 2728 551 quapropter
2755 480 2834 535 ait
2864 501 2876 536 :
2909 499 2929 532 ι
2964 479 3446 546 Exacerbavcrunt

184 593 265 646 μα
289 575 352 628 τὸ
397 575 571 644 ἅγιον,
601 574 696 628 καὶ
722 574 968 646 ἐστράφη
1011 575 1195 637 αὐτοῖς
1222 576 1303 637 είς
1330 573 1549 644 ἔχθραν.
1589 571 1771 624 ’Δὸλε-

178 666 421 738 ψίαγὰρ
449 666 632 729 αὐτοῖς
660 664 929 736 κατεχύθη
967 665 1058 719 διὰ
1097 665 1198 736 τὴν
1235 665 1523 718 κακόνοιαν
1567 663 1768 728 αὐτῶν,

179 759 264 813 ὅτι
305 758 592 829 βλέποντες
625 758 716 811 τὸν
752 758 963 829 Ἰησοῦν
990 758 1091 811 οὐκ
1117 758 1399 811 ἐπίστευον
1436 756 1597 810 αὐτὸν
1633 751 1772 810 εἶναι

180 851 274 904 τὸν
302 851 537 920 Χριστὸν
563 850 658 904 τοῦ
706 851 862 914 Θεοῦ,
901 851 992 903 τὸν
1031 850 1138 922 πρὸ
1181 851 1399 905 πάντων
1445 847 1655 902 αἰώνων
1709 846 1770 912 ἐξ

181 944 348 997 αὐτοῦ
377 944 703 1015 γεννηθέντα
732 945 864 1014 (15),
914 945 1041 998 Υἱὸν
1073 944 1355 1016 μονογενῆ,
1393 942 1566 1010 Λόγον
1613 941 1767 1004 Θεὸν,

179 1036 241 1090 δν
273 1037 377 1089 οὐκ
415 1037 736 1104 ἐπέγνωσαν
785 1037 896 1107 (14)
933 1038 1000 1090 δι’
1030 1037 1309 1100 ἀπιστίαν,
1359 1034 1481 1088 οὔτε
1530 1034 1618 1088 διὰ
1655 1033 1768 1086 τῶν

179 1127 474 1199 ἐνεργειῶν
520 1128 705 1192 αὐτοῦ,
745 1127 868 1180 οὔτε
922 1129 1028 1199 μὴν
1072 1128 1160 1181 διὰ
1185 1129 1294 1182 τῶν
1333 1129 1463 1199 περὶ
1487 1127 1652 1180 αὑτοῦ
1675 1144 1769 1196 γε-

179 1219 518 1290 γραμμένων
556 1220 918 1291 προφητειίῖΝ.
958 1222 1078 1273 Ὅτι
1114 1219 1224 1292 γὰρ
1269 1221 1335 1273 ἐκ
1380 1221 1648 1292 παρθένου
1679 1237 1772 1289 γε-

179 1317 246 1381 νή
255 1329 427 1376 σεται,
448 1313 812 1380 ἀνεγίνωσκον
831 1313 910 1364 τό·
932 1332 949 1362 ι
986 1312 1115 1365 Ἰδοὺ
1145 1313 1178 1381 ὴ
1203 1311 1470 1382 παρθένος
1498 1313 1556 1364 ἐν
1573 1313 1771 1383 γαστρὶ

179 1402 430 1473 λήψεται,
459 1405 553 1456 καὶ
571 1403 780 1468 τέξεται
801 1403 937 1466 υίὸν,
968 1403 1062 1456 καὶ
1087 1403 1372 1455 καλέσουσι
1400 1403 1461 1456 τὸ
1487 1404 1656 1475 ὄνομα
1683 1405 1773 1458 αὺ-

179 1494 277 1547 τοῦ
312 1494 660 1565 Ἐμμανουήλ
707 1511 722 1526 ⁸
762 1496 843 1547 ὅτι
889 1495 1098 1548 παιδίον
1141 1495 1400 1567 ἐγεννήθη
1456 1497 1586 1566 ἡμῖν
1633 1496 1767 1566 (15),

180 1586 299 1648 υἱὸς
327 1586 425 1639 καὶ
457 1586 612 1657 ἐδόθη
643 1588 794 1656 ἡμῖν,
826 1579 886 1638 οὗ
915 1588 948 1656 ή
976 1586 1119 1657 ἀρχὴ
1151 1587 1244 1639 ἐπὶ
1273 1586 1367 1640 τοῦ
1401 1585 1554 1657 ὤμου
1583 1588 1766 1654 αὑτοῦ,

181 1677 280 1730 καὶ
299 1677 548 1732 καλεῖται
576 1679 638 1731 τὸ
667 1679 838 1749 ὖνομα
861 1677 1047 1742 αὑτοῦ,
1079 1678 1323 1749 μεγάλης
1359 1678 1554 1750 βουλῆς
1601 1681 1770 1748 ἀγγε-

177 1772 292 1832 λος,
324 1769 656 1840 θαυμαστὸς,
687 1770 1006 1840 σύμϐουλος,
1037 1771 1187 1836 Θεὸς,
1221 1771 1440 1843 ἰσχυρὸς
1468 1771 1600 1843 (16),
1628 1771 1772 1837 ἐξου-

1873 567 2139 639 Spiritum
2171 579 2460 637 sanctum;
2496 578 2551 624 et
2576 584 2872 626 conversus
2899 581 2985 626 est
3010 571 3090 627 eis
3120 571 3174 626 in
3209 570 3446 627 inimici-

1871 665 2001 717 tiam
2018 663 2118 719 η.»
2152 665 2384 720 Caecitas
2417 667 2562 719 enim
2587 663 2670 719 eis
2697 662 2872 718 otl‘usa
2897 669 3001 726 est,
3026 669 3248 734 propter
3277 662 3446 718 animi

1872 758 1954 812 sui
1993 756 2314 828 pravitatem
2338 795 2355 816 .
2395 757 2544 826 quod
2581 762 2870 812 cernentes
2900 753 3108 822 Jesum,
3152 754 3448 810 noluerunt

1870 847 2094 902 credere
2118 863 2243 902 eum
2271 863 2394 903 esse
2417 847 2697 902 Christum
2729 844 2847 909 Dei,
2881 852 3009 900 ante
3027 845 3213 899 omnia
3242 845 3448 902 saecula

1871 938 1941 990 ab
1967 936 2090 1007 ipso
2112 939 2372 1007 genitum,
2393 935 2590 992 Filium
2615 936 2978 1008 unigenitum,
2994 933 3231 991 Verbum
3254 934 3447 1004 Deum;

1874 1030 2022 1084 hunc
2057 1030 2128 1084 ob
2164 1029 2539 1085 infidelitatem
2585 1044 2697 1085 non
2738 1037 3114 1099 agnoverunt,
3165 1042 3344 1097 neque
3369 1041 3452 1082 ,οι

1871 1122 2131 1192 operibus
2159 1122 2302 1192 ejus,
2338 1137 2517 1191 neque
2545 1136 2615 1176 ex
2651 1119 2954 1190 prophetiis
2991 1119 3060 1174 de
3097 1133 3164 1173 eo
3201 1117 3448 1188 scriptis.

1872 1213 2028 1279 Quod
2050 1213 2194 1267 enim
2217 1228 2284 1268 ex
2307 1212 2521 1283 virgine
2545 1212 2698 1266 nasci
2728 1210 2973 1272 deberet,
3002 1209 3256 1280 legebant
3280 1208 3445 1263 illud:

1876 1321 1895 1353 ι
1926 1307 2066 1358 hcce
2093 1303 2244 1374 virgo
2282 1302 2338 1356 in
2369 1310 2525 1358 utero
2558 1301 2854 1372 concipiet,
2887 1308 2940 1356 et
2971 1301 3144 1370 pariet
3177 1299 3371 1362 tilium,
3393 1305 3451 1354 et

1872 1395 2148 1450 vocabunt
2175 1410 2373 1450 nomen
2403 1394 2524 1463 ejus
2549 1393 2868 1450 Emmanuel
2893 1393 2937 1423 ⁸⁵
2965 1434 2978 1446 .
3027 1391 3297 1458 Quoniam
3323 1405 3451 1460 par-

1869 1483 2032 1539 vulus
2061 1490 2221 1538 natus
2243 1490 2328 1537 est
2356 1482 2538 1548 nobis,
2569 1482 2714 1537 filius
2744 1490 2798 1537 et
2825 1482 2988 1536 datus
3015 1489 3099 1535 est
3128 1480 3308 1544 nobis,
3348 1495 3449 1534 cu-

1866 1576 1962 1647 jus
1988 1575 2328 1646 principatus
2358 1589 2522 1643 super
2575 1574 2862 1629 humerum
2910 1574 3070 1642 ejus;
3117 1580 3172 1626 et
3221 1580 3450 1628 vocatur

1874 1681 2073 1720 nomen
2118 1665 2239 1735 ejus
2297 1665 2479 1735 magni
2527 1664 2742 1719 consilii
2784 1665 3044 1733 Angelus,
3085 1663 3447 1730 admirabilis,

1871 1757 2244 1819 consiliarius,
2293 1755 2454 1820 Deus,
2504 1755 2686 1821 fortis,
2723 1765 2936 1826 potens,
2980 1757 3236 1827 princeps
3272 1757 3447 1826 pacis,

183 1863 432 1934 σιαστὴς,
479 1863 662 1934 ἄρχων
704 1864 943 1934 εἰρήνης,
991 1862 1171 1934 πατὴρ
1197 1863 1292 1915 τοῦ
1332 1862 1616 1932 μέλλοντος
1637 1847 1761 1916 αἰῶ-

1874 1857 2026 1920 pater
2046 1848 2214 1903 futuri
2246 1848 2430 1904 saeculi
2455 1848 2520 1902 “.
2553 1867 2572 1900 ι
2590 1847 2746 1915 Quod
2772 1863 2899 1903 vero
2923 1863 3020 1919 per
3042 1863 3312 1904 summam
3329 1863 3448 1903 ma-

176 1971 290 2019 νος.
329 1973 348 2007 ι
393 1955 516 2008 Ὅτι
543 1955 600 2008 δὲ
619 1953 708 2007 διὰ
735 1955 931 2008 κακίαν
962 1954 1404 2026 ὑπερϐάλλουσαν
1441 1955 1767 2028 ἀπειθήσου-

179 2062 268 2099 σιν
295 2046 467 2117 αὐτῷ,
497 2046 666 2114 λέγει’
694 2066 713 2098 ι
748 2046 951 2118 Κύριος
972 2046 1107 2117 (17),
1129 2046 1210 2110 τίς
1230 2046 1518 2100 ἐπίστευσε
1544 2050 1610 2118 τῇ
1629 2048 1766 2118 ἀκοῇ

177 2139 368 2209 mqu;
410 2140 506 2193 καὶ
539 2140 568 2192 ό
615 2138 854 2211 βραχίων
891 2139 1099 2210 Κυρίου
1144 2138 1252 2191 τίνι
1299 2137 1690 2209 ἀπεκαλύφθη;
1744 2157 1763 2189 ι

176 2231 289 2284 Καὶ
317 2231 448 2300 ἐξῆς
469 2247 484 2260 ο
523 2249 542 2281 ι
583 2231 742 2301 Ἀκοῇ
773 2229 1056 2293 ἀκούσετε,
1089 2230 1182 2283 καὶ
1209 2230 1270 2282 ού
1303 2230 1379 2301 μὴ
1409 2230 1605 2301 συνῆτε
1627 2245 1641 2259 ·
1675 2228 1770 2282 καὶ

179 2319 472 2391 βλέποντες
502 2321 743 2392 βλέψετε,
777 2321 873 2374 καὶ
916 2321 977 2374 ού
1010 2321 1084 2392 μὴ
1126 2321 1272 2391 ἴδητε
1303 2337 1320 2350 ο
1351 2320 1628 2392 ἐπαχύνθη
1659 2320 1768 2391 γὰρ

177 2413 216 2482 ἡ
245 2411 444 2483 καρδία
465 2412 560 2466 τοῦ
587 2412 716 2466 λαοῦ
746 2412 954 2466 τούτου.
996 2431 1015 2464 ι
1065 2412 1157 2465 Διὸ
1195 2411 1334 2483 ἤρθη
1377 2412 1479 2465 ἀπ’
1509 2410 1687 2464 αὐτῶν
1733 2411 1767 2480 ἡ

177 2501 405 2572 γνῶσις,
457 2504 539 2556 ὅτι
588 2504 786 2568 ἰδόντες
832 2505 1106 2576 παρεῖδον,
1157 2503 1251 2557 καὶ
1296 2505 1626 2566 ἀκούσαντες
1667 2502 1769 2554 οὐκ

177 2595 422 2664 ἥκουσαν
454 2612 468 2625 ·
501 2597 631 2666 ύμῖν
659 2596 736 2661 δὲ,
774 2598 887 2658 τοῖς
917 2595 974 2661 ἐξ
1004 2595 1192 2660 ἐθνῶν,
1227 2595 1379 2666 ἐδόθη
1428 2596 1462 2666 ἡ
1502 2593 1764 2664 βασιλεία,

176 2687 263 2740 ὅτι
292 2687 368 2758 μὴ
394 2687 751 2756 γινώσκοντες
778 2688 928 2752 Θεὸν,
950 2687 1036 2741 διὰ
1054 2686 1148 2740 τοῦ
1176 2686 1530 2758 κηρύγματος
1556 2685 1771 2738 πιστεύ-

181 2795 376 2843 σαντες
405 2780 605 2849 ἕγνωτε
644 2780 825 2842 αὐτὸν,
862 2780 1059 2850 μᾶλλον
1087 2779 1142 2832 δὲ
1174 2777 1482 2848 ἐγνώσθητε
1512 2778 1620 2831 ὑπ’
1671 2778 1769 2830 αύ-

176 2870 298 2936 τοῦ,
331 2872 424 2925 διά
464 2872 637 2944 Ἰησοῦ
665 2871 758 2924 τοῦ
795 2873 1046 2944 Σωτῆρος
1078 2874 1171 2926 καὶ
1215 2870 1491 2943 λυτρωτοῦ
1521 2869 1632 2923 τῶν
1678 2869 1767 2922 ἐλ-

180 2962 452 3028 πιζόντων
482 2967 575 3018 ἐπ’
605 2965 785 3017 αὐτόν.
829 2965 1178 3028 Μεταόἀντες
1205 2964 1313 3036 γὰρ
1342 2964 1448 3016 ἀπὸ
1494 2962 1594 3033 τῆς
1630 2979 1768 3034 προ-

174 3056 350 3128 τέρας
380 3057 741 3127 ματαιοπόνου
771 3056 880 3128 (18)
915 3057 1224 3126 συνηθείας,
1277 3057 1374 3110 καὶ
1406 3054 1514 3108 τῶν
1544 3054 1768 3124 ἀψύχων

1868 1939 2038 1995 litiam
2067 1947 2251 1994 essent
2273 1941 2321 1995 ei
2355 1940 2607 2004 diﬂisuri,
2627 1940 2703 1993 ait
2728 1959 2742 1994 :
2776 1957 2794 1990 ι
2833 1937 3081 2003 Domine,
3113 1940 3240 2010 quis
3268 1941 3450 1997 credi-

1867 2032 1947 2087 dit
1994 2030 2204 2085 auditui
2241 2033 2466 2088 nostro?
2508 2040 2563 2088 et
2603 2031 2888 2086 brachium
2939 2032 3152 2086 Domini
3181 2032 3270 2086 cui
3296 2047 3450 2088 revc-

1868 2123 2037 2178 latum
2063 2130 2148 2180 est
2172 2124 2251 2176 ’7?
2280 2143 2297 2175 ι
2327 2122 2392 2177 Ει
2415 2122 2593 2178 adhuc
2621 2141 2634 2178 :
2670 2142 2688 2175 ι
2727 2121 2933 2177 Auditu
2966 2123 3224 2186 audietis,
3256 2131 3310 2178 ct
3333 2138 3445 2178 non

1869 2237 2222 2309 intelligetis;
2275 2246 2330 2294 et
2359 2237 2608 2294 videntes
2646 2236 2922 2300 videbitis,
2971 2247 3026 2292 et
3068 2254 3176 2292 non
3215 2238 3447 2296 scietis:

1872 2330 2243 2386 incrassatum
2267 2329 2413 2384 enim
2436 2336 2523 2383 est
2551 2343 2647 2382 cor
2669 2329 2851 2400 pOpIui
2876 2327 3119 2398 hujus".
3137 2348 3155 2379 ι
3174 2328 3357 2394 Quare
3382 2329 3452 2384 ab

1873 2422 1942 2476 iis
1967 2421 2182 2477 sublata
2205 2430 2290 2476 est
2317 2421 2581 2492 cognitio,
2624 2420 2753 2490 quia
2788 2436 2914 2475 cum
2949 2420 3316 2491 aspexissent,
3353 2420 3451 2476 de-

1868 2521 2184 2582 Spcxerunt,
2223 2520 2276 2567 et
2307 2528 2432 2567 cum
2469 2511 2773 2575 audissent,
2805 2527 2914 2566 non
2946 2512 3318 2568 obedieruut':
3353 2528 3450 2567 vo-

1867 2604 1952 2658 bis
1988 2618 2137 2666 vero,
2183 2604 2273 2673 qui
2313 2603 2544 2674 gentiles
2594 2601 2801 2666 fuistis,
2837 2601 3026 2655 datum
3057 2609 3143 2656 est
3187 2617 3450 2674 regnum;

1868 2695 2147 2764 quoniam,
2198 2709 2323 2748 cum
2374 2709 2484 2748 non
2542 2694 2946 2765 cognosceretis
2988 2692 3180 2757 Deum,
3225 2703 3451 2762 accepta

1869 2785 2252 2856 praedicatione
2285 2785 2618 2849 credidistis,
2660 2791 2715 2840 et
2768 2799 2892 2839 eum
2933 2785 3294 2855 cognovistis,
3339 2786 3450 2839 imo

1869 2893 2001 2933 vero
2031 2877 2233 2948 cogniti
2271 2877 2406 2934 estis
2431 2877 2500 2932 ab
2529 2892 2615 2942 eo,
2656 2891 2754 2947 per
2781 2874 2967 2931 Jesum
3002 2876 3342 2931 Salvatorem
3390 2887 3447 2932 et

1869 2971 2270 3040 redemptorem
2302 2969 2641 3040 sperantium
2665 2968 2720 3022 in
2752 2969 2932 3038 ipsum
2966 2968 3034 3023 ".
3057 2966 3269 3023 Relicta
3301 2968 3448 3022 enim

1871 3062 2037 3132 priori
2063 3062 2478 3126 consuetudine,
2515 3061 2640 3115 vani
2680 3059 2888 3116 laboris
2931 3059 3114 3130 plena,
3153 3067 3208 3115 et
3251 3059 3448 3130 despe-

175 3147 417 3200 είδὼλων
446 3148 807 3219 ὑπεριδόντες,
840 3149 932 3201 καὶ
956 3148 1064 3201 τῶν
1097 3150 1156 3201 ἐν
1206 3149 1382 3201 σκότει
1428 3146 1538 3216 (19)
1577 3145 1761 3216 δαιμό-

1873 3153 1976 3208 ctis
1999 3153 2159 3209 idolis
2181 3155 2359 3208 anima
2395 3153 2732 3219 carentibus,
2770 3160 2825 3208 et
2855 3152 3056 3223 spretis
3085 3150 3448 3218 daemonibus,

175 3258 288 3294 νων
316 3242 844 3313 καταφρονήσαντες,
875 3241 1308 3313 προσδραμόντες
1336 3257 1395 3292 τε
1421 3238 1498 3310 τῷ
1528 3239 1666 3308 φωτὶ
1691 3235 1761 3309 τῷ

1873 3245 2048 3316 quiin
2076 3245 2318 3300 tenebris
2345 3251 2668 3310 versantur;
2694 3251 3048 3299 accurrentes
3085 3259 3215 3298 vero
3250 3243 3315 3298 ad
3358 3259 3451 3298 ve-

175 3330 442 3402 ἀληθινῷ,
480 3332 575 3384 καὶ
614 3332 925 3400 ἐπιγνόντες
953 3332 1019 3385 δι’
1048 3332 1212 3386 αὐτοῦ
1241 3332 1332 3384 τὸν
1359 3331 1456 3385 ἐνα
1485 3331 1579 3384 καὶ
1614 3331 1761 3402 μόνον

1873 3353 1993 3392 rum
2024 3337 2229 3399 lumen,
2263 3351 2326 3391 ac
2355 3351 2452 3406 per
2491 3335 2624 3389 illud
2652 3344 3014 3406 agnoscentes
3046 3350 3214 3390 unum
3265 3349 3328 3388 ac
3359 3350 3450 3389 so-

175 3423 436 3494 ἀληθινὸν
483 3423 614 3476 Θεὸν
655 3425 748 3476 καὶ
791 3424 1038 3496 Πατέρα,
1087 3423 1410 3495 κληρονόμοι
1453 3424 1554 3494 τῆς
1606 3423 1770 3477 αὑτοῦ

181 3515 465 3587 βασιλείας
491 3515 812 3588 ἀνεφάνητε.
856 3515 1252 3580 Βαπτισθέντες
1279 3515 1387 3587 γὰρ
1425 3516 1536 3588 (20)
1565 3518 1645 3580 είς
1679 3515 1771 3570 τὸν

177 3608 277 3662 τοῦ
317 3609 524 3680 Κυρίου
571 3608 816 3673 θάνατον,
858 3609 952 3662 καὶ
993 3611 1072 3672 είς
1109 3609 1206 3679 τὴν
1234 3608 1529 3662 ἀνάστασιν
1574 3607 1761 3673 αὑτοῦ,

176 3700 257 3764 ὡς
287 3701 548 3772 ἀρτιγενῆ
579 3699 751 3771 βρέφη
773 3700 1110 3772 ἀνενὲργητα
1136 3701 1273 3771 πρὸς
1295 3701 1473 3753 πᾶσαν
1493 3699 1763 3771 ἁμαρτίαν

175 3792 426 3862 ὀφείλετε
455 3788 612 3855 εἶναι,
642 3793 702 3846 ού
731 3792 838 3864 γάρ
867 3793 988 3845 ἐστε
1020 3792 1247 3856 ἑαυτῶν,
1279 3791 1415 3846 ἀλλά
1441 3791 1534 3845 τοῦ
1564 3792 1766 3864 ἀγορά-

180 3903 380 3950 σαντος
407 3887 552 3956 ὑμᾶς
577 3885 655 3957 τῷ
684 3885 876 3939 ἑαυτοῦ
914 3885 1124 3955 αἵματι.
1170 3885 1304 3955 Περ)⁵
1348 3884 1456 3956 γὰρ
1495 3883 1588 3937 τοῦ
1635 3900 1764 3936 ποτε

191 3978 435 4052 Ἰσραὴλ,
473 3974 625 4030 εἶπεν
660 3980 690 4031 ό
727 3977 946 4049 Κύριος,
994 3976 1083 4030 διὰ
1127 3977 1226 4048 τὴν
1270 3977 1526 4030 ἀπιστίαν
1564 3974 1762 4039 αὐτῶν,

177 4071 266 4124 ὅτι
294 4069 590 4140 ἀρθήσεται
617 4070 722 4123 ἀπ’
747 4069 924 4122 αὐτῶν
969 4069 1003 4139 ή
1043 4068 1287 4139 βασιλεία
1329 4068 1423 4121 τοῦ
1471 4067 1628 4130 Θεοῦ,
1672 4066 1767 4120 καὶ⁹

176 4162 472 4232 δοθήσεται
490 4159 629 4215 ἔθνει
652 4161 889 4215 ποιοῦντι
901 4162 1027 4224 τοὺς
1053 4162 1298 4233 καρποὺς
1327 4161 1515 4232 αὐτῆς⁸
1543 4161 1764 4231 δηλαδὴ,

175 4253 263 4306 δτι
294 4252 410 4323 (21)
443 4253 589 4323 ὑμῖν,
617 4256 730 4316 τοῖς
771 4255 888 4306 ποτ’
931 4248 1080 4306 οὖσιν
1126 4253 1557 4324 ἀπεξενωμένοις
1601 4251 1764 4306 αὐτοῦ

178 4343 428 4417 μακρὰν,
458 4344 581 4409 δοὺς
605 4345 704 4416 τὴν
735 4344 1028 4416 βασιλείαν,
1069 4346 1345 4417 ἐκδέχεται
1381 4347 1506 4410 τοὺς
1546 4347 1645 4418 τῆς
1675 4346 1764 4398 εύ-

292 4469 484 4557 ³⁸183..
519 4517 672 4566 unt,
711 4499 798 4554 10.
873 4500 1052 4555 “lsa.
1106 4517 1204 4566 vn,
1251 4501 1347 4566 14;
1397 4499 1584 4554 Matth.
1644 4515 1683 4564 ι,
1731 4498 1761 4552 2

1909 4495 1956 4527 ¹⁶
1977 4495 2080 4549 lsa.
2125 4510 2217 4566 jx,
2263 4492 2317 4546 6.

699 4571 745 4601 ³⁸
784 4569 943 4624 Joan.
1001 4585 1041 4633 I,
1073 4571 1139 4633 9;
1191 4555 1347 4637 ὶνιιξ
1376 4571 1434 4627 '5.
1508 4572 1551 4603 "
1578 4555 1737 4624 Rom.

1924 4566 1977 4620 5.
2054 4564 2141 4618 ³³1
2189 4563 2334 4618 Petr.
2399 4578 2460 4628 ll,
2487 4568 2542 4616 '1.
2621 4558 2667 4590 ³³
2697 4558 2718 4610 1
2747 4558 2874 4612 Cor.
2908 4574 2982 4622 Vl,
3014 4558 3104 4613 19.
3177 4556 3223 4588 ⁸⁸
3251 4555 3440 4609 Matth.

180 4573 228 4601 ¹⁹
259 4569 384 4627 Gal.
440 4587 514 4628 tv.
570 4570 622 4624 9.

181 4658 298 4706 nt,
320 4641 411 4698 45.
487 4641 532 4674 ³⁸
562 4639 756 4695 Matth.
800 4655 917 4705 xxi,
947 4639 1041 4694 28.

1873 3433 1986 3487 lum
2011 3446 2197 3485 verum
2234 3428 2401 3483 Deum
2424 3436 2479 3482 et
2500 3427 2719 3482 Patrem
2751 3427 2828 3493 ³⁰;
2859 3426 3126 3497 designati
3157 3427 3293 3482 estis
3337 3426 3451 3480 ba}-

1873 3523 2032 3580 redes
2065 3520 2216 3592 regni
2246 3521 2386 3588 ejus.
2411 3516 2549 3571 Nam
2575 3517 2836 3588 baptizati
2863 3516 2919 3570 in
2951 3524 3178 3570 mortem
3208 3515 3447 3579 Dom-ini,

1868 3624 1922 3670 et
1947 3616 2001 3668 in
2021 3611 2475 3669 resurrectionem
2497 3609 2617 3678 ejus
2641 3608 2706 3672 ³¹,
2735 3615 2992 3677 tanquam
3016 3607 3254 3662 infantes
3281 3607 3448 3661 modo

1870 3705 2036 3776 geniti
2065 3701 2276 3759 debetis
2304 3714 2428 3755 esse
2457 3699 2526 3753 ad
2544 3713 2705 3752 omne
2729 3704 3014 3767 peccatum
3035 3695 3336 3777 inefﬁcaces
3357 3694 3401 3726 ³⁸
3429 3715 3442 3746 τ

1871 3795 1997 3866 quia
2027 3809 2136 3846 non
2155 3791 2322 3846 vestri
2343 3790 2497 3851 estis,
2523 3788 2617 3843 sed
2650 3787 2770 3856 ejus
2790 3785 2885 3855 qui
2912 3801 3010 3839 vos
3039 3784 3304 3857 sanguine
3345 3799 3447 3838 suo

1872 3888 2002 3942 emit
2026 3885 2094 3939 ³³.
2121 3881 2401 3952 Siquidem
2430 3879 2498 3934 de
2530 3878 2754 3947 antiquo
2779 3874 2976 3930 lsraele
2998 3874 3135 3928 dixit
3159 3873 3444 3938 Dominus,

1873 3979 1946 4032 ob
1988 3975 2362 4031 inﬁdelitatem
2397 3985 2611 4033 eorum,
2647 3967 2792 4038 quod
2836 3965 3114 4020 auferetur
3143 3966 3214 4021 ab
3241 3965 3322 4022 eis
3361 3981 3448 4021 re-

1871 4083 2036 4140 gnum
2072 4066 2189 4127 Dei,
2210 4072 2265 4118 et
2289 4060 2512 4116 dabitur
2536 4058 2683 4130 genti
2715 4057 2934 4111 facienti
2965 4054 3178 4110 fructus
3207 4055 3328 4125 ejus
3357 4056 3403 4086 ³⁸
3428 4073 3444 4110 ι

1872 4160 2102 4221 scilicet,
2135 4171 2360 4226 regnum
2391 4151 2571 4208 dando
2621 4149 2796 4212 vobis,
2840 4149 2932 4219 qui
2965 4147 3259 4218 aliquando
3289 4147 3447 4218 longe

1871 4251 1940 4305 ab
1965 4266 2031 4306 eo
2058 4248 2229 4304 eratis
2275 4244 2436 4300 alieni
2485 4253 2539 4298 et
2575 4239 2830 4312 ablegati,
2865 4238 3057 4309 recipit
3103 4239 3240 4310 grati
3277 4239 3442 4293 animi

1871 4341 2102 4394 fructus.
2136 4340 2182 4372 ³³
2217 4336 2324 4392 Vos
2353 4335 2552 4407 quippe
2573 4332 2726 4399 estis,
2758 4330 2852 4402 qui
2882 4329 3177 4401 aliquando
3201 4329 3354 4386 missi
3375 4329 3444 4383 ad

2428 4488 2608 4544 "lsa.
2671 4501 2790 4552 LIII,
2851 4487 2902 4543 1.
3020 4489 3201 4543 "Isa.
3250 4500 3326 4545 vt,
3386 4486 3438 4538 9.

1493 4767 1858 4826 VARIORUM
1888 4767 2119 4824 NOTIE.

180 4960 368 5014 rillum
401 4953 828 5026 Alexandrinum
864 4950 931 5026 ad
955 4949 1124 5026 ﬁlioli.
1153 4953 1307 5012 1.Η,
1349 4944 1574 5026 legendo
1603 4943 1756 5016 εὐθη-

1873 4945 2087 5026 zriticus
2110 4945 2385 5026 addidisse
2407 4942 2618 5026 videtur
2641 4940 2699 5022 ἐς
2727 4937 2912 5026 αὑτοῦ,
2939 4951 3063 4990 cum
3092 4934 3281 5026 Ariani
3309 4950 3439 4989 con-

177 5029 404 5089 νοῦσαν,
450 5023 541 5077 ubi
586 5023 815 5077 habetur
849 5020 1206 5078 εὑσθενοῦσαν
1241 5038 1254 5073 :
1289 5017 1540 5089 mihiilla
1571 5031 1757 5089 cmen-

178 5100 334 5152 datio
367 5085 477 5149 non
509 5095 788 5163 probatur,
823 5090 1271 5163 quiasubjungit
1309 5087 1565 5163 _Cyrillus_
1602 5103 1616 5139 :
1661 5085 1760 5137 Εὑ-

180 5168 344 5238 σθενῆ
366 5182 451 5229 τε,
471 5156 550 5238 ὅτι
570 5162 820 5238 καὶῼπίων
909 5156 1217 5238 χώραίκα-ξι.
1236 5156 1757 5238 λῆψις-κατακόροςέ

178 5239 299 5300 πῶς
328 5225 478 5287 ἐστιν
509 5225 950 5303 ιὶμφιίὴλεῖπ⁷
988 5225 1114 5303 quia
1157 5225 1678 5303 Tlleodoritijllud,
1713 5225 1760 5303 ,ἡ

174 5293 295 5432 3ῶᾴ
316 5293 859 5428 χωὲίωνασφάλεια,
881 5301 948 5354 ad
979 5293 1334 5354 εῦσθενοῦσαν
1371 5297 1640 5367 pertinere
1676 5293 1761 5346 vi?-

213 5383 360 5432 etur.
438 5389 528 5427 0'r.

349 5419 360 5428 .
391 5389 528 5428 LO'I'.

213 5383 648 5516 Cagjaolgrwr
697 5442 766 5516 ἐξ
807 5441 994 5496 αὐτοῦ
1051 5437 1432 5516 γεννηθέντα.
1477 5435 1541 5516 _ln
1586 5435 1760 5516 altero

1861 5015 2150 5071 tenderent
2174 5015 2370 5070 Filium
2389 5029 2512 5069 esse
2541 5012 2605 5064 ἐκ
2632 5011 2739 5063 τῶν
2771 5009 2846 5080 μὴ
2875 5008 3043 5061 ὄντων
3072 5006 3314 5076 genitum
3343 5023 3440 5062 seu

1863 5095 2129 5141 creatum.
2163 5088 2331 5141 Casa.

1938 5153 2049 5220 (14)
2101 5150 2676 5224 ἘπέγνῳσανηΑΙιοιδ
2703 5149 2825 5203 coJ.
2862 5147 3125 5224 ξγνωσαν.
3159 5143 3236 5202 In.

1941 5217 2052 5294 (15)
2102 5217 2280 5295 Ἠμῖκ.
2313 5223 2472 5295 Deest
2507 5222 2560 5275 in
2590 5221 2762 5295 altero
2784 5217 2915 5295 cod._
2941 5217 3017 5272 In.

1940 5285 2052 5366 (16)
2097 5285 2379 5366 Ἰᾰχυρός.
2404 5291 2574 5366 Deest
2599 5290 2656 5366 in
2681 5291 2869 5366 altero.
2897 5285 2973 5341 In.

1941 5357 2053 5434 (17)
2092 5357 2503 5434 ΚὺξόὠςζΑΙιει·
2531 5360 2721 5434 Κύριε,
2750 5359 2959 5434 melius.
2997 5357 3072 5412 In.

1940 5428 2052 5507 (18)
2087 5428 2517 5490 Μίὶτιιιοπόγου.
2563 5428 2714 5484 Alter
2761 5431 2884 5481 cod.
2927 5428 3434 5500 πατροπαραδότου.

177 5505 305 5574 c'od.
351 5505 674 5568 'Vimlobon.
735 5505 888 5567 deest
941 5505 1152 5565 tantum
1199 5505 1429 5570 αἰώνων,
1477 5506 1532 5558 in
1582 5506 1757 5574 altero
1855 5505 1936 5561 In.

173 5588 345 5656 etiam
404 5588 690 5657 sequentla
738 5584 902 5657 verba
963 5600 976 5636 ε
1047 5579 1136 5657 Ἐξ
1188 5578 1363 5657 αὐτοῦ.
1405 5573 1750 5657 γεννηθέντα.

179 5653 422 5730 ᾼτίιιηιιε
445 5646 830 5730 sériptor,_au_t
868 5652 1223 5730 interpolator
1273 5647 1451 5730 hujus
1475 5646 1629 5730 'libri,
1663 5646 1756 5730 vi-

179 5729 342 5782 detur
369 5719 580 5778 tantum
612 5723 900 5791 scripsisse
933 5742 944 5776 :
992 5719 1106 5791 Πρὸ
1142 5719 1355 5791 πάντας)
1399 5719 1626 5777 αἰώνων,
1658 5729 1756 5768 ne-

181 5814 290 5867 que
313 5795 461 5851 enim
489 5787 756 5867 negabant
779 5793 972 5867 Ariani
1005 5787 1264 5867 Filium_a
1298 5787 1478 5867 Patre,
1513 5794 1632 5866 ante
1658 5800 1755 5867 saa-

183 5856 670 5939 ὀπισθίων-(κήυκα
705 5863 810 5920 Sed
843 5863 1046 5919 rectius
1080 5862 1320 5919 sentiens
1346 5856 1624 5922 librarius,
1659 5862 1750 5907 aut

1932 5576 2044 5644 (-19)
2101 5578 2195 5628 Ἐν
2221 5575 2440 5629 σκότει.
2477 5570 2636 5644 D_eest
2663 5568 2716 5622 in
2745 5569 2936 5644 altero.
2957 5565 3044 5644 in:

1932 5576 2022 5644 (-19
2101 5578 2195 5628 Ἐν
2221 5576 2440 5629 σκότει.
2477 5576 2636 5625 Deest
2664 5576 2716 5622 in
2745 5576 2936 5622 altero.
2970 5576 3044 5621 ID.

1885 5642 1888 5646 ’
1931 5576 2044 5715 (ἳυζ
2083 5647 2231 5714 Γὰρ.
2258 5646 2448 5701 Melius
2477 5637 2644 5715 οὖννξη
2677 5639 2798 5715 cod.
2831 5637 2994 5715 Vind.
3028 5637 3102 5715 In.

1930 5709 2041 5783 (21)
2089 5709 2347 5784 Δηῖῖαδὴ,
2380 5715 2484 5769 ὅτι.
2516 5711 2682 5784 Δῆλον
2727 5709 2806 5764 ὅτι
2847 5709 3039 5767 melius
3095 5709 3147 5763 in
3201 5716 3434 5775 utroque

1856 5788 1978 5842 cod.
2006 5786 2164 5842 Vind.
2200 5787 2270 5842 lu.
