3828 6378
1117 336 1716 396 CONSTITUTIONES
1747 336 2434 398 APOSTOLlCzE.-—LIB.
2474 344 2552 400 ν.

3324 346 3432 405 896

184 453 700 524 συναθροιζόμενοι,
729 455 1073 528 γρηγορεῖτε,
1093 455 1534 527 προσευχόμενοι,
1551 457 1644 509 κα)⁸
1663 453 1763 506 δεό-

1869 454 2090 524 vigiliis,
2139 457 2482 514 orationibus
2522 468 2577 515 et
2612 464 2680 516 ad
2722 461 2889 519 Deum
2926 468 3181 540 precibus
3239 479 3433 526 vacate

182 565 343 618 μενοι
379 546 474 602 τοῦ
510 545 679 611 Θεοῦ,
709 547 768 599 ὲν
803 549 870 619 τῇ
899 547 1330 620 διανυκτερεύσει
1369 550 1541 621 ὑμῶν,
1580 550 1768 617 ἀναγι-

179 638 491 702 νώσκοντες
535 637 628 690 τδν
666 638 864 709 νόμον,
910 641 1037 702 τοὺς
1091 641 1376 711 προφήτας
1395 678 1411 705 ,
1461 641 1588 703 τοὺς
1631 640 1768 710 ψαλ-

181 728 349 802 μοὺς,
384 730 579 801 μέχρις
622 729 998 801 ἀλεκτρυόνων
1025 731 1072 763 ⁸³
1091 732 1372 802 κραυγῆς,
1419 733 1514 786 καὶ
1573 732 1764 802 βαπτί-

182 839 383 886 σαντες
411 823 564 893 ὑμῶν
589 823 717 884 τοὺς
745 839 984 894 κατηχου
992 822 1183 893 μένους
1203 861 1220 886 ,
1247 824 1342 877 καὶ
1359 824 1679 892 ἀναγνόντες
1705 826 1767 878 τὸ

180 915 520 984 Εὐαγγέλιον
577 915 636 968 ὲν
691 914 840 985 φόϐῳ
891 915 987 968 καὶ
1039 913 1226 986 τρόμῳ
1255 953 1274 978 ,
1329 917 1424 969 καὶ
1469 916 1766 986 προσλαλή-

182 1023 383 1071 σαντες
409 1007 523 1079 (37)
543 1006 622 1078 τῷ
648 1005 763 1076 λαῷ
787 1005 855 1059 τά
884 1006 1020 1077 πρὸς
1048 1007 1340 1078 σωτηρίαν,
1362 1005 1643 1060 παύσασθε
1669 1006 1763 1060 τοῦ

181 1099 421 1164 πένθους
450 1099 624 1171 ὑμῶν,
656 1100 750 1152 καὶ
779 1097 1005 1169 δεήθητε
1031 1096 1124 1150 τοῦ
1152 1097 1291 1150 Θεοῦ
1308 1137 1324 1160 ,
1362 1099 1763 1170 ἐπιστραφῆναι

180 1190 278 1244 τὸν
337 1190 577 1264 Ἰσραὴλ,
612 1191 707 1244 καὶ
757 1189 941 1242 λαὸεῐν
986 1188 1149 1242 αὑτὸν
1207 1188 1372 1242 τόπον
1403 1189 1450 1220 ⁸⁸
1475 1191 1763 1260 μετανοίας

182 1283 282 1335 καὶ
317 1281 420 1352 τῆς
445 1281 698 1345 ἀσεὸείας
732 1282 924 1351 ἄφεσιν
943 1297 956 1311 ο
1000 1281 1081 1334 ὅτι
1109 1281 1138 1332 6
1169 1281 1267 1353 μὲν
1312 1280 1607 1350 ἀλλόφυλος
1642 1299 1764 1352 κρι-

181 1371 316 1443 τὴς,
347 1372 638 1444 νιψάμενος
655 1372 755 1436 τὰς
780 1375 969 1443 χεῖρας
994 1368 1172 1424 εἶπενο
1209 1391 1229 1424 ι
1284 1371 1482 1435 Ἀθῶός
1510 1374 1624 1443 είμι
1655 1372 1763 1426 ἀπὸ

181 1466 283 1518 τοῦ
307 1467 538 1536 αἵματος
569 1465 673 1518 τοῦ
689 1465 894 1518 δικαίου
914 1463 1123 1526 τούτου,
1145 1465 1302 1534 ὑμεῖς
1327 1463 1540 1533 ὄψεσθε.
1574 1483 1592 1516 ι
1629 1465 1686 1518 'O
1705 1464 1762 1518 δὲ

197 1557 418 1630 Ἰσραὴλ
443 1557 734 1629 ἐπεϐόησε·
765 1576 783 1608 ι
820 1557 893 1608 Τὸ
917 1550 1055 1626 αἷμα
1083 1553 1250 1608 αὐτοῦ
1277 1556 1652 1626 ἐφ’ήμᾶς,καὶ
1671 1556 1762 1608 ἐπὶ

183 1650 257 1702 τὰ
266 1649 430 1702 τέκνα
447 1648 602 1720 ἡμῶν
616 1665 630 1678 ·
671 1668 690 1700 ι
711 1648 804 1700 καὶ¹
822 1645 1049 1700 Πιλάτου
1065 1645 1326 1710 εἰπόντος’
1361 1665 1381 1698 ι
1408 1646 1512 1699 Τὸν
1537 1646 1759 1716 βασιλέα

186 1740 221 1795 ὕ
228 1740 346 1810 μῶν
372 1739 670 1811 σταυρώσω
689 1756 703 1804 ;
727 1758 746 1790 ι
767 1739 920 1792 αὐτοὶ
943 1737 1201 1791 ὲπεὸόων·
1221 1757 1241 1790 ‹
1265 1738 1376 1792 Οὐκ
1395 1737 1586 1809 ἔχομεν
1609 1737 1761 1809 βασι-

1868 543 1924 598 in
1955 549 2365 614 pernoctatione
2394 559 2597 615 vestra,
2624 553 2818 623 legem,
2850 560 3160 629 prophetas,
3195 575 3258 615 ac
3289 562 3434 629 psal-

1867 650 1988 690 mos
2025 639 2184 709 legite
2217 657 2391 711 usque
2435 643 2500 696 ad
2557 646 2823 714 gallorum
2871 661 3110 718 cantum,
3151 660 3206 708 et
3255 652 3432 723 bapti-

1879 741 2059 781 smum
2107 731 2351 788 conferte
2382 736 2580 790 vestris
2609 739 3048 810 catechumenis;
3100 750 3156 797 et
3207 743 3438 798 recitato

1867 816 2160 890 Evangelio
2213 822 2269 876 in
2327 826 2522 881 timore
2577 843 2642 882 ac
2689 837 2957 895 tremore,
3025 833 3317 903 habitaque
3363 832 3432 887 ad

1867 913 2122 979 populum
2177 916 2506 972 allocutione
2544 917 2612 974 de
2662 922 2826 976 rebus
2881 924 2948 976 ad
2996 925 3224 979 salutem
3266 926 3437 995 perli-

1865 1002 2123 1057 nentibus
2147 1043 2164 1068 ,
2215 1007 2382 1060 luctui
2422 1020 2602 1064 vestro
2646 1010 2804 1066 linem
2841 1015 3138 1084 imponite;
3177 1025 3230 1069 et
3283 1025 3436 1072 orate

1867 1088 2032 1145 Deum
2065 1101 2123 1147 ut
2166 1106 2519 1151 convertatur
2557 1097 2746 1163 Israel,
2784 1103 3076 1174 locumque
3101 1105 3433 1174 pteniteutiu:

1865 1183 2096 1254 accipiat
2150 1201 2276 1240 cum
2341 1189 2498 1243 venia
2559 1190 2857 1260 impietatis
2916 1213 2931 1247 :
2991 1197 3433 1266 quandoquidem

1861 1273 2025 1342 judex
2059 1277 2360 1348 alienigena
2413 1281 2538 1336 lotis
2569 1285 2841 1348 manibus,
2870 1285 3047 1342 dixit:
3081 1302 3106 1340 ι
3167 1288 3434 1344 lnnocens

1865 1379 1986 1420 sum
2011 1382 2041 1420 a
2073 1370 2340 1438 sanguine
2362 1371 2496 1440 justi
2532 1372 2716 1440 hujus,
2752 1391 2847 1430 vos
2871 1376 3199 1433 videritis”.
3224 1399 3242 1430 ι
3265 1378 3431 1433 Israel

1866 1471 1996 1510 vero
2043 1459 2367 1514 exclamavit
2419 1479 2432 1514 :
2503 1479 2521 1512 ι
2581 1460 2816 1532 Sanguis
2861 1465 2982 1534 ejus
3018 1482 3182 1537 super
3215 1483 3339 1529 nos,
3378 1473 3433 1523 et

1865 1559 2031 1614 super
2062 1545 2204 1603 lilios
2247 1558 2509 1617 nostros;
2551 1570 2570 1603 ι
2615 1560 2669 1607 et
2725 1552 2902 1609 Pilato
2966 1556 3226 1612 dicente:
3269 1577 3289 1610 ι
3331 1557 3433 1613 lle-

1865 1653 1983 1707 gem
2034 1649 2277 1696 vestrum
2338 1645 2700 1718 crucifigam?
2761 1668 2779 1700 ι
2834 1651 2940 1719 ipsi
2996 1652 3426 1709 acclamarunt:

1871 1746 1888 1778 ι
1923 1728 2042 1784 Νοη
2088 1732 2352 1791 habemus
2395 1752 2577 1807 regem
2608 1778 2623 1800 ,
2659 1740 2763 1793 nisi
2796 1739 3091 1799 Caesarem.
3135 1744 3426 1814 Crucilige,

183 1806 284 1884 λέα
308 1833 356 1884 εί
393 1806 1756 1910 μὴιξαίσαραοσταύρωσον,παύρωσονίξᾷδμνὺτόν.
1793 1806 1835 1861 Β
1865 1823 2126 1894 crucilige
2177 1842 2320 1882 elliu.
2360 1806 2550 1884 Omnis
2599 1831 2742 1885 enim
2797 1835 2889 1902 qui
2937 1850 2996 1889 se
3045 1851 3224 1906 regem
3275 1806 3426 1902 facit,

184 1924 304 1988 Ili;
314 1923 424 1996 γάρ
439 1925 467 1976 6
484 1923 649 1976 ποιῶν
661 1923 849 1976 ἑαυτὸν
870 1921 1113 1993 βασιλέα,
1128 1921 1393 1991 ἀντιλέγει
1411 1921 1488 1992 τῷ
1499 1922 1757 1994 Καίσαρι.

183 2016 298 2070 Καὶ
312 2015 408 2069 ὲάν
426 2015 613 2070 τοῦτον
640 2013 934 2087 ἀπολύσῃς,
950 2016 1050 2068 οὐκ
1068 2011 1119 2067 εἴ
1137 2014 1288 2084 φίλος
1300 2013 1393 2067 τοῦ
1409 2014 1705 2086 Καίσαρος.
1737 2033 1756 2067 ι

184 2109 297 2162 Καὶ
342 2107 574 2172 Πιλάτος
629 2106 659 2160 6
702 2106 926 2179 ἡγεμὼν
980 2107 1076 2160 καὶ
1137 2105 1382 2178 Ἡρώδης
1429 2108 1458 2160 6
1513 2106 1764 2177 βασιλεὺς

182 2189 610 2271 ἐκέλευσεν’(39)
637 2200 797 2253 αὑτὸν
829 2197 1225 2270 σταυρωθῆναι·
1260 2200 1352 2252 καὶ
1380 2197 1676 2270 πληροῦται
1703 2199 1764 2253 τὸ

185 2289 398 2360 φάσκον
447 2290 646 2360 λόγιον·
700 2310 718 2342 ι
767 2291 884 2344 Ἵνα
928 2290 981 2343 τί
1025 2289 1300 2362 ἐφρύαξαν
1342 2289 1495 2362 ἔθνη,
1527 2291 1619 2345 καὶ
1647 2290 1765 2345 λαοὶ

184 2382 525 2454 ἐμελέτησαν
564 2383 724 2449 κενάς
769 2382 1118 2455 παρέστησαν
1145 2383 1196 2435 οἱ
1223 2381 1456 2453 βασιλεῖς
1490 2383 1590 2453 τῆς
1628 2383 1762 2453 γῆς,

183 2476 237 2528 οἱ
291 2475 556 2545 ἄρχοντες
610 2473 952 2547 συνήχθησαν
1010 2475 1103 2527 ἐπὶ
1157 2473 1218 2526 τὸ
1273 2474 1434 2541 αὐτὸ,
1483 2474 1624 2528 κατά
1668 2474 1762 2527 τοῦ

187 2566 392 2637 Κυρίου
422 2567 516 2620 καὶ
535 2566 677 2620 κατά
707 2566 800 2619 τοῦ
830 2564 1065 2638 Χριστοῦ
1097 2563 1281 2619 αὑτοῦ.
1313 2565 1424 2618 Καὶ
1451 2565 1763 2638 ἀπέρριψαν

184 2659 277 2711 τὸν
343 2658 629 2729 ἀγαπητὸν
652 2700 668 2725 ,
734 2657 811 2721 ὡς
871 2658 1064 2728 νεκρὸν
1126 2657 1534 2728 ἐϐδελυγμένον.
1574 2679 1593 2711 ι
1655 2659 1766 2713 Καὶ

185 2749 354 2804 αὑτοῦ
387 2749 788 2821 σταυρωθέντος
831 2752 897 2821 τῇ
935 2753 1278 2821 παρασκευῇ,
1309 2752 1402 2804 καὶ
1439 2749 1766 2815 ἀναστάντος

187 2841 610 2912 ἑπιφωσκούσης
654 2840 972 2912 Κυριακῆς,
1042 2842 1330 2914 ἐπληρώθη
1397 2844 1430 2914 ἡ
1484 2841 1673 2912 Γραφὴ
1726 2843 1760 2913 ἡ

185 2933 441 3002 λέγουσαο
481 2952 499 2985 ι
537 2931 791 2997 Ἀνάστα,
825 2934 853 2985 6
882 2933 1035 2999 Θεὸς,
1067 2937 1250 3004 κρίνον
1289 2935 1386 3006 τὴν
1417 2933 1540 3003 γῆν·
1588 2933 1669 2986 ὅτι
1699 2933 1764 2987 σὺ

185 3025 762 3098 κατακληρονομήσεις
791 3026 848 3078 ὲν
871 3025 1004 3078 πᾶσι
1031 3028 1144 3088 τοῖς
1170 3024 1364 3078 ἔθνεσι.
1399 3044 1417 3077 ι
1443 3025 1552 3078 Καὶ
1580 3023 1762 3078 πάλινο

1863 1916 2194 1970 contradicit
2213 1918 2436 1974 Caasari.
2462 1920 2524 1974 Et
2543 1922 2588 1975 si
2613 1923 2754 1977 hunc
2777 1924 3072 1988 dimiseris,
3097 1941 3206 1980 non
3225 1941 3287 1981 es
3300 1929 3432 1982 ami-

1863 2023 1962 2062 cus
1995 2007 2227 2065 Caesaris
2251 2011 2316 2066 ⁸⁸.
2346 2032 2364 2064 ο
2399 2012 2462 2066 lit
2493 2013 2698 2070 Pilatus
2721 2031 2942 2085 pmses,
2967 2033 3030 2072 ac
3047 2016 3289 2073 Herodes
3310 2036 3428 2085 res,

1858 2098 2142 2168 jusserunt
2161 2118 2284 2156 eum
2313 2106 2553 2174 cruciligi
2577 2125 2589 2171 ;
2613 2116 2776 2177 atque
2792 2111 3245 2178 complementum
3269 2127 3432 2167 acce-

1864 2193 1944 2262 pit
1974 2192 2279 2264 Scriptura,
2319 2214 2442 2267 qua:
2473 2197 2604 2252 dicit
2635 2201 2677 2231 ⁸⁷
2709 2202 2752 2232 ⁵⁸
2779 2219 2792 2253 :
2831 2221 2849 2252 ‹
2884 2202 3063 2268 Quare
3093 2204 3431 2260 fremuerunt

1864 2294 2076 2356 gentes,
2111 2293 2166 2341 et
2196 2290 2381 2358 pepuli
2409 2291 2651 2345 meditati
2684 2301 2814 2347 sunt
2853 2294 3078 2349 inania?
3119 2295 3429 2351 Astitcrunt

1864 2393 2020 2449 rcges
2051 2386 2247 2447 terrai;
2288 2389 2342 2436 et
2392 2383 2672 2452 principes
2701 2395 3075 2440 convenerunt
3125 2388 3181 2441 in
3235 2405 3426 2453 unum,

1863 2470 2128 2525 adversus
2161 2469 2472 2536 Dominum,
2509 2483 2563 2528 et
2593 2477 2856 2530 adversus
2898 2475 3177 2532 Christum
3207 2479 3326 2547 ejus
3356 2478 3424 2533 ⁸⁸.

1865 2560 1930 2614 Et
1961 2563 2310 2632 projecerunt
2337 2563 2595 2619 dilectum
2623 2605 2638 2629 ,
2687 2567 2847 2637 quasi
2891 2577 3164 2621 mortuum
3217 2569 3428 2623 abomi-

1863 2661 2050 2708 natum
2075 2655 2140 2711 θ’.
2175 2675 2193 2707 ι
2238 2657 2413 2726 Atque
2454 2658 2572 2728 ipso
2607 2669 2755 2714 sexta
2793 2659 2920 2714 feria
2950 2659 3002 2713 in
3035 2675 3249 2714 crucem
3293 2660 3426 2714 sub-

1865 2743 2010 2812 lato;
2067 2753 2119 2800 et
2181 2761 2211 2800 a
2256 2749 2486 2802 mortuis
2534 2749 2798 2814 excitato,
2859 2751 2960 2804 sub
3007 2750 3112 2804 dici
3158 2751 3427 2806 Dominici

1865 2837 2166 2892 diluculum
2185 2879 2200 2902 ,
2230 2840 2434 2894 exitum
2466 2840 2653 2895 habuit
2676 2841 2805 2894 illud
2834 2841 3130 2913 Scriptum
3152 2861 3167 2898 :
3189 2862 3206 2894 ι
3231 2843 3425 2916 Surge,

1865 2927 2252 3000 Deus;judica
2299 2939 2501 2986 terram
2535 2951 2548 2987 :
2581 2934 2839 3002 quoniam
2897 2941 2954 2987 tu
2993 2933 3345 2989 haereditabis
3370 2935 3426 2989 in

1853 3025 2110 3080 omnibus
2134 3025 2385 3095 gentibus
2413 3024 2489 3090 ⁶¹;
2517 3043 2534 3076 ι
2555 3035 2608 3078 et
2633 3024 2825 3078 iterum
2849 3043 2862 3078 :
2896 3044 2914 3076 ‹
2943 3023 3264 3096 Exsurgam,
3283 3027 3415 3084 dicit

191 3138 212 3170 ι
237 3119 660 3190 Ἀναστήσομαι,
693 3117 840 3186 λέγει
869 3115 1101 3190 Κύριος,
1135 3116 1369 3188 θήσομαι
1397 3118 1454 3169 ὲν
1483 3116 1761 3188 σωτηρίῳ,

1867 3115 2140 3180 Dominus,
2183 3131 2378 3185 ponam
2418 3118 2471 3170 in
2506 3117 2764 3182 salutari;
2813 3118 3140 3172 liducialiter
3167 3135 3322 3188 agam
3360 3121 3416 3173 in

188 3209 640 3283 παρρησιάσομαι
664 3210 721 3263 ὲν
750 3207 916 3280 αὐτῷ’
943 3228 961 3259 ι
996 3207 1104 3279 (40)
1135 3208 1248 3260 καί’
1288 3227 1306 3260 ι
1345 3208 1416 3260 Σὺ
1447 3207 1524 3274 δὲ,
1558 3208 1759 3280 Κύριε,

187 3301 412 3372 ἐλέησόν
479 3318 577 3370 με,
635 3300 730 3353 καὶ
776 3299 1080 3370 ἀνάστησόν
1130 3316 1228 3370 με,
1275 3299 1366 3352 καὶ
1404 3298 1765 3354 ἀνταποδώσω

187 3394 391 3456 αὐτοῖς.
442 3412 461 3445 ι
509 3392 608 3445 Διὰ
647 3390 805 3444 τοῦτο
849 3387 941 3444 οὖν
970 3391 1066 3445 καὶ
1094 3392 1279 3462 ὑμεῖς,
1313 3391 1642 3455 ἀναστάντος
1669 3392 1764 3445 τοῦ

188 3486 428 3556 Κυρίου,
464 3484 864 3556 προσενέγκατε
893 3483 992 3555 τὴν
1024 3482 1213 3536 θυσίαν
1265 3481 1374 3554 (All)
1406 3483 1560 3554 ὑμῶν
1583 3526 1598 3551 ,
1639 3484 1766 3554 περ)⁸

187 3570 254 3647 ἦς
295 3577 425 3647 ὑμῖν
459 3575 736 3639 διετάξατο
763 3575 829 3629 δι’
855 3574 1033 3646 ἡμῶν,
1078 3573 1269 3643 λέγων·
1310 3594 1328 3626 ι
1369 3575 1537 3629 Τοῦτο
1564 3579 1766 3630 ποιεῖτε

189 3670 268 3731 είς
292 3668 396 3738 τὴν
425 3666 562 3738 ἐμὴν
587 3665 911 3738 ἀνάμνησιν.
942 3685 962 3718 ι
997 3665 1108 3719 Καὶ
1136 3665 1317 3720 λοιπὸν
1347 3667 1763 3738 άπονηστεύετε,

192 3758 607 3831 εὐφραινόμενοι
665 3759 758 3812 καί⁵
803 3757 1189 3829 ἑορτάζοντες,
1231 3758 1315 3811 ὅτι
1362 3757 1620 3830 ἀρραϐὼν
1664 3758 1766 3829 τῆς

191 3851 539 3914 ἀναστάσεως
566 3851 718 3922 ὑμῶν
764 3850 877 3922 (42)
923 3849 1128 3921 Ἰησοῦς
1156 3851 1185 3902 6
1211 3850 1444 3922 Χριστὸς
1471 3850 1764 3922 ἐγήγερται

190 3946 256 3998 ἐκ
297 3943 527 4014 νεκρῶνο
579 3943 670 3997 καὶ
713 3943 872 3996 τοῦτο
909 3942 1036 4013 ὑμῖν
1071 3941 1210 3995 ἔστω
1255 3941 1481 4012 νόμιμον
1526 3940 1762 4011 αἰώνιον,

190 4037 295 4100 ἕως
332 4035 434 4105 τῆς
474 4033 776 4096 συντελείας
821 4031 916 4085 τοῦ
960 4031 1182 4100 αἰῶνος,
1235 4033 1430 4106 μέχρις
1465 4033 1531 4087 ἂν
1562 4033 1688 4106 ἔλθῃ
1737 4037 1766 4088 6

193 4127 416 4200 Κύριος.
457 4126 732 4188 Ἰουδαίοις
769 4124 878 4204 γὰρ
915 4125 944 4178 6
982 4125 1185 4197 Κύριος
1227 4125 1307 4179 ἔτι
1342 4125 1590 4198 τέθνηκε·
1626 4128 1763 4199 Χρι-

196 4222 426 4284 στιανοῖς
455 4219 512 4272 δὲ
540 4220 850 4291 ἐγήγερται·
881 4221 993 4281 τοῖς
1023 4217 1121 4290 μὲν
1148 4218 1214 4271 δι’
1244 4218 1528 4285 ἀπιστίαν,
1569 4221 1682 4282 τοῖς
1707 4219 1764 4273 δὲ

191 4311 281 4365 διὰ
316 4311 716 4382 πληροφορίαν,
764 4310 847 4362 ὅτι
890 4310 924 4380 ἡ
973 4311 1055 4373 είς
1101 4309 1263 4362 αὑτὸν
1308 4310 1462 4376 ἐλπὶς
1497 4310 1765 4376 ἀθάνατος

193 4403 307 4476 ζωὴ
351 4404 446 4457 καὶ
491 4402 600 4476 (45)
645 4400 876 4465 αἰώνιος·
929 4400 1066 4472 μετά
1107 4401 1163 4455 δὲ
1209 4400 1352 4455 ὀκτὼ
1394 4402 1608 4474 ἡμέρας
1653 4403 1764 4476 (44)

267 4543 314 4578 ⁸³
339 4541 530 4596 Anast.
559 4539 1037 4612 ἀλεκτρυοφωνῶν.
1113 4539 1158 4574 ⁸⁸
1187 4540 1258 4594 al.
1284 4539 1501 4661 τρὼτον.
1577 4540 1622 4573 ⁸⁸
1653 4540 2133 4618 Matth.xxvu,24,

267 4613 383 4667 J27.
458 4613 503 4642 δ’
538 4611 660 4665 l’sal
711 4627 769 4668 ιι.
808 4611 862 4662 1.
954 4611 999 4641 ⁸ο
1028 4607 1129 4664 Isa.
1165 4626 1274 4668 xw.
1351 4609 1405 4664 9.
1527 4610 1568 4641 “
1599 4610 1743 4667 Psal.
1777 4628 1964 4668 LXXXI.
1997 4614 2058 4666 8.

193 4613 383 4667 35-27.
458 4613 503 4642 ⁸⁹
538 4611 660 4665 l’sal
711 4607 769 4670 ιί.
808 4607 862 4662 l.
954 4611 999 4641 ⁸ο
1028 4607 1129 4664 lsa.
1165 4626 1274 4672 xw,
1319 4607 1405 4664 l9.

198 4692 335 4748 amt,
368 4682 453 4738 l9.
521 4681 565 4713 "
594 4680 883 4744 Exod.xn,
923 4678 1214 4744 24;lCor.
1254 4678 1441 4742 x1,‘26.

1853 3227 1919 3266 eo
1947 3211 2023 3276 si;
2057 3227 2077 3262 ,
2111 3217 2200 3264 et;
2237 3229 2256 3262 ι
2286 3207 2365 3262 Τυ
2398 3219 2600 3276 autem,
2636 3209 2883 3275 Domine,
2925 3210 3183 3265 miserere
3210 3212 3336 3278 mei,
3369 3220 3425 3266 et

1864 3299 2136 3354 rcsuscita
2160 3315 2276 3364 me;
2305 3307 2358 3353 et
2386 3300 2686 3353 retribuam
2718 3300 2798 3354 eis
2816 3299 2881 3354 “.
2907 3319 2925 3352 ι
2952 3298 3033 3354 0b
3055 3301 3157 3354 hoc
3189 3301 3352 3369 igitur
3372 3310 3428 3356 et

1863 3394 2005 3454 vos,
2049 3396 2370 3460 rcsurgente
2411 3389 2676 3453 Domino,
2713 3389 2902 3446 olferte
2953 3390 3278 3446 sacriﬁcium
3328 3408 3426 3446 ve-

1865 3488 2061 3547 strum,
2102 3481 2170 3535 de
2213 3497 2322 3552 quo
2367 3482 2523 3537 vobis
2574 3481 2855 3537 constituit
2909 3497 3005 3550 per
3045 3497 3164 3545 nos,
3204 3484 3423 3538 dicens:

1870 3593 1888 3624 ι
1932 3573 2044 3629 Hoc
2074 3574 2236 3629 facite
2259 3575 2314 3628 in
2348 3590 2520 3629 meam
2540 3573 3111 3629 commemorationem
3133 3573 3427 3632 “.tPostea

1861 3666 2134 3736 jejunium
2211 3664 2507 3730 dimittite,
2580 3669 2827 3722 laetantes
2888 3674 2942 3721 et
3009 3665 3152 3719 diem
3225 3665 3422 3721 festum

1865 3769 2121 3829 agentes;
2180 3758 2439 3828 quoniam
2491 3756 3177 3828 pignusfresurrectionis
3231 3767 3426 3812 vestra:

1865 3849 2025 3906 Jcsus
2045 3851 2300 3906 Christus
2331 3867 2360 3904 a
2387 3851 2618 3904 mortuis
2659 3849 2926 3903 excitatus
2970 3857 3053 3903 est
3081 3865 3096 3903 :
3132 3856 3292 3919 atque
3318 3849 3423 3904 hoc

1865 3944 2022 3999 vobis
2048 3943 2119 3998 sit
2148 3943 2444 4012 legitimum
2477 3940 2863 4010 sempiternum
2887 3956 3057 4010 usque
3079 3938 3145 3992 ad
3174 3955 3427 3994 consum-

1859 4037 2158 4092 mationem
2188 4033 2394 4097 saeculi,
2427 4031 2608 4103 quoad
2648 4032 2854 4087 venerit
2889 4031 3152 4086 Dominus
3173 4033 3242 4088 ⁸⁸.
3288 4031 3424 4088 Nam

1860 4127 2068 4185 ’Judaais
2097 4128 2276 4182 adhuc
2317 4125 2582 4179 Dominus
2625 4123 2868 4190 interiit;
2919 4121 3250 4178 Christianis
3291 4137 3424 4177 vero

1866 4220 2204 4286 resurrexit;
2237 4218 2346 4274 illis
2377 4217 2595 4287 quidem
2622 4223 2846 4286 propter
2885 4215 3258 4271 inﬁdelitatem
3285 4233 3300 4282 ;
3335 4215 3423 4272 his

1865 4323 2044 4370 autem
2095 4317 2312 4383 propter
2355 4308 2723 4363 certissimam
2780 4307 2921 4362 hanc
2969 4308 3418 4378 persuasionem,

1865 4405 2010 4476 quod
2038 4417 2260 4474 sperare
2299 4401 2354 4455 in
2385 4415 2508 4455 eum
2539 4399 2606 4454 sit
2631 4400 2738 4454 vita
2766 4399 3086 4456 immortalis
3112 4415 3174 4454 ac
3195 4407 3420 4455 aeterna.

2256 4538 2304 4569 ⁸⁸
2323 4535 2481 4591 Joan.
2517 4549 2631 4600 xu,
2658 4536 2744 4589 15.
2779 4535 2832 4595 6,
2867 4536 2952 4591 12.
3026 4535 3072 4566 ⁵⁷
3107 4537 3153 4567 ⁸⁸
3181 4535 3301 4590 Act.
3343 4549 3418 4600 tv,

2154 4611 2198 4640 “
2237 4607 2382 4663 Psal.
2416 4623 2494 4673 xi,
2520 4606 2574 4660 ϐ.
2669 4607 2713 4637 ⁸³
2743 4605 2890 4661 Psal.
2922 4621 3010 4668 XL,
3046 4606 3132 4660 ll.
3207 4606 3251 4637 “
3281 4604 3415 4662 Luc.

1500 4766 1859 4823 VARIORUM
1892 4764 2124 4821 NOTAE.

189 4892 347 4960 juxta
392 4889 635 4958 ejusdem
677 4888 736 4944 S.
787 4887 1026 4943 doctoris
1054 4884 1616 4960 animadversionem,
1646 4900 1762 4960 non

1868 4883 2028 4960 [litem
2041 4874 2265 4960 Pa~narii
2285 4890 2304 4929 :
2336 4876 2630 4960 ’Evﬁnot‘q
2656 4877 2724 4960 δὲ.
2758 4876 2940 4960 τόποις
2969 4877 3030 4928 οὐ
3068 4877 3271 4959 γίνεται
3323 4878 3420 4960 λς-

195 4954 675 5030 ἑταῖροι-’βιιιθι-ιιι,
709 4967 926 5030 servato
948 4957 1328 5030 ecclesiastico
1364 4954 1577 5030 calculo
1600 4993 1616 5017 ,
1645 4954 1763 5024 ipsa

193 5023 500 5086 observari.
559 5030 636 5084 lo.
662 5023 740 5072 ⁷-
768 5027 899 5083 Mss.
948 5026 1110 5082 Vind.
1144 5026 1253 5080 ἀπὸ
1297 5023 1552 5095 δευτέρας
1604 5023 1673 5094 μ,
1706 5039 1764 5077 α.

79 5137 84 5142 ε
196 5100 608 5172 καρτεροῦντες.
642 5099 739 5172 CL.

339 5118 608 5172 ερουντες.
642 5118 739 5154 ιλιι.

270 5118 384 5239 ῖξη
414 5168 981 5239 Προρνλαλήσαντες.
1012 5166 1205 5239 Latine
1233 5165 1433 5235 alloqui
1459 5164 1685 5239 dicitur,
1713 5171 1772 5239 et

196 5234 497 5301 αιιοαίιεοζ,
525 5238 754 5294 Exstant
803 5236 1116 5307 hujusmodi
1161 5234 1443 5292 sermones
1494 5234 1662 5288 habiti
1714 5234 1770 5287 in

195 5311 379 5378 vigilia
410 5308 654 5364 Paschaa.
681 5309 824 5363 Cor.

265 5371 384 5449 {38)
427 5380 803 5446 Σταύρωσον.
861 5376 1024 5449 Addit
1059 5376 1218 5449 ‘alter
1261 5373 1384 5428 cod.
1433 5371 1591 5425 Vind.
1637 5380 1764 5428 ante

199 5445 340 5504 hanc
363 5465 553 5504 vocem
581 5445 601 5503 Ξ
635 5450 730 5502 καὶ
760 5449 918 5502 πάλιν
947 5445 1269 5516 ἐπεϐόησαν,
1314 5457 1592 5513 perperam
1615 5451 1670 5496 et
1691 5457 1762 5500 ex

195 5519 407 5574 Joanne
428 5520 613 5588 liquet.
637 5519 734 5572 CL.

268 5589 383 5656 (39)
416 5583 790 5643 Ἐκέλευσεν.
822 5587 885 5642 L.
916 5583 1398 5656 éxéleuoamCor.

268 5590 360 5656 (39
416 5590 790 5643 'Exélevasr.
822 5590 885 5642 L.
916 5590 1226 5641 ἐκέλευσαν,
1261 5590 1398 5637 Cor.

268 5590 891 5780 δόθξίιέρῖῥιέἔιιριάσομαι
917 5659 986 5712 ἐν
1011 5654 1189 5720 αὐτῷ.
1221 5653 1424 5710 Desunt
1445 5650 1498 5704 in
1525 5658 1756 5720 utroque

196 5730 322 5784 eod.
353 5728 513 5782 Vind.
550 5728 649 5783 CL.

1865 4951 2019 5020 τρεία
2069 4950 2172 5020 Ἰῖῆς
2209 4947 2537 5020 ρικονρμίριςς
2579 4947 2610 5018 ἢ
2659 4947 2814 5020 μόνον
2862 4945 3275 5020 mammam
3299 4949 3421 5020 ,τῆς

1919 5014 2172 5091 υριακῆς,
2213 5014 2568 5091 ὂτεᾲνάπολύει
2600 5014 2728 5091 περὶ
2763 5015 2864 5091 τὴν
2905 5014 3010 5066 τῶν
3039 5014 3422 5091 Δἀλεκτρυόνιιὶν

1865 5084 2131 5171 κλάῖγὴνξ
2161 5091 2220 5171 ὲγ
2250 5089 2317 5158 τῇ
2361 5084 2940 5171 Maximum
2968 5084 3420 5171 ἰαἈπενίιγέρεειε

1860 5154 2406 5280 ,μεγᾶλῂηήμέρᾳποῦ
2441 5154 2658 5224 Πάσχα,
2683 5154 2818 5207 Aliis
2840 5171 2957 5236 aera
2985 5156 3042 5250 in
3071 5154 3232 5218 locis,
3252 5154 3419 5237 diuini

1868 5228 2111 5298 Mysten:
2134 5244 2205 5298 ﬁcu
2232 5239 2438 5298 tusuou
2463 5225 2776 5298 celebratur,
2807 5241 2908 5298 illst
2939 5223 3268 5278 solummodo
3290 5227 3419 5298 illu-

1863 5293 2091 5351 ceiceute
2120 5296 2413 5364 Dominica,
2439 5293 2647 5364 quando
2667 5293 2736 5346 ad
2756 5293 3018 5364 gallorum
3041 5304 3253 5346 cantum
3272 5294 3416 5363 jeju-

1861 5369 2007 5422 nium
2037 5367 2273 5427 solvitur,
2298 5366 2354 5416 iu
2382 5363 2790 5418 Resurrectionis
2811 5363 2916 5427 die,
2949 5381 3011 5417 ac
3043 5365 3195 5433 festo,
3223 5381 3416 5434 magna

1858 5438 1943 5490 die
1982 5437 2272 5490 Paschalis.
2303 5434 2375 5487 In.

1927 5507 2036 5578 (42)
2085 5506 2196 5573 Τῆς
2239 5502 2625 5567 ἀναστάσεως
2649 5500 2830 5572 ὑμῶν.
2860 5503 2946 5560 Al.
2987 5501 3170 5573 ἡμῶν,
3203 5509 3259 5557 et
3300 5516 3419 5558 rec-

1853 5575 1980 5632 tius.
2018 5575 2090 5630 lo.

1950 5647 2039 5711 45)
2071 5644 2198 5712 Ζωὴ
2379 5641 2526 5712 Alter
2553 5641 2676 5712 cod,
2711 5643 2804 5695 καὶ
2836 5640 2966 5712 ζωή.
2996 5641 3100 5712 VCL.

1950 5647 2039 5711 45)
2071 5647 2198 5712 Ζωὴ
2228 5647 2344 5695 καί.
2379 5647 2526 5694 Alter
2553 5647 2676 5701 cod.
2711 5647 2804 5695 καὶ
2836 5647 2966 5712 ζωή.
3002 5647 3100 5696 CL.

1926 5647 2036 5785 ίόό)
2080 5714 2246 5785 Μετά
2265 5711 2332 5764 δὲ
2377 5711 2528 5764 ὀκτὼ
2556 5711 2929 5785 ἡμέραςνςξιιε.
2977 5711 3152 5785 Simili
3200 5713 3416 5785 modoa

267 5799 382 5868 μιν
412 5782 847 5868 Προσεκέγκατε
879 5799 986 5868 τὴν
1015 5796 1250 5852 θυσίην.
1287 5793 1619 5866 Epiphanius
1651 5793 1752 5846 sub

1867 5782 2058 5854 Llyrill'o
2107 5787 2162 5842 in
2220 5783 2508 5849 Joannem,
2567 5792 2622 5838 et.
2665 5785 2732 5838 ab
2775 5782 2897 5838 aliis
2943 5783 3212 5855 accipitur
3251 5783 3415 5844 illud.
