3728 6240
985 279 1572 343 CONSTITUTIONES
1602 288 2264 346 APOS‘I’OLICE.-—LIB.
2298 291 2382 346 VI.
2443 301 2446 304 '

3174 295 3277 351 910

154 397 212 444 ιν.
239 389 325 454 Τίς
355 391 388 442 ὀ
427 393 679 459 φυσικὸς
724 399 908 467 νόμος
928 443 943 468 ,
973 403 1068 456 καὶ
1109 405 1199 468 τίς
1225 403 1258 454 ὁ
1291 398 1654 468 ἐπείσακτος,

1755 407 1868 462 XX.
1896 408 2024 472 Qua:
2041 409 2108 462 sit
2135 408 2217 460 lea:
2237 405 2512 469 naturalis,
2540 414 2588 458 et
2615 421 2727 474 qua:
2747 407 3022 471 invectitia,
3051 417 3100 460 et
3122 424 3274 476 quam

208 478 292 530 καὶ
317 479 384 528 δι’
400 478 476 545 ἣν
500 483 695 536 αἰτίαν
721 486 1066 559 ἐπεισήχθη.

149 575 246 624 κε’.
275 570 382 622 Ὀτι
423 572 536 625 ὑπὸ
576 574 754 642 χάριν
799 580 1000 648 ἐσμὲν,
1047 581 1180 635 ἀλλ’
1208 582 1318 648 οὐχ
1362 580 1475 633 ὑπὸ
1521 581 1657 635 δου-

201 659 356 710 λείαν
377 661 478 713 τοῦ
505 662 868 722 ἐπεισάκτου
895 671 1096 738 νόμου,
1113 674 1166 724 οἱ
1191 673 1275 735 εἱς
1301 670 1550 738 Χριστόν
1576 686 1659 724 πι-

200 749 511 816 στεύοντες.

142 837 230 889 κδ’.
261 840 367 891 Ὅτι
393 840 753 912 ἐπείσακτος
782 852 817 901 ό
843 849 940 901 ἐπὶ
977 850 1196 904 θυσιῶν
1230 852 1426 920 νόμος,
1455 850 1525 904 ὃν
1553 866 1655 904 πε-

187 927 357 994 ριεῖλε
383 932 640 998 Χριστὸς
671 941 1161 1007 παραγενόμενος.

137 1024 226 1084 κτα
259 1018 382 1083 Πῶς
425 1023 749 1091 πληρωτὴς
795 1028 895 1080 τοῦ
941 1029 1124 1096 νόμου
1161 1029 1402 1096 γέγονεν
1446 1032 1478 1081 ό
1521 1032 1656 1096 Χρι-

192 1107 347 1173 στός”
375 1110 469 1161 καὶ
496 1112 633 1164 τίνα
674 1117 891 1169 τούτου
917 1118 1208 1183 ἔπαυσεν,
1237 1117 1274 1185 ἣ
1303 1117 1650 1184 ἐνήλλαξεν,

189 1196 224 1262 ἦ
245 1198 572 1266 μετέθηκεν.

133 1285 221 1338 κδ’.
252 1288 361 1345 ’Ότι
402 1289 498 1341 καὶ
537 1291 646 1344 διὰ
697 1294 998 1364 Ῥωμαίων
1037 1297 1362 1363 εὐδόκησεν
1389 1300 1420 1350 ὀ
1447 1298 1654 1365 Κύριος

189 1377 281 1429 τὸν
303 1379 408 1444 τῆς
434 1379 830 1452 δικαιοσύνης
856 1389 1038 1453 νόμον
1063 1387 1511 1440 ἐπιδείκνυσθαι.

131 1469 214 1518 κε’.
251 1467 336 1532 Ὠς
363 1470 504 1534 Θεὸς
529 1473 870 1540 Ἰουδαίους,
891 1476 985 1528 διὰ
1011 1476 1121 1542 τὴν
1145 1479 1229 1540 είς
1253 1476 1499 1542 Χριστὸν
1524 1475 1653 1529 ἀσέ-

189 1558 354 1622 ϐειαν,
384 1561 802 1627 αἰχμαλώτους
845 1564 1264 1632 ποιησάμενος,
1305 1565 1419 1619 ὑπὸ
1469 1567 1651 1633 φόρον

187 1645 557 1714 κατέστησεν.

1776 537 1778 539 ›
1824 498 1884 551 ob
1912 515 2122 551 causam
2147 499 2341 549 int-ecta
2361 496 2479 564 fuit.

1755 586 1893 639 XXI.
1926 585 2074 651 Quod
2103 587 2264 638 simus
2298 585 2390 638 sub
2427 584 2618 652 gratia,
2649 600 2750 636 non
2791 594 2960 638 autem
2989 584 3081 638 sub
3119 585 3275 639 serui-

1821 685 1928 728 tute
1955 675 2076 744 legis
2103 674 2342 737 inductaz,
2375 674 2463 744 qui
2491 673 2544 726 in
2573 672 2834 728 Christum
2862 674 3136 729 credimus.

1753 845 1912 900 XXII.
1945 845 2093 911 Quod
2137 846 2367 920 ascititia
2408 855 2519 899 erat
2565 846 2647 898 lea:
2688 844 2751 898 de
2791 847 3082 915 sacriﬁciis,
3118 864 3273 918 quam

1821 936 2058 989 Christus
2086 937 2355 989 adveniens
2383 936 2611 990 sustulit.

1751 1025 1935 1079 XXIII.
1969 1026 2080 1090 Quo
2106 1025 2255 1078 modo
2291 1024 2528 1077 Christus
2557 1025 2715 1091 fuerit
2751 1024 3003 1092 perfector
3033 1026 3193 1095 legis;
3221 1040 3272 1082 et

1816 1132 2052 1184 quamam
2077 1131 2140 1168 ea:
2167 1131 2228 1167 ea
2265 1114 2558 1178 aboleverit,
2588 1125 2679 1167 aut
2709 1118 2941 1180 mutarit,
2967 1128 3059 1170 aut
3097 1129 3270 1174 trans-

1820 1207 2012 1262 tulerit.

1749 1295 1933 1350 XXIV.
1973 1297 2123 1361 Quod
2161 1297 2355 1363 placuit
2393 1296 2641 1359 Domino,
2680 1298 2834 1350 etiam
2870 1314 2959 1366 per
2988 1297 3266 1365 Romanos,

1817 1388 1972 1455 legem
1992 1389 2212 1455 justitia:
2231 1388 2589 1442 demonstrari.

1748 1475 1908 1530 XXV.
1948 1477 2097 1540 Quod
2137 1477 2272 1529 Deus
2315 1476 2564 1539 Judrcos,
2612 1487 2816 1546 propter
2862 1479 3169 1546 impietatem
3215 1483 3269 1534 in

1817 1567 2098 1630 Christum,
2136 1567 2208 1619 ad
2234 1569 2576 1634 captivitatem
2609 1567 2860 1636 redactos,
2889 1571 3079 1624 tributo
3099 1572 3270 1640 subje—

1815 1659 1957 1712 cerit.

131 1741 230 1797 κς’.
260 1737 368 1790 Ὅτι
394 1738 510 1806 χρὴ
539 1742 789 1809 φεύγειν
811 1742 949 1808 τοὺς
974 1743 1416 1811 αἱρεσιώτας,ὠς
1441 1745 1649 1813 ψυχῶν

1754 1747 1930 1802 XXVI.
1963 1749 2110 1815 Quod
2139 1761 2366 1818 oporteat
2387 1753 2558 1821 lugere
2586 1753 2868 1818 Iucreticos,
2903 1764 2956 1806 ut
2978 1755 3266 1807 animarum

185 1826 436 1893 φθορέας.

131 1912 196 1973 κζ’
209 1953 222 1968 .
247 1917 380 1984 Περὶ
406 1921 922 1988 παρατηρημάτων
959 1923 1278 1976 Ἰουδαϊκῶν
1317 1923 1411 1976 καὶ
1448 1924 1650 1991 Ἐλλη-

185 2022 365 2060 νίκων.

129 2102 219 2160 κη’.
246 2097 376 2164 Περὶ
431 2099 879 2167 παιδερωτίας,
927 2103 1190 2170 μοιχείας
1245 2119 1307 2156 τε
1363 2103 1458 2156 καὶ
1511 2118 1648 2171 πορ-

188 2189 344 2254 τείας.

129 2281 218 2330 κθ.
246 2281 423 2346 Ὅπως
449 2281 564 2349 χρὴ
594 2282 705 2347 τὰς
748 2282 1028 2350 γυναῖκας
1055 2283 1488 2337 ὑποτάσσεσθαι
1524 2281 1646 2349 τοῖς·

187 2369 338 2435 ἰδίοις
360 2371 630 2438 ἀνδράσι,
663 2372 764 2424 καὶ
809 2371 945 2436 τοὺς
984 2371 1198 2439 ἄνδρας
1239 2371 1502 2438 στέργειν
1541 2371 1644 2436 τὰς

186 2458 392 2513 ἑαυτῶν
416 2463 694 2529 γαμετάς.
1105 2484 1109 2488 ·

131 2549 190 2599 2'.
218 2550 323 2600 Ὀτι
361 2551 494 2615 ἔθος
533 2551 834 2615 Ἰουδαίοις
875 2568 938 2604 τε
982 2551 1076 2604 καὶ
1107 2553 1373 2616 Ἕλλησι,
1415 2566 1643 2618 συμπα-

183 2640 536 2707 ρατηρεῖσθοιι
583 2642 692 2705 τὰς
740 2641 996 2708 φυσικὰς
1035 2639 1360 2708 καθάρσεις,
1391 2640 1485 2693 καὶ
1527 2639 1642 2692 τῶν

1812 1839 2109 1906 perditores.

1747 1928 1951 1983 XXVII.
1982 1929 2057 1982 De
2088 1931 2515 1986 observationibus
2538 1931 2773 1988 Judaicis
2804 1952 2863 1986 ac
2896 1936 3127 1990 etlmicis.

1746 2079 1976 2136 XXVIII.
2005 2082 2078 2136 De
2116 2085 2338 2151 nefando
2380 2102 2553 2141 amore
2590 2103 2896 2154 puerorum,
2935 2090 3189 2144 adulterio
3219 2101 3266 2144 et

1815 2173 2172 2238 fornicatione.

1747 2263 1930 2316 XXIX.
1963 2264 2075 2329 Quo
2121 2263 2270 2316 modo
2307 2275 2535 2332 oporteat
2581 2269 2817 2321 mulieres
2863 2269 3117 2338 subjectus
3159 2287 3268 2324 esse

1816 2353 1936 2407 viris
1958 2354 2088 2416 suis,
2125 2363 2173 2406 et
2199 2354 2334 2408 uiros
2355 2355 2568 2425 diligere
2590 2373 2774 2410 uxores
2799 2375 2940 2412 suas.

1746 2547 1907 2602 XXX.
1935 2548 2083 2613 Quod
2103 2548 2301 2602 Judwis
2335 2561 2380 2602 et
2402 2550 2673 2618 gentilibus
2704 2551 3014 2604 consuetudo
3042 2553 3131 2615 sit,
3160 2570 3265 2606 una

1811 2638 2074 2692 observare
2129 2639 2389 2691 naturales
2436 2641 2801 2708 purgationes,
2851 2649 2897 2692 et
2944 2653 3262 2696 mortuorum

189 2730 494 2783 τεθνεώτων
548 2731 622 2784 τὰ
672 2732 932 2798 λείψανα
991 2732 1419 2784 ϐδελύσσεσθαι
1437 2747 1451 2760 ·
1500 2733 1550 2782 Χ
1548 2748 1669 2798 ρι-ι

1805 2729 2048 2797 reliquias
2102 2728 2426 2790 abominari;
2486 2745 2518 2780 a
2579 2727 2888 2782 Christianis
2955 2747 3070 2784 vero
3135 2734 3264 2786 alie-

186 2820 421 2873 στιανῶν
446 2821 514 2873 δὲ
540 2822 877 2888 ἀλλότριον.

428 3042 866 3128 ΒΙΒΛΙΟΝ
917 3045 1305 3128 ΕΚΤΟΝ.

488 3213 673 3263 ΠΕΡΙ
699 3212 956 3264 ΣΧΙΣΜΑ
969 3213 1103 3264 ΤΩΝ
1124 3211 1250 3282 (64).

629 3420 1017 3472 ΚΕΦΑΛΑΙΟΝ
1051 3419 1120 3474 Α’.

134 3528 270 3593 πνες
291 3529 586 3597 σχίσματα
613 3528 803 3605 ποιεῖν
826 3529 1243 3605 τολμήσαντες,
1368 3533 1642 3605 διέφυγον

651 3596 765 3662 τὴν
791 3596 1082 3664 τιμωρίαν.

185 3687 284 3757 Πρὸ
309 3689 517 3741 πάντων
561 3688 928 3755 φυλάσσεσθε,
971 3682 1014 3740 ὦ
1054 3689 1331 3742 ἐπίσκοποι
1371 3691 1500 3763 (65),
1542 3695 1641 3759 τὰς

129 3775 279 3844 δεινὰς
303 3781 389 3832 καὶ
443 3778 686 3848 χαλεπὰς
713 3779 805 3830 καὶ
835 3779 1165 3842 ἀθεωτάτους
1206 3783 1439 3851 αἱρέσεις
1461 3826 1476 3851 ,
1508 3786 1636 3854 φεύ-

1794 2835 1932 2877 num.

2056 3047 2400 3133 LIBER
2474 3047 2955 3134 SEXTUS.

2157 3214 2251 3267 DE
2299 3213 2856 3269 SCHISMATIBUS.

2472 3353 2534 3370 ρο

2227 3423 2442 3479 CAPUT
2484 3423 2767 3477 PRIMUM.

1747 3534 1970 3600 Quinam
1998 3535 2275 3588 schismata
2295 3535 2410 3587 ausi
2429 3535 2615 3615 facere,
2639 3549 2739 3585 non
2766 3531 3048 3600 eﬂ'ugerunt
3069 3531 3263 3598 suppli-

2421 3619 2573 3656 cium.

1807 3695 1943 3750 Ante
1971 3695 2149 3748 omnia
2179 3702 2381 3753 cavete.
2407 3693 2664 3762 epise0pi,
2703 3692 3064 3759 importunas,
3093 3707 3262 3746 saevas

1738 3793 1791 3839 et
1816 3786 2160 3854 impiissimas
2192 3786 2445 3846 haereses,
2477 3791 2528 3836 et
2573 3783 2740 3851 fugite
2775 3797 2866 3836 eas
2889 3782 3058 3835 instar
3085 3783 3224 3851 ignis
3244 3821 3258 3842 .

127 3885 286 3934 γοντες
319 3869 482 3933 αὐτὰς
521 3869 708 3938 ὥσπερ
750 3868 887 3938 πῦρ,
932 3870 1120 3937 φλέγον
1155 3871 1278 3934 τοὺς
1316 3873 1459 3943 αὐτῷ
1503 3876 1637 3948 πλη·
1667 3944 1669 3948 ι

1754 3876 1829 3944 pii
1877 3875 2189 3929 accedentes
2217 3875 2344 3926 urit.
2379 3873 2554 3926 Vitate
2607 3873 2766 3925 etiam
2810 3871 3117 3924 schismata.
3156 3871 3262 3924 Nec

128 3961 394 4024 σιάζοντας.
436 3961 670 4028 Φεύγετε
710 3959 764 4010 δὲ
804 3961 895 4011 καὶ
931 3960 997 4012 τὰ
1039 3962 1326 4030 σχίσματαο
1372 3964 1490 4018 οὔτε
1530 3943 1669 4040 γάρ.

1754 3943 1876 4018 inim
1905 3964 1986 4017 fas
2007 3971 2089 4018 est
2112 3971 2338 4017 mentem
2361 3964 2425 4016 ad
2443 3961 2693 4030 profanas
2715 3961 2943 4015 haereses
2957 3960 3258 4017 declinare:

126 4053 242 4120 πρὸς
274 4054 512 4114 ἀνοσίους
553 4050 790 4121 αἱρέσεις
832 4049 1044 4118 θεμιτὸν
1090 4051 1324 4104 ἐκκλῖναι
1366 4053 1454 4106 τὸν
1493 4057 1632 4125 νοῦν,

123 4142 226 4194 οὔτε
252 4144 348 4195 τῶν
374 4142 761 4213 ὁμογνωμόνων
787 4141 1101 4210 χωρίζεσθαι
1134 4143 1343 4211 θεμιτὸν
1359 4146 1446 4198 διὰ
1460 4149 1638 4221 φιλαρ-
1671 4204 1675 4210 _

123 4221 242 4298 χίάν.
270 4233 443 4286 Ταῦτα
479 4232 588 4302 γὰρ
627 4233 716 4284 καὶ
755 4233 814 4283 τὸ
851 4233 1068 4285 παλαιόν
1109 4251 1249 4298 τινες
1286 4237 1637 4309 τολμήσαντες

124 4321 454 4393 ἐπιχειρῆσαι,
493 4324 552 4374 οὗ
591 4322 837 4389 διέφυγον
870 4323 965 4392 τὴν
1003 4325 1280 4394 τιμωρίαν.
1324 4328 1492 4381 Δαθὰν
1532 4331 1636 4402 γὰρ

124 4416 202 4465 καὶ
238 4414 481 4486 Ἀϐειρὼν
511 4414 906 4483 ἀντιπρόσωποι
946 4414 1217 4483 γενόμενοι
1245 4417 1446 4483 Μωσεί,
1480 4437 1636 4472 κατε-

126 4505 336 4576 πόθησαν
364 4509 441 4568 εἰς
470 4506 570 4574 γῆν
589 4522 602 4534 °
637 4505 779 4573 Κορὲ
799 4504 854 4555 δὲ
886 4505 977 4555 καὶ
994 4505 1042 4555 oI
1074 4505 1185 4573 μετ’
1205 4505 1362 4557 αὐτοῦ
1381 4507 1635 4560 διακόσιοι

122 4601 442 4668 πεντήκοντα,
473 4597 549 4666 τῷ
589 4595 791 4664 Ἀαρὼν
812 4594 918 4663 (66)
947 4594 1427 4661 διαστασιάσαντες,
1467 4599 1634 4668 πυρὸς

122 4689 465 4757 παρανάλωμα
491 4687 760 4754 γεγόνασι.
779 4684 961 4754 Μαρία
975 4684 1030 4735 δὲ
1052 4684 1093 4714 ¹¹
1122 4684 1412 4737 ὀνειδίσασα
1441 4687 1630 4756 Μωσῆ,

123 4774 213 4838 ἔξω
238 4779 329 4848 τῆς
356 4778 694 4848 παρεμϐολῆς
721 4775 990 4845 ἀπεϐλήθη
1027 4773 1163 4826 ἑπτὰ
1191 4775 1411 4843 ἡμέρας.
1446 4778 1633 4845 Ἔλεγε

122 4865 246 4936 γάρ’
280 4886 298 4917 ι
333 4869 451 4920 Ὅτι
483 4870 709 4934 γυναῖκα
734 4865 967 4934 Μωῦσῆς
992 4863 1336 4916 Αἰθιόπισσαν
1365 4865 1570 4919 ἐλαϐεν.
1610 4887 1628 4918 ι

188 4997 225 5027 ¹²
250 4997 404 5069 aha»;
425 4997 786 5069 ὲλληνοκοξτην
806 4996 926 5050 add.
1001 4995 1044 5026 “
1063 4994 1220 5046 Num.
1255 5008 1361 5058 xw,
1387 4995 1473 5049 '51.
1553 4999 1594 5029 "
1625 4998 1794 5069 Ignat.
1825 4999 2070 5069 interpol.
2096 5000 2160 5052 ad
2189 4997 2360 5067 Magn.
2385 4999 2436 5050 3.

128 5061 355 5134 interpol.
380 5068 445 5120 ad
471 5061 648 5142 Magn.
668 5067 720 5119 5.

1740 4070 1909 4123 neque
1938 4054 2060 4107 licet
2087 4068 2116 4106 a
2138 4052 2493 4107 concordibus
2515 4067 2608 4121 per
2631 4051 2971 4104 ambitionem
2997 4052 3256 4118 separari.

1741 4145 1862 4198 llaec
1889 4159 2120 4212 namque
2139 4159 2257 4197 cum
2289 4143 2414 4196 olim
2445 4141 2686 4195 nonnulli
2729 4147 2938 4194 tentare
2965 4139 3082 4193 ausi
3128 4139 3261 4192 fuis-

1739 4243 1877 4300 sent,
1911 4251 2016 4289 non
2036 4235 2331 4302 effugerunt
2361 4232 2703 4302 supplicium.
2745 4230 2952 4284 Dathan
2975 4230 3171 4299 quippe
3207 4242 3284 4282 ρι’

1739 4326 1962 4388 Abiron,
1990 4326 2114 4393 quia
2145 4323 2276 4377 Mosi
2315 4325 2368 4376 in
2400 4339 2461 4377 os
2490 4322 2822 4383 restiterunt,
2869 4321 3104 4388 absorpti
3135 4331 3261 4373 sunt

1739 4424 1892 4470 terra:
1920 4417 2062 4468 hiatu
2093 4416 2134 4446 ¹³
2158 4431 2171 4465 :
2197 4415 2239 4446 ’δ
2259 4412 2394 4468 Core
2419 4421 2594 4467 autem
2618 4421 2669 4466 et
2690 4413 2780 4480 qui
2805 4427 2924 4464 cum
2955 4426 3018 4464 eo
3047 4411 3260 4463 ducenti

1737 4508 2144 4576 quinquaginta,
2175 4506 2298 4574 quia
2323 4513 2510 4558 contra
2541 4505 2804 4556 Aaronem
2843 4501 3080 4554 seditiosi
3103 4502 3263 4554 exsti-

1736 4605 1936 4661 terunt,
1965 4596 2102 4666 ignis
2121 4597 2369 4664 pabulum
2399 4595 2522 4648 facti
2548 4602 2691 4648 sunt.
2718 4592 2781 4646 Et
2811 4591 2974 4644 Maria
3000 4606 3120 4648 eum
3149 4591 3260 4642 Mo-

1737 4703 1847 4742 sem
1899 4696 2152 4756 tanquam
2194 4687 2420 4741 ethnicze
2457 4686 2858 4740 concubitorem
2892 4683 3256 4750 increpasset.

1737 4778 1930 4832 castris
1949 4779 2166 4832 exclusa
2197 4785 2279 4831 est
2299 4794 2393 4846 per
2420 4785 2621 4846 septem
2653 4775 2796 4835 dies:
2839 4773 3046 4826 dixerat
3073 4771 3214 4824 enim
3244 4791 3254 4822 :

1737 4866 1938 4938 Moyses
1963 4883 2173 4920 uxorem
2202 4866 2574 4934 zEthiopissam
2620 4864 2768 4917 duxit
2793 4865 2854 4916 “.
2884 4861 3184 4928 Quinetiam
3218 4860 3260 4889 ¹⁶

2512 4997 2555 5026 ’⁸
2580 4996 2734 5050 Num.
2769 5010 2866 5059 xu,
2895 4993 2945 5046 I.
3020 4990 3061 5020 "
3089 4991 3280 5059 Iguat.,

1398 5206 1774 5292 unionqu
1792 5215 2016 5271 NOT/E.

199 5330 297 5397 (64)
325 5331 459 5398 Περὶ
485 5347 629 5398 σχισ
670 5317 1530 5391 άτωνᾸηυιτοᾳυεοοᾶΝἰηᾱ.εἰς
1543 5343 1640 5380 ex-

199 5399 365 5451 imitur
391 5400 552 5451 huius
589 5349 708 5451 libri
742 5401 1101 5451 argumentum
1132 5404 1144 5436 :
1179 5387 1264 5437 Ἐν
1289 5380 1330 5450 ᾧ
1357 5391 1483 5450 περὶ
1521 5410 1638 5451 cm-

139 5391 365 5462 primitur
391 5391 562 5462 hujus
589 5391 708 5451 libri
742 5401 1101 5466 argumentum
1132 5404 1153 5468 ε⁹
1179 5391 1264 5437 Ἐν
1289 5391 1330 5468 (ξε
1357 5391 1483 5450 περὶ
1521 5410 1638 5462 σχι..

141 5466 354 5542 cubum),
378 5467 468 5542 καὶ
494 5465 720 5542 ὄτιᾌοῦτε
734 5464 981 5542 βασιλεία,
1004 5458 1396 5542 οὗτεἏιερωισυνῖι
1415 5455 1637 5542 μιτὸν

142 5521 519 5595 ἐπανίστασθαι,
579 5533 708 5602 βαρὺ
734 5521 840 5601 λίὰρ
872 5521 1021 5597 cmico.
1045 5523 1135 5578 καὶ
1173 5521 1430 5591 μεγίστης
1458 5521 1635 5596 ’ξιμω-

142 5600 244 5663 ρξας
265 5602 415 5667 ἄξιον.
438 5601 598 5655 Cum.

141 5615 244 5663 ριας
265 5615 415 5663 ἀξιον.
438 5615 598 5655 Lua.

1765 5345 1770 5350 '
1968 5327 2359 5410 noscicdco‘vc.
2385 5327 2716 5410 _‘A_0£plfou¢,
2762 5333 2987 5395 uterque
3009 5323 3176 5377 codex
3207 5330 3292 5396 et.

1739 5395 1949 5466 quidem
1980 5398 2186 5466 melius.
2207 5401 2276 5466 _ut
2312 5395 2541 5466 ridetur.
2579 5396 2650 5450 In.

1755 5460 1770 5466 ’
1809 5467 1921 5587 (66)I
1963 5463 2284 5530 ΤῷἈαρὼν.
2319 5462 2475 5519 Deest
2502 5463 2555 5518 in
2603 5465 2786 5520 codice
2814 5460 3045 5518 Vindob.
3077 5474 3264 5529 perpe-

1737 5550 1870 5588 ram.
1925 5551 1976 5590 υ.
