3828 6348
186 288 295 342 913

626 410 631 417 ·
731 399 1127 454 ΚΕΦΛΛΔΙΟΝ
1164 402 1238 454 Γ’.

189 488 327 558 Περὶ
357 486 468 557 τῆς
492 490 792 556 Μωῦσέως
807 489 1042 558 ἀρετῆς,
1064 491 1159 544 καὶ
1178 493 1456 558 ἀπιστίας
1477 493 1594 547 τῶν
1633 496 1767 547 Ἰου-

292 558 442 632 αίων
468 560 701 632 ξθνοιις,
732 560 831 613 καὶ
856 560 940 614 ὧν
976 565 1009 615 ό
1057 562 1199 627 Θεὸς
1244 563 1768 632 ἐθαυματούργνησε

250 628 334 682 δι’
348 627 547 683 αὐτῶν
575 629 643 681 ³⁸.

258 719 369 773 Καὶ
398 719 770 791 ἐπανέστησαν
801 720 990 774 Μωσεῖ
1021 721 1098 793 τῷ
1137 722 1231 775 τοῦ
1261 721 1395 775 Θεοῦ
1439 722 1764 795 θεράποντι,

183 811 262 884 τῷ
291 811 444 883 παρὰ
475 812 682 875 πάντας
711 812 1020 883 πραοτάτῳ,
1052 815 1146 867 καὶ
1187 814 1392 886 πιστῷ,
1433 815 1527 869 καὶ
1570 816 1768 888 ἠτίμη-

184 921 287 957 σαν
317 904 429 974 (75)
459 904 549 957 τὸν
579 904 892 975 τηλικοῦτον
919 905 1086 976 ἄνδρα
1115 908 1162 959 oi
1191 907 1604 978 ἀχαριστότατοι
1628 926 1641 937 ·
1676 910 1766 962 τὸν

179 995 501 1067 νομοθέτην,
533 994 623 1047 τὸν
679 994 915 1063 φύλακα,
962 994 1053 1050 τὸν
1084 997 1343 1069 ἀρχιερέα
1375 1001 1467 1051 καὶ
1501 999 1723 1070 βασιλέα
1748 1042 1763 1066 ,

182 1092 275 1143 τὸν
309 1089 517 1160 μύστην
562 1087 671 1141 τῶν
718 1087 897 1155 θείων,
940 1087 1031 1141 τὸν
1061 1088 1136 1151 ὡς
1178 1088 1505 1160 δημιουργὸν
1546 1090 1644 1154 τὰς
1671 1090 1766 1143 τοῦ

180 1179 518 1252 δημιουργοῦ
544 1178 954 1250 ἐπιδειξάμενον
983 1180 1262 1250 ἐνεργείας
1281 1198 1293 1209 ·
1323 1181 1413 1233 τὸν
1436 1182 1762 1252 πραότατον,

184 1272 276 1324 τὸν
297 1269 659 1339 ἀτυφότατονδ
698 1270 787 1323 τὸν
818 1271 1164 1342 καρτερικὸν,
1195 1272 1285 1325 τὸν
1315 1272 1763 1344 φιλανθρωπότα-

182 1380 308 1415 τον·
353 1362 442 1415 τὸν
471 1361 681 1415 πολλῶν
708 1361 967 1415 κινδύνων
999 1363 1194 1426 αὐτοὺς
1222 1365 1624 1433 ἀπαλλάξαντα,
1668 1366 1762 1419 καλ⁸

180 1454 456 1525 διαφόρων
484 1453 732 1506 θανάτων
746 1454 945 1517 αὐτοὺς
967 1455 1288 1527 ῥυσάμενον,
1329 1460 1396 1527 τῇ
1429 1460 1555 1528 παρ’
1574 1458 1765 1511 ἑαυτοῦ

180 1548 423 1617 ὁσιότητι
441 1563 455 1577 ο
486 1546 577 1599 τὸν
609 1545 845 1599 τοσαῦτα
873 1547 1025 1619 παρά
1051 1547 1184 1600 Θεοῦ
1216 1552 1416 1620 σημεῖα
1445 1551 1538 1603 καὶ
1564 1550 1767 1621 τέρατα

182 1639 264 1709 τῷ
301 1639 413 1710 λαῷ
456 1640 829 1710 πεποιηκότα’
868 1640 959 1693 τὸν
999 1640 1067 1693 τά
1108 1639 1291 1705 ἔνδοξα
1338 1643 1432 1695 καὶ
1478 1642 1767 1713 θαυμαστά

1067 283 1668 344 CONSTlT-UTIONES
1701 285 2376 342 APOSTOLlC.E.—-LIB.
2415 288 2502 343 Vl.
2562 330 2567 341 .

3302 342 3307 355 ,
3322 293 3359 346 9
3373 292 3430 363 tt

2467 401 2697 457 CAPUT
2740 401 2825 457 lil.

1868 490 1943 543 De
1968 491 2153 569 virtute
2176 491 2396 569 oysis.
2425 504 2476 549 et
2506 493 2567 548 de
2586 494 2895 569 inﬁdelitate
2914 498 3079 569 gentis
3099 497 3360 569 Judaicw,
3384 516 3435 558 et

2041 562 2104 614 de
2132 563 2403 617 miraculis
2432 580 2548 634 qua:
2588 563 2729 618 Deus
2752 581 2842 632 per
2874 562 3025 620 illum
3062 568 3250 624 edidit.

1937 713 2004 767 Et
2029 716 2428 773 rebellaverunt
2448 718 2711 776 adversus
2730 720 2931 789 Mosem
2964 723 3059 778 Dei
3080 724 3342 783 famulum
3364 732 3433 795 “,

1868 808 2113 861 omnium
2144 810 2647 865 mansuetissimum
2676 812 2973 879 hominem,
3007 832 3071 871 ac
3100 816 3311 875 ﬁdelem
3332 860 3349 887 ,
3380 831 3439 878 et

1869 899 2226 971 ingratissimi
2282 911 2492 957 tantum
2527 903 2705 957 virum
2738 905 3191 975 inhonestarunt;
3222 910 3442 981 legisla-

1864 1000 2063 1057 torem,
2090 993 2395 1058 custodem,
2415 995 2727 1064 pontiﬁcem
2752 1009 2817 1051 ac
2843 1014 3047 1068 regem,
3084 1000 3437 1073 interpretem

1866 1083 2181 1139 divinorum
2208 1086 2589 1155 mysteriorum
2613 1104 2627 1153 ;
2653 1088 2706 1141 in
2730 1088 2950 1142 modum
2968 1092 3292 1157 conditoris,
3311 1109 3442 1164 ope-

1867 1193 1986 1231 rum
2016 1175 2295 1233 Creatoris
2324 1185 2779 1247 monstratorem;
2808 1180 3180 1248 mitissimum,
3216 1184 3441 1242 minime

1869 1268 2251 1334 ambitiosum,
2288 1270 2605 1339 patientem,
2665 1271 3157 1342 humanissimum;
3215 1278 3309 1346 qui
3339 1292 3437 1333 eos

1868 1362 2054 1415 multis
2084 1360 2343 1429 periculis
2366 1361 2713 1426 liberaverat,
2744 1372 2798 1417 et
2819 1379 2885 1418 ex
2914 1365 3204 1434 multiplici
3251 1370 3443 1425 mortis

1868 1466 2065 1520 genere
2086 1451 2362 1520 eripuerat
2392 1453 2679 1507 sanctitate
2709 1467 2841 1521 sua;
2862 1456 2955 1524 qui
2974 1462 3054 1509 tot
3082 1456 3264 1511 divina
3290 1458 3441 1526 signa

1866 1551 1920 1597 et
1942 1543 2189 1613 prodigia
2225 1544 2426 1612 populo
2457 1544 2731 1609 ediderat;
2770 1547 2860 1615 qui
2895 1548 3154 1617 praaclara
3191 1557 3243 1603 et
3277 1551 3443 1603 mira-

1868 1634 1996 1688 bilia
2040 1649 2206 1705 Opera
2254 1634 2309 1688 in
2343 1650 2532 1688 eorum
2562 1636 2882 1691 beneficium
2920 1653 2983 1692 ac
3012 1640 3439 1697 emolumentum

184 1731 323 1801 ἔργα
342 1733 423 1794 είς
450 1729 768 1801 εὐεργεσίαν
796 1730 973 1784 αὐτῶν
1000 1731 1317 1785 τετελεκότα
1337 1749 1348 1762 ·
1380 1732 1468 1785 τὸν
1499 1734 1583 1785 ἐπ’
1600 1734 1765 1800 Αἰγυ-

1869 1727 2209 1795 perfecerat;
2260 1728 2354 1797 qui
2386 1726 2658 1798 Egyptiis
2690 1729 2877 1785 decem
2912 1732 3032 1787 illas
3076 1732 3263 1802 plagas
3291 1734 3439 1789 intu-

184 1840 257 1874 πτ
266 1822 375 1884 ἱους
385 1821 624 1893 δεκάπλη
630 1839 722 1891 γον
735 1821 1132 1893 πεπληρωκότα
1151 1822 1375 1893 (74),τὸν
1390 1823 1485 1895 τὴν
1500 1822 1555 1876 Ἐ
1563 1823 1660 1893 ρυθ
1668 1826 1765 1894 ράν

182 1913 462 1967 θάλασσαν
506 1913 824 1987 διῃρηκότα,
869 1913 963 1967 καὶ
990 1914 1066 1976 ὼς
1092 1916 1269 1984 τεῖχος
1309 1913 1377 1967 τὰ
1405 1914 1572 1968 ῦδατα
1617 1914 1766 1967 ἔνθεν

183 2008 283 2060 καὶ
312 2005 461 2057 ἐνθεν
488 2005 882 2075 διαστήσαντα,
935 2005 1029 2059 καὶ
1058 2006 1133 2069 ὡς
1163 2006 1341 2078 δι’ἐρή
1351 2024 1452 2076 μου
1473 2006 1641 2079 ξηρᾶς
1676 2007 1766 2059 τὸν

184 2098 313 2153 λαὸν
332 2096 623 2166 ἀγηοχότα,
655 2097 747 2149 καί⁸
778 2096 1069 2166 βυθίσαντα
1095 2096 1295 2169 Φαραὼ
1324 2099 1418 2151 καὶ
1452 2101 1578 2163 τοὺς
1604 2102 1767 2168 Αἰγυ-

182 2188 377 2251 πτίους
403 2188 500 2240 καὶ
528 2187 735 2251 πάντας
765 2188 890 2251 τοὺς
918 2189 1051 2259 παρ’
1068 2188 1247 2241 αὐτῶν
1279 2192 1394 2258 μετ’
1413 2190 1589 2243 αὐτῶν
1620 2189 1730 2261 (75)
1747 2207 1760 2220 ·

178 2280 276 2331 τὸν
303 2278 645 2348 γλυκάναντα
676 2278 856 2349 πηγὴν
896 2279 1077 2341 αὐτοῖς
1104 2278 1193 2331 διὰ
1224 2278 1411 2345 ξύλου,
1452 2283 1546 2334 καὶ
1573 2283 1636 2333 ὲκ
1667 2280 1764 2333 ιιιεέ⁴

181 2388 322 2442 τρας
350 2370 657 2442 ἀκροτόμου
681 2371 862 2432 αύτοίς
885 2370 1269 2440 προαγαγόντα
1286 2370 1428 2442 ῦδωρ
1440 2372 1650 2442 διψῶσι·
1674 2371 1763 2424 τὸν

185 2462 246 2525 ἐξ
266 2461 493 2532 ούρανοῦ
514 2460 976 2531 μαννοδοτήσαντα
1004 2461 1204 2527 αὐτοῖς,
1226 2462 1319 2514 καὶ
1340 2461 1398 2528 ἐξ
1417 2464 1576 2535 ἀέρος
1594 2480 1765 2534 κρεω-

183 2550 492 2623 λογήσαντα
513 2554 557 2585 ³⁸
576 2571 591 2584 ο
622 2553 711 2606 τὸν
734 2552 922 2607 στῦλον
938 2554 1109 2625 πυρὸς
1128 2555 1186 2606 ὲν
1210 2555 1364 2607 νυκτὶ
1390 2556 1468 2617 είς
1487 2553 1763 2625 φωτισμὸν

184 2644 283 2698 καὶ
296 2644 518 2715 ὁὸηγίαν
532 2644 900 2716 παρεχόμενον
919 2646 1119 2711 αὐτοῖς,
1139 2645 1232 2699 καὶ
1246 2644 1435 2699 στῦλον
1450 2647 1675 2718 νεφέλης
1685 2646 1765 2709 εἰς

186 2736 680 2807 σκιασμὸνὴμέρας
706 2735 793 2789 διὰ
811 2736 903 2789 τὸν
933 2735 992 2800 ἐξ
1019 2736 1168 2807 ἡλίου
1186 2738 1446 2808 φλογμὸν·
1480 2737 1570 2790 τὸν
1598 2739 1762 2808 νόμον

183 2827 320 2880 Θεοῦ
334 2830 399 2881 ὲκ
421 2829 684 2899 στόματος
702 2830 794 2882 καί
806 2830 987 2901 χειρὸς
1015 2831 1109 2883 καὶ
1121 2830 1335 2902 γραφῆς
1349 2829 1480 2883 Θεοῦ
1512 2832 1571 2884 ὲν
1601 2829 1763 2897 πλαξὶ

182 2918 413 2982 λιθίναις
442 2919 845 2991 κεκολαμμένον
862 2922 1272 2992 παρασχόμενον
1295 2923 1495 2989 αὐτοῖς,
1555 2924 1758 2978 τελείου

181 3008 419 3081 ἀριθμοῦ
450 3012 772 3080 Δεκάλογον·
816 3006 860 3080 ᾧ
885 3016 913 3067 ὁ
936 3013 1067 3077 Θεὸς
1088 3012 1316 3078 ὲνώπιος
1343 3014 1559 3087 ὲνωπίῳ
1585 3017 1762 3086 ὁμιλεί

1869 1817 2038 1884 lerat;
2071 1818 2165 1887 qui
2196 1832 2346 1873 mare
2365 1816 2615 1873 Rubrum
2658 1820 2952 1888 diviserat,
2984 1832 3037 1877 et
3076 1822 3249 1878 instar
3295 1827 3439 1879 muri

1869 1922 2040 1977 aquas
2062 1908 2192 1963 hinc
2226 1908 2354 1964 inde
2385 1909 2735 1977 distraxerat,
2762 1920 2815 1968 et
2851 1914 3109 1983 populum
3136 1930 3232 1984 per
3264 1916 3440 1971 undas

1866 1999 2021 2069 quasi
2050 2016 2146 2069 per
2171 2000 2522 2056 solitudinem
2547 2002 2747 2057 siccam
2769 2004 3085 2070 duxerat,et
3101 2004 3440 2061 Pharaonem

1867 2105 1930 2143 ac
1959 2089 2247 2162 Egyptios
2269 2099 2632 2164 cazteramque
2653 2095 2870 2149 turbam
2889 2110 2995 2149 una
3024 2096 3438 2167 demerserat”;

1866 2182 1957 2251 qui
1990 2198 2086 2252 per
2109 2183 2317 2253 lignum
2350 2184 2430 2240 eis
2454 2183 2657 2241 fontem
2682 2186 2993 2241 reddiderat
3024 2188 3259 2251 dulcem,
3292 2202 3345 2243 et
3373 2205 3441 2244 ex

1866 2280 2015 2342 petra
2038 2273 2175 2327 dura
2209 2274 2520 2331 sitientibus
2549 2277 2809 2332 elicuerat
2836 2294 3031 2348 aquam
3060 2279 3147 2347 ³⁹;
3179 2280 3271 2351 qui
3306 2282 3440 2352 ipsis

1866 2380 2121 2417 mannam
2152 2380 2182 2421 e
2214 2366 2355 2419 caelo
2379 2365 2624 2431 dederat,
2650 2375 2703 2421 et
2727 2383 2793 2422 ex
2821 2384 2945 2424 aere
2970 2384 3165 2426 carnes
3198 2373 3438 2442 college-

1863 2456 2027 2522 rat";
2048 2457 2138 2526 qui
2158 2457 2427 2513 tribuerat
2449 2458 2557 2514 illis
2587 2458 2655 2515 de
2679 2467 2841 2515 nocte
2876 2460 3182 2515 columnam
3213 2463 3355 2533 ignis
3373 2464 3439 2533 ³⁸,

1864 2546 1919 2599 in
1942 2548 2395 2603 illuminationem
2423 2564 2486 2603 ac
2516 2548 2923 2615 deductionem,
2954 2560 3008 2608 et
3031 2552 3098 2607 de
3119 2553 3206 2608 die
3229 2555 3442 2609 colum-

1863 2653 1987 2695 nam
2019 2638 2205 2703 nubis,
2252 2640 2303 2693 in
2359 2638 2737 2694 umbraculum
2784 2641 3045 2699 adversus
3091 2644 3223 2699 solis
3279 2646 3441 2701 ardo-

1862 2747 1975 2785 rem
2001 2731 2083 2799 ";
2108 2731 2201 2800 qui
2232 2732 2401 2802 legem
2437 2731 2532 2787 Dei
2560 2748 2627 2787 ex
2660 2747 2754 2789 ore
2800 2740 2854 2789 et
2882 2749 3046 2788 manu
3071 2744 3127 2790 et
3164 2737 3439 2808 scriptura

1862 2820 1955 2877 Dei
1980 2823 2034 2877 in
2060 2824 2259 2879 tabulis
2292 2824 2518 2894 lapideis
2542 2826 2812 2896 sculptam
2842 2826 2923 2882 eis
2958 2828 3285 2897 pratbuerat,
3316 2846 3433 2901 per-

1861 2913 1985 2970 fecti
2016 2917 2231 2971 numeri
2261 2915 2590 2989 Decalogum
2610 2918 2659 2951 ³⁸
2690 2934 2702 2971 :
2745 2933 2869 2973 cum
2896 2935 3004 2990 quo
3035 2919 3177 2975 Deus
3208 2921 3347 2978 facie
3369 2924 3439 2979 ad

1861 3006 2055 3063 faciem
2093 3009 2532 3079 colloquebatur,
2586 3010 2733 3065 sicut
2785 3011 2982 3082 aliquis
3032 3013 3346 3083 loqueretur
3370 3015 3439 3069 ad

181 3100 504 3175 (Ῑ.ὠμξλει],
527 3104 655 3156 ὡσεί
683 3122 768 3167 τις
794 3105 1023 3177 λαλῆσαι
1052 3106 1189 3178 πρὸς
1218 3106 1411 3161 ἑαυτοῦ
1429 3108 1599 3177 φίλον⁸
1628 3112 1757 3182 περὶ

1868 3101 2093 3155 amicum
2127 3118 2285 3157 suum
2318 3102 2477 3169 ”;ac
2503 3102 2569 3158 de
2590 3118 2698 3172 quo
2727 3102 2861 3158 dixit
2895 3123 2906 3158 :
2932 3123 2950 3155 ι
2976 3102 3042 3158 Ει
3070 3120 3179 3158 non
3200 3106 3441 3161 surrexit

181 3188 242 3245 οὗ
255 3189 425 3245 εἶπεν·
439 3214 457 3245 ‹
470 3196 578 3248 Καὶ
594 3196 691 3248 οὐκ
700 3196 898 3268 ἀνέστη
915 3200 1165 3269 προφήτη
1176 3217 1203 3262 ς
1221 3200 1296 3262 ὡς
1309 3200 1531 3271 Μωσῆς.
1548 3221 1565 3252 ι
1575 3201 1759 3273 Τούτῳ

184 3284 560 3355 ἐπανέστησαν
588 3288 636 3338 οἱ
666 3290 922 3358 Κορεῖται
946 3290 1041 3342 καὶ
1061 3290 1109 3343 οἱ
1138 3290 1478 3361 Ῥουὸηνίται
1498 3294 1672 3357 ⁸⁸,καὶ
1691 3293 1761 3346 λί-

179 3373 310 3438 θους
333 3375 555 3429 ἔϐαλλον
569 3379 708 3430 κατά
720 3379 811 3431 τοῦ
826 3380 1070 3443 Μωσέως
1083 3381 1194 3453 (76)
1210 3386 1646 3455 προσευχομένου
1666 3388 1760 3441 καὶ

181 3464 452 3532 λὲγοντος·
490 3487 508 3517 ι
539 3469 628 3540 Μὴ
656 3470 899 3542 πρόσχῃς
930 3473 1009 3535 εἰς
1032 3472 1129 3543 τὴν
1164 3473 1352 3527 θυσίαν
1386 3476 1582 3530 αὐτῶν.
1616 3498 1634 3529 ι
1653 3480 1761 3532 Καὶ

182 3557 407 3625 ὀφθεῖσα
435 3560 468 3628 ἡ
494 3559 621 3624 δόξα
638 3561 731 3614 τοῦ
771 3562 1066 3628 Θεοῦ,τοὺς
1090 3564 1187 3633 μὲν
1200 3566 1278 3627 είς
1304 3565 1407 3636 γῆν
1428 3569 1757 3639 κατήνεγκε,

183 3648 307 3710 τοὺς
329 3649 388 3701 δὲ
413 3651 546 3720 πυρὶ
574 3652 868 3720 κατέφλεξε
886 3670 899 3682 ⁸
923 3654 1016 3707 καὶ
1048 3653 1190 3707 οὕτω
1219 3657 1345 3720 τοὺς
1361 3658 1636 3729 ἀρχηγοὺς
1665 3661 1762 3731 τῆς

185 3739 394 3811 πλάνης
420 3740 515 3793 τοῦ
550 3743 846 3813 σχίσματος
865 3786 881 3811 ,
920 3745 1210 3815 λέγοντας’
1253 3766 1271 3799 ‹
1303 3747 1491 3818 Δῶμεν
1520 3750 1761 3821 ἀρχηγὸν

185 3830 415 3895 ἐειυτοῖς⁵
458 3851 476 3882 ι
512 3833 721 3902 ἤνοιξεν
757 3836 789 3906 ή
821 3836 891 3907 γῆ
919 3836 981 3889 τὸ
1003 3838 1176 3909 στόμα
1205 3839 1374 3911 αὐτῆς
1395 3843 1487 3894 καὶ
1504 3843 1762 3897 κατέπιεν

186 3923 401 3989 αὐτοὺς,
425 3925 519 3977 καὶ
551 3923 649 3988 τάς
690 3926 895 3998 σκηνάς
935 3929 1134 3995 αὐτῶν,
1173 3931 1266 3984 καλ⁵
1306 3933 1404 4004 τὴν
1449 3934 1760 4007 ἀποσκευὴν

186 4014 382 4079 αὐτῶν,
406 4016 499 4068 καὶ
528 4017 792 4088 κατῆλθον
822 4020 902 4084 είς
930 4019 1059 4091 ᾅδου
1089 4020 1315 4086 ζῶντες·
1339 4025 1465 4088 τοὺς
1492 4024 1549 4079 δὲ
1578 4028 1765 4098 Κορεί-

184 4122 280 4169 τας
298 4106 552 4160 ἀπώλεσε
580 4108 669 4162 διὰ
687 4111 876 4183 πυρός.

730 4226 951 4280 ΚΕΦΑΛ
960 4228 1125 4282 ΑΙΟΝ
1162 4231 1236 4283 Δ’.

189 4308 304 4364 Ὅτι
320 4312 651 4394 ἀποσχίζεέ,
666 4318 776 4394 οὐχ
793 4320 825 4371 ὀ
844 4318 961 4394 (dir
971 4320 1209 4394 ἀσεϐῶνζ
1213 4319 1613 4392 χωριζόμενος,
1627 4325 1765 4380 ἀλλ’

507 4388 541 4438 d
564 4388 681 4439 τῶν
708 4389 972 4441 εὐσεϐῶν
992 4388 1410 4459 ἀφιστάμενος.

252 4472 315 4526 EE
336 4470 430 4527 οῦν
459 4478 574 4539 τοῖς
599 4476 687 4530 διὰ
716 4478 1004 4551 φιλαρχίαν
1033 4481 1415 4553 ἀποσχίσασιν,
1445 4485 1759 4555 παραυτίκα

181 4561 312 4626 Θεὸς
366 4565 615 4637 ἐπήγαγε
673 4569 771 4641 τὴν
823 4570 1093 4643 τιμωρίαν
1118 4614 1133 4639 ,
1189 4575 1346 4645 πόσῳ
1395 4576 1592 4647 μᾶλλον
1647 4579 1760 4640 τοῖς

180 4653 448 4723 αἱρέσεων
474 4658 684 4713 ἀσεϐῶν
730 4660 1240 4733 καθηγησαμένοιςς
1273 4665 1347 4718 Ού
1395 4667 1759 4739 σφοδροτέραν

180 4744 375 4810 ἐπάξει
400 4749 501 4819 τὴν
527 4750 668 4804 τίσιν
698 4751 1106 4825 βλασφημοῦσιν
1125 4756 1287 4809 αὐτοῦ
1309 4758 1565 4828 πρόνοιαν
1593 4758 1626 4829 ἢ
1659 4759 1758 4829 τὴν

254 4927 301 4959 ³⁸
328 4928 400 5002 al.
430 4931 496 5002 δι’
539 4933 720 4987 αὐτόν.
798 4935 839 4967 ³¹
860 4934 1022 4990 Num.
1042 4951 1142 5002 xu,
1173 4937 1228 4989 5.
1304 4936 1348 4967 ³³
1372 4934 1541 4990 Exod.
1569 4950 1669 5000 vn,
1700 4936 1752 4991 8.

1868 4938 1872 4965 '
1904 4933 2075 4987 Exod.
2126 4950 2214 4998 xv,
2246 4933 2337 4988 ‘25.

183 4998 273 5051 14.
351 4998 394 5029 ³⁸
415 5000 485 5055 al.
519 5004 981 5075 κρεωδοτήσαντα,
1031 4998 1212 5060 ςίοέι
1249 5005 1385 5060 alter
1426 5006 1551 5060 cod.
1592 4998 1753 5062 Vind.

183 5083 396 5126 XXIIII.
460 5074 545 5126 ll.
649 5073 693 5104 ⁸ο
728 5074 880 5126 Deut.
933 5090 1121 5126 xulv.
1161 5076 1248 5126 ~10.
1323 5076 1458 5126 “al.
1505 5075 1753 5126 Ῥουὸηλῖ

178 5083 362 5121 ιιιιιι
381 5108 396 5130 ,
460 5083 545 5126 ιι.

183 5152 308 5203 xw,
334 5139 389 5194 4.

649 5073 693 5104 ⁸ο
728 5072 880 5130 Deut.
933 5090 1121 5141 ιχιιν,
1161 5076 1248 5130 10.
1323 5076 1458 5129 “al.
1505 5075 1779 5147 Ῥουὸηλῖτ

1868 5115 1872 5129 .
1933 5077 1976 5107 δ’
2012 5072 2172 5127 Num.
2227 5091 2333 5136 xiv,
2390 5075 2474 5128 ll).

1859 3193 2122 3263 pmpbeta
2147 3193 2289 3248 sicut
2317 3192 2567 3249 Moses“.
2591 3214 2609 3246 ι
2647 3195 2922 3253 Adversus
2953 3197 3099 3251 hunc
3130 3197 3440 3254 insurrexev

1858 3292 1988 3338 runt
2025 3284 2229 3339 Coritze
2270 3293 2325 3340 et
2373 3284 2692 3354 Rubenitze;
2739 3294 2793 3341 et
2845 3288 3051 3357 lapides
3097 3287 3349 3359 iecerunt
3381 3290 3437 3345 in

1862 3375 2125 3431 Mosen)"
2155 3385 2398 3431 orantem
2430 3393 2493 3432 ac
2515 3378 2819 3434 dicentem:
2849 3398 2865 3429 ι
2887 3378 2962 3433 Ne
2983 3381 3229 3435 attendas
3255 3382 3321 3435 ad
3352 3398 3441 3438 sa-

1860 3469 2124 3524 crificium
2169 3470 2419 3524 eorum“
2449 3489 2467 3521 ι
2512 3487 2524 3522 :
2569 3479 2622 3526 et
2672 3472 2842 3543 gloria
2886 3472 2978 3527 Dei
3020 3488 3140 3543 quae
3167 3476 3435 3545 apparuit,

1861 3562 1998 3616 alios
2026 3562 2246 3630 quidem
2277 3562 2331 3615 in
2361 3569 2563 3616 terram
2601 3563 2808 3628 intulit,
2843 3564 2983 3619 alios
3012 3581 3140 3619 vero
3164 3566 3284 3636 igne
3297 3580 3431 3621 con-

1862 3653 2095 3723 sumpsit
2130 3672 2142 3707 :
2193 3660 2356 3725 atque
2405 3653 2479 3707 ita
2509 3654 2718 3710 erroris
2751 3655 3090 3712 schismatici
3144 3657 3436 3727 magistros

1862 3757 1926 3798 ac
1952 3743 2335 3815 dttctorus,qui
2363 3745 2609 3800 dixerant
2637 3763 2649 3797 :
2683 3765 2701 3799 ι
2727 3745 3134 3804 Constituamus
3157 3749 3311 3803 nobis
3333 3751 3431 3803 du-

1865 3850 1980 3889 cem
1997 3836 2046 3868 “
2068 3878 2082 3903 ,
2106 3855 2124 3888 ι
2155 3843 2322 3900 terra,
2356 3844 2544 3906 aperto
2574 3838 2697 3892 sinu
2727 3854 2828 3893 suo
2850 3838 3148 3901 devoravit,
3182 3855 3285 3892 una
3307 3856 3429 3893 cum

1865 3924 2237 3982 tabernaculis
2284 3942 2348 3982 ac
2396 3929 2732 3999 supellectile
2760 3945 2973 3994 eorum,
3002 3929 3432 3986 descenderunt—

1864 4034 1969 4088 que
1999 4019 2055 4073 in
2084 4018 2358 4075 infernum
2386 4019 2495 4074 vivi
2522 4039 2535 4075 :
2568 4018 2786 4077 Coritas
2816 4036 2944 4077 vero
2966 4037 3064 4091 per
3089 4022 3265 4093 ignem
3289 4022 3431 4079 Deus

1864 4123 2083 4178 pessum
2102 4110 2270 4167 dedit.

2458 4223 2687 4281 CAPUT
2729 4224 2817 4280 ιν.

1866 4315 2019 4382 Quod
2040 4317 2267 4372 schisma
2293 4318 2443 4386 facit,
2471 4333 2574 4371 non
2600 4317 2688 4389 qui
2715 4329 2925 4389 separat
2950 4335 3004 4373 se
3036 4318 3100 4373 ab
3123 4321 3317 4389 impiis,
3341 4322 3430 4376 sed

2375 4389 2462 4456 qui
2493 4406 2523 4440 α
2556 4387 2655 4457 piis
2686 4386 2938 4443 abscedit.

1937 4478 1994 4533 Si
2025 4495 2155 4550 ergo
2200 4480 2436 4536 schisma
2498 4494 2593 4549 per
2643 4478 2991 4534 ambitionem
3042 4479 3428 4546 conflantibus,

1866 4570 2008 4626 Deus
2035 4571 2323 4626 confestim
2365 4571 2694 4641 supplicium
2751 4572 2967 4638 intulit;
3022 4582 3226 4642 quanto
3259 4575 3431 4643 magis

1867 4663 2152 4718 haeresium
2185 4664 2473 4733 impiarum
2519 4662 2871 4718 auctoribus?
2905 4663 3093 4719 Nonne
3138 4665 3431 4719 vehemenv

1864 4756 2057 4810 liorem
2090 4756 2308 4810 inducet
2338 4754 2637 4810 vindictam
2679 4756 2733 4810 in
2762 4770 2857 4811 eos
2904 4755 2996 4825 qui
3029 4754 3428 4825 providentiam

2441 4935 2484 4965 3‘
2510 4932 2677 4986 Exod.
2728 4947 2839 4995 Χγι,
2888 4933 2940 4985 ι.
3017 4934 3061 4965 ⁸⁸
3091 4931 3261 4987 Exod.
3308 4949 3422 4995 xw.

2503 5005 2547 5035 ³⁸
2577 5001 2745 5055 Exod.
2793 5018 2941 5063 xx“,
2980 5004 3066 5057 l8.
3174 5004 3217 5035 ”
3254 5002 3421 5056 Exod.

2579 5073 2622 5103 "
2649 5071 2808 5125 Num.
2837 5087 2951 5137 xw,
2978 5074 3063 5128 15.
3172 5073 3216 5103 ⁸⁸
3251 5071 3418 5128 Nutu.

1863 5005 1907 5039 ³⁷
1933 5004 2105 5056 Exod.
2139 5020 2261 5066 xm,
2318 5004 2408 5057 2|.

1523 5249 1883 5311 VARIORUM
1916 5254 2146 5311 NOTAE.

258 5386 369 5457 (73)
409 5386 520 5457 Καὶ
544 5386 863 5454 ὴτίμησαν.
910 5384 1032 5457 [Lee
1057 5393 1115 5457 et
1161 5391 1650 5457 qum_sequuntur,
1687 5386 1753 5439 ad

178 5452 299 5511 tunc
319 5452 486 5527 igrba
504 5471 516 5505 :
534 5456 613 5527 Τῇ
640 5452 771 5527 παρ’
793 5455 985 5510 ἑαυτοῦ
1005 5455 1261 5525 ὁσιότητι·
1283 5452 1480 5507 desunt
1504 5454 1558 5506 in
1583 5454 1755 5509 altero

176 5527 305 5581 cod.
326 5523 489 5579 Vind.
524 5523 688 5580 cuca.

1850 5528 2015 5596 Josep

1858 5402 1980 5442 esse
2010 5389 2209 5471 prioris
2240 5387 2570 5441 emendatio.
2595 5386 2732 5442 Cor.
2994 5460 3020 5473 _
3355 5457 3374 5511 l

1858 5457 2191 5580 ..§ZS?..’.‘“:€
2201 5458 3032 5580 ἐίίῖῖυὲιῖηῗῗαένξσῖάέαῑξὲλίἓξξ,
3048 5463 3193 5580 ⁵12³5⁷
3193 5458 3413 5580 έςίεσςηῗ

2039 5544 2109 5588 ιο.
2158 5527 2267 5600 Ιίὺᾷ
2294 5541 2345 5578 tv
2389 5542 2508 5600 cap.
2550 5527 2629 5580 2:
2667 5530 2774 5600 Καὶ
2808 5528 3032 5600 ⁸βάλλειν
3078 5530 3168 5600 τὸν
3214 5530 3418 5600 Μωσῆν

255 5596 365 5666 (74)
384 5594 520 5669 ΔΤὸν
545 5595 638 5669 ἐπῘ
660 5596 1014 5665 Αἰγυπτίους
1034 5593 1413 5669 όξξκάξτᾼηγον
1439 5595 1596 5646 πεπλ
1606 5610 1743 5661 npu-

1868 5593 2200 5669 ὒρμῆκεσαν.
2228 5596 2371 5669 Tunc
2398 5593 2573 5669 imque
2593 5593 2850 5669 populus,
2884 5601 2957 5651 ait
2982 5599 3209 5653 Rufinus
3248 5593 3416 5653 inter-

172 5664 350 5720 mm;
379 5666 589 5720 Desunt
620 5667 671 5719 in
703 5664 875 5721 altero
901 5668 1022 5721 cod.
1055 5664 1212 5719 Vind.
1239 5665 1312 5718 In.

248 5738 364 5807 (73)
405 5735 761 5805 ῙΙιψάὺτῶν
780 5738 905 5807 μετ’
934 5735 1147 5790 αὐτῶν.
1200 5733 1481 5790 Posterius
1540 5733 1750 5788 videtur

1856 5664 2075 5726 meam
2097 5668 2254 5720 etiam
2286 5664 2467 5720 Mosen
2508 5664 3163 5737 lap'idaretaggrcssusest.
3200 5670 3275 5723 lo.
