3828 6360
484 336 592 396 915

1300 317 1375 375 'S.
1410 310 1797 375 CLEMENTIS
1826 308 1850 364 ἰ
1881 306 2049 364 ROM.
2082 303 2287 363 ΡΟΝΤ.
2321 302 2550 360 OPEBA
2584 298 2811 357 DUBiA.

3570 295 3656 353 ιιι

486 453 609 521 ejus
632 453 726 502 aut
743 442 1070 500 creationem
1096 430 1476 503 blasphema'ut
1489 430 1512 481 ?
1525 427 1592 481 At
1612 441 1732 485 vos.
1754 423 1969 482 fratres,
1985 434 2047 472 ex

2155 414 2547 486 δημιουργίαν;
2604 412 2740 465 Ἀλλ’
2763 411 2940 481 ὑμεῖς,
2990 406 3221 477 ἀδελφοὶ,
3248 405 3312 460 ἐκ
3349 406 3442 478 τῆς
3474 407 3657 481 Γραφῆς

491 513 777 609 Scriptura
819 531 1037 593 eruditi,
1072 535 1257 582 cavete
1292 538 1361 578 ne
1406 520 1722 591 opinionum
1754 513 2051 571 schismata

492 603 729 696 faciatis,
784 639 962 694 neque
984 636 1114 675 vero
1144 616 1371 671 unitatis
1393 620 1586 667 vestra:
1616 630 1628 664 :
1662 607 1918 678 quoniam
1959 603 2051 673 qui

490 722 715 780 nefariae
759 714 1002 786 opinioni
1022 710 1302 783 principes
1331 722 1389 761 se
1425 704 1794 774 prrebuerunt,
1835 696 2053 767 populis

491 816 862 888 speculatores
893 808 958 863 ad
989 805 1347 876 perditionem
1389 801 1823 854 constituuntur.
1849 789 2053 844 Simili-

490 884 575 964 ter
593 914 645 962 et
664 920 782 968 vos,
802 901 950 961 laici,
971 900 1039 952 iis
1053 897 1144 966 qui
1161 894 1438 949 contraria
1452 892 1549 945 llei
1568 888 1815 944 consiliis
1831 884 2055 939 tradunt

490 1002 743 1070 dogmata
768 1010 837 1050 ne
884 990 1175 1051 accedatis,
1212 1002 1312 1041 nec
1360 983 1656 1055 impietatis
1694 995 1882 1034 eorum
1911 976 2053 1035 [latis

491 1091 814 1161 participes;
852 1081 1242 1139 aitenimDeus
1270 1094 1323 1133 ιι
1347 1075 1732 1146 Disjungimini
1774 1072 1841 1127 de
1878 1070 2055 1125 medio

489 1185 683 1238 horum
712 1182 1055 1236 virorum,ne
1085 1189 1207 1228 cum
1235 1173 1316 1227 eis
1344 1170 1577 1241 pereatis
1594 1169 1670 1228 ";
1700 1188 1717 1218 ι
1735 1174 1789 1221 et
1819 1166 2049 1219 iterum:

496 1279 681 1331 «Exite
695 1274 760 1329 de
773 1272 952 1327 medio
963 1284 1173 1331 eorum,
1193 1262 1541 1334 separamini,
1556 1260 1688 1315 dicit
1702 1258 1982 1321 Dominus;
2002 1262 2056 1310 et

490 1367 829 1425 immundum
854 1379 925 1418 ne
956 1359 1271 1430 tetigeritis;
1305 1365 1358 1411 et
1378 1370 1478 1424 ego
1518 1352 1776 1421 recipiam
1809 1364 1907 1403 vos
1932 1348 1999 1400 “.
2031 1366 2049 1398 ι

1104 1447 1330 1505 CAPUT
1379 1445 1441 1501 V.

490 1555 611 1621 Qua
656 1550 720 1603 de
765 1563 928 1621 causa
971 1543 1189 1621 reiectus
1243 1540 1421 1609 fuerit,
1459 1538 1548 1621 qui
1571 1535 1708 1617 [also
1757 1536 2058 1621 nominatur

560 1621 766 1682 Israel,
806 1606 1181 1671 demonstratio
1238 1606 1303 1664 ea:
1357 1606 1667 1677 propheticis
1722 1606 2056 1674 prwdicatio-

559 1692 735 1748 nibus.

2152 508 2544 577 παιδευόμενοι,
2566 501 2902 574 φυλάσσεσθε
2937 498 3009 571 μὴ
3029 502 3197 552 ποιεῖν
3222 497 3291 551 τὰ
3322 497 3567 569 σχίσματα
3582 502 3659 573 τῆς

2152 600 2374 671 γνώμης
2403 599 2534 669 (T7),
2568 599 2701 668 μήτε
2733 594 2836 665 μὴν
2856 594 2953 664 τῆς
2982 590 3223 653 ένὼσεως
3254 588 3431 659 ὑμῶν·
3460 590 3531 643 ὅτι
3558 609 3658 646 σκο-

2154 696 2247 746 ποὶ
2275 692 2547 754 ἀπωλείας
2574 692 2621 743 οἱ
2638 685 3068 758 δόξηςηὰθεμίτου
3085 682 3343 754 ἄρξαντες
3358 680 3657 738 καθίστανται

2153 790 2264 849 τοῖς
2281 786 2447 848 λαοῖς.
2484 783 2715 853 Ὁμοίως
2736 781 2829 834 καὶ
2865 780 2913 831 οἱ
2951 777 3147 841 λαῖκοὶ,
3174 778 3283 837 τοῖς
3311 778 3375 845 τῇ
3392 773 3564 846 γνώμη
3584 776 3655 828 τοῦ

2153 878 2285 931 Θεοῦ
2314 877 2527 931 ἐναντία
2553 874 2909 945 δογματίσασι
2942 871 3015 942 μὴ
3054 868 3391 939 πλησιάζετε,
3425 868 3541 938 μηδὲ
3569 885 3657 921 κοι-

2153 972 2308 1023 νωνοὶ
2332 971 2429 1040 τῆς
2458 967 2709 1029 ἀσεϐείας
2738 964 2914 1019 αὐτῶν
2945 961 3183 1032 γίνεσθε·
3203 960 3347 1026 λέγει
3366 958 3465 1029 γὰρ
3487 959 3655 1024 ὁθεός·

2139 1062 2551 1133 (Ἀποσχίσθητε
2600 1062 2665 1112 ὲκ
2697 1059 2860 1130 μέσου
2891 1056 2997 1109 τῶν
3026 1052 3233 1124 ἀνδρῶν
3257 1051 3468 1116 τούτων,
3497 1052 3570 1104 ἴνα
3602 1055 3657 1123 μὴ

2157 1154 2522 1225 συναπόλησθε
2553 1154 2752 1215 αὐτοῖς·
2770 1170 2786 1201 ι
2812 1150 2906 1204 καὶ
2925 1148 3134 1202 milth
3160 1145 3421 1212 Ἐξέλθετε
3448 1146 3504 1197 ἐκ
3531 1146 3657 1215 μέσον

2156 1247 2352 1314 αὐτῶν,
2373 1246 2721 1318 ἀφορίσθητε,
2751 1244 2896 1312 λέγει
2924 1241 3148 1313 Κύριος,
3179 1239 3270 1293 καὶ
3311 1237 3585 1309 ἀκαθάρτου
3604 1239 3659 1309 μὴ

2157 1341 2390 1396 ἅπτεσθε
2410 1384 2425 1408 ,
2456 1338 2609 1409 κάγὼ
2637 1337 2940 1407 εἰσδέξομαι
2961 1335 3123 1405 ὑμᾶς.
3166 1352 3185 1384 ι

2676 1427 3067 1485 ΚΕΦΑΛΑῘΟΝ
3108 1424 3188 1478 E'.

2163 1527 2327 1592 Τίνος
2371 1524 2551 1597 χάριν.
2596 1522 2899 1597 ἀπεϐλήθη
2947 1524 2980 1574 o’
3021 1517 3406 1597 ιέίευδώνιίνέιος
3441 1514 3659 1585 Ἰσραὴλ,

2321 1585 2623 1661 ἀὲόδειξις
2648 1595 2716 1648 ἐκ
2743 1585 3121 1661 προφητικῶν
3148 1585 3524 1655 προρῤήσεων.

562 1744 701 1839 λίθω
724 1744 880 1835 enim
910 1774 1149 1848 fugiendi
1181 1780 1330 1839 sunt,
1372 1769 1463 1843 qui
1514 1769 1626 1825 Deo
1661 1767 2054 1837 blasphemiam

2222 1757 2503 1808 Φευκταῖοι
2532 1753 2640 1825 γάρ
2669 1754 2802 1805 εἰσιν
2828 1752 2904 1815 ὼς
2945 1750 3161 1821 ἀληθῶς
3201 1749 3249 1801 οἱ
3289 1744 3664 1818 βλασφημοῦντες

490 1874 751 1930 inferunt.
802 1869 1081 1940 Siquidem
1140 1866 1432 1935 impiorum
1496 1860 1905 1932 quamplurimi,
1961 1858 2056 1913 Dei

489 1965 796 2037 ignorantia
820 1968 1075 2016 tenentur
1106 1978 1118 2012 :
1158 1966 1211 2010 at
1238 1957 1293 2009 hi
1325 1956 1480 2009 malae
1518 1954 1717 2008 mentis
1744 1952 1877 2006 vitio
1907 1951 2059 2005 labo-

489 2064 634 2119 rant,
661 2064 919 2123 tanquam
946 2051 1040 2105 Dei
1069 2050 1276 2103 hostes.
1314 2046 1448 2099 Nam
1491 2061 1557 2100 ex
1602 2044 1808 2097 malitia
1843 2042 2057 2097 haareti—

493 2161 688 2201 eorum
723 2164 738 2196 ι
773 2158 989 2215 egressa
1019 2149 1101 2195 est
1125 2139 1350 2210 pollutio
1375 2137 1428 2191 in
1452 2151 1664 2189 omnem
1690 2144 1911 2199 terram,
1953 2155 1971 2186 ι
2000 2141 2059 2187 ut

490 2240 566 2293 ait
594 2236 856 2292 Jeremias
881 2233 1139 2304 propheta
1171 2230 1237 2273 ⁸⁷-
1268 2228 1515 2298 Improba
1547 2228 1743 2297 quippe
1776 2225 2059 2295 Synagoga

489 2330 774 2403 repudiata
805 2342 835 2380 a
862 2326 1091 2379 Domino
1122 2322 1255 2385 Deo,
1288 2330 1341 2376 et
1373 2319 1585 2390 abjecta
1628 2319 1695 2372 ab
1740 2318 1932 2373 eodem
1962 2317 2060 2371 do-

489 2440 580 2478 mo
602 2423 680 2488 ⁸⁸;
711 2416 1165 2491 quemadmodum
1199 2414 1435 2484 quodam
1464 2412 1518 2465 in
1552 2412 1672 2465 loco
1697 2409 1829 2464 dicit
1862 2430 1875 2463 :
1914 2429 1931 2460 ι
1961 2408 2064 2465 Re-

489 2515 625 2585 liqui
649 2514 871 2568 domum
901 2524 1099 2571 meam,
1125 2506 1306 2562 dimisi
1333 2505 1704 2560 haereditatem
1734 2519 1909 2557 meam
1928 2503 2003 2569 ης
2037 2523 2055 2555 ι

487 2615 544 2663 et
573 2609 771 2662 iterum
828 2603 1035 2658 Isaias:
1079 2620 1096 2650 ι
1137 2599 1389 2654 Deseram
1429 2598 1639 2651 vineam
1671 2612 1845 2651 meam
1877 2604 2061 2652 etnon

488 2700 790 2772 putabitur,
819 2711 996 2765 neque
1028 2691 1296 2758 fodietur;
1336 2700 1389 2745 et
1432 2690 1687 2745 ascendet
1716 2690 1771 2742 in
1799 2704 1917 2743 eam
1939 2696 2064 2742 tan-

460 2786 654 2863 quam
688 2790 742 2843 in
777 2796 978 2843 terram
1010 2785 1271 2839 incultam
1314 2782 1503 2853 spina;
1533 2788 1587 2835 et
1632 2779 1868 2835 nubibus
1908 2795 2062 2833 man-

490 2883 657 2946 dabo,
686 2897 754 2935 ne
785 2881 976 2950 pluaut
1008 2877 1062 2931 in
1093 2892 1212 2931 eam
1247 2876 1476 2928 imbrem
1506 2874 1584 2939 ⁸ος
1620 2892 1638 2923 ι
1673 2872 1951 2935 derelicto,
1980 2871 2064 2925 in-

489 2990 677 3046 quam,
722 2972 945 3044 populo,
983 2971 1155 3023 instar
1200 2966 1539 3022 tabernaculi
1571 2966 1627 3020 in
1674 2965 1852 3032 vinea,
1882 2971 1937 3019 et
1979 2964 2064 3018 in-

490 3077 606 3123 star
630 3064 859 3135 pomarii
891 3064 945 3116 in
975 3060 1371 3122 cucumerario,
1403 3067 1455 3114 et
1485 3059 1660 3113 instar
1692 3057 1930 3113 civitatis
1966 3056 2066 3111 ob-

492 3173 661 3212 sessa:
686 3156 764 3221 δίς
795 3156 1150 3223 detractoque
1180 3153 1262 3207 eis
1308 3151 1515 3221 Spiritu
1562 3157 1756 3205 sancto
1799 3165 1862 3203 ac
1892 3148 2064 3203 imbre

492 3247 833 3319 prophetico,
867 3246 1113 3315 implevit
1152 3244 1449 3298 Ecclesiam
1499 3256 1654 3297 suam
1695 3240 1871 3311 gratia
1902 3239 2064 3309 spiri-

493 3339 648 3402 tuali,
680 3338 828 3393 velut
857 3337 1077 3392 ﬂuvium
1125 3335 1342 3407 IEgypti
1377 3336 1429 3388 in
1461 3333 1656 3388 diebus
1694 3347 1959 3385 novorum
1992 3331 2060 3393 δ’,

490 3440 545 3486 et
572 3430 727 3485 valde
756 3430 1014 3485 exaltavit
1056 3444 1197 3489 eam,
1231 3427 1375 3481 sicut
1405 3426 1626 3478 domum
1660 3423 1714 3477 in
1762 3433 1943 3477 monte
1988 3421 2063 3477 si-

494 3516 714 3587 tam,vel
739 3522 881 3577 sicut
904 3530 1143 3575 montem
1170 3520 1469 3581 excelsum,
1505 3517 1649 3571 sicut
1676 3523 1913 3569 montem
1941 3529 2063 3569 coa-

492 3615 737 3682 gulatum
769 3622 822 3667 et
853 3624 1089 3667 montem
1143 3612 1429 3681 pinguem;
1478 3627 1497 3660 ι
1535 3611 1589 3662 in
1635 3624 1745 3678 quo
1800 3608 2060 3677 benepla-

492 3708 660 3761 ritum
686 3715 769 3761 est
800 3704 912 3760 Deo
948 3705 1196 3758 habitare
1232 3705 1287 3757 in
1316 3720 1380 3758 eo
1412 3723 1426 3758 :
1458 3703 1659 3757 etenim
1691 3700 1953 3755 Dominus
1986 3700 2063 3754 in-

492 3797 758 3851 habitabit
788 3797 841 3850 iu
868 3796 1027 3851 ﬁnem
1058 3796 1129 3862 ‘3;
1170 3815 1188 3847 ι
1223 3803 1276 3850 et
1302 3796 1354 3848 in
1377 3792 1608 3849 Ieremia
1636 3792 1808 3848 dicit:
1843 3812 1860 3843 ι
1894 3791 2063 3846 Thro-

493 3903 598 3944 nus
626 3889 811 3961 gloria:
840 3889 1117 3951 elevatus,
1151 3886 1524 3941 sanetuarium
1558 3891 1807 3938 nostrum
1839 3883 1913 3949 us;
1954 3904 1972 3935 ι
2006 3890 2061 3940 et

500 3983 554 4050 in
605 3982 778 4035 Isaia:
819 3999 837 4032 ι
881 3979 949 4035 Ει
996 3982 1129 4041 erit,
1177 3981 1374 4053 inquit,
1422 3984 1474 4037 in
1522 3984 1836 4039 novissimis
1879 3984 2072 4040 diebus

496 4072 823 4127 manifestus
868 4088 1025 4127 mons
1077 4070 1315 4133 Domini,
1365 4083 1418 4129 et
1458 4076 1656 4131 domus
1703 4075 1802 4129 Dei
1848 4076 1901 4129 in
1949 4090 2069 4130 ver-

498 4164 605 4217 tice
653 4165 921 4219 montium
956 4176 1007 4221 et
1038 4167 1338 4223 elevabilur
1375 4184 1541 4238 super
1570 4169 1738 4223 colles
1768 4169 1836 4223 ⁸⁸.
1877 4188 1894 4219 ι
1930 4166 2071 4234 Quia

498 4270 631 4325 ergo
650 4265 702 4309 et
736 4258 997 4327 populum
1031 4258 1271 4327 reliquit,
1290 4275 1353 4313 ac
1381 4260 1644 4329 templum
1673 4260 1885 4315 dimisit
1912 4262 2073 4315 deso-

502 4348 698 4415 latum,
729 4350 849 4403 velo
885 4349 1070 4420 templi
1105 4349 1301 4416 scisso,
1337 4351 1630 4421 ablatoque
1663 4352 1733 4407 ab
1767 4352 1834 4407 iis
1865 4350 2069 4422 Spiritu

498 4449 731 4495 sancto:
783 4458 803 4491 ι
858 4440 998 4496 Ecce
1047 4442 1229 4506 enim,
1279 4442 1477 4513 inquit,
1529 4444 1867 4514 relinquetur
1914 4446 2072 4500 vobis

489 4532 698 4587 domus
733 4540 913 4587 vestra
943 4533 1158 4588 deserta
1187 4533 1273 4601 “;
1314 4552 1331 4584 ι
1368 4544 1422 4589 et
1451 4534 1600 4591 dedit
1622 4537 1796 4603 vobis,
1824 4537 1916 4607 qui
1941 4537 2074 4592 estis

563 4664 609 4696 “
635 4663 795 4716 Num.
830 4679 938 4725 nl,
969 4662 1061 4716 21.
1136 4661 1183 4693 ⁸⁸
1210 4662 1253 4715 ll
1277 4661 1405 4731 Cor.
1441 4676 1514 4722 Vl,
1547 4660 1633 4713 l7.
1708 4661 1756 4692 ⁸⁷
1787 4660 1896 4716 Jer.
1929 4679 2089 4731 mn,

2155 1845 2303 1899 Θεόν.
2359 1846 2423 1898 Οἱ
2480 1846 2576 1917 μὲν
2633 1843 2741 1916 γὰρ
2792 1844 3028 1897 πλεῖστοι
3082 1841 3190 1894 τῶν
3241 1838 3440 1892 ἀσεϐῶν
3490 1838 3663 1904 ἄγνοιαν

2157 1938 2334 2011 έχουσι
2379 1938 2533 1991 Θεοῦ·
2577 1929 2719 1989 οὗτοι
2764 1936 2819 1989 δὲ
2847 1936 3133 1989 κακόνοιαν
3163 1933 3237 1994 ὼς
3265 1929 3499 2000 θεομάχοι
3522 1926 3665 1979 vom":-

2159 2049 2261 2084 σιν.
2298 2032 2390 2084 Ἐκ
2416 2030 2523 2102 γὰρ
2548 2030 2649 2099 τῆς
2668 2029 2864 2091 κακίας
2882 2027 2987 2080 τῶν
3007 2023 3340 2097 αίρεσιωτῶν
3358 2022 3458 2093 (78)
3482 2041 3497 2071 ι
3518 2020 3664 2090 ἐξῆλθε

2162 2124 2407 2195 μόλυσμα
2435 2124 2527 2176 ἐπὶ
2556 2124 2735 2175 πᾶσαν
2762 2121 2859 2191 τὴν
2888 2120 3012 2190 γῆν,
3054 2137 3071 2170 ι
3108 2118 3184 2180 ὥς
3212 2116 3368 2186 φησιν
3405 2113 3667 2183 Ἱερεμίαςό

2159 2218 2459 2288 προφήτης.
2515 2214 2934 2284 Ἀποόληθείσης
2977 2211 3085 2283 γὰρ
3129 2210 3229 2281 τῆς
3265 2207 3560 2275 Συναγωγῆς
3591 2204 3667 2274 τῆς

2160 2310 2400 2380 πονηρᾶς
2429 2309 2533 2362 ὑπὸ
2560 2308 2765 2379 Κυρίου
2793 2306 2885 2358 τοῦ
2931 2303 3087 2366 Θεοῦ,
3123 2304 3217 2356 καὶ
3254 2299 3346 2354 τοῦ
3381 2300 3511 2352 οἴκου
3537 2299 3668 2368 ἀπορ-

2164 2401 2407 2473 ριιρέντος
2436 2402 2525 2453 ὑπ’
2569 2398 2754 2462 αὐτοῦ,
2786 2395 2966 2459 καθὼς
3006 2394 3114 2448 πού
3154 2410 3330 2466 φησιν·
3366 2413 3383 2443 ι
3405 2391 3668 2459 Ἐγκαταλέ-

2160 2494 2322 2546 λοιπα
2371 2492 2461 2545 τὸν
2488 2488 2631 2544 οἶκόν
2677 2508 2797 2561 μου,
2842 2489 3029 2559 ἀφῆκα
3071 2487 3184 2558 (79)
3231 2488 3326 2559 τὴν
3368 2484 3667 2556 κληρονομίαν

2167 2602 2284 2657 μου·
2343 2603 2361 2634 ι
2406 2584 2500 2636 καὶ
2538 2583 2698 2635 πάλιν
2740 2583 2982 2644 Ἡσαΐας·
3032 2599 3051 2631 ι
3075 2580 3284 2649 Ἀνήσω
3310 2578 3394 2631 τὸν
3429 2574 3669 2646 ἀμπελῶνά

2168 2693 2289 2747 μου,
2320 2675 2414 2728 καὶ
2442 2674 2503 2729 οὐ
2536 2673 2609 2744 μὴ
2637 2672 2817 2744 τμηθῇ
2850 2711 2865 2735 ,
2894 2671 3000 2725 οὐδ’
3028 2672 3090 2724 οὑ
3129 2671 3202 2742 μὴ
3247 2672 3435 2739 σκαφῇ·
3465 2670 3544 2722 καὶ
3567 2669 3667 2720 ἀνα-

2164 2769 2386 2840 ϐήσεται
2412 2768 2490 2830 εἰς
2535 2766 2696 2819 αὑτὸν
2738 2766 2811 2829 ὼς
2852 2767 2932 2827 είς
2978 2764 3175 2836 χέρσον
3213 2762 3427 2818 ἄκανθα·
3471 2763 3551 2814 καὶ
3579 2762 3669 2823 ταῖς

2164 2859 2408 2930 νεφέλαις
2421 2857 2628 2910 ἐντελοῦ
2638 2876 2733 2927 μαι
2743 2856 2837 2910 τοῦ
2854 2856 2927 2928 μὴ
2947 2856 3134 2928 βρέξαι
3150 2857 3228 2918 εἰς
3242 2853 3394 2907 αὐτὸν
3412 2853 3557 2906 ὑετόν·
3571 2872 3584 2902 ι
3599 2852 3668 2919 ἐγ-

2165 2950 2476 3005 καταλιπὼν
2522 2947 2613 3004 οὖν
2641 2950 2730 3002 τὸν
2770 2949 2919 3014 λαὸν,
2965 2949 3040 3011 ὡς
3081 2948 3286 3019 σκηνὴν
3331 2948 3383 2998 ὲν
3423 2944 3667 3016 ἀμπελῶνι,

2166 3043 2259 3097 καὶ
2286 3041 2362 3105 ὡς
2388 3041 2825 3112 ὀπωροφυλάκιον
2856 3041 2911 3095 ὲν
2942 3039 3228 3110 συκηλάτῳ
3258 3039 3383 3109 (80),
3410 3039 3491 3092 καὶ
3516 3038 3577 3100 ὡς
3599 3037 3671 3089 πό-

2090 3110 2131 3167 C
2164 3135 2248 3189 λιν
2275 3110 2749 3206 πολιορκουμένην,
2781 3130 3045 3204 περιελὼν
3073 3132 3134 3185 δὲ
3161 3133 3254 3185 ἀπ’
3282 3132 3386 3202 (81)
3428 3128 3577 3182 αὐτῶν
3600 3130 3671 3181 καὶ

2163 3228 2226 3282 τὸ
2252 3227 2473 3298 Πνεῦμα
2500 3226 2561 3280 τὸ
2588 3226 2740 3295 ἅγιον
2768 3227 2861 3279 καὶ
2887 3226 2975 3279 τὸν
3007 3226 3339 3298 προφητικὸν
3365 3225 3516 3286 ὑετὸν,
3543 3222 3671 3292 ἐπλή-

2166 3339 2308 3394 ρωσε
2350 3321 2451 3393 τὴν
2491 3319 2657 3373 αὑτοῦ
2698 3318 3018 3388 Ἐκκλησίαν
3073 3317 3435 3390 πνευματικῆς
3477 3315 3668 3386 χάριτος,

2163 3415 2238 3477 ὡς
2268 3412 2508 3483 ποταμὸν
2536 3411 2812 3481 Αἰγύπτου
2855 3411 2913 3463 ὲν
2952 3411 3191 3482 ἡμέραις
3230 3410 3378 3471 νέων,
3407 3410 3489 3461 καὶ
3515 3406 3671 3477 ὑπερύ-

2161 3505 2341 3575 ψωσεν
2368 3505 2535 3576 αὐτὴν
2576 3504 2652 3567 ὡς
2691 3501 2836 3557 οἷκον
2884 3504 2968 3555 ἐπ’
2998 3502 3179 3573 ὅρους,
3220 3501 3252 3572 ἢ
3294 3501 3365 3564 ὡς
3402 3499 3509 3571 ὅρος
3544 3499 3672 3567 ὑπερ-

2163 3598 2325 3668 φερὲς
2356 3636 2371 3660 ,
2404 3597 2478 3659 ὡς
2505 3595 2629 3667 ὅρος
2653 3596 3045 3666 τετυρωμένον,
3074 3595 3172 3646 καὶ
3200 3594 3319 3664 ὅρος
3356 3597 3480 3645 πῖε-ν·
3529 3610 3543 3640 ι
3574 3584 3673 3654 ὲνῷ

2163 3692 2449 3763 εὐδόκησεν
2473 3692 2501 3742 ὁ
2530 3691 2661 3754 Θεὸς
2697 3693 2965 3744 κατοικεῖν
3011 3691 3070 3741 ὲν
3118 3687 3282 3759 αὐτῷ·
3318 3689 3405 3741 καὶ
3430 3686 3523 3758 γὰρ
3545 3686 3568 3737 ὁ
3590 3683 3673 3737 Κύ-

2165 3803 2276 3857 ριος
2320 3783 2731 3857 κατασκηνώσει
2772 3786 2851 3848 εἰς
2882 3784 3032 3846 τέλος
3076 3783 3211 3854 (8⁸2)·
3253 3801 3270 3832 ι
3306 3782 3393 3834 καὶ
3433 3780 3483 3831 ὲν
3507 3777 3571 3848 τῷ
3601 3778 3673 3828 Ἱε-

2165 3878 2328 3949 ρεμίᾳ⁸
2373 3876 2535 3946 λέγει·
2581 3896 2598 3928 ι
2656 3876 2853 3947 Θρόνος
2907 3874 3063 3945 δόξης
3123 3873 3419 3943 ὑψωμένος,
3476 3870 3672 3937 ἁγίασμα

2159 3972 2192 4041 ἡ
2203 3970 2317 4040 μῶν
2355 3968 2487 4040 (85)·
2520 3988 2538 4019 ι
2561 3969 2654 4021 καὶ
2681 3971 2737 4021 ἐν
2765 3968 2961 4037 Ἡσαΐᾳ
2989 3965 3155 4034 λέγει·
3184 3984 3202 4015 ι
3228 3966 3333 4018 Καὶ
3352 3963 3487 4015 ἔσται
3513 3961 3559 4011 ὲν
3583 3960 3673 4019 ταῖς

2162 4061 2661 4132 ἐσχάταιςὴμέραις
2687 4060 2924 4130 ἐμφανὲς
2950 4058 3148 4128 τὺδρος
3177 4056 3394 4127 Κυρίου,
3411 4055 3492 4106 καὶ
3515 4054 3538 4103 ὁ
3562 4048 3673 4111 oixo;

2160 4154 2254 4206 τοῦ
2269 4152 2401 4206 Θεοῦ
2412 4155 2497 4206 ἐπ’
2510 4154 2691 4224 ἄκρων
2706 4151 2812 4204 τῶν
2828 4152 3016 4223 ὀρέων,
3031 4152 3126 4202 καὶ
3138 4149 3458 4220 ὑψωθήσεται
3470 4142 3672 4213 ὑπεράνω

2160 4246 2267 4299 τῶν
2296 4246 2513 4317 βουνῶν.
2542 4265 2559 4297 ι
2594 4247 2742 4298 Ἐπεὶ
2770 4241 2860 4297 οὖν
2890 4245 2983 4297 καὶ
3009 4243 3102 4296 τὸν
3134 4243 3257 4295 λαὸν
3285 4234 3672 4309 ὲγκατέλιπε,κα“ι

2160 4340 2251 4392 τὸν
2277 4339 2403 4394 ναὸν
2432 4340 2640 4409 ἀφῆκεν
2673 4338 2767 4409 ἕρη
2777 4354 2895 4409 μον,
2921 4337 3111 4407 σχίσας
3138 4335 3198 4387 τὸ
3231 4322 3671 4398 καταπέτασματοῦ
3718 4366 3721 4373 .

2091 4443 2133 4499 ι)
2161 4430 2288 4484 ναοῦ
2308 4430 2538 4503 (84),καὶ
2564 4429 2742 4482 λαϐὼν
2783 4430 2875 4483 ἀπ’
2905 4429 3082 4481 αὐτῶν
3122 4429 3181 4480 τὸ
3210 4424 3421 4495 Πνεῦμα
3445 4422 3498 4473 τὺ
3533 4419 3669 4486 ἅγιον·

2172 4545 2190 4578 ι
2215 4527 2344 4579 Ἰδοὺ
2360 4526 2488 4597 γὰρ,
2504 4525 2688 4597 φησιν,
2706 4524 2920 4592 ἀφίεται
2938 4523 3065 4593 ὑμῖν
3081 4522 3110 4573 ὁ
3127 4518 3271 4583 οἶκος
3291 4521 3318 4572 ὑ
3327 4517 3432 4590 μῶν
3452 4515 3633 4585 impos"
3654 4526 3666 4555 ³

2120 4669 2207 4723 45.
2283 4669 2328 4701 ιε
2369 4666 2537 4737 Ignat.
2585 4666 2841 4736 lnterpol.
2883 4665 2949 4737 ad
2973 4622 3264 4737 Philade.
3339 4643 3667 4737 flemus}.

495 4737 539 4767 ιο
566 4714 938 4805 ιεεῖζῇξϐῘίί
957 4714 1062 4788 lsi;
1090 4747 1131 4798 ι,
1154 4714 1249 4786 8.”
1283 4714 1520 4786 ηΕεειιζ
1558 4746 1705 4796 XXIV,
1732 4714 1862 4785 55f
1899 4714 2076 4792 "iis";

2155 4714 2310 4805 ξένη,
2334 4714 2542 4793 ιὸῗ”“ἕί
2570 4714 2687 4793 ἐξὲξ
2707 4714 2847 4801 {vi},
2883 4714 2997 4791 ῙΞῘ
3021 4714 3235 4790 "ires;
3263 4748 3322 4795 ιι,
3346 4730 3396 4782 2.
3464 4714 3666 4774 ηιιηιιιι.

498 4821 650 4869 χχιιι,
671 4802 762 4858 58.

1830 4943 2188 5016 VARIORUM
2224 4960 2451 5017 NOTAE.

563 5102 675 5172 (77)
720 5098 835 5172 Τῆς
863 5098 1125 5172 γνώμης.
1162 5098 1311 5172 Alter
1334 5098 1456 5153 cod.
1502 5095 1663 5152 Vind.
1695 5101 1791 5170 τῆς
1822 5099 2064 5163 ὲνώσεως

492 5169 667 5245 ῠμῷν,
690 5169 909 5245 omissis
930 5171 1174 5245 reliquis:
1206 5169 1371 5245 (itan.

564 5242 674 5313 (78)
714 5240 1099 5313 A_lp§q’twt(irr.
1132 5238 1412 5313 Natalibus
1437 5238 1601 5313 hujus
1629 5240 1779 5313 vocis
1803 5238 2065 5295 interfue-

493 5309 604 5365 rint
623 5309 879 5366 dectiviri
906 5318 1117 5379 Oportet
1145 5329 1157 5364 :
1198 5309 1331 5364 adeo
1352 5320 1548 5379 negant
1573 5310 1781 5379 lgnatio
1811 5325 1906 5379 per
1926 5319 2064 5365 tem-

495 5397 627 5458 pora
659 5381 880 5458 licuisse
908 5378 1027 5458 eam
1058 5394 1346 5458 usurpare:
1377 5378 1617 5458 Usurpat
1642 5380 1786 5458 enim
1814 5378 1907 5458 qui
1943 5396 2053 5433 non

483 5448 580 5522 i_l_iu
617 5457 738 5522 post
769 5448 1032 5522 lgnatium
1067 5449 1288 5522 scripsit
1318 5448 1569 5522 JustinUS
1590 5450 1649 5522 in
1670 5448 1923 5522 UDialogo
1948 5469 2067 5505 cum

495 5515 871 5597 Τννρήοηεξρ.
887 5518 1053 5597 βοείη
1076 5515 1283 5597 δειλήει
1306 5521 1506 5597 multas
1557 5519 1755 5597 similis
1788 5515 2069 5597 termina-

491 5588 925 5669 tionis~agnoscit
944 5590 1171 5672 antiqua
1190 5589 1395 5671 Graecia
1417 5609 1428 5644 :
1455 5588 1759 5672 ﬂuuii-rat:
1784 5591 2065 5657 θιασῶται,

484 5660 832 5728 πατριῶται,
865 5660 1150 5731 νησιῶται,
1185 5660 1498 5727 στασιῶται,
1534 5662 1893 5732 στρατιῶται,
1937 5673 2065 5730 etc.,

2172 5102 2316 5172 quod
2336 5116 2456 5172 non
2488 5101 2791 5172 debuerunt
2810 5099 3080 5172 ignorare,
3106 5096 3240 5172 Cor.

2395 5171 2642 5249 39217241..
2674 5162 2970 5249 Alter'cod.
3003 5169 3094 5221 καὶ
3121 5166 3321 5249 ἀφῆκα.
3351 5162 3439 5249 ξι..

2262 5235 2351 5307 80)
2386 5235 2727 5307 Συνιήλίίτῳ.
2761 5239 2981 5293 Rectius
3011 5235 3475 5307 czxu5_).dt_cp._(ior.

2264 5303 2351 5366 81)
2407 5303 2549 5364 Ἀπ’.
2589 5311 2744 5365 Deest
2772 5310 2826 5362 in
2858 5323 2967 5361 uno
2988 5308 3108 5361 cod.
3136 5303 3292 5358 Vind;
3326 5303 3393 5357 In.

2262 5365 2353 5443 823
2390 5380 2502 5433 Καὶ
2528 5384 2657 5449 γὰρ,
2690 5394 2860 5448 usque
2895 5378 2961 5431 ad
3004 5376 3191 5440 τέλος.
3224 5374 3419 5429 Desunt
3450 5371 3496 5423 in
3529 5365 3661 5421 altero

2161 5448 2286 5506 cod.
2323 5448 2482 5504 Vind.
2513 5448 2677 5503 Cum.

2161 5590 2197 5645 ὁ
2235 5520 2355 5643 (85)¹
2384 5521 2605 5587 Θρόνος
2632 5527 2685 5574 et
2715 5518 2994 5588 sequentia
3028 5515 3094 5569 ad
3134 5515 3249 5569 καί.
3296 5514 3483 5570 Desunt
3512 5510 3555 5563 in
3587 5516 3659 5558 co-

2200 5608 2306 5645 em.
2359 5607 2411 5645 ι).

2200 5608 2306 5646 CIII.
2338 5607 2411 5645 ID.

2236 5661 2347 5732 (84)
2390 5660 2497 5715 Τοῦ
2524 5659 2693 5714 ναοῦ.
2728 5658 2885 5716 Deest
2916 5658 2971 5713 in
3005 5656 3161 5713 Vind.
3194 5653 3267 5711 lo.

2333 5170 2353 5443 ξ

2241 5172 2262 5503 Ξ
