3812 6400
150 377 236 434 969

966 378 1565 472 CONSTITUTIONES
1595 387 2075 450 APOSTOLICE.
2111 424 2181 435 —
2213 389 2342 451 LIB.
2381 393 2490 452 Vl.‘

3241 405 3346 462 970

143 491 276 584 νόμον
302 485 538 584 κυρώσας
564 488 883 584 ἐπλήρωσε·
929 495 1000 550 τὰ
1039 498 1338 554 ἐπείσακτα
1373 504 1663 576 περιεῖλεν,

1771 507 1909 574 Ιιιιίι,
1939 517 1993 564 et
2022 510 2300 581 implevit;
2324 509 2498 566 ascita
2515 513 2838 584 amputavit,
2866 513 2971 570 etsi
2997 529 3105 569 non
3136 522 3344 580 omnia.

141 586 180 636 εί
201 581 280 636 καὶ
309 581 375 651 μὴ
406 579 578 634 πάντα
598 619 617 645 ,
646 582 786 638 ἀλλά
820 602 884 654 γε
913 586 982 640 τὰ
1016 588 1310 663 βαρύτερα,
1344 593 1412 646 τὰ
1447 595 1546 665 μὲν
1575 595 1663 666 βε-

141 671 359 736 ϐαιώσας,
384 671 448 726 τὰ
473 671 532 726 δὲ
564 675 781 740 παύσας
807 695 818 707 ·
854 681 948 732 καὶ
970 681 1031 733 τὸ
1067 682 1411 748 αὐτεξούσιον
1437 687 1546 741 τῶν
1575 688 1667 741 ἀνα

139 764 335 836 θρώπων
371 763 526 818 πάλιν
553 766 766 837 ἀφῆκεν
789 769 1092 845 ἐλεύθερον,
1119 776 1180 828 οὑ
1215 779 1536 850 προσκαίρῳ
1567 779 1667 832 θα-

137 858 255 927 νάτῳ
281 856 522 921 δικάζων,
557 859 673 912 ἀλλ’
706 863 764 915 ὲν
807 865 971 937 ἑτέρᾳ
1003 869 1335 923 καταστάσει
1371 870 1667 940 λογοθετῶν

136 947 241 1000 αὐτό
262 965 274 978 ·
304 948 376 1001 διὸ
393 948 566 1017 λέγει·
613 953 710 1006 «Εἴ
734 971 818 1018 τις
851 954 978 1029 θέλῃ
1011 958 1186 1014 ὀπίσω
1219 978 1318 1032 μου
1356 961 1547 1025 ἐλθεῖν,
1579 963 1668 1034 ἐρ-

135 1038 307 1110 χέσθω·
336 1058 353 1090 ι
385 1040 474 1093 καὶ
507 1042 667 1096 πάλιν
691 1061 704 1074 ·
732 1046 854 1117 (Μὴ
883 1049 975 1102 καὶ
996 1050 1152 1120 ὑμεῖς
1171 1052 1351 1106 θέλετε
1371 1055 1666 1124 ὑπάγειν;›

137 1130 250 1200 Ἤδη
278 1131 449 1185 δὲκαὶ
490 1135 597 1206 πρὸ
635 1134 748 1209 (57)
795 1139 896 1210 τῆς
939 1145 1238 1215 παρουσίας
1277 1147 1443 1202 αὑτοῦ
1485 1167 1667 1222 παρῃ-

65 1273 73 1282 ,
133 1225 250 1274 τείτο
273 1223 362 1287 τὰς
381 1223 472 1276 τοῦ
493 1225 621 1280 λαοῦ
651 1228 860 1295 Θυσίας,
881 1233 1138 1299 πολλάκις
1157 1239 1238 1301 είς
1256 1240 1423 1292 αὑτὸν
1436 1240 1670 1314 ἐξαμαρ-

131 1315 316 1379 τόντος,
346 1317 434 1370 καὶ⁹
463 1318 712 1389 οἰομένου
750 1322 839 1376 διὰ
881 1325 1080 1379 θυσιῶν
1123 1329 1238 1382 ἀλλ’
1271 1330 1333 1385 οὐ
1371 1331 1458 1386 διὰ
1504 1351 1668 1403 μετα-

131 1407 254 1472 νοίας
278 1408 431 1462 αὑτὸν
462 1409 904 1483 ἐξευμενίζεσθαι
929 1436 943 1448 ·
979 1418 1125 1489 λέγει
1145 1421 1254 1493 γὰρ
1281 1422 1483 1487 οὕτως·
1517 1426 1668 1478 ι”ῐνα

129 1499 171 1552 τί
197 1518 275 1570 μοι
301 1501 510 1558 λίϐανον
537 1507 602 1561 ἐκ
647 1508 804 1562 Σαόἄ
834 1513 1049 1584 φέρεις,
1096 1515 1191 1568 καὶ⁸
1223 1515 1574 1589 κιννάμωμον
1605 1522 1672 1573 ὲκ

127 1590 213 1659 γῆς
228 1595 480 1664 μακρόθεν
495 1613 511 1662 ;
533 1597 602 1651 τὰ
619 1598 1044 1674 ὁλοκαυτώματα
1057 1606 1086 1658 ὑ
1094 1606 1212 1676 μῶν
1231 1609 1329 1662 οὐκ
1349 1609 1460 1663 ἔστι
1481 1611 1667 1676 ama,

128 1683 204 1735 καὶ
227 1685 277 1735 at
297 1685 464 1739 θυσίαι
499 1688 654 1759 ὑμῶν
681 1692 779 1762 οὐχ
809 1694 1006 1764 ῆδυνάν
1038 1713 1166 1767 μοι·
1195 1717 1216 1749 ι
1250 1699 1492 1772 καὶέξῆς
1515 1720 1528 1734 ·
1559 1704 1670 1757 .τά

125 1772 513 1847 ὁλοκαυτώματα
563 1781 718 1853 ὑμῶν
751 1786 1084 1856 συναγάγετε
1140 1789 1278 1860 μετὰ
1312 1792 1422 1844 τῶν
1467 1793 1669 1849 θυσιῶν

127 1864 273 1957 ύμῶν,
319 1870 410 1923 καὶ
455 1872 658 1941 φάγετε
709 1877 845 1947 κρέα
875 1878 1018 1950 (58)·
1052 1881 1134 1933 ὅτι
1180 1882 1279 1935 οὐκ
1317 1885 1668 1957 ἐνετειλάμην

124 1955 247 2026 ὑμῖν,
271 1960 424 2031 ἡνίκα
434 1962 704 2035 ἐξήγαγον
715 1968 860 2038 ὑμᾶς
876 1971 942 2022 ἐκ
958 1970 1063 2040 γῆς
1082 1973 1379 2041 Αἰγύπτου,
1402 1979 1530 2048 περὶ

124 2053 460 2123 καυτωμάτων
498 2058 592 2114 καὶ
618 2059 838 2114 θυσιῶν.
879 2082 898 2114 ι
948 2065 1058 2118 Καὶ
1098 2063 1188 2118 διὰ
1229 2066 1450 2121 Ἡσαΐου
1482 2070 1664 2139 λέγει·

127 2149 306 2216 ιΤί,μοι
325 2147 530 2219 πλῆθος
553 2151 664 2204 τῶν
682 2151 1076 2226 θυσιῶνὺμῶν,
1099 2155 1245 2225 λέγει
1267 2159 1500 2231 Κύριος;
1532 2161 1674 2234 πλή-

121 2257 206 2310 ρης
219 2241 323 2310 εἰμὶ
343 2239 812 2314 ὁλοκαυτωμάτων
833 2246 1024 2318 κριῶν·
1049 2250 1144 2302 καὶ
1167 2249 1334 2323 στέαρ
1352 2251 1552 2324 ἀρνῶν,
1575 2256 1673 2308 καὶ

120 2327 236 2401 αἷμα
262 2333 469 2404 ταύρων
518 2336 612 2390 καὶ
656 2337 878 2408 τράγων
920 2339 986 2393 οὐ
1017 2339 1302 2412 βούλομαι,
1335 2342 1453 2396 οὐδ’
1481 2343 1550 2398 ἂν
1575 2345 1670 2418 ἔρι-

117 2423 259 2495 κισθε
271 2424 500 2497 ὀφθῆναί
524 2445 632 2499 μοι.
658 2429 754 2493 Τίς
763 2430 870 2502 γὰρ
883 2431 1177 2505 ἐξεζήτησε
1186 2433 1360 2489 ταῦτα
1373 2436 1558 2491 ἐκτῶν
1567 2455 1674 2508 χει-

122 2514 211 2593 ρῶν
228 2517 392 2586 uuam;
413 2521 614 2573 Πατεῖν
633 2522 732 2593 τὴν
755 2523 925 2595 αὐλήν
959 2541 1060 2596 μου
1083 2526 1144 2578 οὐ
1173 2527 1550 2600 προσθήσεσθε
1567 2529 1668 2585 ἔτι.

117 2603 223 2661 Ἐὰν
234 2609 431 2681 φέρητε
440 2629 534 2682 μοι
552 2612 850 2684 σεμίδαλιν,
867 2616 1676 2693 μάταιον·θυμίαμα,βδέλυγμά

120 2715 195 2769 μοι
221 2701 347 2756 ἐστί.
378 2703 493 2767 Τὰς
514 2705 804 2777 νεομηνίας
835 2709 864 2761 ὑ
872 2707 1008 2778 μῶν,
1027 2709 1206 2763 καὶτὰ
1225 2711 1481 2765 Σάϐϐατα
1492 2713 1668 2785 ὑμῶν,

116 2793 194 2845 καί
219 2795 428 2866 ἡμέραν
451 2797 696 2869 μεγάλην
727 2801 828 2853 οὐκ
856 2800 1138 2872 ἀνέχομαι·
1161 2804 1435 2875 νηστείαν,
1459 2809 1553 2860 καὶ
1572 2807 1676 2879 ἀρ-

117 2883 246 2952 γίαν,
264 2889 352 2940 καὶ
361 2887 462 2952 τὰς
481 2888 679 2959 ἑορτὰς
694 2891 847 2962 ὑμῶν
870 2892 1019 2963 μισεῖ
1035 2897 1067 2965 ἡ
1081 2895 1225 2966 ψυχή
1243 2914 1366 2968 μου.
1387 2899 1678 2972 Ἐγενήθη-

114 2975 164 3028 τὲ
185 2994 265 3046 μοι
284 2981 361 3043 είς
381 2978 728 3053 πλησμονήν.
743 3003 760 3032 ι
778 2986 886 3039 Καὶ
905 2985 973 3038 δι’
987 2987 1175 3059 ἑτέρου
1191 2988 1359 3058 λέγει·
1371 3009 1391 3042 ι
1417 2991 1676 3063 Ἀπόστη-

116 3085 192 3121 σον
209 3071 283 3124 ἀπ
297 3071 310 3087 ’
327 3071 620 3145 ε’μοῦεῆχον
638 3075 791 3145 ᾠδῶν
815 3095 932 3144 σου,
947 3081 1042 3133 καὶ
1070 3080 1282 3152 ψαλμὸν
1306 3083 1554 3155 ὀργάνων
1576 3103 1681 3140 σου

1741 1852 1746 1857 η
1771 1787 2036 1858 deinceps
2081 1803 2094 1840 :

1771 597 1864 652 sed
1902 601 2152 670 graviora
2179 619 2192 666 ;
2229 603 2318 656 illa
2351 603 2571 674 quidem
2601 605 2946 670 conﬁrmata,
2976 605 3063 660 his
3096 622 3226 662 vero
3256 610 3347 663 alio

1769 689 1989 748 dicatis.
2024 691 2349 764 Rursusque
2379 703 2705 766 potestatem
2737 696 3018 752 hominum
3044 698 3252 752 dimisit
3286 700 3350 752 li-

1768 781 1987 846 heram,
2021 799 2130 837 non
2165 786 2506 854 temporariae
2534 785 2698 840 morti
2743 786 3136 852 condemnatis,
3173 789 3267 842 scd
3292 790 3350 844 in

1770 875 1941 930 altero
1973 884 2117 931 statu
2148 879 2412 933 rationem
2447 879 2515 934 ab
2546 895 2613 934 eo
2643 893 2940 949 reposcens
2971 894 2983 930 :
3016 888 3350 949 quapropter

1770 968 1884 1020 ait:
1940 986 1959 1018 ι
1991 965 2050 1021 Si
2094 969 2218 1038 quis
2250 971 2368 1024 vult
2410 977 2536 1040 post
2577 986 2667 1025 me
2693 971 2906 1032 venire,
2940 970 3204 1033 veniat';
3243 989 3261 1020 ι
3295 983 3348 1024 et

1769 1057 1968 1111 iterum
2012 1073 2024 1108 :
2066 1077 2084 1110 ι
2110 1057 2366 1130 Nunquid
2416 1068 2469 1116 et
2514 1076 2614 1115 vos
2659 1061 2829 1116 vultis
2871 1060 3110 1114 abire“?
3143 1059 3343 1114 i'Jam

1769 1164 1900 1202 vero
1951 1149 2118 1203 ctiam
2165 1159 2292 1206 ante
2338 1151 2629 1205 adventum
2673 1167 2830 1207 suum
2861 1151 3224 1206 aversabatur
3266 1168 3350 1206 sa-

1771 1238 1980 1292 criﬁcia
2021 1241 2227 1309 populi,
2269 1241 2362 1310 qui
2399 1257 2540 1310 sat-pe
2563 1242 2617 1295 in
2645 1258 2769 1297 eum
2802 1242 3086 1312 peccabat,
3121 1249 3173 1296 et
3209 1242 3353 1296 arbi-

1770 1333 2024 1384 trabatur
2051 1345 2148 1401 per
2177 1333 2480 1397 sacriﬁcia,
2513 1343 2569 1388 et
2598 1349 2710 1388 non
2751 1334 2938 1404 potius
2968 1349 3067 1402 per
3088 1335 3351 1404 paeniten-

1771 1423 1901 1476 tiam
1931 1440 2057 1478 eum
2082 1425 2309 1495 placari.
2341 1425 2416 1479 Ita
2437 1427 2581 1482 enim
2607 1427 2847 1497 loquitur
2879 1446 2898 1482 :
2927 1425 3166 1497 «thuid
3209 1427 3348 1481 mihi

1772 1515 1900 1569 thus
1929 1514 1997 1570 de
2026 1513 2172 1569 Saba
2206 1516 2391 1579 aﬁ‘crs,
2422 1527 2477 1572 et
2505 1516 2914 1572 cinnamomum
2944 1519 3012 1574 de
3051 1527 3198 1574 terra
3225 1519 3349 1572 lon-

1771 1604 2010 1674 ginqua?
2061 1603 2513 1660 llolocaut'omata
2553 1617 2736 1662 vestra
2780 1623 2896 1662 non
2930 1617 3059 1663 sunt
3101 1617 3347 1679 accepta,

1771 1705 1824 1750 et
1850 1697 2122 1751 sacriﬁcia
2155 1705 2335 1752 vestra
2363 1713 2472 1751 non
2495 1699 2629 1752 milii
2659 1698 3178 1768 fueruntjucunda"
3202 1717 3216 1766 ;
3250 1720 3268 1751 ι
3295 1707 3355 1754 et

2161 1806 2179 1838 ι
2226 1788 2681 1846 Holocautomata
2747 1801 2938 1847 vestra
3019 1799 3363 1863 congregate-

1771 1894 1896 1932 eum
1942 1878 2227 1934 sacriﬁciis
2267 1882 2490 1941 vestris.
2535 1888 2589 1936 et
2631 1883 2900 1937 comedite
2945 1897 3143 1938 carnes
3176 1897 3191 1936 :
3221 1883 3351 1953 quia

1770 1984 1880 2022 non
1929 1968 2162 2037 praecepi
2207 1969 2403 2032 vobis,
2442 1969 2666 2038 quando
2739 1969 2904 2024 eduxi
2969 1985 3066 2023 vos
3122 1984 3187 2023 ex
3239 1977 3376 2054 tero!

1770 2081 1832 2121 ra
1906 2065 2166 2138 lEgypti,
2239 2067 2308 2121 de
2371 2068 2909 2122 ho'locantomatihns
2991 2074 3054 2120 et-
3138 2065 3353 2120 sacriﬁ-

1769 2159 1871 2214 ciis
1888 2160 1929 2214 ⁹.
1965 2179 1984 2212 ι
2023 2159 2087 2212 Ει
2115 2174 2213 2228 per
2255 2158 2452 2215 Isaiam
2502 2159 2639 2214 dicit
2670 2179 2683 2213 :
2733 2177 2753 2212 ι
2786 2159 2906 2225 Quo
2934 2159 3064 2212 milii
3102 2157 3356 2211 multitu-

1769 2251 1951 2306 dinem
2003 2251 2403 2307 sacriﬁciorum
2451 2257 2764 2306 vestrorum
2791 2291 2808 2316 ,
2858 2249 2994 2306 dicit
3041 2243 3367 2302 Dominus?‘

1771 2343 1968 2412 plenus
1996 2357 2118 2398 sum
2151 2341 2494 2396 holocaustis
2539 2341 2818 2405 arietum;
2841 2346 2898 2394 et
2933 2338 3148 2407 adipem
3180 2350 3353 2406 agno-

1771 2450 1918 2492 nun.
1951 2448 2016 2489 ac
2043 2434 2377 2502 sanguinem
2402 2437 2689 2487 taurorum
2708 2438 2874 2500 atque
2902 2429 3180 2483 hircorum
3201 2427 3360 2492 nolo;

1771 2542 1953 2596 neque
1991 2527 2036 2582 si
2069 2527 2334 2589 veniatis,
2374 2531 2433 2578 ut
2462 2524 2776 2595 appareatis
2825 2522 2980 2576 mihi.
3029 2518 3169 2586 Quis
3203 2519 3368 2574 enim

1770 2619 2030 2689 quaesivit.
2062 2618 2177 2672 haec
2206 2617 2274 2673 de
2317 2617 2576 2672 manibus
2605 2612 2851 2668 vestris?
2879 2610 3107 2666 Calcare
3151 2610 3354 2663 atrium

1771 2725 1965 2765 meum,
1983 2725 2093 2764 non
2122 2709 2410 2779 apponetis
2439 2707 2697 2776 amplius.
2729 2704 2788 2758 Si
2819 2702 3061 2758 aﬁeratis
3102 2699 3239 2754 mihi
3275 2700 3355 2754 si-

1774 2804 1979 2866 milam,
2043 2819 2279 2868 vanum;
2341 2802 2630 2856 incensum
2673 2795 3020 2854 abominatio
3077 2795 3354 2848 mihiest.

1771 2895 2101 2952 Neomenias
2129 2902 2364 2959 vestras,
2388 2901 2442 2949 et
2468 2892 2707 2948 Sabbata
2728 2898 2936 2953 vestra,
2960 2895 3016 2942 et
3045 2886 3194 2941 diem
3227 2885 3354 2938 ινα-ἐ

1772 3005 1940 3060 mum
1969 3005 2080 3044 non
2114 2988 2268 3044 fero:
2297 2987 2598 3057 jejunium.
2632 2992 2689 3039 et
2719 2983 2921 3047 otium,
2950 2989 3012 3035 et
3035 2977 3359 3035 solemnita-

1775 3090 1858 3137 tes
1890 3089 2106 3138 vestras
2135 3079 2250 3134 odit
2273 3081 2458 3134 anima
2486 3093 2627 3132 mea.
2660 3075 2813 3130 Facti
2843 3074 2984 3130 estis
3011 3071 3143 3127 mihi
3185 3071 3241 3126 in
3267 3085 3360 3125 sa-

111 3162 197 3214 οὐκ
209 3163 529 3236 ἀκούσομαι.
545 3169 684 3221 »Καὶ
697 3169 775 3240 τῷ
795 3171 966 3224 Σαοὺλ
997 3173 1026 3224 ὁ
1058 3175 1314 3247 Σαμουὴλ
1332 3176 1480 3246 λέγει
1507 3177 1679 3234 θῦσαι

1774 3175 2016 3230 tietatem
2047 3175 2110 3228 '°.
2143 3193 2162 3226 ι
2196 3173 2260 3228 Et
2313 3188 2411 3242 per
2449 3171 2615 3226 alium
2655 3167 2791 3224 dicit
2827 3185 2842 3220 :
2873 3183 2892 3217 ι
2930 3166 3144 3219 Amore
3183 3177 3216 3215 a~
3269 3177 3358 3216 me

111 3257 413 3324 νενομικάτι·
443 3276 466 3310 ι
513 3257 714 3331 Ἀγαθὴ
732 3261 870 3334 ἀκοὴ
891 3264 1030 3334 ὑπὲρ
1051 3264 1263 3320 θυσίαν·
1279 3269 1372 3322 καὶ
1391 3271 1677 3343 ἀκρόαμαγ

113 3343 236 3417 ὑπὲρ
255 3349 418 3422 στέαρ
431 3351 626 3422 κριῶν.
646 3351 775 3407 ’ἰδοὺ
788 3354 896 3426 γὰρ
906 3357 968 3409 οὐ
982 3355 1126 3410 θέλει
1149 3359 1351 3430 Κύριος
1371 3361 1580 3430 θυσίαν,
1596 3363 1680 3426 ὡς

110 3436 160 3489 τὸ
185 3441 486 3497 εἰσακούειν
519 3445 704 3500 αὑτοῦ.
743 3466 762 3498 ι
791 3448 902 3506 Καὶ
928 3448 1017 3503 διὰ
1037 3450 1132 3504 τοῦ
1155 3451 1318 3507 Δαὸὶδ
1343 3453 1511 3523 λέγει·
1547 3475 1566 3508 ι
1595 3458 1672 3511 Οὐ

113 3525 313 3602 δέξομαι
340 3535 406 3588 ὲκ
427 3535 696 3592 τοῦοἴκου
731 3557 824 3594 σου
869 3540 1120 3612 μόσχους·
1156 3545 1280 3598 οὐδὲ
1323 3547 1390 3600 ὲκ
1417 3547 1527 3601 τῶν
1554 3565 1678 3602 ποι-

111 3623 259 3688 μνίων
293 3643 386 3680 σου
416 3629 711 3702 χιμάρους.
769 3632 894 3688 Ἐὰν
945 3633 1056 3706 (59)
1089 3637 1351 3701 πεινάσω,
1384 3641 1445 3692 οὐ
1478 3641 1552 3712 μή
1590 3658 1676 3695 σοι

110 3713 247 3770 είπω·
270 3719 378 3791 ἐμὴ
405 3721 522 3794 γάρ
549 3723 754 3795 ἔστι.νὴ
795 3727 1087 3799 οἰκουμένη
1134 3730 1232 3783 καὶ
1281 3730 1344 3784 τὸ
1402 3732 1678 3804 πλήρωμα

107 3805 276 3897 uitri-ig.
308 3812 406 3884 Μὴ
428 3813 680 3886 φάγομαι
707 3817 843 3888 κρέα
889 3818 1138 3889 ταύρων,
1187 3824 1221 3895 ἢ
1263 3818 1402 3894 αἷμα
1458 3827 1678 3897 τράγων

108 3894 314 3971 πίομαι;
346 3902 516 3958 θῦσον
541 3905 620 3977 τῷ
643 3905 764 3978 Θεῷ
796 3909 992 3965 θυσίαν
1012 3894 1308 3978 αίνέσεῶς,
1341 3916 1436 3969 καὶ
1482 3894 1678 3984 ἀπόδος

105 3987 174 4058 τῷ
210 3991 450 4067 Ὑψίστῳ
480 3996 584 4061 τὰς
611 3999 776 4070 εὐχάς
817 4018 934 4055 σου.
971 4021 993 4054 ι
1024 4005 1134 4060 Καὶ
1165 4007 1220 4059 ἐν
1245 4006 1532 4072 πάσαιςδὲ
1557 4015 1678 4076 ταῖς

106 4079 335 4153 Γμφαῖς
361 4089 574 4160 ὁμοίως
603 4092 784 4146 αὐτῶν
809 4094 908 4158 τὰς
935 4095 1132 4161 θυσίας,
1172 4099 1562 4166 ἀπαναίνεται,
1591 4104 1686 4159 διὰ

103 4173 157 4266 τὸ
183 4177 516 4251 ἐξαμαρτεῖν
555 4185 751 4248 αὐτοὺς
781 4188 862 4250 εἰς
907 4189 1090 4242 αὐτόν.
1132 4209 1151 4242 ι
1188 4191 1383 4247 Θυσίαι
1413 4195 1521 4266 γὰρ
1549 4197 1678 4251 ἀσε-

1777 3270 2017 3326 sonitum
2063 3267 2370 3324 carminum
2432 3273 2700 3319 tuorum:
2725 3268 2780 3315 et
2807 3258 3080 3330 psalum
3122 3267 3362 3325 organo..-

1774 3379 1895 3417 rum
1909 3372 2136 3417 tuorum
2159 3375 2271 3414 non
2302 3357 2520 3412 audiam
2552 3351 2614 3406 ιλ.
2655 3371 2675 3404 ι
2710 3351 2784 3406 Ει
2805 3349 3027 3405 Samuel
3057 3346 3372 3418 Sauli,.qui

1775 3455 2109 3512 sacriﬁcium
2152 3467 2215 3508 se
2251 3449 2521 3505 obtulisse
2564 3444 2824 3516 putabat.
2869 3442 2946 3497 ait
2981 3461 2994 3496 :
3034 3459 3053 3492 ι
3088 3439 3241 3496 Bona-
3274 3448 3362 3494 est

1775 3547 2088 3604 obedientia
2113 3559 2280 3615 super
2309 3539 2670 3602 sacriﬁcium;
2691 3544 2747 3589 et
2777 3535 3012 3595 auditio.
3046 3548 3212 3601 super
3239 3531 3360 3586 adi.-

1775 3657 1900 3712 pem
1931 3639 2190 3694 arietum.
2215 3635 2356 3690 Ecce
2383 3633 2529 3689 enim
2555 3645 2664 3685 non
2684 3627 2808 3682 vult
2833 3625 3113 3682 Dominus
3143 3624 3362 3678 sacriﬁ-

1776 3734 1945 3796 cium,
2005 3733 2156 3787 sicut
2173 3737 2234 3784 ut
2273 3723 2672 3782 obediamusvei
2705 3721 2769 3777 ¹¹.
2806 3739 2825 3772 ι
2854 3717 2920 3776 Et
2949 3733 3047 3789 per
3097 3715 3360 3769 Dav-idem

1778 3826 1856 3880 ait
1883 3842 1900 3881 :
1931 3843 1952 3876 ι
1982 3824 2101 3878 Non
2134 3821 2402 3892 accipiam
2435 3818 2505 3872 de
2534 3815 2700 3870 domo
2751 3821 2846 3867 tua
2884 3810 3123 3874 vitulos;
3180 3823 3377 3876 neque;

1778 3916 1847 3974 de
1870 3917 2128 3988 gregibus
2160 3913 2272 3968 tuis
2300 3912 2508 3966 hircos.
2541 3907 2599 3961 Si
2627 3905 2900 3968 esuriero,
2931 3917 3042 3956 non
3069 3900 3250 3955 dicam
3293 3899 3363 3952 ti-

1778 4009 1834 4066 bi
1867 4027 1886 4066 :
1916 4024 2074 4064 meus
2102 4015 2188 4063 est
2214 4005 2362 4060 enim
2407 4001 2561 4056 orbis
2601 4007 2792 4062 terrae,
2816 4003 2872 4051 et
2901 3993 3188 4065 plenitudo
3213 3991 3358 4061 ejus.

1781 4101 2038 4173 Nunquid
2068 4097 2410 4154 manducabo
2439 4108 2638 4149 carnes
2665 4092 3096 4150 taurorum,.aut
3138 4083 3364 4155 sangui-

1781 4211 1906 4250 nem
1938 4193 2221 4248 hircorum
2252 4187 2480 4260 potaho?
2503 4183 2729 4239 lmmola
2753 4181 2867 4236 Deo
2890 4177 3223 4236 sacriﬁcium
3246 4177 3367 4230 lau-

104 4263 228 4336 ϐῶν,
265 4271 553 4346 βδέλυγμα
606 4277 759 4347 παρὰ
804 4281 1014 4351 Κυρίῳ·
1063 4283 1157 4336 καὶ
1202 4283 1310 4357 γὰρ
1349 4263 1681 4359 παρανόμως

1782 4287 1890 4349 dis,
1923 4293 1978 4341 et
1999 4284 2168 4340 redde
2217 4280 2516 4336 Altissimo
2563 4286 2691 4332 vota
2742 4282 2838 4328 tua
2873 4271 2936 4327 “.
2980 4291 2998 4325 ι
3034 4270 3101 4326 Ει
3149 4285 3280 4325 vero
3309 4271 3365 4323 in

104 4364 498 4437 προσφέρουσιν
537 4369 722 4433 αὐτάς·
759 4389 776 4421 ι
814 4373 908 4426 καὶ
928 4373 1108 4427 πάλιν·
1144 4395 1164 4427 ι
1200 4378 1268 4430 Αἰ
1299 4377 1477 4432 θυσίαι
1503 4382 1680 4436 αὐτῶν

1781 4379 2040 4435 omnibus
2073 4375 2377 4446 Scripturis
2425 4371 2681 4428 similiter
2715 4382 2911 4423 eorum
2957 4363 3230 4422 sacriﬁcia
3279 4378 3372 4418 re-

102 4453 169 4518 ὡς
195 4458 356 4530 ἄρτος
413 4462 650 4526 πένθους
681 4463 886 4528 αὐτοῖς·
920 4466 1121 4531 πάντες
1158 4470 1209 4521 οί
1261 4470 1531 4536 ἐσθίοντες
1579 4475 1678 4527 αὑ-

1783 4471 1926 4536 nuit;
1950 4469 2077 4540 quia
2102 4468 2156 4522 in
2181 4482 2307 4522 eum
2349 4465 2454 4536 ipsi
2504 4469 2816 4534 peccarant.
2851 4480 2869 4511 ι
2907 4457 3189 4514 Sacriﬁcia
3220 4457 3368 4512 enim

102 4547 186 4611 τὰς
211 4551 664 4627 μολυνθήσονται.
699 4575 718 4606 ι
755 4557 818 4610 Εἰ
845 4553 942 4611 οὖν
975 4559 1070 4612 καὶ
1091 4560 1198 4631 πρὸ
1225 4561 1325 4632 τῆς
1377 4567 1680 4637 παρουσίας

1784 4539 2102 4633 impiorum,
2131 4556 2475 4614 abominatio
2502 4556 2648 4626 apud
2679 4554 2975 4608 Dominum
2997 4553 3228 4608 :etenim
3261 4552 3371 4606 ini-

101 4641 254 4695 αὑτοῦ
275 4687 292 4711 ,
323 4647 472 4719 ὑπὲρ
504 4646 692 4712 θυσίας
719 4650 946 4721 καρδίαν
977 4651 1224 4725 καθαρὰν
1256 4655 1530 4726 ἐπεζήτει,
1586 4660 1680 4712 καὶ

1788 4671 1894 4726 que
1923 4653 2160 4709 oﬁerunt
2188 4651 2340 4717 ea“;
2372 4667 2390 4700 ι
2424 4656 2478 4704 et
2507 4649 2706 4702 iterum
2735 4666 2750 4702 :
2790 4664 2809 4698 ι
2845 4645 3128 4700 Sacriﬁcia
3152 4658 3369 4707 eorum,

102 4733 312 4807 πνεῦμα
338 4741 828 4812 συντετριμμένον,
852 4742 1031 4815 πολλῷ
1063 4745 1260 4816 μᾶλλον
1280 4746 1452 4802 ἐλθὼν
1474 4749 1678 4803 ἔπαυσε

1786 4747 1946 4818 quasi
1969 4746 2128 4817 panis
2151 4745 2334 4800 luctus
2363 4742 2446 4798 eis
2479 4761 2492 4796 :
2518 4755 2712 4796 omnes
2738 4739 2834 4810 qui
2872 4736 3369 4802 comedentea,.in-

99 4825 311 4892 ταύτας,
357 4832 545 4902 φαμὲν
608 4831 717 4905 (40)
777 4834 876 4899 τὰς
943 4836 1010 4890 δι’
1044 4838 1311 4910 αἱμάτων·
1369 4841 1571 4895 ἔπαυσε
1623 4843 1691 4897 δὲ·

1787 4839 2162 4911 quinabuntur
2209 4836 2274 4890 ".
2328 4855 2347 4888 ι
2384 4832 2442 4889 Si
2493 4847 2626 4904 ergo
2674 4832 2840 4887 etiam
2893 4839 3020 4886 ante
3071 4828 3380 4882 adventunr

99 4917 286 4986 αὐτὰς,
347 4921 440 4975 διὰ
499 4921 596 4976 τοῦ
656 4927 920 4998 πρότερον
951 4928 1254 5002 πληρῶσαι·
1291 4933 1526 5006 καὶγὰρ
1581 4951 1680 4988 πε-

1790 4946 1975 4995 suum,
2005 4944 2171 5001 super
2198 4925 2474 4985 sacriﬁcia
2497 4925 2779 4996 quaerebat
2817 4937 2922 4978 c'or
2965 4919 3230 4978 mundum
3252 4959 3270 4980 .
3312 4927 3364 4974 et

101 5013 384 5084 ριετμὴθη,
414 5015 517 5069 καὶ
572 5018 928 5093 ὲῤῥαντίσθη,
993 5022 1184 5088 θυσίας
1231 5042 1293 5078 τε
1335 5029 1693 5098 προσήνεγκε..

1791 5026 2045 5098 spiritum
2072 5023 2370 5078 contritum
2401 5020 2465 5088 “;
2499 5019 2672 5074 multo
2699 5017 2897 5087 magis,
2938 5022 3231 5087 postquam
3276 5028 3371 5068 ve-

99 5104 184 5156 καὶ
207 5105 641 5177 ὁλοκαυτώσεις,
668 5113 894 5178 καὶτοῖς
914 5114 1094 5181 ἄλλοις
1118 5116 1364 5190 ἐθισμοῖς
1385 5121 1680 5193 ἐχρήσατο·

1793 5121 1894 5187 nit,
1924 5119 2024 5174 illa
2063 5117 2381 5188 abrogavit;
2431 5111 2724 5177 sacriﬁcia,
2780 5109 3040 5175 dicimus,
3092 5113 3366 5164 cruenta:

160 5290 410 5367 fhiauli.
447 5310 564 5367 svi,
590 5296 691 5367 721i.
767 5301 787 5331 ⁸
819 5299 978 5358 Joan.
1013 5320 1090 5367 γι,
1151 5303 1242 5360 67.
1317 5307 1338 5337 '
1369 5305 1839 5366 CitatCedromis.
1875 5308 2013 5364 Vide
2048 5308 2252 5362 testim.
2298 5308 2405 5358 vet.
2481 5302 2504 5334 ⁸
2530 5301 2642 5357 Jer.
2677 5316 2755 5361 vi.
2779 5299 2869 5353 νο.
2949 5295 3108 5367 'Jej'.
3140 5309 3240 5358 vn,
3276 5295 3368 5350 9-i-

99 5359 138 5462 :'
161 5360 268 5417 lsa.
317 5379 359 5426 ι,
414 5363 506 5418 Η.
552 5359 625 5396 7“
657 5367 825 5426 Amos
880 5389 929 5437 ν,
959 5359 1088 5430 25.’
1128 5375 1170 5406 ¹⁸
1199 5359 1393 5446 Ιίιῖθεξ
1416 5359 1693 5441 ιν,

119 5431 139 5463 ⁸
164 5429 313 5490 Psal.
355 5449 412 5501 ι,
449 5433 654 5500 12,19.

1771 5359 2177 5442 igai'jihifsi,
2217 5374 2304 5428 12;
2383 5370 2427 5401 “
2453 5371 2615 5428 Prov.
2649 5359 2765 5437 ut,
2797 5369 2887 5423 27.
2969 5368 3009 5398 ⁸⁵
3037 5365 3168 5422 Ose.
3206 5380 3285 5430 Is,
3319 5369 3376 5428 4,

1457 5589 1828 5647 VARlOBUM
1853 5592 2086 5650 NOTIE.

187 5717 280 5804 ΞΖ)
315 5721 474 5804 LW.
508 5721 776 5804 Ξρττυηίθ
804 5722 860 5778 in
889 5721 1147 5804 Pedreno
1173 5724 1321 5804 seel:
1355 5721 1495 5804 9°1-

1789 5723 2212 5804 codLViIad-lP-
2528 5791 2544 5804 .

187 5717 254 5773 37
315 5721 474 5790 Πρό.
508 5721 776 5791 Gorrupte
804 5722 860 5778 in
892 5721 1147 5778 Cedreno
1173 5741 1242 5776 πε
1283 5724 1321 5776 ί.
1355 5721 1495 5777 Cor.

158 5715 280 5929 {itii
303 5790 496 5878 Ιςρέα.
525 5788 606 5844 Τὰ
627 5789 762 5864 κρέα
791 5795 993 5876 rectius
1017 5796 1070 5849 in
1093 5796 1218 5851 cod.
1247 5740 1412 5848 Quid.
1437 5795 1636 5875 Cum.

183 5859 252 5914 39
345 5860 509 5915 Εάν.
545 5860 669 5916 Haec
691 5878 796 5917 vox
816 5872 872 5918 et
894 5882 1138 5929 quinque
1194 5882 1347 5929 seqq.
1398 5864 1596 5920 desunt
1628 5879 1684 5917 in

1789 5727 1913 5781 cod.
1943 5724 2104 5780 Vind.
2136 5723 2212 5780 In.

1862 5795 1973 5866 (i0)
2013 5795 2230 5864 Φαμέν.
2260 5792 2423 5850 Addit
2445 5791 2621 5850 codex
2648 5789 2814 5848 Vind.
2844 5791 2932 5865 δή.
2963 5787 3044 5845 In.

219 5860 277 5929 9)
331 5860 509 5915 Ἐάν.
545 5860 796 5917 Ηιεονοιι
816 5872 872 5918 et
894 5867 1138 5936 quinque
1194 5882 1347 5935 seqq.
1398 5864 1596 5920 desunt
1626 5865 1684 5917 in

332 5956 628 6018 Ριτιιοι..
661 5957 775 6015 Gn.
831 5958 879 6018 ι,

3036 5947 3110 6036 3t.
