3812 6350
109 317 200 375 993

946 308 1540 368 CONSTITUTION‘ES
1575 311 2046 372 APOSTOLICxE.
2079 347 2150 358 —
2188 315 2316 372 LIII.
2357 314 2466 372 νη.

108 433 163 488 τ’.
208 425 619 496 Ἀπαγὸρευσις
645 431 1020 498 γογγυσμοῦ,
1051 433 1150 486 καὶ
1175 433 1521 499 αὐθαδείας,
1546 430 1643 487 και
1673 481 1677 491 ε

1767 429 1858 486 ΠΙ.
1904 431 2213 490 interdictio
2251 431 2716 494 murmurationis.
2761 430 3096 500 pervicacia,
3135 445 3290 498 super

163 521 552 588 ὑπερηφανίας
567 563 580 586 ,
613 521 710 574 καὶ
734 524 1124 590 θρασύτητος.

1815 527 1934 593 bitc,
1966 527 2214 596 feritatis.

105 618 164 678 η’.
214 612 346 679 Περὶ
399 615 838 682 μακροθυμίας,
917 617 1198 684 ἁκακίας,
1275 620 1606 687 πραότητος
1628 657 1644 683 ,

1767 616 1881 673 iIll.
1921 617 1999 673 De
2053 618 2474 689 longanimitate,
2532 617 2856 674 innocentia.
2887 616 3316 679 mansuetudine,

162 703 468 773 ὑπομονῆς.

105 801 161 852 θ.
197 799 313 851 Ὀτι
358 798 472 866 χρὴ
517 798 660 865 τοὺς
713 799 862 853 κατὰ
902 801 1159 868 Χριστὸν
1201 801 1606 868 διδασκάλους
1627 845 1644 868 ,

160 890 368 961 γονέων
403 891 617 945 πλεῖον
660 891 953 960 ἡγεῖσθαι·
997 896 1052 947 οἱ
1082 894 1200 963 μὲν
1234 895 1351 964 γὰρ
1373 895 1438 949 τὸ
1471 896 1539 950 εὖ
1563 897 1647 950 εἷ-

159 1000 245 1037 ναι
267 1025 279 1047 ,
311 985 360 1035 οί
385 982 452 1035 δὲ
487 983 550 1036 τὸ
583 984 734 1037 εἶναι
758 985 949 1053 μόνον
977 987 1367 1055 παρέχουσιν.

105 1081 147 1130 ι’.
183 1076 301 1126 ’Ὁτι
338 1073 452 1142 χρὴ
482 1074 567 1144 μὴ
603 1074 949 1144 ἀποσχίζειν
989 1076 1110 1130 τῶν
1143 1079 1359 1148 ἁγίων,
1393 1081 1533 1135 ἀλλ’
1563 1083 1647 1138 ει-

156 1168 416 1235 ρηνεύειν
438 1168 843 1237 μαχομένους,
877 1170 1104 1238 κρίνειν
1148 1187 1212 1225 τε
1251 1171 1518 1241 δικαίως,
1549 1175 1649 1229 καὶ

156 1263 229 1330 μὴ
257 1261 810 1328 προσωποληπτεῖν.
944 1318 947 1319 ,

103 1362 179 1409 ια’.
214 1353 344 1420 Περὶ
373 1353 665 1421 διψύχου,
697 1356 1084 1424 ὀλιγοπίστου
1120 1356 1161 1410 ³.

102 1452 173 1502 ιϐ’.
208 1447 339 1514 Περὶ
367 1449 656 1511 εὐποιίας.

103 1545 175 1606 ιγ.
212 1538 399 1604 Ὅπως
422 1538 520 1592 δεῖ
558 1540 1002 1609 προσφέρεσθαι
1053 1541 1175 1608 τοῖς
1215 1542 1460 1610 οἰκέταις
1507 1545 1649 1611 τοὺς

160 1632 408 1700 κυρίους⁸
440 1632 542 1686 καὶ
570 1631 731 1698 ὅπως
757 1633 874 1702 χρὴ
906 1634 1364 1693 ὑποτάσσεσθαι
1397 1637 1540 1703 τοὺς
1567 1641 1650 1692 oi-

158 1722 336 1790 κέτας.

1813 711 2092 778 patientia.

1745 800 1838 856 IX.
1882 801 2036 867 Quod
2059 809 2293 870 oporteat
2325 800 2586 854 doctrinm
2616 800 2816 856 Christi
2840 802 3121 872 magistros
3151 801 3321 870 pluris

1813 892 2002 947 ducere
2021 909 2176 963 quam
2197 905 2436 960 parentes
2459 907 2476 946 :
2496 894 2581 946 illi
2611 894 2891 963 siquidem,
2925 893 3052 948 bene
3080 910 3192 948 esse
3222 908 3240 945 :
3265 892 3320 945 in

1817 1002 1933 1040 vero
1957 1002 2065 1039 esse
2089 995 2294 1038 tantum
2325 994 2600 1053 prtestant.

1747 1075 1814 1131 X.
1849 1076 2002 1143 Quod
2031 1093 2134 1130 non
2173 1087 2408 1145 oporteat
2460 1077 2757 1147 disjungerc
2803 1095 2858 1132 se
2901 1096 2933 1132 a
2976 1079 3196 1143 sanctis,
3227 1077 3321 1133 sed

1815 1169 2100 1238 pariﬁearc
2143 1168 2528 1232 contendentes,
2559 1179 2609 1222 ct
2634 1169 2880 1238 judicare
2901 1170 3070 1240 justc,
3113 1181 3161 1225 et
3197 1187 3324 1242 per-

1817 1278 1974 1314 sonas
2006 1278 2108 1315 non
2139 1263 2389 1329 accipere.

1748 1350 1840 1406 XI.
1886 1351 1957 1404 De
1989 1352 2197 1405 homine
2229 1353 2452 1420 duplicis
2482 1355 2668 1417 animi,
2697 1371 2786 1434 seu
2820 1354 3038 1408 modico!
3064 1355 3210 1424 ﬁdei.

1749 1443 1863 1499 XII.
1909 1445 1983 1498 De
2013 1445 2374 1514 beneﬁcentia.

1753 1535 1886 1590 XIII.
1935 1536 2129 1602 Quales
2161 1553 2216 1590 se
2240 1535 2483 1590 exhibere
2501 1537 2722 1592 debeant
2749 1538 2968 1607 famulis
2997 1537 3234 1602 domini,
3266 1545 3320 1592 et

1817 1646 1918 1698 quo
1945 1629 2097 1682 modo
2119 1638 2355 1696 oporteat
2385 1629 2619 1699 [amulos
2640 1647 2752 1684 esse
2771 1631 3050 1700 subjectos.

103 1816 175 1871 ιδ’.
209 1817 340 1886 Περὶ
361 1818 762 1886 ὑποκρίσεως,
796 1817 893 1871 καὶ
921 1817 1232 1888 προσοχῆς
1260 1820 1495 1889 νόμων,
1546 1820 1647 1876 καὶ

1767 1811 1889 1866 KIV.
1931 1811 2006 1866 De
2032 1811 2318 1882 hypocrisi,
2345 1821 2395 1866 et
2437 1812 2610 1882 legum
2640 1809 2994 1876 obseruatio,
3027 1819 3078 1865 et
3115 1810 3324 1880 confes-

157 1907 661 1978 ὲξομολοτήσεων.

103 2004 168 2053 ιε’.
203 2000 333 2068 Περὶ
363 1999 476 2068 τῆς
504 2001 653 2068 πρὸς
680 2001 895 2070 γονέας
922 2003 1254 2071 θεραπείας.

101 2097 180 2155 ις’.
211 2092 344 2160 Περὶ
379 2092 492 2160 τῆς
536 2093 683 2161 πρὸς
715 2093 980 2157 ,βασιλέα
1023 2095 1120 2148 καὶ
1168 2095 1464 2164 ἄρχοντας
1498 2099 1646 2153 ὐπο-

156 2182 342 2253 ταγῆςο

103 2274 172 2337 ιζ’.
208 2275 341 2342 Περὶ
389 2276 653 2343 καθαροῦ
702 2277 1052 2344 συνειδότος
1095 2279 1213 2335 τῶν
1244 2281 1648 2350 προσευχομέ-

156 2385 280 2421 νων.

102 2466 178 2526 ιη’.
217 2461 335 2513 Ὀτι
361 2460 400 2527 ἡ
430 2460 502 2526 ἐξ
529 2461 857 2529 ἐπιϐουλῆς
885 2463 992 2518 τοῦ
1018 2463 1342 2532 ἀλλοτρίου
1368 2465 1649 2535 ἐπεισαχ-

157 2551 314 2606 θεῖσα
341 2552 512 2621 ὁδὸς,
547 2553 828 2621 ἀσεϐείας
853 2555 954 2610 καὶ
995 2557 1368 2628 παρανομίας
1413 2557 1646 2624 πεπλή-

150 2659 334 2710 ρωται.
1499 2673 1504 2680 ι

102 2735 170 2786 ιθ.
187 2735 303 2788 Ὀτι
325 2736 411 2806 μὴ
433 2735 556 2806 χρὴ
584 2735 695 2806 τῆς
722 2739 1034 2806 εὐσεϐείας
1071 2740 1374 2796 ἐκκλίνειν
1412 2742 1582 2808 δεξιὰ
1606 2743 1645 2814 ἧ

157 2823 414 2897 εὐώνυμα
428 2871 444 2893 ,
477 2829 751 2897 παραινεῖ
775 2833 808 2885 ὁ
835 2832 1178 2902 νομοθέτης.

101 2922 158 2971 κ’.
202 2917 319 2972 Ὀτι
351 2919 439 2990 μὴ
492 2920 610 2990 χρὴ
660 2922 969 2991 φαυλίζων
1015 2941 1071 2978 τι
1118 2923 1238 2979 τῶν
1291 2928 1650 2996 προσφόρων

151 3012 496 3082 βρωμέτων,
553 3014 693 3068 ἀλλ’
750 3017 1122 3084 εὐχαρίστως
1171 3019 1650 3089 μεταλαμϐάνειν

157 3103 246 3158 καὶ
270 3105 654 3176 τεταγμένως.

103 3201 192 3249 ια’.
255 3198 380 3250 Ὅτι
438 3197 556 3266 χρὴ
613 3200 862 3269 φεύγειν
905 3199 1021 3270 τὴν
1073 3200 1191 3256 τῶν
1243 3203 1651 3259 εἰδωλοθύτων

155 3283 392 3354 βρῶσιν.

101 3378 189 3432 ιϐ’.
225 3377 493 3445 Διάταεις
518 3381 813 3450 Κυριακὴ,
845 3382 1004 3450 ὅπως
1044 3383 1160 3454 χρὴ
1183 3385 1652 3454 ,ϐαπτίζωηκαὶ

157 3473 234 3537 εις
253 3472 357 3526 τὸν
385 3473 552 3539 τίνος
581 3472 856 3529 θάνατον.

101 3568 190 3631 κγ.
225 3565 404 3632 Ποίας
432 3565 800 3634 νηστευτέον
828 3566 937 3636 τῆς
967 3568 1292 3638 ἑϐδομάδος
1325 3571 1579 3641 ἡμέρας,
1610 3573 1650 3643 ἦ

159 3654 312 3721 τίνας
337 3659 407 3710 οὐ
440 3658 827 3724 νηστευτέονσ
858 3660 956 3712 καὶ
988 3660 1060 3714 οὗ
1094 3661 1287 3730 χάριν.

100 3746 190 3802 κδ’.
227 3751 398 3817 Οἵους
444 3750 597 3804 εἶναι
626 3750 742 3820 χρὴ
780 3751 923 3818 τοὺς
968 3755 1492 3824 προσευχομένους
1537 3756 1653 3827 τὴν

158 3840 260 3894 ὑπὸ
290 3842 395 3896 τοῦ
424 3843 649 3911 Κυρίου
673 3842 956 3900 δοθεῖσαν
981 3848 1350 3918 προσευχήν.

99 3939 186 3985 κε’.
221 3936 588 4004 Εὐχαριστία
608 3937 892 4005 μυστική.

99 4031 196 4088 κςθ.
231 4029 597 4096 Εὐχαριστία
625 4029 722 4082 ἐπὶ
752 4029 829 4098 τῇ
857 4031 986 4099 θείᾳ
1007 4033 1364 4103 μεταλήψει.

99 4114 189 4176 κζ’.
224 4120 592 4189 Εὐχαριστία
624 4121 757 4190 περὶ
785 4123 890 4177 τοῦ
911 4126 1210 4193 μυστικοῦ
1233 4129 1450 4197 μύρου.

99 4303 194 4365 κη’.
233 4299 358 4354 Ὀτι
387 4303 461 4356 οὐ
490 4302 607 4372 χρὴ
638 4303 982 4376 ἀδιαφορεῒν
1009 4307 1143 4376 περὶ
1169 4308 1284 4378 τὴν
1311 4311 1646 4365 κοινωνίαν.

100 4479 192 4530 κθ.
227 4481 366 4548 Περὶ
395 4485 810 4554 καρποφοριῶν
833 4488 1120 4556 διάταξις.

97 4571 160 4622 λ’.
199 4572 392 4640 Ὅπως
421 4576 537 4644 χρὴ
594 4577 708 4646 τὴν
759 4579 1176 4650 ἁναστάσιμον
1230 4583 1340 4639 τοῦ
1378 4584 1652 4655 Σωτῆρος

158 4663 319 4732 ἡμῶν
345 4667 576 4736 ἡμέραν
600 4711 614 4736 ,
644 4671 1215 4744 συναθροιζομένους
1236 4719 1251 4743 ,
1281 4677 1592 4744 ἑορτάζειν.

97 4839 198 4893 λα’.
235 4843 409 4909 Οἵους
430 4845 582 4898 εἷναι
611 4846 726 4915 χρὴ
756 4847 897 4915 τοὺς
921 4853 1501 4922 χειροτονουμένους.

95 4935 192 4989 λθ.
230 4939 563 5006 Πρόῤῥησις
590 4940 725 5008 περὶ
751 4940 870 4993 τῶν
883 4945 1252 5010 μελλόντων.
1506 4991 1513 4998 .

95 5025 196 5094 ἆτ’.
230 5030 546 5100 Προσευχὴ
570 5031 962 5102 ἐξαγγελτικὴ
993 5037 1277 5104 προνοίας
1311 5036 1616 5108 διαφόρου.

96 5118 194 5170 λδν.
230 5121 546 5191 Προσευκὴ
605 5123 1011 5195 ἐξαγγελτικὴ
1081 5127 1463 5200 δημιουργίας
1525 5132 1651 5186 δια-

156 5211 356 5278 φόρου.

98 5301 190 5354 λε’.
224 5306 540 5378 Προσευχὴ
574 5309 727 5378 μετὰ
768 5311 1154 5380 εὐχαριστίας
1198 5312 1655 5384 ἐξαγγέλλουσα

159 5395 258 5449 τοῦ
287 5397 438 5451 Θεοῦ
466 5399 579 5467 τὴν
604 5402 738 5470 περὶ
763 5403 837 5457 τὰ
863 5405 1012 5460 ὄντα
1039 5406 1414 5476 κηδεμονίαν.

98 5484 205 5547 εἰς’.
237 5489 551 5560 Προσευχὴ
595 5494 1142 5564 ὑπομιμνήσκουσα
1166 5496 1281 5567 τὴν
1322 5501 1652 5571 γενομένην

159 5574 408 5644 Χριστοῦ
478 5581 955 5654 ἐνανθρώπησιν,
1029 5589 1126 5644 καὶ
1181 5588 1294 5660 τὴν
1367 5595 1454 5658 εὶς
1514 5595 1652 5664 τοὺς

161 5666 359 5738 ἀτίους
386 5671 667 5743 διάφορον
693 5679 994 5746 πρόνοιαν.

161 5780 179 5812 ⁸
200 5784 270 5839 ιι.
312 5786 653 5860 ολιγοψύχου.

1819 1904 2077 1959 sionibus.

1750 1993 1868 2051 XV.
1913 1996 1988 2050 De
2010 1996 2157 2050 cultu
2181 2014 2306 2066 erga
2342 2005 2612 2064 parentes.

1750 2088 1890 2143 XVI.
1933 2089 2009 2143 De
2039 2089 2357 2158 subjectione
2384 2105 2507 2159 erga
2538 2106 2708 2159 regem
2731 2098 2779 2143 et
2815 2090 3180 2159 magistratus.

1750 2269 1916 2327 XVII.
1952 2270 2030 2324 De
2063 2269 2257 2324 munda
2286 2271 2608 2324 conscientia
2636 2279 2986 2338 precantium.

1751 2469 1938 2525 XVJI.
1980 2470 2133 2536 Quod
2163 2473 2247 2524 via
2275 2487 2392 2542 qua:
2434 2487 2498 2525 es:
2535 2471 2746 2526 insidiis
2770 2468 3068 2526 adversarii
3111 2470 3323 2524 adscita

1822 2564 1944 2632 fuit,
1981 2565 2248 2632 impietate
2279 2581 2340 2620 ac
2368 2565 2646 2634 iniquitate
2671 2565 2743 2618 sit
2763 2563 2943 2634 plena.

1751 2741 1894 2799 XIX.
1937 2741 2090 2808 Quod
2119 2758 2219 2796 non
2251 2751 2490 2810 oporteat
2513 2758 2546 2795 α
2566 2743 2758 2812 pietate
2779 2741 3051 2796 declinare
3078 2739 3326 2800 dextraro

1823 2851 1938 2887 sum
1961 2835 2038 2888 vel
2059 2835 2448 2898 sinistrorsum,
2472 2833 2718 2888 admonet
2751 2835 3046 2905 legislator.

1751 2927 1870 2982 XX.
1914 2927 2066 2994 Quod
2097 2944 2201 2980 non
2231 2936 2470 2996 oporteat
2506 2927 2803 2994 improbare
2841 2925 3012 2980 cibum
3043 2925 3327 2996 quemlibet

1824 3019 1942 3071 usui
1977 3019 2450 3082 accommodatum,
2467 3018 2562 3073 sed
2585 3035 2704 3072 cum
2733 3019 3024 3089 gratiarum
3054 3019 3257 3071 actione
3272 3025 3327 3070 et

1676 3135 1719 3192 α
1825 3109 2068 3164 ordinate
2089 3127 2311 3166 sumere.

1753 3202 1895 3257 XXI.
1935 3202 2090 3269 Quod
2119 3212 2360 3273 oporteat
2381 3205 2644 3258 abstinere
2673 3204 2738 3258 ab
2771 3221 2861 3258 esu
2888 3202 3325 3273 idolothgtorum.

1751 3381 1918 3438 XXII.
1962 3380 2287 3438 Constitutio
2310 3383 2612 3447 Dominica,
2632 3401 2733 3454 quo
2757 3381 2908 3436 modo
2929 3391 3164 3451 oporteat
3199 3381 3326 3450 bap-

1825 3476 2014 3539 tizare,
2041 3483 2089 3528 et
2114 3477 2167 3527 in.
2192 3491 2343 3544 cujus
2377 3485 2616 3529 mortem.

1753 3565 1952 3623 XXIII.
1987 3566 2187 3632 Quibus
2217 3567 2398 3620 diebus
2428 3567 2767 3620 hebdomadis
2783 3566 3137 3636 jejunandum
3160 3569 3250 3631 sit,
3275 3579 3326 3622 et

1819 3660 2008 3731 quibus
2039 3678 2139 3714 non
2152 3660 2534 3730 jejunandum;
2561 3670 2614 3716 et
2645 3660 2795 3728 cujus
2821 3662 2895 3713 rei
2915 3661 3112 3729 gratia.

1755 3744 1946 3815 XXIV.
1989 3753 2184 3820 Quales
2208 3770 2318 3807 esse
2349 3761 2586 3820 oporteat
2607 3768 2693 3806 eos
2722 3755 2811 3822 qui
2843 3761 2996 3807 orant
3029 3769 3061 3804 a
3095 3751 3332 3806 Domino

1747 3823 1755 3834 ’
1827 3845 2080 3900 traditam
2112 3846 2424 3900 orationem.

1755 3935 1922 3990 XXV.
1967 3935 2274 3990 Gratiarum
2317 3936 2454 3989 actio
2479 3935 2904 3993 sacramentalis.

1755 4027 1945 4082 XXVI.
1989 4027 2298 4081 Gratiarum
2322 4028 2458 4080 actio
2481 4042 2635 4096 super
2662 4025 2840 4080 diuina
2870 4042 3252 4082 communione.

1754 4121 1973 4180 XXVII.
2013 4119 2320 4174 Gratiarum
2339 4119 2482 4174 actio
2507 4135 2602 4190 pro
2627 4119 2845 4191 mystico
2870 4128 2916 4172 et
2950 4119 3338 4173 sacramentali

1828 4224 2112 4283 unguento.
3364 4197 3370 4208 ς

1755 4303 1994 4362 XXVIII.
2035 4305 2187 4374 Quod
2209 4323 2312 4359 non
2338 4313 2573 4375 oporteat
2607 4304 2965 4375 indi/ferenter
2994 4303 3062 4357 ad
3092 4319 3340 4358 comma.-

1827 4401 2033 4454 nionem
2057 4399 2353 4454 admittere.

1682 4473 1726 4528 Ῑ)
1757 4487 1947 4544 XXIX.
1988 4489 2064 4544 De
2091 4488 2442 4544 oblationibus
2473 4489 2798 4544 constitutio.

1757 4581 1924 4638 XXX.
1969 4583 2084 4649 Quo
2117 4581 2270 4636 modo
2299 4592 2536 4651 oporteat
2585 4582 2724 4638 diem
2779 4582 3111 4636 Dominicum
3157 4583 3337 4648 nostri

1828 4673 2123 4730 Saluatoris
2155 4676 2526 4729 resurrectioni
2551 4676 2807 4739 dicatum,
2832 4684 3167 4743 congregatos
3197 4673 3331 4727 cele-

1827 4767 2000 4822 brarc.

1757 4857 1950 4914 XXXI.
1993 4859 2189 4927 Quales
2219 4876 2330 4915 csse
2355 4869 2587 4929 oporteat
2618 4876 2725 4923 eos,
2758 4860 2847 4930 qui
2877 4859 3213 4914 ordinantur.

1756 4951 1969 5006 XXXII.
2014 4952 2355 5006 Denuntiatio
2384 4952 2448 5006 de
2475 4953 2691 5021 futuris.

1757 5042 1996 5100 XXXIII.
2041 5043 2228 5099 Oratio
2251 5045 2454 5098 variam
2484 5042 2867 5112 prouidentiam
2891 5041 3208 5110 pradicans.

1757 5135 1998 5192 XXXIV.
2039 5135 2231 5191 Oratio
2262 5137 2465 5190 variam
2483 5136 2809 5189 creationem
2827 5133 3146 5204 pradicaus.

1755 5312 1974 5377 XXXV.
2018 5313 2206 5369 Oratio
2252 5330 2369 5367 cum
2419 5313 2720 5384 gratiarum
2773 5313 2985 5367 actione
3031 5311 3330 5380 pra‘dicans

1829 5407 1927 5462 Dei
1956 5424 2079 5479 erga
2102 5416 2374 5461 creaturas
2404 5405 2837 5460 sollicitudinem.

1757 5499 1997 5577 XXXVI.
2043 5498 2230 5554 Oratio
2243 5515 2658 5553 commemorans
2674 5499 3093 5555 incarnationem
3105 5496 3328 5568 Christi,

1827 5602 1878 5649 ct
1905 5593 2105 5651 variam
2127 5608 2254 5663 erga
2278 5599 2488 5647 sanctos
2511 5591 2913 5662 providentiam.
