3812 6386
141 340 261 399 1009

968 336 1569 401 CONSTITUTIONES
1606 343 2086 403 APOSTOLICE.
2119 375 2191 388 —
2220 340 2353 399 LIB.
2389 341 2501 398 Vll.

3202 345 3363 404 1010

137 478 214 515 σου
241 454 326 511 καὶ
350 453 473 517 τοὺς
493 454 773 522 συγγενεῖς
803 468 898 507 σου
929 453 1004 524 μὴ
1025 453 1307 526 ὑπερίδῃςθ
1349 473 1367 506 ι
1402 458 1543 523 Τοὺς
1568 457 1679 533 γὰρ

1793 465 1977 528 gnatos
2006 464 2131 513 tuos
2156 472 2226 512 ne
2247 455 2560 531 despicias:
2589 472 2610 507 ι
2648 453 2996 513 Domesticos
3021 455 3166 513 enim
3197 460 3366 514 serui-

130 549 333 613 υίκείους
357 544 448 607 τοῦ
477 546 788 618 σπέρματός
820 562 915 599 σου
945 545 1044 616 οὐχ
1074 546 1358 619 δπερόψει.
1401 567 1420 599 δ

612 659 1010 713 ΚΕΦΔΛΔΙΟΝ
1045 661 1159 726 ις’.

129 754 247 825 Περὶ
278 752 382 823 τῆς
409 753 555 821 πρὸς
576 751 843 821 βασιλέα
888 750 987 805 καί
1022 751 1320 821 ἄρχοντας
1349 753 1677 823 ὑποταγῆς.

185 848 275 903 Τον
305 845 520 918 βασιλέα
548 844 852 916 φοϐηθήσῃ,
885 844 1041 908 εἰδὼς
1068 844 1153 897 ὃτι
1182 843 1278 897 τοῦ
1302 846 1507 917 Κυρίου
1532 846 1681 901 ἐστὶν

127 946 154 1014 ἡ
182 938 480 1013 χειροτονία·
510 939 639 1001 τοὺς
665 938 936 1009 ἄρχοντας
962 936 1130 990 αὑτοῦ
1160 939 1434 1009 τιμήσεις,
1465 938 1543 1003 ὡς
1569 937 1680 992 λει-

126 1036 360 1108 τουργοὺς
388 1030 542 1086 Θεοῦ·
580 1031 784 1085 ἔκδικοι
829 1031 939 1102 γάρ
980 1032 1086 1085 εἰσι
1120 1029 1302 1103 πάσης
1332 1030 1564 1095 ἀδικίας·
1598 1024 1682 1095 οἷς

126 1128 387 1183 amicat:
414 1127 586 1193 τέλος,
620 1125 805 1198 φόρον,
830 1125 925 1179 καὶ
953 1126 1137 1179 πᾶσαν
1168 1124 1449 1197 εἰσφορὰν,
1474 1126 1679 1195 εὐγνω-

128 1222 298 1293 μόνως.

621 1334 1017 1391 ΚΕΦΑΛΑΙΟΝ
1046 1335 1145 1389 ΙΖ’.

166 1450 289 1519 Περὶ
313 1448 574 1518 καθαροῦ
599 1447 951 1514 συνειδότος
972 1446 1090 1502 τῶν
1116 1446 1641 1517 προσευχομένωγ.

181 1546 248 1599 Οὐ
272 1543 606 1616 προσελεύσῃ
638 1544 733 1598 ἐπὶ
761 1543 1073 1615 προσευχήν
1102 1558 1219 1604 σου,
1272 1542 1332 1594 ὲν
1369 1540 1556 1612 ἡμέρᾳ
1581 1556 1679 1593 πο-

123 1638 291 1709 νηρίας
322 1655 445 1704 σου,
475 1638 608 1709 πρὶν
647 1636 715 1692 ἀν
762 1636 934 1707 λύσῃς
975 1636 1075 1708 τὴν
1102 1634 1331 1707 πικρίαν
1367 1651 1483 1686 σου.
1526 1632 1678 1705 Αῦτη

119 1731 246 1785 ἐστὶν
271 1733 303 1802 ἡ
331 1730 449 1794 ὁδὸς
471 1730 573 1800 τῆς
606 1729 772 1800 ζωῆς.
797 1724 907 1793 τΗς
932 1728 1141 1798 γένοιτο
1168 1728 1318 1792 ἐντὸς
1349 1727 1494 1799 ὑμᾶς
1522 1728 1679 1798 εὑρε-

121 1819 279 1894 θῆναι,
304 1824 392 1878 διὰ
417 1823 596 1897 Ἰησοῦ
624 1821 863 1896 Χριστοῦ
892 1822 989 1877 τοῦ
1014 1820 1222 1893 Κυρίου
1248 1821 1426 1892 ἡμῶν.
1468 1864 1471 1865 ν

616 2002 1012 2058 ΚΕΦΑΛΑΙΟΝ
1042 2003 1148 2056 ιη’.

120 2114 232 2189 Ὅτι
250 2114 289 2189 ῄ
313 2114 381 2189 ἐξ
407 2114 865 2189 ἐπιϐουλῆς-τοῦ
891 2117 1217 2189 duom/0v
1246 2117 1677 2189 ἐπεισαχθεῖσα

175 2183 320 2251 ὁδὸς,
350 2186 632 2252 ἀσεϐείας
661 2186 760 2239 καί
790 2183 1163 2257 παρανομίας
1192 2183 1590 2259 πεπλήρωται.

184 2298 241 2352 Ἦ
258 2298 311 2352 δὲ
329 2298 447 2363 ὁδὸς
474 2296 571 2352 τοῦ
601 2296 832 2353 θανάτου
857 2298 1005 2354 ἐστὶν
1034 2300 1093 2355 ὲν
1120 2300 1385 2373 πράξεσιν
1412 2307 1679 2377 πονηραῖς

117 2386 456 2459 θεωρουμένη·
480 2390 538 2442 ὲν
557 2388 692 2462 αὐτῇ
714 2389 823 2462 γὰρ
842 2390 1032 2461 ἄγνοια
1051 2391 1209 2455 Θεοῦ,
1223 2393 1315 2447 καὶ
1335 2394 1542 2449 πολλῶν
1563 2398 1677 2469 (58)

116 2481 275 2534 κακῶν
293 2483 387 2535 καλ⁸
406 2481 580 2535 θολῶν
606 2482 703 2535 καὶ
728 2482 983 2555 ταραχῶν
1011 2484 1382 2558 ἐπεισαγωγὴ·
1413 2487 1481 2541 δι’
1497 2481 1571 2542 ὧν
1593 2488 1680 2559 φό-

115 2575 1325 2649 νοι,μοιχεῖαι,πορνεῖαι,ὲπιορκίαι,ὲπιθυμίαι
1346 2580 1695 2652 παράνομοιρ

117 2665 305 2729 κλοπαὶ,
334 2666 794 2739 είδωλολατρεῖαι,
829 2669 1072 2737 μαγεῖαι,
1103 2673 1464 2741 φαρμακεῖαι,
1496 2673 1676 2743 ἁρπα-

114 2758 209 2825 γαὶ,
226 2758 712 2831 ψευδομαρτυρίαι,
726 2758 1067 2831 ὑποκρίσεις,
1088 2759 1488 2835 διπλοκαρδὶαι,
1503 2764 1674 2829 δόλος,

115 2848 454 2922 ὑπερηφανία,
506 2850 694 2917 κακία,
732 2850 1011 2914 αὐθάδεια,
1051 2852 1352 2920 πλεονεξία,
1392 2856 1677 2927 αίσχρολου

113 2941 209 3009 γῖα,
232 2942 547 3014 ζηλοτυπία,
582 2943 877 3015 θρασύτης,
900 2943 1338 3018 ὑψηλοφροσύνη,
1367 2947 1674 3016 ἀλαζονεία,

114 3034 316 3103 ἀφοὸἱα,
348 3030 595 3107 διωγμὸς
634 3034 887 3105 ἀγαθῶν,
929 3035 1189 3107 ἀληθείας
1219 3037 1418 3111 ἔχθρα,
1448 3039 1678 3111 ψευδοῦς

112 3124 297 3231 ἀγάπη,
321 3128 517 3196 ἄγνοια
544 3127 907 3199 δικαιοσύνης.
942 3129 1007 3182 Οἱ
1026 3128 1135 3201 γὰρ
1154 3130 1360 3185 τούτων
1376 3132 1596 3203 ποιηταὶ
1609 3132 1674 3198 ⁸⁸,
1702 3169 1748 3231 c

112 3218 161 3268 εὐ
188 3218 475 3274 κολλῶνται
505 3219 716 3290 ἀγαθῷ,
750 3220 872 3273 οὐδὲ
901 3221 1082 3292 κρίσει
1116 3220 1331 3295 δικαίην
1366 3224 1678 3297 ἀγρυπνοῦ-

116 3324 203 3373 σιν,
253 3312 351 3365 οὐκ
391 3314 477 3377 είς
526 3311 601 3365 τὸ·
624 3312 859 3381 ἀγαθὸν,
904 3312 1018 3366 ἀλλ’
1066 3315 1147 3378 είς
1191 3314 1253 3369 τὸ
1294 3316 1553 3389 πονηρόν·
1600 3312 1675 3373 ὧν

117 3403 308 3475 μακρὰν
351 3405 607 3477 πραότης
641 3405 735 3458 καὶ
775 3405 1044 3477 ὑπομονή-
1084 3404 1289 3478 μάταια
1320 3410 1674 3479 ἀγαπῶντες,

113 3492 773 3568 διώκοντεςίἀνταπόδομα,
798 3499 899 3553 οὐκ
928 3499 1203 3564 ἐλεοῦντες
1234 3502 1471 3573 πτωχὸν,
1492 3504 1554 3557 οὐ
1581 3521 1677 3557 πο-

114 3585 302 3652 νοῦντες
358 3592 453 3643 ἐπὶ
516 3592 974 3664 καταπονουμένῳ
994 3632 1009 3657 ,
1062 3594 1123 3647 οὐ
1170 3592 1531 3663 γινώσκοντες
1584 3596 1677 3651 τὸν

114 3680 385 3751 ποιήσαντα
410 3682 631 3751 αὐτοὺς,
656 3688 834 3754 φονεῖς
852 3685 1080 3750 τέκνων,
1113 3687 1332 3759 φθορεῐς
1359 3688 1678 3761 πλάσματος

112 3769 247 3838 Θεοῦ,
262 3774 733 3847 ἀποστρεφόμενοι
755 3776 1083 3848 ἐνδεόμενον,
1106 3779 1541 3845 καταπονοῦντες
1562 3780 1676 3853 (59)

115 3858 435 3935 θλιϐόμενον,
490 3866 762 3921 πλουσίων
796 3868 1167 3940 παράκλητοι,
1216 3872 1464 3943 πενήτων
1511 3872 1679 3944 ὑπερ-

112 3952 270 4023 όπται,
299 3958 774 4032 πανθαμάρτητοι.
840 3960 1174 4034 Ῥυσθείητε,
1204 3963 1388 4027 τέκνα,
1418 3963 1527 4018 ἀπὸ
1555 3962 1677 4017 τού-

111 4061 201 4100 των
229 4050 486 4105 ἀπάντων
498 4091 509 4104 .

620 4252 1014 4307 ΚΕΦΑΛΑΙΟΝ
1049 4253 1148 4307 ῐΘν.

158 4359 274 4415 Ὀτι
299 4362 388 4434 μὴ
415 4361 546 4450 χρὴ
580 4362 689 4430 τῆς
719 4364 1369 4450 εὐσεϐείας-,ἐκκλίζειν
1397 4366 1569 4433 δεξιὰ
1598 4368 1637 4439 ἢ

366 4436 683 4505 εὐώνυμα,
717 4436 997 4503 παραινεῖ
1022 4438 1054 4491 ὀ
1084 4437 1430 4507 νομοθέτης.

173 4542 305 4615 Ὅρα
334 4547 409 4617 μή
433 4546 521 4610 τίς
550 4563 610 4600 σε
640 4546 889 4619 πλανήσῃ
919 4546 1027 4600 ἀπὸ
1051 4547 1153 4618 τῆς
1182 4549 1480 4614 εὐσεϐείαςο
1518 4570 1537 4603 ι
1558 4551 1674 4606 Οὐκ
1707 4515 1752 4571 D

108 4630 343 4707 ἐκκλίνῃς
386 4636 537 4710 γὰρ,
590 4638 787 4718 φησὶν,
828 4639 924 4691 ἀπ’
973 4639 1145 4709 αὐτῆς
1188 4638 1340 4706 δεξιὰ
1386 4641 1421 4714 ἢ
1466 4642 1672 4696 εὐώνυ-

110 4739 176 4792 μα
220 4726 346 4799 (40)”
380 4748 400 4779 ι
446 4729 537 4783 ἵνα
566 4732 731 4800 συνῇς
759 4730 817 4781 ὲν
852 4731 1019 4794 πᾶσιν
1046 4726 1128 4795 οἷς
1162 4731 1257 4785 ἐὰν
1293 4732 1573 4806 πράσσῃς,
1609 4735 1671 4788 οὐ

108 4816 201 4888 γὰρ
245 4820 337 4874 ἐὰν
383 4821 499 4893 (41)
550 4822 626 4894 μὴ
679 4824 963 4893 ὲκτραπῇς
1006 4820 1112 4889 ἔξω
1137 4823 1238 4895 τῆς
1264 4824 1481 4887 εὐθείας
1506 4826 1628 4881 ὀδοῦ
1653 4867 1669 4894 ,

104 4906 466 4985 δυσσεσήσεις.

1785 549 1869 603 nis
1893 548 1970 603 tui
1997 564 2065 605 ne
2091 547 2407 621 despexeris
2428 548 2500 604 "'.
2533 561 2555 598 ι

2369 659 2601 717 CAPUT
2639 658 2780 716 XVI.

1938 752 2017 807 De
2048 753 2371 824 subjectione
2398 770 2523 825 erga
2552 770 2721 824 regem
2752 763 2801 807 et
2833 754 3199 824 magistratus.

1854 843 2057 918 Regem
2098 847 2396 911 vereberis,
2430 847 2615 903 sciens
2650 861 2680 900 a
2720 843 2953 900 Domino
2983 861 3105 902 esse
3139 846 3366 901 electio-

1783 953 1938 1006 nem;
1966 939 2320 1011 magistratus
2349 938 2470 1010 ejus
2492 937 2809 1002 lionorabis,
2838 950 2897 991 ιιι
2918 922 3206 1005 miniStros
3237 936 3359 995 Dei:

1782 1029 2025 1085 vindices
2054 1029 2199 1084 enim
2234 1037 2363 1086 sunt
2411 1033 2591 1085 omnis
2634 1030 2907 1099 injurize”
2935 1050 2947 1085 :
2977 1030 3178 1101 quibus
3209 1040 3366 1101 grato

1782 1124 1964 1176 animo
1992 1121 2258 1177 exsolvite
2288 1122 2541 1193 vectigal,
2574 1122 2865 1188 tributum,
2897 1137 3225 1195 omnemque
3252 1122 3366 1177 col-

1782 1212 2061 1269 lationem.

2345 1326 2577 1385 CAPUT
2623 1327 2791 1384 xvn.
3128 1400 3131 1401 ν

2048 1419 2126 1475 De
2155 1420 2356 1475 munda
2385 1421 2706 1476 conscientia
2734 1420 3079 1492 precantium.

1851 1534 1897 1567 “
1922 1532 2044 1590 Non
2068 1534 2300 1591 accedas
2338 1534 2407 1589 ad
2451 1535 2822 1606 precationem
2853 1543 3026 1605 tuam,
3056 1535 3113 1590 in
3144 1535 3232 1593 die
3259 1538 3361 1592 im-

1780 1628 2075 1700 probitatis
2102 1634 2229 1691 tuze,
2263 1627 2585 1699 priusquam
2620 1627 3042 1683 amaritudinem
3075 1636 3227 1683 tuam
3265 1630 3361 1684 de—

1781 1736 1975 1791 ponas.
2022 1718 2150 1774 Hsec
2195 1726 2282 1775 est
2319 1719 2408 1774 via
2452 1720 2607 1787 vitae;
2641 1720 2783 1775 intra
2813 1735 2978 1791 quam
3009 1735 3108 1776 vos
3149 1721 3359 1775 utinam

1709 1823 1752 1881 Β
1781 1811 2172 1877 inveniamini,
2224 1826 2322 1883 per
2366 1808 2557 1868 Jcsum
2592 1812 2882 1870 Christum
2922 1812 3213 1869 Dominum
3260 1829 3361 1870 no-

1780 1910 1980 1960 strum.
2096 1912 2097 1915 ‘

2336 1995 2569 2053 CAPUT
2609 1995 2796 2053 XVIII.

1841 2109 1997 2180 Quod
2026 2112 2111 2167 via
2140 2128 2257 2182 qua:
2276 2126 2342 2165 ea:
2372 2111 2578 2165 insidiis
2605 2111 2899 2166 adversari:
2932 2113 3137 2167 adscita
3170 2114 3295 2183 fuit,

2081 2183 2350 2252 impietate
2383 2198 2446 2236 ac
2475 2183 2753 2248 iniquitate
2778 2184 2847 2237 sit
2875 2184 3050 2253 plena.

1849 2294 1894 2327 “
1921 2294 1991 2349 At
2017 2295 2101 2350 via
2134 2296 2328 2351 mortis
2354 2296 2407 2351 in
2436 2296 2621 2367 pravis
2651 2295 2962 2352 actionibus
2984 2297 3233 2351 cernitur
3261 2318 3274 2353 :
3302 2298 3357 2354 in

1778 2402 1841 2444 ea
1858 2387 2010 2458 enim
2039 2396 2124 2443 est
2154 2388 2426 2459 ignoratio
2462 2387 2587 2456 Dei;
2618 2395 2672 2444 et
2704 2387 3038 2444 introductio
3060 2391 3356 2447 multorum

1779 2479 2082 2545 malorum,
2115 2480 2402 2536 turbinum
2434 2496 2499 2537 ac
2539 2481 2875 2535 tumultuum
2915 2498 2930 2536 :
2973 2481 3119 2537 unde
3156 2483 3354 2547 caedes,

1779 2572 2067 2640 adulteria,
2093 2574 2478 2638 scortationes,
2503 2573 2765 2644 perjuria,
2785 2574 3112 2644 cupiditates
3134 2574 3355 2646 iniquae.

1782 2662 1950 2728 furta,
1984 2665 2338 2731 idololatria},
2372 2666 2586 2737 magiaa,
2619 2666 2929 2738 praestigiae,
2955 2666 3180 2737 rapinae,
3217 2666 3357 2723 falsa

1779 2756 2118 2823 testimonia,
2150 2758 2552 2822 simulationes,
2578 2758 2745 2813 corda
2776 2756 3035 2829 duplicia,
3061 2758 3241 2826 dolus,
3260 2775 3357 2815 su-

1779 2849 1969 2920 perbia
1990 2890 2006 2916 ,
2040 2851 2271 2914 malitia.
2315 2850 2648 2923 pervicacia,
2698 2849 2864 2906 alieni
2899 2850 3159 2918 aviditas,
3186 2850 3358 2920 turpi-

1779 2942 2049 3013 loquium,
2083 2943 2373 3016 zelotypia,
2396 2942 2610 3009 feritas,
2635 2942 2799 2998 elatio
2828 2944 3048 3008 mentis,
3074 2943 3354 3014 superbia,

1778 3036 1993 3091 timoris
2015 3036 2285 3102 vacuitas,
2310 3037 2580 3092 bonorum
2612 3037 2849 3102 vexatio,
2873 3037 3121 3092 veritatis
3145 3036 3353 3103 odium,

1780 3127 2053 3184 mendacii
2086 3144 2263 3194 amor,
2294 3129 2606 3201 ignorantia
2631 3128 2881 3198 justitite.
2918 3127 3122 3183 Horum
3151 3130 3357 3202 quippe

1780 3218 2020 3276 factores
2046 3229 2101 3275 et
2125 3220 2492 3287 aﬂectatores,
2525 3237 2637 3277 non
2664 3222 2944 3277 adhaerent
2976 3222 3140 3283 bono.
3180 3239 3358 3294 neque

1775 3310 1927 3382 justo
1964 3311 2210 3382 judicio;
2251 3313 2509 3386 vigilant,
2538 3330 2649 3371 non
2671 3314 2740 3369 ad
2770 3314 3098 3383 bonum,sed
3128 3315 3197 3369 ad
3241 3332 3358 3372 ma-

1779 3405 1891 3460 lum
1919 3424 1932 3460 :
1962 3421 1993 3459 a
2022 3405 2223 3477 quibus
2256 3407 2415 3479 longe
2452 3415 2540 3463 est
2576 3406 2941 3463 mansuetudo
2968 3417 3025 3464 et
3054 3409 3352 3479 patientia:

1776 3512 1916 3551 vana
1949 3496 2259 3570 diligentes.
2292 3506 2677 3555 consectantes
2702 3500 3218 3569 remunerationem,
3243 3516 3354 3556 non

1778 3589 2107 3647 miserantes
2137 3606 2453 3661 pauperem.
2482 3607 2595 3647 non
2626 3590 2875 3647 dolentes
2894 3590 2962 3648 de
2996 3593 3216 3654 afilicto.
3242 3608 3353 3649 non

1778 3688 2139 3752 agnoscentes
2169 3688 2472 3738 creatorem
2503 3699 2689 3749 suum,
2721 3683 3104 3755 interfectores
3147 3684 3352 3741 libero-

1778 3786 1923 3837 rum,
1971 3788 2069 3844 per
2104 3774 2420 3846 embryonis
2449 3775 2649 3831 caedem
2691 3766 3042 3846 cbrruptores
3070 3776 3355 3847 plasmatis

1778 3862 1905 3930 Dei,
1953 3874 2275 3923 aversantes
2316 3882 2583 3939 egenum,
2639 3869 3012 3938 opprimentes
3067 3869 3351 3925 calamito-

1779 3972 1933 4023 sum,
1966 3958 2199 4015 divitum
2248 3959 2530 4027 advocati,
2576 3976 2878 4032 pauperum
2906 3970 3344 4032 contemptores,

1776 4048 1928 4108 omni
1960 4065 2027 4106 ex
2060 4061 2214 4122 parte
2245 4061 2587 4129 peccatores.
2610 4051 2940 4111 Liberemini
2964 4093 2982 4121 ,
3016 4054 3134 4121 lilii,
3166 4054 3351 4111 abhis

1777 4142 2058 4200 omnibus.

2352 4260 2584 4318 CAPUT
2623 4260 2764 4319 XIX.

1778 4372 1934 4442 Quod
1971 4392 2077 4431 non
2116 4385 2353 4446 oporteat
2393 4395 2426 4431 a
2464 4379 2658 4448 pietate
2699 4379 2965 4434 declinare
3009 4384 3349 4438 dextrorsum

2004 4450 2083 4502 uel
2110 4448 2482 4503 sinistrorsum
2504 4489 2518 4513 ,
2551 4449 2794 4505 admonet
2825 4451 3103 4522 legislator

1852 4557 1990 4615 Vide
2026 4575 2096 4615 ne
2133 4559 2261 4630 quis
2296 4566 2350 4615 te
2389 4560 2554 4615 faciat
2588 4575 2619 4614 a
2657 4561 2858 4632 pietate
2886 4561 3187 4618 aberrare:
3217 4578 3236 4612 ι
3267 4559 3347 4616 Ne

1780 4652 2026 4708 declines
2052 4653 2198 4707 enim
2218 4691 2234 4715 ,
2268 4652 2482 4723 inquit,
2514 4654 2585 4707 ab
2611 4668 2676 4709 ea
2708 4652 2776 4709 ad
2808 4652 3125 4718 dexteram,
3155 4653 3243 4708 vel
3279 4652 3346 4707 ad

1780 4743 2064 4799 sinistram
2077 4743 2152 4799 ":
2180 4761 2200 4795 ι
2221 4751 2279 4797 ιιι
2299 4744 2350 4798 in
2375 4745 2629 4799 omnibus
2651 4760 2772 4815 quae
2797 4744 3015 4810 ieceris,
3039 4744 3344 4815 intelligas:

1781 4834 1889 4891 nisi
1915 4835 2062 4893 enim
2093 4849 2125 4890 a
2150 4834 2239 4890 via
2267 4844 2417 4893 recta
2446 4835 2705 4893 deﬂectas
2724 4876 2740 4900 ,
2772 4853 2885 4892 non
2914 4837 3026 4893 eris
3058 4836 3280 4908 impius.

201 5028 245 5060 ³⁸
271 5030 378 5109 isa.
406 5046 560 5109 avni.
597 5032 650 5087 7.
723 5030 958 5109 "_i_iom.
1012 5034 1207 5097 XIII,~L
1275 5036 1321 5067 ⁸ο
1341 5034 1531 5102 Barn.,
1556 5042 1611 5092 et
1640 5035 1697 5091 Α]

1793 5045 1859 5105 t.,
1896 5036 2027 5093 ibid.
2103 5040 2148 5072 “
2178 5038 2342 5095 Barn.
2393 5056 2493 5108 xx;
2525 5041 2742 5109 Anast.,
2796 5041 2926 5099 ibid.
3004 5043 3048 5075 δ’
3087 5044 3161 5099 al.
3209 5029 3350 5099 ἀντι-

107 5101 333 5171 ποιηταί.
412 5102 459 5133 ⁸³
479 5100 638 5158 Deut.
665 5119 720 5169 v,
757 5104 848 5158 δὲ.

1448 5253 1812 5314 γΑιιιοιιυΜ
1850 5257 2082 5316 NOTAE.

107 5459 116 5470 .
168 5389 276 5470 (5_8)
306 5392 582 5470 How.
630 5392 738 5470 Pro
757 5395 879 5470 bac
908 5411 1041 5454 voce
1072 5404 1126 5451 et
1155 5396 1329 5470 tribus
1348 5412 1546 5470 _seqq.,
1586 5406 1671 5454 est

108 5462 155 5512 in
184 5462 354 5517 altato
398 5462 561 5519 Vind.
592 5465 716 5520 cod.
752 5465 911 5531 θεῶν,
939 5484 1004 5522 ac
1040 5481 1227 5521 revera
1275 5465 1413 5519 θεῶν
1442 5462 1666 5521 ἐπεισα-

106 5533 244 5611 γῳγή
273 5542 360 5589 est
384 5534 478 5611 via
494 5537 709 5601 mortis,
738 5552 846 5609 qua
868 5538 1049 5594 omnis
1072 5536 1289 5608 generis
1319 5537 1461 5591 mala
1494 5537 1667 5593 intro-

105 5604 408 5659 mittuntur.
438 5604 536 5661 CL.

109 5738 120 5750 .
168 5671 815 5750 (59)_K¢z_ra.19roﬁrre¢.
847 5677 975 5734 Haec
1000 5694 1104 5750 vox
1127 5686 1181 5731 et
1200 5693 1441 5750 sequens
1464 5677 1664 5735 desunt

107 5742 370 5821 iur-codice
384 5742 710 5821 Vind,qu
739 5742 1000 5821 praeteriit
1026 5742 1300 5821 librarius,
1335 5759 1557 5821 propter
1588 5752 1663 5806 si-

108 5812 276 5868 milem
310 5812 753 5874 terminationem
779 5820 928 5878 vocis
957 5812 1349 5877 antecedentis:
1380 5812 1455 5875 la'.

1849 5400 1963 5471 (40)
2001 5402 2314 5484 Εὐῴνιιμαἶ
2362 5405 2649 5484 Ἀριστερά
2672 5447 2688 5471 ,
2727 5420 3090 5477 synonymum
3123 5375 3224 5476 pro
3253 5418 3345 5475 sy-

1777 5487 2049 5541 nonymo.
2082 5481 2139 5543 ut
2168 5481 2395 5543 passim.
2428 5481 2502 5530 Ib.

1847 5542 1959 5617 (41)
2011 5542 2150 5617 Ἐὰν
2170 5541 2281 5612 μή.
2319 5541 2603 5617 Qmittitur
2635 5549 2709 5617 μή
2740 5554 2794 5600 et
2832 5544 3026 5617 ἑξωίξι
3056 5543 3180 5599 cod.
3218 5543 3357 5597 Vind

1772 5610 2077 5684 dobonensi
2102 5652 2116 5673 .
2147 5610 2202 5667 et
2242 5610 2464 5684 quidem
2516 5610 2660 5671 recte
2688 5610 2708 5671 ε’
2736 5617 2782 5670 si
2834 5617 2897 5669 οὐ
2925 5616 3112 5672 deleas
3138 5626 3191 5669 et
3224 5625 3359 5668 ver-‘

1773 5692 1857 5739 tas
1880 5724 1893 5745 ,
1928 5684 1974 5737 si
2003 5682 2314 5757 deﬂectasja
2344 5684 2428 5738 via
2474 5696 2673 5757 recta,_
2704 5686 2894 5755 impius
2944 5704 2990 5742 ει
3004 5686 3071 5741 is.
3126 5685 3343 5757 Ali0qui

1770 5761 2024 5809 contorta
2056 5762 2140 5810 est
2168 5755 2308 5810 ratio
2339 5756 2618 5828 loquendi.
2656 5755 2732 5813 in.
