3712 6246
114 286 223 343 Ii)"

904 290 1482 349 CONS’l'lTUTIONES
1523 290 1987 352 nosromca.
2024 325 2095 335 —
2130 294 2257 351 LIB.
2298 296 2408 352 vn.
2486 251 2488 254 ’

3097 291 3233 348 (ωε

110 398 227 486 ζωῆς
247 393 309 469 ἧς
324 397 617 471 ἑγνώρισας
643 404 778 474 ἡμῖν
805 403 895 458 διὰ
938 405 1106 476 Ἰησοῦ
1135 405 1226 459 τοῦ
1256 405 1445 469 Παιδὸς
1476 422 1567 459 σου
1588 421 1603 438 ·

1727 424 1824 478 pro
1850 410 1951 465 vita
1980 428 2139 480 quam
2173 415 2522 470 manifestasti
2555 417 2706 473 nobis
2726 428 2818 486 per
2844 416 3023 473 Jesun‘
3050 419 3235 476 Filium

109 482 232 553 διὀῦ
258 491 343 542 καὶ
378 491 446 543 τά
486 493 666 547 πάντα
712 495 995 567 ἐποίησας,
1030 499 1123 551 καὶ
1165 497 1270 550 τῶν
1299 497 1431 550 ὅλων
1472 514 1607 570 προ-

106 583 245 642 νοεῖς·
285 580 339 634 ὃν
384 583 474 635 καὶ
527 584 856 649 ἀπέστειλας
897 588 1024 656 περὶ
1065 588 1205 659 (58)
1257 588 1492 658 σωτηρίᾳ
1542 590 1608 659 τῇ

105 672 309 741 ἡμετέρᾳ
350 673 599 739 γενέσθαι
644 675 953 746 ἄνθρωπον
1007 677 1064 731 ὃν
1107 679 1199 731 καὶ
1239 677 1611 748 συνεχώρησας

104 762 258 814 παθεῖν
294 764 380 815 καὶ
430 764 745 817 ἀποθανεῖν’
776 766 834 818 ὃν
876 768 968 821 καὶ
998 768 1296 837 ἀναστήσας
1324 768 1612 838 εὐδόκησας

102 852 318 916 δοξάσαι,
375 854 467 907 κα)⁸
505 856 771 919 ὲκάθισας
818 859 881 910 ὲκ
928 857 1112 921 δεξιῶν
1159 874 1269 910 σου·
1302 858 1365 910 δι’
1413 854 1473 910 οὗ
1520 859 1613 912 καὶ

100 945 368 1014 ἑπηγγείλω
390 947 519 1016 ἡμῖν
550 945 647 1016 τὴν
680 947 969 1000 ἀνάστασιν
1007 946 1113 999 τῶν
1144 948 1361 1017 νεκρῶν.
1394 948 1489 1011 Σὺ,
1520 948 1614 1001 Δέ-

102 1051 244 1090 σποτα
285 1038 685 1109 παντόκρατορ,
709 1037 811 1090 Θεὲ
872 1037 1070 1090 αἰώνιε·
1107 1037 1290 1108 ὥσπερ
1340 1034 1406 1109 ἦν
1459 1040 1614 1095 τοῦτο

97 1125 539 1196 δπσκορπισμένον
561 1167 578 1191 ,
628 1128 727 1180 καὶ
773 1128 1027 1196 συναχθὲν
1062 1129 1272 1196 ἐγένετο
1311 1123 1389 1191 εἷς
1416 1130 1574 1200 ἄρτος
1594 1171 1610 1197 ,

99 1216 212 1268 οὕτω
234 1218 497 1285 συνάγαγέ
525 1234 621 1270 σου
641 1218 743 1290 τὴν
775 1219 1087 1289 Ἐκκλησίαν
1113 1220 1217 1272 ἀπὸ
1238 1219 1343 1272 τῶν
1370 1221 1614 1291 περάτων

98 1308 177 1376 τῆς
202 1307 295 1377 γῆς
322 1312 401 1371 εἰς
426 1309 528 1380 τὴν
560 1310 677 1381 (59)
713 1309 1003 1380 βασιλείαν.
1022 1312 1137 1363 Ἔτι
1175 1311 1611 1382 εὐχαριστοῦμεν,

100 1399 248 1467 Πάτερ
265 1401 294 1467 ἡ
303 1398 436 1468 μῶν,
455 1400 599 1470 ὑπὲρ
626 1399 723 1453 τοῦ
746 1401 921 1471 τιμίου
942 1402 1165 1471 αἵματος
1196 1401 1364 1472 Ἰησοῦ
1384 1402 1613 1473 Χριστοῦ

97 1489 171 1541 τοῦ
209 1489 518 1559 ἐκχυθέντος
565 1491 712 1561 ὑπὲρ
753 1492 925 1562 ἡμῶνσ
967 1493 1058 1546 καὶ
1100 1491 1192 1545 τοῦ
1221 1493 1397 1563 τιμίου
1438 1492 1616 1562 σώμα-

95 1597 182 1644 τος’
211 1576 265 1632 οὗ
289 1583 379 1633 καὶ
406 1581 683 1635 ἀντίτυπα
708 1583 878 1636 ταῦτα
904 1583 1247 1653 ἐπιτελοῦμεν
1269 1625 1282 1648 ,
1316 1584 1475 1651 αὑτοῦ
1503 1584 1616 1636 δια-

94 1673 356 1742 ταξαμένου
414 1676 549 1743 ἡμῖν
597 1674 985 1742 καταγγέλλειν
1025 1675 1115 1726 τὸν
1157 1674 1316 1726 αὑτοῦ
1372 1674 1610 1726 θάνατον’

1727 504 1913 562 tuum;
1964 516 2057 568 per
2092 518 2249 570 quem
2296 512 2405 557 tum
2454 506 2633 558 omnia
2678 506 2907 571 creasti,
2945 517 3054 561 tum
3114 508 3234 561 uni-

1718 587 1890 640 versis
1945 591 2223 655 provides;
2277 608 2433 659 quem
2480 600 2533 646 et
2580 594 2793 657 misisti,
2852 602 2910 648 ut
2967 596 3031 649 ad
3090 600 3237 650 salu-

1719 682 1823 728 tem
1884 682 2128 728 nostram
2185 678 2347 732 homo
2403 679 2583 744 ﬁeret;
2638 695 2796 747 quem
2832 682 2991 735 etiam
3043 682 3239 749 permi-

1707 766 1826 821 sisti
1864 768 1973 836 pati
2011 775 2063 820 et
2097 768 2267 835 mori;
2291 785 2448 838 quem
2484 775 2538 823 et
2576 769 2907 822 resuscitans
2938 769 3238 838 gloriﬁcare

1706 857 1942 923 voluisti,
1974 864 2027 912 et
2071 858 2258 912 sedere
2298 858 2471 913 fecisti
2501 858 2567 911 ad
2606 858 2877 912 dexteram
2907 866 3053 910 tuam
3088 876 3101 911 :
3143 874 3238 925 per

1708 964 1863 1017 quem
1893 954 1948 1003 et
1978 949 2269 1018 promisisti
2304 949 2461 1004 nobis
2502 950 2954 1003 resurrectionem
2997 956 3239 1003 mortuo-

1708 1052 1848 1093 rum.
1870 1036 1972 1102 Tu,
1997 1038 2216 1092 Domine
2242 1038 2601 1107 omnipotens,
2621 1038 2760 1093 Deus
2789 1045 3021 1092 aiterne:
3052 1054 3240 1107 quein-

1708 1127 1994 1181 admodum
2024 1128 2126 1180 hoc
2161 1136 2277 1181 erat
2319 1128 2652 1198 dispersum,
2700 1137 2754 1182 et
2797 1144 2917 1183 cum
2966 1128 3066 1181 fuit
3108 1143 3238 1181 con-

1709 1224 2003 1285 gregatum,
2036 1217 2211 1272 factus
2232 1224 2315 1272 est
2343 1233 2483 1273 unus
2506 1220 2697 1287 panis,
2736 1218 2808 1271 ita
2846 1234 3106 1288 congrega
3136 1218 3240 1272 Ec—

1710 1307 1935 1361 clesiam,
1968 1314 2115 1361 tuam
2162 1323 2194 1361 a
2240 1308 2433 1362 ﬁnibus
2482 1319 2635 1362 terra:
2673 1309 2727 1362 in
2757 1324 2998 1379 regnum.
3048 1308 3239 1363 Adhuc

1709 1397 1907 1466 gratias
1937 1398 2178 1468 agimus,
2210 1398 2370 1453 Pater
2417 1406 2629 1463 noster,
2660 1416 2757 1469 pro
2806 1402 3043 1469 pretioso
3106 1417 3236 1456 san-

1710 1489 1869 1556 guine
1895 1487 2020 1543 Jesu
2048 1489 2253 1544 Christi
2276 1489 2443 1543 eﬁuso
2470 1501 2654 1544 nostra
2683 1505 2879 1552 causa;
2910 1498 2963 1545 et
2991 1507 3089 1560 pro
3117 1508 3240 1561 pre-

1710 1580 1848 1634 tioso
1892 1594 2147 1649 corpore.
2179 1581 2335 1648 cujus
2364 1588 2418 1635 et
2461 1580 2574 1635 haec
2602 1583 2841 1652 antitypa
2883 1584 3236 1649 celebramus,

1712 1684 1833 1722 cum
1864 1669 1979 1738 ipse
2002 1670 2159 1724 nobis
2190 1672 2530 1725 constituerit
2584 1680 2809 1725 mortem
2842 1672 2988 1729 illius
3024 1689 3239 1729 annun-

95 1732 315 1817 ei’vaircoﬁ
337 1732 555 1835 γάρ-σοι
582 1768 705 1819 καὶ·
726 1732 913 1835 ἠπέόξα,
937 1768 1014 1828 είς
1041 1767 1164 1827 τοὺς
1186 1765 1398 1828 αἰῶνας.
1424 1765 1609 1835 Ἀμήν.

1714 1760 1848 1814 liare
1879 1759 1964 1813 “:
2016 1775 2110 1829 per
2151 1761 2323 1830 ipsum
2368 1762 2512 1815 enim
2554 1762 2648 1815 tibi
2694 1763 2862 1831 gloria
2903 1763 2958 1816 in
3017 1770 3238 1822 Saecula.

95 1858 266 1926 Μηδεὶς
294 1858 347 1909 δὲ
376 1858 609 1910 ἐσθιέτω
654 1856 715 1920 ἐξ
757 1857 932 1911 αὐτῶν
953 1898 967 1922 ,
1000 1856 1104 1909 τῶν
1154 1857 1407 1926 ἀμυήτων
1428 1872 1441 1889 ο
1483 1855 1614 1909 ἀλλὰ

98 1947 221 2015 μόνοι
248 1949 293 1999 οἱ
320 1946 747 2016 βεϐαπτισμένοι
772 1949 849 2009 είς
878 1947 968 1998 τὸν
1011 1946 1102 1998 τοῦ
1134 1946 1331 2017 Κυρίου
1373 1946 1611 1999 θάνατον.

96 2037 145 2088 Ei
172 2037 220 2089 δέ
252 2054 330 2100 τις
358 2038 609 2109 ἀμύητος
648 2037 860 2107 κρύψας
901 2037 1086 2089 ἑαυτὸν
1130 2036 1417 2108 μεταλάϐῃ,
1446 2039 1615 2107 κρίμα

95 2127 275 2179 αίώνιον
298 2128 545 2195 φάγεται·
571 2128 659 2179 ὅτι
702 2127 774 2197 μὴ
796 2126 869 2180 ὢν
893 2127 992 2196 τῆς
1016 2129 1093 2188 είς
1114 2126 1341 2196 Χριστὸν
1365 2126 1612 2191 πίστεως,

98 2218 354 2285 μετέλαϐεν
386 2213 460 2272 ὧν
490 2218 552 2270 οὐ
583 2218 775 2286 θέμις,
804 2219 882 2279 εἰς
919 2217 1179 2287 τιμωρίαν
1227 2216 1434 2268 ἑαυτοῦ.
1468 2217 1529 2268 Εί
1560 2216 1616 2268 δέ

94 2323 163 2369 τις
210 2309 340 2361 κατὰ
381 2311 606 2378 ἄγνοιαν
661 2306 946 2377 μεταλάϐοι
985 2306 1147 2376 (60),
1194 2306 1375 2359 τοῦτον
1434 2307 1616 2376 τάχιον

98 2397 504 2466 στοιχειώσαντες
557 2399 803 2469 μυήσατε
825 2438 841 2465 ,
892 2398 1035 2459 ὅπως
1088 2395 1163 2466 μὴ
1215 2396 1616 2468 καταφρονητὴς

97 2485 287 2550 ἐξέλθοι.

560 2682 955 2736 ΚΕΦΑΛΑΙΟΝ
990 2683 1131 2748 Kq'.

278 2797 645 2864 Εὑχαριστία
673 2794 771 2847 ἐπὶ
796 2793 869 2861 τῇ
905 2794 1029 2860 θείᾳ
1062 2792 1407 2862 μεταλήψει.

154 2910 290 2962 Μετά
333 2910 388 2961 δὲ
436 2909 535 2978 τὴν
591 2905 888 2977 μετάληψιν
910 2947 925 2971 ,
970 2904 1137 2967 οὕτως
1180 2905 1643 2974 εὐχαριστήσατεο.

1710 1849 1900 1905 Amen.
1930 1850 2121 1905 Nullus
2144 1866 2310 1919 porro
2336 1867 2399 1904 ex
2427 1852 2493 1905 iis
2516 1853 2605 1921 qui
2644 1852 2838 1905 initiati
2865 1869 2957 1907 seu
2987 1854 3241 1922 baptizati

1712 1955 1821 1993 non
1850 1950 1997 2004 sunt,
2027 1956 2093 1995 ex
2119 1943 2198 1995 eis
2220 1941 2501 2008 comedat;
2533 1942 2627 1997 sed
2661 1944 2762 1997 soli
2798 1944 2835 1996 ii
2868 1945 2957 2013 qui
2991 1948 3242 2014 baptizati

1714 2031 1929 2085 fuerunt
1954 2033 2008 2085 in
2038 2031 2248 2085 Domini
2294 2041 2540 2088 mortem.
2566 2033 2621 2087 Si
2664 2034 2787 2102 quis
2833 2050 2960 2089 vero
3000 2052 3107 2090 non
3133 2037 3242 2090 ini-

1712 2121 1897 2185 tiatus,
1928 2122 2179 2176 celaverit
2225 2137 2283 2177 se
2315 2123 2510 2190 ipsum,
2539 2132 2592 2178 et
2621 2125 2700 2179 sic
2728 2126 3242 2195 communicaverit;

1709 2210 1970 2279 judicium
2000 2220 2255 2267 mternum
2299 2213 2740 2282 manducabit";
2769 2217 2912 2286 quod
2955 2233 3061 2272 non
3092 2219 3246 2272 addi-

1713 2309 1833 2356 ctus
1861 2301 1987 2356 ﬁdei
2017 2304 2071 2356 in
2100 2302 2373 2358 Christum
2394 2342 2410 2363 ,
2439 2319 2557 2373 quae
2586 2304 2668 2359 {as
2694 2322 2801 2360 non
2836 2316 2953 2360 erat
2991 2310 3242 2377 sumpsit,

1716 2393 1769 2443 in
1796 2392 2116 2460 supplicium
2151 2408 2328 2447 suum.
2375 2391 2432 2447 Si
2469 2395 2592 2463 quis
2631 2404 2808 2449 autem
2860 2412 2956 2465 per
2992 2397 3243 2465 ignorano

1715 2479 1842 2533 tiam
1872 2481 2271 2550 participaverit
2294 2523 2309 2547 ,
2340 2483 2485 2537 hunc
2517 2484 2625 2539 cito
2657 2485 2929 2551 instruite,
2962 2503 3026 2541 ac
3070 2487 3243 2556 bapti-

1713 2584 1830 2624 smo
1860 2571 2087 2636 initiate,
2110 2588 2176 2627 ne
2195 2582 2529 2643 contemptor
2561 2583 2731 2631 exeat.

2250 2684 2474 2740 CAPUT
2513 2684 2700 2742 XXVI.

1845 2795 2147 2850 Gratiarum
2186 2799 2322 2850 actio
2361 2813 2512 2865 super
2538 2798 2717 2852 divina
2740 2801 3113 2859 communione.

1782 2906 1913 2962 Post
1940 2907 2367 2962 communionem
2395 2924 2542 2970 vero,
2573 2911 2652 2962 sic
2683 2912 2882 2978 gratias
2908 2911 3079 2979 agite:
3112 2911 3240 2967 Gra-

100 2999 500 3070 Εὑχαριστοῦμέν
552 3015 678 3062 σοι,
709 2998 736 3047 ὁ
779 2996 907 3057 Θεὸς
938 2996 1029 3047 καὶ
1077 2995 1259 3065 Πατὴρ
1310 2993 1479 3062 Ἰησοῦ
1522 2993 1612 3046 τοῦ

1714 2998 1818 3052 tias
1868 2998 2073 3067 agimus
2118 2999 2213 3075 tib}
2243 2998 2424 3063 ,Deus
2467 3008 2520 3052 et
2574 2998 2732 3053 Pater
2779 2999 2902 3054 Jesu
2952 3001 3241 3057 Salvatoris

99 3061 315 3161 Σωτῆρος
355 3061 511 3161 ἡμῶν
530 3132 545 3154 ,
575 3089 718 3157 ὑπὲρ
745 3086 837 3138 τοῦ
875 3087 1026 3153 ἀγίου
1056 3061 1309 3156 ὀνόματός
1327 3061 1380 3116 ⁷³ί
1402 3101 1521 3149 σου,
1553 3077 1612 3136 οὗ

1715 3090 1909 3153 nostri,
1937 3104 2034 3158 pro
2069 3061 2255 3143 samito
2292 3091 2508 3143 nomine
2549 3099 2663 3153 tuo,
2704 3092 2845 3160 quod
2880 3091 3123 3148 habitare
3170 3093 3231 3149 fe

99 3184 485 3253 κατεσκήνωσας
511 3183 571 3233 ὲν
603 3182 755 3249 ἡμῖν·
799 3179 890 3230 καὶ
915 3178 1051 3247 ὑπὲρ
1081 3177 1178 3246 τῆς
1220 3174 1487 3243 γνώσεως,
1525 3176 1617 3227 καὶ

100 3273 333 3339 πίστεως,
363 3275 454 3326 καὶ
497 3272 758 3340 ἀγάπης,
806 3271 897 3323 καὶ
944 3268 1259 3329 ἀθανασίαςο
1310 3262 1377 3337 ἦς
1418 3266 1618 3331 ἔδωκας

97 3363 206 3431 ἡμῖν
232 3364 312 3417 διά
341 3364 512 3434 Ἰησοῦ
542 3362 639 3414 τοῦ
674 3361 863 3419 Παιδός
890 3377 998 3412 σου.
1030 3360 1124 3425 Συ,
1154 3360 1391 3413 Δέσποτα
1427 3360 1618 3412 παντό-

97 3471 304 3526 κρατορ,
333 3458 361 3508 ὁ
389 3456 522 3518 Θεὸς
552 3453 663 3505 τῶν
708 3452 861 3517 ὅλων,
890 3451 1105 3515 ἔκτισας
1140 3452 1245 3522 (61)
1275 3453 1364 3505 τὸν
1394 3452 1612 3522 κόσμον,

96 3547 171 3599 καὶ
188 3548 249 3600 τὰ
274 3550 329 3601 ὲν
349 3548 520 3617 αὐτῷ,
552 3547 621 3598 δι’
640 3544 821 3597 αὐτοῦ’
845 3545 938 3597 καὶ
964 3544 1120 3614 νόμον
1147 3545 1541 3611 κατεφύτευσας
1560 3546 1616 3597 ὲν

93 3641 192 3698 ταῖς
207 3638 394 3707 ψυχαῖς
429 3638 613 3709 ἡμῶν·
646 3638 739 3689 καὶ
762 3636 829 3688 τά
855 3636 988 3705 πρὸς
1016 3635 1306 3705 μετάληψιν
1331 3636 1618 3706 προευτρε-

94 3741 231 3789 πισας
265 3729 369 3797 (62)
407 3727 736 3798 ἀνθρώποις.
764 3728 819 3778 '0
851 3726 979 3786 Θεὸς
998 3725 1102 3776 τῶν
1125 3725 1289 3792 ἀγίων
1324 3727 1415 3779 καὶ
1442 3727 1617 3797 ἀμέμ-

89 3831 221 3869 πτων
240 3820 369 3871 πατέ
378 3836 484 3888 ρων
501 3821 535 3888 ἡ
547 3816 682 3887 μῶν,
701 3815 959 3885 Ἀϐραὰμ,
980 3816 1071 3868 καὶ
1092 3814 1384 3879 ’1σαάκ,καὶ
1409 3816 1614 3883 Ἰακὼϐ,

89 3906 181 3958 τῶν
211 3909 409 3961 πιστῶν
454 3908 657 3962 δούλων
684 3924 796 3959 σου.
828 3908 885 3958 Ὀ
914 3907 1134 3969 δυνατὸς
1163 3907 1320 3973 Θεὸς,
1362 3909 1389 3958 ὁ
1434 3908 1617 3971 πιστὸς

88 3999 167 4049 καὶ
202 4000 446 4069 ἀληθινὸς
470 4042 486 4063 ,
540 3999 632 4051 καὶ
668 3998 899 4068 ἀψευδὴς
940 3999 996 4048 ὲν
1039 4001 1157 4059 ταῖς
1196 3997 1556 4064 ἐπαγγελίαις·
1589 4000 1616 4051 ὁ

87 4086 386 4152 ἀποστείλας
410 4091 505 4141 ἐπὶ
530 4089 634 4157 γῆς
668 4086 870 4158 Ἰησοῦν
898 4087 989 4139 τὸν
1013 4086 1241 4157 Χριστόν
1271 4104 1384 4154 σου,
1414 4088 1618 4159 ἀνθρώ-

84 4192 191 4241 ποις
211 4180 720 4250 συναναστραφῆναι
744 4179 820 4241 ὼς
844 4178 937 4232 ἀνθ
946 4194 1139 4248 ρωπον,
1158 4178 1286 4230 Θεὸν
1307 4178 1429 4231 ὄντα
1450 4180 1617 4248 Λόγον

84 4268 166 4318 καὶ
203 4270 484 4341 ἄνθρωπον
506 4312 522 4337 ,
560 4270 654 4322 καὶ
681 4270 777 4340 τὴν
826 4268 1030 4338 πλάνην
1077 4269 1363 4340 πρόρριζον
1390 4271 1612 4325 ἀνελεῖν.

1715 3181 1840 3234 cisti
1874 3181 1927 3234 in
1955 3182 2146 3247 nobis;
2177 3190 2229 3235 et
2273 3197 2369 3250 pro
2393 3182 2718 3251 cognitione,
2752 3183 2873 3247 ﬁde,
2911 3184 3171 3241 charitale
3194 3194 3242 3241 et

1714 3270 2115 3326 immortalitate
2154 3288 2273 3341 quae
2295 3272 2489 3326 dedisti
2538 3275 2693 3327 nobis
2724 3290 2816 3343 per
2833 3273 3014 3329 Jesum
3049 3276 3242 3333 Filium

1712 3368 1886 3415 tuum.
1918 3361 2019 3424 Tu,
2044 3360 2266 3416 Domine
2295 3361 2653 3431 omnipotens,
2683 3362 2821 3416 Deus
2848 3365 3241 3435 universorum,

1714 3453 1904 3507 creasti
1927 3452 2179 3505 mundum
2204 3459 2254 3506 et
2282 3468 2399 3520 qua:
2421 3460 2545 3507 Sunt
2567 3454 2618 3505 in
2642 3470 2726 3515 eo,
2748 3470 2840 3522 per
2860 3456 3033 3522 ipsum
3060 3474 3074 3522 ;
3098 3464 3150 3511 et
3172 3459 3244 3512 le—

1715 3560 1829 3613 gem
1856 3545 2107 3621 insevisti’
2128 3545 2181 3597 in
2204 3543 2486 3597 animabus
2505 3546 2735 3606 nostris;
2759 3554 2811 3599 ct
2838 3548 3000 3599 victui
3030 3563 3239 3602 accom-

1716 3636 1873 3688 moda
1922 3633 2233 3703 praaparasti
2282 3633 2609 3689 hominibus.
2663 3633 2801 3688 Deus
2849 3644 3156 3691 sanctorum
3194 3648 3248 3694 et

1715 3724 2106 3793 inculpatorum
2131 3732 2340 3791 patrum
2376 3732 2703 3787 nostrorum,
2739 3726 3046 3789 Abrahan.i,
3079 3725 3245 3782 lsaaci

1714 3822 1767 3867 et
1795 3813 2001 3875 Jacobi,
2023 3814 2255 3868 ﬁdelium
2294 3829 2568 3867 servorum
2600 3823 2833 3869 tuorum.
2864 3816 3004 3872 Deus
3033 3828 3243 3887 potens,

1714 3905 1887 3960 ﬁdelis
1915 3913 1969 3960 et
2013 3920 2196 3968 verax,
2226 3912 2280 3959 et
2310 3905 2362 3957 in
2392 3906 2676 3973 promissis
2724 3922 2831 3960 non
2864 3908 3129 3973 mendax;
3154 3909 3242 3979 qui

1714 3997 1907 4052 misisti
1946 3998 1999 4049 in
2029 4006 2222 4051 terram
2258 3995 2440 4051 Jesum
2468 3996 2743 4050 Christum
2779 4006 2966 4064 tuum,
3017 4008 3075 4053 ut
3120 4015 3243 4054 cum

1714 4087 2020 4141 hominibus
2070 4097 2479 4142 conversaretur
2509 4096 2762 4157 tanquam
2798 4089 2976 4154 homo,
3008 4105 3129 4143 cum
3177 4090 3242 4145 sit

1714 4186 1766 4232 et
1796 4177 1933 4232 Deus
1953 4176 2208 4241 Verbum,
2232 4184 2285 4232 et
2314 4179 2495 4242 homo,
2529 4188 2692 4249 utque
2714 4194 2951 4234 errorem
2984 4181 3246 4236 radicitus

1713 4270 1981 4324 evelleret.
2004 4268 2125 4339 ipse
2151 4276 2205 4323 et
2241 4285 2385 4325 nunc
2434 4285 2529 4339 per
2574 4286 2695 4325 eum
2725 4279 2990 4326 memento
3021 4271 3245 4340 hujusce

81 4358 233 4422 Αὐτὸς
273 4363 365 4415 καὶ
410 4362 511 4415 νῦν
555 4362 622 4414 δι’
666 4358 827 4412 αὑτοῦ
876 4358 1134 4430 μνήσθητι
1179 4360 1278 4428 τῆς
1324 4360 1479 4428 ἁγίας
1521 4379 1612 4414 σου

1717 4369 1916 4415 sancta:
1958 4360 2214 4417 Ecclesia;
2265 4369 2408 4425 ture,
2450 4378 2610 4431 quam
2659 4363 2957 4433 acquisiisti
3010 4363 3245 4432 pretioso

93 4446 392 4521 Ἐκκλησίας
411 4452 634 4523 ταύτης,
656 4452 722 4521 ἢν
747 4450 1108 4519 περιεποιήσω
1136 4449 1211 4519 τῷ
1238 4450 1398 4520 τιμίῳ
1427 4452 1612 4521 αἵματι

1714 4452 1973 4522 sanguine
2012 4451 2211 4506 Christi
2257 4452 2372 4519 tui;
2421 4460 2583 4523 atque
2633 4468 2751 4508 eam
2784 4453 2853 4506 ab
2905 4452 3051 4506 omni
3099 4452 3244 4507 malo

141 4584 180 4614 ⁷⁸
207 4586 222 4637 Ι
250 4587 377 4640 Cor.
412 4603 495 4643 xi.
524 4585 614 4640 26.
686 4585 734 4618 τ’
768 4582 925 4649 lbid.,
958 4583 1046 4638 29.
1118 4583 1166 4614 ⁷³
1192 4580 1349 4636 Deest
1378 4584 1431 4637 in
1467 4585 1576 4640 alio
1597 4583 1804 4639 codice.

1357 4717 1713 4775 VARIORUM
1746 4718 1972 4773 NOTAE}.

142 4893 244 4963 (58)
278 4893 440 4961 Περί.
493 4893 609 4945 Ἐπί
656 4892 856 4946 rectius
901 4891 955 4945 in
998 4904 1117 4944 eoa.
1164 4889 1601 4963 Vindobonensi,

82 4960 173 5015 hoc
203 4960 305 5024 est,
348 4960 560 5031 propter
598 4963 822 5031 salutem
853 4969 1121 5020 nostram;
1152 4975 1253 5013 nec
1284 4960 1407 5030 περί
1443 4961 1604 5018 ﬁnem

88 5032 371 5099 signiﬁcare
400 5034 556 5085 solet.
584 5030 753 5084 Cum.

147 5093 249 5169 (59)
288 5100 426 5165 Τήν.
482 5100 670 5155 Melius
712 5099 810 5169 σήν
843 5098 895 5169 in
949 5111 1051 5149 ms.
1093 5093 1253 5150 Vind.
1289 5098 1355 5169 in
1396 5114 1606 5168 regnum

90 5168 238 5221 tuum;
269 5169 497 5236 Regnum
529 5169 624 5221 Dei
655 5176 747 5237 aut
770 5168 1016 5237 saetarum
1059 5178 1167 5237 non
1220 5168 1354 5237 solet
1402 5169 1607 5237 simpli-

88 5238 206 5289 citer
236 5232 474 5305 βασιλεία
502 5237 629 5290 dici.
665 5236 968 5305 Videinl'ra
996 5248 1045 5286 c.
1075 5232 1164 5292 26,
1197 5235 1300 5305 sub
1325 5232 1603 5305 ﬁnemﬁn.

154 5300 251 5374 (60)
290 5308 357 5359 El
383 5307 451 5358 δέ
476 5322 563 5370 τις
591 5305 737 5374 κατὰ
778 5303 1019 5374 ἅγνριᾳξ·
1041 5300 1390 5374 μεταλάβοι.-
1418 5302 1473 5356 In
1503 5304 1608 5359 Re-

92 5367 287 5438 Spons'is
329 5367 609 5427 canonicis
637 5367 905 5425 Timothei
947 5367 1290 5438 Alexandrini
1329 5371 1394 5423 ad
1443 5374 1603 5427 inter-

92 5435 379 5509 rogationes
411 5444 515 5512 ipsi
539 5457 633 5509 per
656 5443 937 5508 episcopos
966 5442 1017 5512 et
1034 5435 1270 5512 "clericos
1301 5442 1605 5512 propositas

99 5502 202 5580 cap.
226 5513 273 5572 1,
300 5502 446 5580 αριιιί
475 5502 857 5580 Βᾰιειιιιιῦηεηξ
879 5545 894 5568 ,
923 5520 981 5580 p._
1000 5502 1158 5563 1059..
1187 5503 1254 5556 ad
1301 5502 1608 5580 iulérroga-
1663 5513 1677 5527 '

98 5572 276 5631 tionem
324 5572 462 5646 Quid
517 5575 773 5647 agendum
807 5575 904 5647 sit.
937 5572 981 5647 si
1018 5585 1147 5647 puer
1181 5572 1604 5641 calce/iumentis,

104 5658 180 5698 aut
208 5640 361 5703 homo.
374 5640 619 5708 adultus,
643 5644 763 5696 dum
793 5640 980 5695 oblatio
996 5640 1154 5709 ῥίγει,
1185 5653 1482 5709 opportune
1512 5640 1605 5699 ad?

1710 4896 1885 4964 fuerit,
1908 4894 2116 4964 ejusque
2141 4895 2339 4966 nescius
2384 4897 2554 4963 [actus
2584 4894 2652 4947 sit
2691 4891 2982 4966 particeps,
3015 4909 3243 4966 respon-

1709 4959 1864 5018 detur
1893 4959 2427 5029 baptizandum'eum
2456 4976 2598 5025 esse,
2638 4959 2819 5029 utpote
2847 4976 2877 5013 a
2922 4959 3031 5015 Deo
3075 4959 3239 5022 voca.

1711 4980 1864 5018 detur
1895 4980 1957 5017 na
1998 4980 2427 5017 tlzanuum'eum
2456 4980 2598 5025 esse,
2638 4980 2819 5029 Ulpow
2847 4980 2877 5013 a
2922 4980 3031 5015 ueo
3075 4981 3239 5022 voca.

1711 5043 1843 5087 tum.
1870 4980 1995 5093 Seir
2010 5047 2129 5103 cum
2163 5032 2369 5084 ratione
2399 5030 2877 5103 C9nstitu_t_or_is_ne
2919 5042 3243 5103 contemptor

1706 5111 1875 5175 exeat,
1906 5102 2153 5175 congruit
2193 5114 2363 5175 canon
2397 5099 2463 5175 _57
2492 5099 2680 5175 synodi
2715 5097 2990 5175 Tale-tange
3012 5097 3241 5175 ;iv,'quo

1709 5167 2099 5225 decernitur'ut
2126 5168 2292 5222 Judaei
2321 5169 2411 5235 qui
2446 5168 2671 5237 perAvim
2716 5167 2968 5235 baptizati
3007 5167 3238 5237 fuerant,

1708 5240 1931 5308 aliisque
1949 5239 2298 5294 sacramentis
2320 5234 2521 5297 donati,
2540 5234 2895 5308 Christianam
2930 5234 3239 5308 religionem

1712 5303 1943 5362 retin-ere
1972 5316 2249 5375 cogantur.
2280 5321 2340 5358 ne
2372 5304 2810 5375 nomenuivinum
2837 5303 3238 5374 blasphematur,

1708 5387 1756 5428 et
1779 5377 1906 5445 ﬁdes
1936 5372 2089 5445 quam
2117 5383 2446 5443 susceperunt
2479 5372 2593 5426 uilis
2624 5389 2684 5425 ac
2714 5375 3119 5432 contemptibilis
3148 5372 3241 5434 ha;

1707 5447 1906 5499 beatur.
1935 5447 2067 5498 Cor.

1771 5510 2510 5594 (61}_'Exno"ctc.'0nxtiaac
2545 5510 2602 5564 in
2632 5510 2811 5563 altero
2849 5509 2970 5562 cod.
3006 5510 3240 5571 Vindob.

1707 5589 1759 5634 et
1784 5579 2000 5635 quidem
2031 5581 2254 5633 rectius.
2284 5579 2450 5633 Cum.

1777 5645 1884 5721 (6'3)
1921 5648 2403 5717 Προευτρέπισας.
2446 5650 2587 5705 Idem
2616 5647 2954 5720 εὐτρέπισας.
2985 5645 3067 5702 In.
