3812 6354
472 312 609 369 tom
658 290 663 297 “

1354 304 1412 365 ε.
1449 302 1838 362 CLEMENTIS
1873 301 1896 357 I
1933 300 2098 357 80M.
2132 299 2335 360 PONT.
2375 300 2604 357 OPERA
2638 298 2878 362 DUBIA.

3586 305 3703 364 1020

469 429 674 493 libera;
705 435 754 481 et
788 423 988 496 perfice
1012 423 1161 477 illam
1200 420 1257 475 in
1286 418 1557 473 charitate
1584 425 1700 482 tua,
1732 425 1788 473 et
1809 414 2040 471 veritate

2147 413 2236 467 τοῦ
2268 412 2504 486 Χριστοῦ
2538 430 2653 467 σου⁹
2696 414 2790 469 καὶ
2829 413 2989 487 ῥῦσαι
3019 414 3188 489 αὐτὴν
3232 417 3339 472 ἀπὸ
3378 415 3577 483 παντὸς
3619 440 3703 476 πιο-

469 530 597 586 tua;
621 533 831 587 nosque
852 531 1044 570 omnes
1074 526 1343 583 congrega
1367 511 1422 565 in
1449 526 1674 581 regnum
1702 518 1877 572 tuum,
1898 506 2044 575 quod

468 607 826 678 praeparasti:
868 606 969 661 hoc
992 602 1309 658 Maranatlia
1346 600 1415 655 7‘.
1451 599 1703 654 Hosanna
1732 598 1842 652 lilio
1878 596 2033 651 Davi-

466 698 574 753 dis.
628 696 953 750 Benedictus
1009 695 1103 759 qui
1151 690 1299 748 venit
1352 692 1405 746 in
1436 688 1656 745 nomine
1699 686 1911 742 Domini
1933 687 2030 741 7':

467 796 611 853 Deus
634 795 917 857 Dominus,
947 793 1039 863 qui
1071 790 1324 863 apparuit
1354 789 1513 844 nobis
1536 789 1591 843 in
1615 803 1801 843 carne.
1830 785 1888 841 Si
1918 785 2043 856 quis

466 897 695 946 sanctus
720 895 824 949 est,
855 885 1078 941 accedat
1104 903 1116 937 :
1148 884 1192 939 si
1219 882 1345 953 quis
1365 896 1496 936 vero
1521 880 1647 935 talis
1676 895 1785 934 non
1815 884 1921 940 est,
1951 877 2044 931 [lat

467 998 562 1051 per
592 980 986 1052 paenitentiam.
1024 975 1363 1031 Committite
1400 979 1583 1028 autem
1622 978 1676 1027 et
1704 970 2041 1042 presbyteris

467 1074 685 1142 vestris,
719 1081 777 1128 ut
802 1072 1005 1143 gratias
1036 1075 1223 1140 agant.

1005 1250 1236 1308 CAPUT
1278 1248 1494 1306 XXVII.

524 1370 835 1426 Gratiarum
887 1370 1027 1423 actio
1077 1384 1172 1437 pro
1229 1365 1452 1434 mystico
1500 1372 1551 1418 et
1604 1360 1986 1417 sacramentali

1110 1445 1395 1508 unguento.

536 1536 640 1590 Pro
688 1542 965 1604 unguento
1017 1538 1235 1591 autem,
1282 1530 1429 1583 hunc
1478 1527 1534 1582 in
1577 1526 1800 1581 modum
1837 1526 2042 1596 gratias

466 1632 646 1700 agite:
684 1628 901 1682 Gratias
934 1626 1146 1696 agimus
1182 1620 1303 1684 tibi,
1338 1620 1483 1700 Deus
1518 1627 1735 1674 creator
1770 1619 2038 1685 omnium,

466 1725 626 1777 etiam
659 1736 758 1792 pro
801 1718 1098 1790 fragrantia
1150 1696 1448 1785 unguenti;
1503 1719 1556 1766 et
1590 1726 1690 1782 pro
1743 1710 2038 1764 immortali

2147 506 2334 578 νηροῦ-
2367 507 2461 559 καὶ
2498 505 2784 559 τελείωσον
2804 508 2974 581 αὐτὴν
2998 510 3057 562 ἐν
3079 513 3145 581 τῇ
3176 510 3365 583 ἀγάπῃ
3394 529 3511 576 σου,
3540 514 3629 567 καὶ
3649 520 3703 587 τῇ

2144 598 2373 670 ἀληθείᾳ
2403 615 2519 651 σου*
2554 598 2647 653 καὶ
2673 600 2944 670 συνάγαγε
2977 602 3185 666 πάντας
3209 604 3360 674 ἡμᾶς
3388 606 3469 666 εἰς
3508 604 3603 675 τὴν
3624 605 3707 677 σὴν

2147 690 2459 762 βασιλείαν,
2520 692 2588 762 ἢν
2650 693 2973 764 ἡτοίμασας·
3021 694 3159 765 αῦτη
3213 696 3524 767 Μαραναθά
3572 696 3702 768 (65).

2155 782 2383 837 Ὡσαννὰ
2402 784 2481 854 τῷ
2503 784 2616 856 Υίῷ
2652 785 2832 839 Δαὸίδ’
2866 785 3227 857 εὐλογημένος
3260 792 3288 842 ό
3328 789 3620 861 ἐρχόμενος
3658 794 3707 845 ἐν

2141 877 2364 948 ὀνόματι
2381 878 2603 950 Κυρίου·
2618 879 2750 944 Θεὸς
2765 881 3004 950 Κύριοςό
3020 882 3299 950 ἐπιφανεὶς
3317 884 3449 953 ἡμῖν
3466 883 3524 933 ἐν
3542 886 3687 955 σαρκί
3693 928 3702 939 .

2143 970 2211 1023 Εἴ
2228 988 2313 1035 τις
2332 970 2504 1039 ἅγιος,
2526 973 2930 1044 πῳσερχὲσθω·
2957 976 3005 1027 εί
3035 974 3091 1027 δέ
3112 992 3197 1038 τις
3210 976 3311 1029 οὐκ
3328 976 3469 1040 ἐστι,
3493 974 3708 1043 γινέσθω

2140 1062 2227 1115 διὰ
2257 1064 2562 1134 μετανοίας.
2604 1066 2958 1139 Ἐπιτρέπετε
2986 1066 3043 1120 δὲ
3069 1068 3163 1121 καὶ
3193 1072 3307 1132 τοῖς
3332 1068 3708 1141 πρεσϐυτέροις

2143 1155 2316 1228 ὑμῶν,
2348 1157 2709 1229 εὐχαριστεῖν.

2650 1250 3045 1303 ΚΕΦΛΛΑΙΟΝ
3081 1252 3201 1308 ΚΖ’.

2248 1362 2613 1430 Εὐχάριστιά
2641 1362 2775 1432 περὶ
2804 1364 2907 1419 τοῦ
2929 1367 3229 1435 μυστικοῦ
3260 1367 3371 1440 (64)
3396 1369 3612 1443 μύρου.

2212 1519 2348 1591 Περὶ
2389 1519 2447 1573 δέ
2481 1520 2575 1574 τοῦ
2624 1522 2796 1594 μύρου
2841 1524 3013 1590 οὕτως
3067 1526 3523 1601 εὐχαριστήσατε·
3552 1530 3708 1601 Εὐχα-

2143 1611 2432 1683 ριστοῦμέν
2462 1630 2563 1681 σοι,
2606 1614 2706 1668 Θεὲ
2748 1616 3046 1692 δημιουργὲ
3091 1621 3201 1674 τῶν
3234 1620 3393 1686 ὅλων,
3444 1624 3543 1677 καὶ
3585 1624 3708 1698 ὑπὲρ

2140 1702 2241 1772 τῆς
2288 1704 2515 1769 εὐωδίας
2570 1707 2665 1760 τοῦ
2721 1709 2914 1781 μύρου,
2966 1712 3061 1765 καὶ
3118 1714 3259 1785 ὑπὲρ
3304 1712 3402 1767 τοῦ
3453 1714 3706 1775 ἀθανάτοι)

466 1815 704 1878 sazculo,
740 1810 885 1882 quod
930 1808 1226 1864 notilicasti
1273 1806 1431 1860 nobis
1479 1819 1577 1874 per
1619 1801 1808 1857 Iesum
1841 1800 2038 1855 Filium

2147 1794 2335 1860 αἰῶνος
2360 1840 2373 1863 ,
2404 1795 2465 1851 οὐ
2511 1800 2816 1872 ἐγνώρισας
2854 1806 2987 1875 ἡμῖν
3031 1805 3119 1859 διὰ
3171 1806 3342 1877 Ἰησοῦ
3382 1808 3481 1861 τοῦ
3530 1809 3708 1875 natas;

466 1916 641 1962 tuum.
690 1904 959 1973 Quoniam
991 1900 1057 1955 ad
1104 1908 1157 1955 te
1195 1899 1428 1970 pertinet
1473 1895 1675 1966 gloria,
1713 1903 1767 1949 et
1799 1902 2040 1965 potestas

466 2000 521 2054 in
546 2000 767 2055 saecula.
793 1998 993 2053 Amen.
1027 1994 1130 2061 Qui
1163 1991 1452 2053 accedens,
1488 1989 1592 2043 hoc
1634 1988 1795 2043 modo
1832 1986 2040 2057 gratias

464 2093 667 2163 egerit,
716 2089 945 2159 recipite
990 2088 1144 2142 illum
1196 2091 1256 2139 ut
1288 2081 1619 2151 discipulum
1673 2079 1910 2145 Christi;
1952 2079 2039 2134 sin

465 2201 594 2240 vero
619 2185 781 2238 aliam
813 2181 1119 2237 doctrinam
1146 2176 1407 2249 praedicet
1426 2215 1440 2238 ,
1484 2181 1682 2245 praeter
1709 2189 1829 2229 eam
1873 2188 2037 2243 quam

464 2279 619 2333 vobis
648 2292 744 2349 per
773 2290 873 2330 nos
896 2273 1148 2329 Christus
1174 2268 1395 2324 tradidit
1416 2307 1431 2330 ,
1453 2267 1581 2321 huic
1612 2282 1681 2321 ne
1714 2265 2040 2335 permittatis

464 2371 668 2441 gratias
720 2383 923 2439 agere:
959 2367 1006 2420 is
1053 2364 1199 2419 enim
1242 2358 1577 2417 contumelia
1613 2357 1779 2412 allicit
1827 2356 1994 2412 Deum
2018 2397 2035 2423 ,

465 2463 647 2534 potius
673 2475 835 2532 quam
868 2460 1123 2514 honorat.

990 2590 1220 2649 CAPUT
1261 2589 1501 2647 XXVIII.

463 2708 618 2777 Quod
668 2727 772 2764 non
816 2717 1053 2779 oporteat
1106 2705 1469 2830 li‘iidiﬂerenter
1507 2703 1575 2759 ad
1619 2704 2036 2759 communionem

1098 2796 1128 2830 a
1173 2788 1396 2830 mittere.

1098 2788 1396 2831 admittere.

530 2872 854 2942 Quicunque
905 2886 1035 2926 vero
1065 2871 1133 2923 ad
1172 2885 1271 2924 vos
1307 2868 1486 2933 venit,
1524 2867 1819 2938 probetur,
1867 2873 1921 2921 et
1954 2866 2036 2922 sic

462 2964 782 3019 admittatur
823 2984 837 3020 :
900 2963 1312 3035 intelligentiam
1359 2962 1506 3016 enim
1563 2960 1774 3016 habetis
1799 3000 1814 3025 ,
1849 2967 1904 3015 et
1939 2975 2037 3029 po-

461 3058 620 3114 testis
669 3072 965 3129 agnoscere
1010 3057 1290 3112 dexteram
1323 3055 1410 3108 vel
1457 3054 1736 3108 sinistram
1758 3052 1825 3115 ",
1871 3060 2036 3122 atque

459 3152 773 3206 discernere
815 3149 983 3204 falsos
1024 3150 1280 3204 doctores
1311 3162 1343 3199 a
1389 3145 1733 3201 doctoribus.
1780 3142 2032 3200 Yenienti
2060 3168 2101 3226 ρ

458 3242 710 3313 equidem
740 3240 979 3304 doctori,
998 3256 1065 3295 ex
1094 3240 1279 3294 animo
1309 3237 1653 3309 suppeditato
1682 3237 2028 3294 necessaria:

462 3336 601 3390 falso
652 3341 834 3389 autem
886 3333 1099 3388 doctori
1144 3332 1399 3387 tribuetis
1446 3330 1665 3401 quidem
1718 3345 1839 3401 qua:
1895 3346 2034 3400 opus

458 3434 624 3493 stitit;
682 3433 737 3480 at
784 3440 895 3481 non
947 3425 1224 3495 recipietis
1274 3438 1520 3479 errorem
1579 3422 1729 3477 illius
1781 3440 1795 3476 :
1857 3437 2034 3493 neque

458 3520 624 3574 etiam
656 3533 765 3572 una
788 3533 911 3572 cum
949 3533 1015 3572 eo
1046 3517 1244 3581 oretis,
1278 3532 1347 3571 ne
1393 3516 1513 3584 ejus
1544 3515 1805 3570 societate
1854 3514 2034 3584 inqui-

457 3612 682 3666 neniini.
722 3609 913 3665 Omnis
942 3610 1206 3680 propheta
1245 3624 1439 3673 verus,
1471 3607 1557 3663 vel
1611 3606 1899 3677 magister,
1937 3606 2033 3676 qui

457 3704 606 3758 venit
632 3703 699 3757 ad
730 3718 851 3768 vos,
884 3702 1083 3774 dignus
1114 3709 1198 3758 est
1225 3702 1375 3768 cibo,
1409 3709 1467 3755 ut
1496 3700 1787 3771 cperarius
1820 3713 2032 3753 sermo-

459 3796 545 3851 nis
570 3795 821 3866 justitiae.

1006 3907 1237 3967 CAPUT
1284 3906 1481 3963 XXIX.

847 4007 925 4061 De
950 4003 1300 4060 oblationibus
1326 4000 1648 4057 constitutio.

528 4104 729 4160 Omnes
763 4098 1032 4172 primitias
1057 4094 1440 4167 provenientes
1473 4110 1504 4147 e
1534 4092 1798 4147 torculari
1819 4132 1833 4155 ,
1863 4106 1990 4146 area
2010 4130 2028 4158 ,

456 4210 511 4254 et
558 4197 732 4253 bobus
768 4202 929 4264 atque
978 4191 1207 4253 ovibus,
1243 4186 1621 4243 sacerdotibus
1655 4185 1813 4240 dabis
1861 4186 1936 4248 ⁷⁷,
1972 4192 2031 4239 ιιι

459 4290 853 4347 benedicantur
896 4283 1136 4354 reposita
1183 4282 1238 4335 in
1275 4280 1512 4335 cellariis
1554 4278 1687 4342 tuis,
1728 4288 1785 4333 et
1820 4277 2029 4333 fructus

457 4394 615 4438 terrae
645 4389 777 4445 tuae;
808 4388 973 4448 utque
1021 4375 1273 4430 innitaris
1305 4372 1604 4436 frumento,
1633 4371 1760 4425 vino
1787 4382 1842 4426 et
1879 4371 2027 4435 oleo,

2145 1903 2257 1940 σου.
2296 1890 2416 1942 Ὅτι
2454 1892 2546 1944 σοῦ
2577 1894 2725 1947 ἐστιν
2761 1897 2793 1965 ἡ
2821 1895 2975 1961 δόξα,
3010 1897 3105 1950 καὶ
3132 1900 3163 1970 ἡ
3193 1898 3424 1970 δύναμις
3448 1943 3462 1964 ,
3490 1902 3573 1963 είς
3598 1903 3707 1966 τοὺς

2140 1982 2359 2046 αἰῶνας.
2418 1985 2608 2057 Ἀμήν.
2658 1988 2757 2051 ὐς
2809 1987 2903 2041 ἐὰν
2951 1988 3121 2042 ἐλθὼν
3164 1990 3339 2054 οὕτως
3383 1992 3706 2063 εὐχαριστῇ,

2142 2075 2503 2147 προσδέξασθε
2547 2078 2709 2132 αὐτὸν
2761 2079 2836 2143 ὡς
2884 2079 3121 2152 Χριστοῦ
3181 2081 3465 2154 μαθητήν
3520 2083 3617 2136 ἐὰν
3660 2084 3707 2138 δὲ

2139 2167 2302 2239 ἄλλην
2327 2170 2545 2241 διδαχὴν
2580 2172 2861 2245 κηρύσσῃ,
2905 2175 3033 2245 παρ’
3066 2175 3133 2246 ἦν
3163 2175 3291 2246 ὐμῖν
3336 2175 3654 2247 παρέδωκεν
3683 2179 3710 2231 ό

2138 2261 2373 2332 Χριστὸς
2411 2262 2477 2315 δι’
2506 2264 2687 2334 ἡμῶν,
2712 2263 2790 2335 τῷ
2823 2268 3049 2337 τοιούτῳ
3081 2266 3154 2337 μὴ
3184 2272 3522 2338 συγχωρεῖτε
3566 2271 3711 2339 εὐχαο

2143 2356 2360 2423 ριστεϊν·
2396 2352 2605 2429 ὑϐρίζει
2634 2356 2743 2430 γὰρ
2786 2358 2814 2410 ὀ
2844 2359 3085 2423 τοιοῦτος
3117 2359 3209 2413 τὸν
3257 2359 3420 2427 Θεὸν,
3451 2361 3598 2433 ἥπερ
3636 2362 3711 2414 δο-

2141 2441 2311 2509 ξάζει.

2636 2586 3033 2641 ΚΕΦΑΛΑΙΟΝ
3068 2588 3201 2642 KH'.

2141 2695 2267 2750 "Ott
2297 2698 2370 2752 οὐ
2414 2697 2530 2767 χρὴ
2559 2698 2906 2770 ἁδιαφορεῒν
2931 2702 3067 2772 περὶ
3092 2703 3208 2773 τὴν
3231 2704 3556 2758 κοινωνίαν
3586 2704 3708 2777 (65).

2207 2857 2323 2920 na;
2347 2856 2403 2911 δὲ
2431 2858 2459 2910 ὁ
2494 2858 2789 2930 ἐρχόμενος
2818 2859 2955 2932 πρὸς
2983 2860 3155 2931 ὑμᾶς,
3181 2861 3552 2933 δοκιμασθεὶς,
3578 2862 3712 2918 οὕτω

2134 2949 2392 3020 δεχέσθω
2425 2950 2636 3004 σύνεσιν
2666 2950 2776 3023 γάρ
2805 2951 2980 3022 ἔχετε,
3004 2953 3099 3005 καὶ
3127 2952 3355 3007 δύνασθε
3380 2955 3586 3023 γνῶναι
3607 2956 3710 3029 (66)

2135 3042 2333 3110 δεξιὰν,
2362 3042 2395 3115 ἢ
2426 3044 2742 3116 ἀριστερὰν,
2772 3046 2864 3098 καὶ
2899 3045 3170 3117 διακρῖναι
3199 3046 3713 3116 ψευδοδιδασκάλους

2133 3134 2488 3191 διδασκάλων.
2527 3136 2759 3189 Ἐλθόντι
2791 3138 2972 3208 μέντοι
2994 3138 3072 3209 τῷ
3096 3138 3419 3210 διδασκάλῳ,
3445 3141 3514 3195 ὲκ
3541 3142 3715 3212 ψυχῆς

2134 3227 2573 3301 ἐπιχορηγήσατε
2600 3229 2668 3283 τὰ
2694 3229 2900 3283 δέοντα’
2933 3230 3011 3302 τῷ
3035 3231 3092 3284 δὲ
3129 3232 3599 3306 ψευδοδιδάσκάλῳ
3617 3235 3713 3288 δὼ-

2136 3335 2256 3372 σετε
2281 3321 2378 3392 μὲν
2396 3321 2464 3373 τὰ
2481 3321 2590 3393 (67)
2612 3322 2748 3394 πρὸς
2766 3323 2975 3395 χρείαν,
2998 3324 3059 3377 οὐ
3081 3325 3448 3396 παραδέξεσθε
3469 3328 3530 3380 δὲ
3552 3328 3711 3383 αὐτοῦ

2131 3410 2231 3483 τὴν
2273 3412 2511 3484 πλάνην·
2558 3412 2681 3467 οὐτε
2732 3414 2838 3486 μὴν
2867 3416 3351 3489 συμπροσεύξησθε
3391 3419 3542 3491 αὐτῷ
3565 3460 3581 3483 ,
3628 3422 3712 3475 ινα

2137 3504 2211 3575 μὴ
2234 3522 2297 3558 συ
2306 3506 2610 3577 μμιανθῆτε
2639 3506 2806 3579 αὐτῷ·
2829 3510 2937 3572 πᾶς
2964 3511 3251 3581 προφήτης
3279 3510 3559 3583 ἀληθινὸς,
3585 3512 3713 3584 ἥδι-

2131 3595 2414 3665 δάσκαλος,
2445 3599 2735 3672 ἐρχόμενος
2766 3600 2904 3672 πρὸς
2948 3602 3112 3673 ὑμᾶς,
3140 3603 3288 3668 ἄξιός
3317 3605 3438 3658 ἐστι
3464 3605 3567 3677 τῆς
3593 3622 3711 3677 τρο-

2132 3689 2260 3759 φῆς,
2283 3689 2358 3755 ὠς
2386 3692 2623 3765 ἐργάτης
2658 3693 2816 3763 λόγου
2837 3694 3197 3767 δικαιοσύνης.

2637 3895 3035 3950 ΚΕΦΑΛΑΙΟΝ
3071 3896 3201 3951 ΚΘἎ

2478 3985 2619 4053 Περὶ
2644 3987 3055 4057 καρποφοριιῖηρ
3081 3988 3360 4057 διάταξις.

2200 4078 2389 4131 Πᾶσαν
2419 4077 2674 4149 ἀπαρχὴν
2704 4081 3056 4151 γεννημάτων
3087 4081 3269 4153 ληνοῦ,
3303 4084 3535 4148 ἅλωνος,
3577 4086 3709 4158 βοῶν

2127 4192 2188 4228 τε
2221 4177 2314 4230 καὶ
2354 4176 2662 4247 προϐάτων,
2693 4175 2884 4240 δώσεις
2924 4179 3037 4239 τοῖς
3069 4175 3329 4248 ἱερεῦσιν,
3368 4178 3457 4231 ἵνα
3499 4178 3709 4250 εὐλογη-

2131 4271 2295 4325 θῶσιν
2326 4272 2383 4323 αἱ
2413 4269 2687 4341 ἀποθῆκαι
2713 4269 2823 4322 τῶν
2841 4269 3080 4339 ταμείων
3110 4285 3223 4333 σου,
3255 4270 3350 4323 καὶ
3378 4270 3449 4323 τὰ
3483 4270 3707 4342 ἐκφόρια

2128 4364 2229 4435 τῆς
2254 4362 2358 4434 γῆς
2381 4379 2496 4425 σου,
2521 4362 2614 4415 κα)¹
2646 4360 2943 4432 στηριχθῇς
2973 4361 3104 4431 σίτῳ
3128 4362 3223 4414 κα)⁸
3244 4362 3373 4433 οἴνῳ
3400 4364 3500 4415 καὶ
3526 4363 3703 4433 ἐλαίῳ,

458 4480 868 4543 augeanturque
914 4476 1161 4523 armenta
1205 4466 1368 4520 boum
1428 4472 1682 4529 tuorum,
1724 4470 1779 4517 et
1838 4478 2029 4536 greges

2147 4457 2225 4509 ια).
2254 4455 2461 4528 αὐξηθῇ
2490 4455 2559 4508 τὰ
2593 4454 2842 4526 βουκόλια
2880 4453 2989 4506 τῶν
3019 4453 3159 4524 βοῶν
3200 4471 3294 4507 σου
3315 4494 3329 4518 ,
3370 4458 3467 4509 καὶ
3497 4458 3568 4510 τά
3596 4458 3707 4510 ποί·

455 4570 639 4622 ovium
669 4575 907 4619 tuarum.
940 4561 1169 4616 Omnem
1214 4558 1479 4613 decimam
1528 4556 1684 4611 dabis
1728 4555 1933 4625 pupillo
1961 4570 2026 4610 ac

2147 4569 2261 4605 ινια
2299 4551 2406 4605 τῶν
2453 4549 2739 4622 προϐάτων
2783 4565 2897 4601 σου.
2931 4548 3120 4600 Πᾶσαν
3150 4547 3380 4618 δεκάτην
3416 4548 3705 4620 δώσειςτῷ

460 4660 661 4722 vidum,
710 4655 932 4729 pauperi
966 4662 1019 4708 et
1051 4652 1319 4707 advenae:
1363 4664 1551 4704 omnes
1601 4646 1875 4717 primitias
1924 4662 2021 4717 pa-

2128 4642 2350 4717 ὀρφανῷ
2377 4643 2472 4696 κα).
2497 4645 2563 4714 τῇ
2596 4643 2761 4714 χήρᾳ,
2784 4640 2863 4712 τῷ
2895 4638 3095 4710 πτωχῷ
3118 4640 3214 4693 καὶ
3240 4638 3319 4712 τῷ
3345 4642 3700 4713 προσηλύτῳο

526 4803 571 4835 ’⁸
596 4804 613 4857 I
636 4803 763 4858 Cor.
796 4817 907 4865 xvi,
938 4799 1028 4854 22.
1104 4798 1151 4830 ⁷⁸
1175 4795 1365 4850 Matth.
1405 4809 1519 4860 xxi,
1555 4792 1616 4862 9;
1648 4792 1817 4851 Marc.
1865 4808 1945 4859 ιι,
1976 4791 2065 4848 l0.
2133 4791 2180 4823 "
2205 4788 2331 4846 Jon.
2365 4807 2442 4857 iv,
2484 4790 2573 4845 il.
2639 4790 2687 4823 "
2714 4788 2875 4846 Num.
2914 4804 3072 4846 xvm.

1786 4971 2156 5030 VARIORUM
2186 4971 2419 5031 ΝΟΤᾸΞ.

525 5120 635 5192 (65)
676 5118 835 5185 Αὕτη
861 5115 1189 5192 μαραναθὰ.
1221 5113 1335 5192 Hoc
1363 5121 1468 5192 est,
1496 5112 1726 5192 Regnum
1761 5114 2017 5192 ρει,ρο-

454 5186 627 5246 minus
646 5200 821 5244 noster
847 5190 1005 5247 venit,
1029 5196 1121 5240 aut
1149 5186 1191 5240 si
1220 5187 1324 5249 vis,
1350 5186 1532 5243 veniet.
1556 5187 1638 5239 vel
1660 5187 1849 5240 veniat.
1876 5187 2013 5241 Cor.

2117 5124 2255 5171 venit
2283 5114 2563 5169 Dominus.
2595 5112 2841 5184 Apostoli
2872 5112 2985 5184 veri
3014 5111 3093 5166 sic
3124 5126 3232 5165 non
3276 5118 3467 5166 essent
3513 5109 3696 5184 locuti,

2119 5187 2213 5256 qui
2261 5193 2525 5256 noverant
2582 5182 2732 5256 vocis
2782 5182 3146 5256 signiﬁcatum
3210 5189 3263 5235 et
3342 5196 3539 5256 usum;
3608 5197 3634 5234 s

452 5295 519 5304 ——
542 5263 633 5317 Est
664 5262 718 5314 in
750 5260 874 5314 cod.
906 5257 1067 5313 Vind.
1097 5257 1286 5328 αὐτην,
1312 5256 1458 5326 quod
1482 5256 1771 5323 vitiosum;
1798 5258 1892 5311 sed
1917 5272 2018 5328 nec
2121 5252 2284 5328 homo
2313 5255 2557 5328 Graecus.
2586 5252 2851 5325 quisquis
2868 5252 3051 5315 fuerit,
3099 5267 3384 5322 perperam
3412 5252 3695 5321 loquentes

453 5335 680 5402 vulgata:
729 5328 1003 5402 Lectionis
1036 5327 1233 5402 se_n_sus
1257 5329 1479 5402 _pla_cet,
1521 5328 1735 5393 qualem
1787 5327 2019 5402 comini-

451 5396 684 5457 niscitur
726 5400 1050 5455 Cotelerius.
1093 5397 1208 5452 Vox
1253 5396 1474 5467 Syriaca
1505 5408 1745 5455 unum:
1765 5406 1858 5451 aut
1900 5397 2020 5451 dum

451 5484 571 5530 rem»:
597 5482 711 5536 rm:
740 5472 992 5525 Dominus
1021 5472 1177 5529 venit,
1220 5468 1580 5521 adhibebatur
1607 5468 1660 5520 in
1706 5467 2024 5521 anathema-

451 5543 619 5601 tibus.
650 5543 847 5612 quibus
877 5557 1048 5612 paena:
1076 5539 1439 5612 delinquentis
1488 5538 1555 5592 ad
1605 5536 1772 5612 Deum
1821 5536 2023 5612 refere-

453 5607 683 5666 bantur:
714 5611 847 5665 Vide
878 5607 916 5663 Ἰ
954 5612 1083 5665 Cor.
1115 5607 1350 5670 “1.22,
1388 5616 1442 5663 et
1485 5623 1604 5677 qua:
1654 5609 1719 5661 ad
1765 5623 1886 5661 eum
1939 5607 2019 5677 Iog

449 5698 573 5735 cum
624 5683 967 5751 interpretes.
1022 5680 1138 5734 Non
1186 5686 1364 5749 potest
1404 5676 1520 5751 _dici
1567 5679 1693 5750 περὶ
1742 5678 1841 5751 τῆς
1884 5676 2020 5751 Θεοῦ

447 5751 723 5828 βασιλείας
770 5748 915 5824 quod
962 5751 1049 5807 hic
1082 5748 1312 5806 habetur
1365 5748 1502 5821 αῦτη
1566 5748 1870 5821 μαραναθά,
1911 5748 2020 5803 Ιιωσ

2120 5344 2215 5384 eos
2246 5327 2478 5382 indurit.
2512 5326 2680 5381 CLI-2B.

2196 5397 2306 5465 (64)
2338 5397 2665 5451 Μυστικοῦ.
2701 5396 2849 5450 Alter
2878 5393 3049 5448 codex
3074 5392 3237 5447 habet
3260 5393 3530 5465 Osfou.__In.

2198 5463 2308 5539 (65)
2346 5468 2690 5539 Κοινωνίαν.
2726 5464 3368 5539 Addit_titerque_codcx
3421 5463 3690 5539 \[in‘dobo-

2128 5532 2353 5593 netisis:
2399 5537 2555 5590 Ἀλλά
2587 5536 2872 5589 σκοπεῖνεί
2895 5532 3412 5607 ἐστιπρεσϐύτερος,
3447 5534 3481 5605 ἦ
3515 5532 3688 5607 διάκο-

2126 5626 2214 5672 νος
2239 5608 2535 5678 ὀρθόδοξος,
2564 5607 2691 5678 τούς
2714 5607 2823 5678 γάρ
2853 5605 2926 5676 μὴ
2941 5602 3227 5678 τοιούτους
3259 5602 3570 5678 ἐκκλίνειν.-
3588 5602 3661 5657 In.

2192 5626 2214 5672 ς
2239 5625 2535 5732 οὸρυοοοςος,
2564 5625 2691 5670 τους
2714 5625 2823 5678 γαρ
2853 5625 2926 5676 μη
2956 5625 3227 5668 τοιούτους
3259 5625 3553 5658 εκκμινειν.
3588 5625 3631 5656 ui

2349 5676 2826 5759 CréTQI:LM.e_IIUS
2854 5676 2977 5759 cod.
3004 5674 3165 5759 Vind.
3198 5675 3518 5759 διαγνῶναι.
3557 5674 3631 5759 In:

2199 5744 2306 5820 (67)
2353 5747 2445 5803 Τά.
2480 5748 2643 5803 Addit
2679 5747 2822 5804 idem
2857 5745 3031 5803 codex
3058 5745 3263 5810 δέοντα,
3297 5753 3355 5799 ιιι
3387 5752 3575 5801 antea.
3620 5744 3686 5799 In.
