3812 6364
109 319 229 377 1021

918 316 1517 377 CONSTITU'I‘IONES
1548 319 2022 383 APOS'I'OLICJE.
2058 357 2128 367 —
2162 324 2289 385 LIB.
2327 325 2440 387 VII.

3209 335 3351 392 ιοεε

100 441 263 495 πᾶσαν
291 436 549 510 ἀπαρχὴν
578 437 757 510 ἄρτων
789 437 1028 510 θερμῶν,
1062 442 1327 513 κεραμίου
1359 441 1469 515 (68)
1496 444 1659 512 οἴνου,

1775 460 1895 498 num
1926 444 2248 513 calidorum,
2290 447 2403 503 vini
2448 462 2480 502 e
2508 446 2677 510 dolio,
2713 455 2808 503 aut
2838 447 2965 511 olei,
3004 453 3100 505 aut
3142 450 3344 513 mellis.

99 534 128 606 ἢ
157 534 346 594 ἐλαίου,
376 532 414 605 ἢ
451 532 682 603 μέλιτος,
717 531 751 604 ἦ
782 532 1100 605 ἀκροδρύων
1119 574 1133 597 ,
1161 535 1457 605 σταφυλῆς,
1491 535 1525 607 ἢ
1557 536 1666 589 τῶν

100 630 253 685 ἄλλων
275 628 373 699 τὴν
412 626 669 699 ἀπαρχὴν
705 625 896 689 δώσεις
943 630 1057 690 τοῖς
1102 627 1369 698 ίερεῦσιψ
1401 629 1665 700 ἀργυρίου

98 722 146 775 δέ
171 720 258 773 καὶ
284 716 609 791 ἱματισμοῦ,
639 718 735 771 καὶ
766 717 969 782 παντὸς
1007 720 1309 791 κτήματος,
1336 719 1415 791 τῷ
1444 719 1668 792 ὀρφανῷ

102 816 180 870 καὶ
206 818 269 886 τῇ
297 816 467 887 χήρᾳ-

609 904 1006 959 ΚΕΦΑΛΑῘΟΝ
1043 906 1123 957 Λ’.

101 1006 270 1067 Ὅπως
298 1001 413 1069 χρὴ
443 999 561 1067 τὴν
586 997 1002 1069 ἀναστάσιμον
1038 994 1157 1069 τοῦΔ
1189 993 1465 1069 Σωτῆρος
1497 994 1668 1067 ἡμῶν

532 1065 1106 1137 συναθροιζομένους
1133 1065 1446 1135 ἐορτὰζὲιν.

157 1230 257 1302 Τὴν
288 1227 661 1298 ἀναπάσιμον
689 1223 783 1279 τοῦ
817 1223 1023 1296 Κυρίου
1062 1223 1298 1295 ἡμέραν,
1330 1222 1429 1293 τὴν
1456 1223 1667 1294 Κυρια-

100 1324 188 1395 κήν
216 1337 413 1392 φαμεν,
449 1317 776 1390 συνέρχεσθε
804 1315 1185 1381 ἀδιαλείπτως,
1217 1314 1667 1387 εὐχαριστοῦντες

100 1418 163 1489 τῷ
190 1416 320 1487 Θεῷ,
361 1415 460 1469 καὶ
511 1408 990 1483 ἐξομολογούμενοι
1040 1408 1124 1477 ἐφ’
1168 1402 1250 1471 οἷς
1296 1407 1664 1477 εὐηργέτησεν

104 1511 225 1581 ὑμᾶς
259 1507 366 1579 (69)
395 1507 425 1559 ὀ
457 1505 591 1568 Θεὸς
631 1503 718 1556 διὰ
757 1500 1026 1574 Χριστοῦ,
1074 1499 1375 1571 ῥυσάμενος
1419 1498 1661 1566 ἀγνοίας,

102 1601 304 1669 πλάνης,
350 1596 596 1669 δεσμῶνο
644 1596 793 1658 ὅπως
842 1589 1194 1667 ἀμεμπτοςῇ
1232 1595 1265 1664 ἡ
1296 1592 1454 1646 θυσία
1488 1594 1663 1663 ὑμῶν,

104 1696 181 1748 καὶ
205 1690 538 1762 εύανάφορος
560 1686 699 1758 Θεῷ,
729 1686 809 1757 τῷ
848 1686 1052 1738 εἰπόντι
1084 1703 1147 1737 πε
1157 1686 1211 1757 ρὶ
1237 1685 1337 1755 τῆς
1362 1687 1665 1755 οἰκουμενι-

102 1786 189 1854 κῆς
236 1781 398 1836 αὐτοῦ
460 1779 812 1850 Ἐκκλησίας,
857 1779 938 1830 ὅτι
987 1798 1004 1828 ι
1044 1779 1102 1829 ἐν
1151 1778 1316 1830 παντὶ
1366 1777 1516 1849 τόπῳ
1575 1794 1664 1848 μοι

103 1874 579 1945 προσενεχθήσεται
622 1869 896 1941 θυμίαμα,
940 1870 1035 1923 καὶ
1082 1868 1243 1920 θυσία
1284 1868 1532 1941 καθαρά·
1582 1871 1664 1922 ὅτι
1696 1864 1739 1918 Β

104 1966 331 2038 βασιλεὺς
372 1965 550 2037 μέγας
587 1962 699 2032 ἐγώ
755 1965 903 2033 είμι,
933 1961 1081 2030 λέγει
1114 1959 1319 2033 Κύριος
1360 1961 1667 2032 παντοκράο

100 2075 213 2129 τωρ,
240 2058 329 2111 καὶ
356 2057 418 2110 τὸ
456 2055 632 2128 ὄνομα
664 2072 763 2125 μου
795 2053 1104 2124 θαυμαστὸν
1135 2054 1193 2105 ἐν
1224 2056 1337 2115 τοῖς
1370 2051 1563 2106 ἔθνεσι.
1606 2070 1626 2104 ι

598 2145 991 2200 ΚΕΦΑΛΑΙΟΝ
1028 2146 1154 2198 AA'.

224 2242 395 2306 Οἴους
422 2240 579 2293 εἶναι
608 2238 725 2308 χρὴ
757 2237 899 2303 τοὺς
928 2235 1522 2306 χειροτονουμένους.

158 2331 581 2404 Προχειρίσασθε
625 2331 681 2383 δέ
724 2329 1057 2393 ἐπισκόπους
1100 2328 1285 2393 ἀξίους
1314 2327 1408 2381 τοῦ
1438 2328 1664 2399 Κυρίου,

102 2426 181 2476 καὶ
208 2424 631 2496 πρεσϐυτέρους,
665 2424 760 2476 καὶ
786 2422 1083 2485 διακόνους,
1114 2421 1313 2493 ἄνδρας
1336 2420 1577 2497 εύσεόεῖς
1596 2421 1665 2484 τ’,

102 2515 336 2581 δικαίους,
368 2519 591 2588 πραεῖς,
624 2514 1061 2587 ἀφιλαργύρους,
1098 2512 1434 2585 φιλαλήθεις,
1462 2512 1667 2567 δεδοκι-

106 2610 409 2679 μασμένους,
465 2609 683 2675 ὁσίους,
728 2606 1287 2679 ἀπροσωπολήπτους,
1339 2604 1667 2676 δυναμένους

101 2704 343 2758 διδάσκειν
367 2704 462 2757 τὸν
490 2702 651 2772 λόγον
680 2702 781 2773 τῆς
812 2699 1111 2764 εὐσεϐείας,
1140 2696 1570 2771 όρθοτομοῦντας
1607 2698 1665 2751 ἐν

99 2799 196 2855 τοῖς
218 2795 307 2848 τοῦ
336 2796 548 2868 Κυρίου
580 2794 862 2865 δόγμασιν.
902 2793 1089 2863 Ὑμεῖς
1132 2790 1189 2843 δέ
1224 2791 1421 2861 τιμᾶτε
1446 2788 1666 2852 τούτους

101 2888 163 2951 ὡς
202 2889 458 2961 πατέρας,
498 2887 574 2951 ὡς
602 2887 862 2959 σκυρίους,
906 2885 984 2949 ὡς
1021 2884 1343 2955 εὐεργέτας,
1374 2883 1453 2946 ὡς
1478 2881 1573 2934 τοῦ
1603 2878 1664 2936 εὗ

103 2977 219 3033 εἶναι
265 2981 497 3044 αἰτίους.
559 2978 837 3049 Ἐλέγχετε
876 2977 931 3030 δέ
977 2975 1257 3047 ἀλλήλους,
1307 2974 1380 3045 μὴ
1417 2975 1475 3026 ἐν
1502 2973 1662 3045 ὀργῇ,

102 3074 197 3125 ἀλλ’
224 3075 278 3125 ἐν
308 3072 686 3145 μακροθυμίᾳ,
724 3070 860 3141 μετά
893 3068 1261 3141 χρηστότητος
1290 3067 1387 3121 καὶ
1418 3067 1660 3137 εἰρήνης.

104 3164 263 3219 Πάντα
290 3164 356 3218 τά
383 3162 845 3235 προστεταγμένα
891 3162 1018 3231 ὑμῖν
1051 3160 1155 3212 ὑπὸ
1185 3157 1277 3212 τοῦ
1316 3156 1519 3228 Κυρίου
1564 3175 1665 3227 φυσ-

102 3256 291 3322 λὰξατε.
338 3258 673 3329 Γρηγορεῖτε
704 3256 843 3325 ὺπέρ
871 3252 971 3323 τῆς
1012 3251 1157 3322 ζωῆς
1184 3250 1358 3322 ὑμῶν.
1395 3269 1414 3301 ι
1453 3250 1662 3303 Ἐστω-

105 3368 187 3403 σαν
216 3353 270 3403 αἱ
313 3350 520 3421 ὀσφύες
562 3348 715 3420 ὑμῶν
764 3345 1233 3417 περιεζωσμέναι,
1266 3344 1360 3397 καὶ
1403 3344 1452 3395 οἱ
1482 3342 1662 3412 λύχνοι

105 3444 378 3514 καιόμενοι·
411 3444 512 3496 καὶ
541 3443 697 3513 ὑμεῖς
741 3442 915 3510 ὅμοιοι
956 3437 1264 3510 ἀνθρώποις
1296 3434 1661 3507 προσδεχομέ-

102 3552 194 3598 νοις
231 3536 316 3588 τὸν
360 3535 554 3607 κύριον
584 3533 812 3596 ἑαυτῶν,
852 3532 981 3584 πότε
1010 3531 1150 3602 ἥξει,
1189 3531 1429 3601 ἑσπέρας
1459 3529 1491 3599 ἢ
1518 3526 1661 3600 πρωϊ

104 3626 217 3697 (70),
248 3627 722 3699 ἀλεκτοροφωνίας
752 3625 784 3695 ἢ
819 3624 1166 3695 μεσονυκτίου
1187 3640 1200 3653 ο
1294 3622 1403 3692 γὰρ
1449 3620 1568 3691 ὥρᾳ
1598 3620 1660 3672 ού

104 3720 472 3788 προσδοκῶσιν,
532 3718 807 3770 ἐλεύσεται
863 3718 892 3768 ό
940 3716 1173 3787 Κύριος’
1226 3714 1321 3768 καὶ
1370 3712 1464 3765 ἐὰν
1511 3709 1662 3781 αὑτῷ

102 3812 324 3878 ἁνοίξωσι
346 3855 361 3878 ,
400 3814 665 3885 μακάριοι
695 3813 743 3864 οἱ
779 3808 957 3864 δοῦλοι
987 3810 1182 3861 ἐκεῖνοι
1206 3846 1219 3869 ,
1250 3807 1331 3859 ὅτι
1360 3803 1661 3876 εὑρέθησαν

104 3908 501 3977 γρηγοροῦντες·
551 3905 630 3957 ὃτι
677 3903 1061 3976 περιζώσεται,
1112 3902 1205 3954 καὶ
1253 3899 1527 3953 ἀνακλινεῖ
1565 3898 1663 3952 αύ-

102 3999 333 4059 τοὺς,καὶ
371 3995 660 4068 παρελθὼν
685 3995 795 4065 (τι)
826 3995 1135 4066 διακονήσει
1156 3996 1358 4056 αὐτοῖς.
1403 4013 1420 4044 ι
1443 3994 1661 4064 Νήφετε

102 4083 198 4149 οὖν,
240 4091 329 4142 καὶ
357 4087 730 4160 προσεύχεσθε
765 4087 838 4158 μὴ
886 4087 1131 4139 ύπνῶσαι
1177 4087 1257 4148 είς
1300 4085 1564 4138 θάνατον’
1598 4084 1660 4137 ού

103 4180 193 4249 γὰρ
216 4181 391 4252 ὀνήσει
422 4182 569 4251 ὑμᾶς
596 4180 665 4233 τά
708 4179 950 4251 πρότερα
997 4177 1397 4249 κατορθώματα
1420 4216 1434 4238 ,
1459 4177 1553 4229 ἐὰν
1582 4177 1662 4240 είς

102 4271 158 4321 τὰ
196 4271 388 4342 ἔσχατα
433 4272 588 4344 ὑμῶν
634 4270 1057 4343 ἀποπλαηθῆτε
1116 4270 1218 4341 τῆς
1279 4268 1515 4332 πίστεως
1560 4268 1661 4339 τῆς

102 4361 326 4433 ἀληθοῦς.

590 4456 987 4510 ΚΕΦΑΛΑῙΟΝ
1021 4455 1142 4510 ΛΒ’.

345 4550 684 4618 Πρόρρησις
711 4548 844 4616 περὶ
871 4546 989 4601 τῶν
1009 4548 1381 4616 μελλόντων.

171 4640 251 4693 Ἐν
276 4641 383 4713 γὰρ
418 4645 541 4704 ταῖς
569 4641 828 4711 ἐσχάταις
855 4642 1092 4712 ἡμέραις
1118 4638 1585 4710 πληθυνθήσονται
1605 4638 1655 4691 οί

1769 545 1862 589 aut
1908 536 2222 605 fructuum,
2269 555 2417 605 uvae,
2452 548 2547 594 aut
2595 539 2829 595 aliorum
2873 540 3153 612 primitias
3190 543 3350 600 dabis

1768 629 2177 697 sacerdotibus;
2225 632 2436 702 argenti
2480 642 2627 687 vero‘
2654 640 2709 687 et
2755 633 3106 699 vestimenti,
3138 634 3351 692 omnis-

1767 734 1874 790 que
1902 722 2290 790 possessionis,
2327 724 2573 794 orphano
2593 739 2658 779 ac
2688 723 2887 779 vidua.

2336 901 2567 957 CAPUT
2604 901 2780 958 XXX.

1768 991 2043 1059 Quomodo
2073 1004 2310 1063 oporteat
2350 994 2490 1049 diem
2539 994 2913 1061 Dominicum,
2946 999 3117 1053 nostri
3152 996 3347 1055 Salva-

1835 1065 1971 1186 ;oris
2021 1067 2394 1126 resurrectioni
2435 1065 2705 1133 dicatum,
2755 1080 3134 1140 congregatos,
3203 1071 3343 1127 cele-

1870 1151 2008 1188 rare.

1838 1226 1937 1283 Die
1986 1227 2411 1285 resurrectionis
2458 1228 2710 1296 Domini,
2743 1231 2849 1287 hoc
2892 1240 2976 1288 est
3022 1232 3342 1302 Dominica,

1767 1322 2059 1376 convenite
2109 1322 2366 1387 assidue,
2405 1325 2608 1394 gratias
2642 1334 2865 1397 agentes
2908 1326 3053 1392 Deo,
3087 1335 3141 1383 et
3172 1329 3345 1386 conﬁ-

1767 1421 1947 1470 tentes
1990 1415 2057 1470 de
2094 1414 2377 1471 beneﬁciis
2417 1432 2539 1485 quae
2569 1418 2622 1471 in
2648 1433 2748 1474 vos
2791 1420 3026 1474 contulit
3070 1419 3216 1476 Deus
3246 1438 3345 1492 per

1766 1505 2070 1573 Christum,
2122 1508 2407 1563 liberando
2452 1510 2779 1579 ignorantia,
2807 1527 3026 1578 errore,
3070 1514 3340 1584 vinculis;

1768 1606 1827 1653 ut
1859 1600 2189 1656 sacriﬁcium
2224 1609 2469 1655 vestrum
2515 1604 2587 1657 sit
2630 1603 3067 1674 irreprehensum
3090 1645 3106 1670 ,
3137 1615 3192 1662 et
3231 1607 3345 1665 Deo

1767 1702 2072 1760 acceptum,
2101 1692 2196 1761 qui
2230 1692 2296 1746 de
2325 1690 2567 1747 Ecclesia
2601 1709 2700 1747 sua
2730 1697 3090 1759 (ecnmenica,
3121 1714 3216 1754 seu
3246 1716 3345 1771 per

1766 1790 1941 1837 totum
1994 1784 2184 1838 orbem
2232 1783 2429 1840 diﬁ‘usa
2479 1784 2615 1838 dixit
2649 1801 2661 1837 :
2701 1805 2720 1837 ι
2768 1785 2827 1840 In
2858 1789 3007 1843 omni
3048 1791 3170 1845 loco
3209 1792 3344 1847 mihi

1767 1874 2026 1930 oﬁ'erctur
2062 1864 2368 1939 incensum,
2400 1885 2450 1931 et
2497 1878 2826 1932 sacriﬁcium
2873 1882 3132 1936 mundum
3167 1902 3180 1938 :
3214 1886 3345 1954 quia

1769 1981 1862 2020 rex
1901 1982 2130 2036 magnus
2157 1982 2258 2037 ego
2288 1982 2408 2022 sum
2430 2008 2446 2033 ,
2494 1966 2629 2021 dicit
2661 1965 2923 2025 Dominus
2964 1975 3343 2043 omnipotens;

1765 2064 1819 2112 et
1853 2072 2053 2113 nomen
2085 2074 2264 2113 meum
2295 2057 2614 2114 admirabile
2651 2059 2704 2113 in
2739 2062 2995 2131 gentibus
3025 2064 3094 2119 ⁷⁸.
3124 2084 3143 2117 ι

2325 2148 2555 2205 CAPUT
2592 2150 2783 2207 XXXI.

1946 2242 2142 2308 Quales
2174 2260 2285 2297 esse
2313 2253 2551 2312 oporteat
2583 2261 2669 2298 eos
2703 2246 2794 2315 qui
2826 2245 3166 2305 ordinantur.

1778 2336 1779 2339 “
1836 2332 2031 2405 Eligite
2060 2344 2240 2389 autem
2270 2334 2557 2405 episcopos
2595 2335 2790 2406 dignos
2835 2336 3096 2403 Domino,
3131 2349 3185 2395 et
3221 2358 3348 2412 pre-

1765 2426 2036 2497 sbyteros,
2068 2442 2131 2480 ac
2161 2426 2445 2488 diaconos,
2472 2428 2618 2483 viros
2646 2429 3007 2498 pios,justos,
3031 2433 3209 2497 mites,
3234 2451 3346 2492 non

1764 2535 1982 2579 avaros.
2015 2528 2261 2575 amantes
2306 2520 2585 2585 veritatis,
2624 2522 2919 2590 probatos,
2951 2533 3195 2591 sanctos,
3231 2544 3344 2584 non

1765 2620 2081 2680 acceptores
2113 2627 2504 2681 personarum,
2533 2613 2628 2682 qui
2665 2614 2882 2668 valeant
2908 2615 3105 2672 docere
3139 2634 3347 2674 sermo-

1764 2720 1888 2758 nem
1919 2704 2158 2774 pietatis,
2191 2704 2285 2775 qui
2327 2714 2475 2759 recte
2511 2714 2697 2761 secent
2736 2722 2800 2760 ac
2830 2714 3066 2762 tractent
3091 2708 3346 2781 dogmata

1764 2795 1999 2851 Domini.
2031 2795 2142 2852 Vos
2182 2811 2313 2851 vero
2358 2796 2455 2852 hos
2497 2797 2764 2854 honorate
2823 2806 2881 2853 ut
2919 2810 3125 2870 patres,
3159 2812 3215 2857 ut
3246 2803 3345 2859 do-

1764 2889 1965 2952 minos,
2000 2895 2057 2942 ut
2092 2888 2387 2954 beneﬁcos,
2419 2896 2478 2943 ut
2525 2898 2781 2945 auctores
2824 2892 2972 2961 quod
3013 2892 3151 2947 bene
3184 2895 3342 2954 estis.

1763 2982 1988 3053 Arguite
2016 2984 2180 3036 etiam
2214 2999 2309 3038 vos
2337 2990 2547 3046 mutuo,
2588 3000 2698 3038 non
2728 2986 2783 3039 in
2814 2985 2917 3049 ira,
2951 2985 3047 3040 sed
3078 2987 3133 3041 in
3160 3003 3347 3057 atqua-

1763 3076 2033 3138 nimitate,
2067 3090 2191 3129 cum
2224 3075 2560 3145 benignitate
2592 3091 2655 3129 ac
2697 3092 2851 3146 pace.
2894 3076 3089 3131 Omnia
3127 3080 3282 3134 vobis
3312 3095 3347 3134 a

1766 3165 1994 3219 Domino
2021 3174 2290 3238 praecepta
2335 3174 2570 3223 servate.
2601 3166 2834 3239 Vigilate
2868 3184 2968 3239 pro
3001 3170 3110 3223 vita
3139 3179 3341 3228 vestra.

1772 3280 1790 3310 ι
1831 3259 1953 3313 Sint
1978 3259 2145 3314 lumbi
2180 3259 2347 3313 vestri
2378 3260 2683 3330 praecincti,
2714 3268 2768 3315 et
2796 3261 3032 3316 lucerna:
3058 3261 3341 3331 ardentes;

1764 3359 1817 3406 et
1860 3366 1957 3406 vos
1983 3352 2190 3407 similes
2231 3351 2548 3406 hominibus
2582 3354 3029 3422 exspectantibus
3057 3354 3341 3408 dominum

1764 3459 1946 3509 suum,
1981 3443 2199 3513 quando
2227 3444 2427 3511 veniet,
2458 3460 2685 3514 vespere
2710 3460 2779 3497 an
2808 3460 2989 3509 mane,
3021 3445 3145 3515 galli
3169 3454 3339 3499 cantu

1764 3554 1833 3590 an
1868 3537 2044 3591 media
2085 3543 2247 3591 nocte
2282 3556 2294 3590 :
2326 3551 2433 3606 qua
2473 3537 2617 3591 enim
2667 3537 2800 3590 hora
2843 3551 2953 3590 non
2999 3543 3343 3606 exspectant,

1763 3630 1942 3684 veniet
1994 3628 2298 3684 Dominus:
2334 3637 2388 3684 et
2429 3628 2479 3683 ei
2528 3630 2573 3683 si
2614 3628 2966 3698 aperuerint,
3016 3628 3156 3682 beati
3196 3629 3340 3684 seni

1764 3721 1877 3786 illi,
1915 3722 2042 3791 quia
2094 3722 2299 3775 inventi
2349 3729 2477 3776 sunt
2529 3721 2865 3789 vigilantes:
2898 3722 3156 3790 quoniam
3196 3737 3339 3791 prae-

1763 3813 1944 3883 einget
1994 3829 2073 3880 se,
2115 3823 2170 3867 et
2202 3813 2365 3867 faciet
2416 3814 2540 3867 illos
2580 3813 2949 3877 discumbere,
2981 3820 3035 3866 et
3063 3814 3340 3870 transiens

1763 3905 2099 3959 ministrabit
2150 3905 2260 3959 illis
2295 3905 2362 3959 ⁸⁰.
2410 3925 2427 3958 ι
2465 3904 2696 3975 Vigilate
2746 3904 2933 3975 igitur,
2980 3911 3035 3959 et
3083 3913 3233 3959 orate
3268 3922 3339 3961 ne

1776 4001 2066 4057 dormiatis
2106 4018 2161 4056 ιιι
2198 4013 2426 4058 mortem
2462 4004 2531 4035 ⁸⁶⁹
2564 4021 2576 4057 :
2618 4018 2723 4057 non
2764 4003 2907 4056 enim
2942 4000 3210 4070 juvabunt
3242 4013 3342 4052 vos

1775 4094 1961 4165 priora
1996 4105 2139 4148 recte
2166 4093 2329 4163 facta,
2357 4095 2400 4150 si
2425 4095 2477 4149 in
2511 4094 2771 4149 extremis
2798 4095 2994 4149 vestris
3023 4110 3055 4147 a
3078 4093 3180 4146 ﬁde
3212 4105 3340 4145 vera

1774 4183 2179 4242 aberraveritis.

2303 4447 2535 4504 CAPUT
2575 4448 2787 4505 XXXII.

2197 4542 2545 4597 Denuntiatio
2574 4543 2636 4596 de
2665 4543 2881 4612 futuris.

1833 4635 1893 4690 In
1946 4635 2153 4692 ultimis
2198 4636 2345 4691 enim
2394 4636 2589 4693 diebus
2645 4634 3156 4706 multiplicabuntur
3208 4633 3333 4690 falsi

102 4730 513 4805 ύευδοπροφῆται
542 4734 637 4787 καὶ
664 4734 713 4786 οί
746 4732 963 4803 φθορεῖς
1001 4732 1094 4785 τοῦ
1124 4732 1281 4801 λόγου
1304 4750 1316 4762 ⁸
1350 4732 1445 4785 καὶ
1490 4746 1658 4802 στρα-

1775 4729 2038 4798 propheta!
2058 4735 2113 4783 et
2140 4737 2493 4798 corruptores
2523 4728 2833 4793 sermonis;
2863 4735 2918 4805 et
2944 4732 3333 4780 convertentur

103 4828 339 4895 (θήσονται
386 4828 651 4911 πρόϐατα.
686 4829 768 4890 είς
797 4824 1004 4895 ,λύκους
1034 4827 1187 4898 καὶὴ
1236 4824 1423 4894 ἀγάπη
1458 4826 1537 4887 είς
1567 4826 1656 4894 μῖ-

1755 4837 1886 4876 oves
1917 4822 1972 4874 in
2004 4822 2181 4890 lupos,
2212 4827 2268 4875 et
2316 4821 2558 4876 Charitas
2606 4820 2662 4874 in
2702 4800 2943 4874 odium‘:
2984 4832 3111 4871 nam
3144 4817 3332 4871 multi-

105 4930 207 4979 σος·
251 4909 651 4989 πληθυνθείσης
687 4919 796 4990 γὰρ
827 4917 927 4988 τῆς
971 4918 1221 4989 ἀνομίας,
1271 4917 1575 4987 ψυγήσεται
1620 4917 1653 4986 ή

1775 4915 1955 4969 ιιίοιιιιι
1984 4913 2293 4984 iniquitate,
2325 4914 2640 4984 refrigescet
2660 4911 2901 4965 charitas
2931 4909 3286 4963 multarunt"
3310 4928 3324 4965 :

105 5007 269 5080 ἀγάπη
295 5012 400 5063 τῶν
434 5010 640 5063 πολλῶν
660 5027 673 5040 ·
710 5011 997 5080 μισήσουσι
1038 5011 1147 5081 γὰρ
1193 5009 1451 5081 ἀλλήλους
1480 5010 1530 5061 οί
1561 5009 1655 5063 ἀν-

106 5096 305 5168 θρωττοι,
355 5104 449 5155 καὶ
494 5100 773 5165 διώξουσι,
825 5102 918 5153 καὶ
968 5100 1325 5171 προδώσουσι.
1379 5102 1488 5153 Καὶ
1536 5099 1655 5151 τότε

165 5229 205 5301 if
234 5230 350 5286 Mal.
404 5251 439 5295 ι,
489 5234 578 5301 II,
633 5236 719 5291 LI.

106 5296 141 5326 “
165 5297 341 5356 Matth.
372 5320 521 5360 xmv.

825 5238 870 5271 ⁷⁹
910 5237 984 5300 al.
1038 5235 1308 5303 εὐλαϐεῖς.
1366 5238 1460 5294 Sic
1506 5249 1561 5295 et
1605 5237 1730 5295 cod.
1788 5235 1952 5293 Vind.

1757 5006 1967 5061 scilicet
2027 5005 2279 5061 homines
2331 5006 2458 5061 odio
2531 5021 2590 5061 se
2641 5004 2873 5059 invicem
2923 5002 3230 5066 habebunt,
3273 5008 3329 5056 et

1756 5106 2174 5167 persequentur,
2208 5105 2263 5153 et
2306 5097 2557 5169 prodent.
2590 5095 2669 5151 Ac
2709 5104 2842 5151 tunc
2870 5094 3152 5166 apparebit
3176 5094 3323 5150 orbis

2069 5237 2117 5270 ”
2167 5234 2302 5291 Luc.
2355 5250 2471 5299 xu,
2519 5236 2608 5290 55.
2700 5236 2768 5268 “‘
2835 5232 3002 5287 Marc.
3049 5247 3147 5287 xm
3177 5270 3194 5298 ,
3236 5231 3325 5285 55.

1420 5426 1781 5489 VARIORUM
1816 5434 2045 5494 NOTAE.

153 5564 259 5643 ,(68)
284 5571 590 5639 Κεραμίου.
627 5571 682 5625 In
716 5573 885 5627 altero
907 5573 1033 5629 cod.
1066 5570 1230 5629 Vind.
1255 5581 1340 5627 est
1361 5572 1643 5643 κεράμιον,

104 5645 262 5690 munis
287 5652 429 5694 recte
484 5645 653 5698 (Enen.

164 5703 270 5786 (69)_
301 5708 485 5786 Ύμιὶς.
521 5716 667 5772 Alter
711 5716 877 5773 codex
915 5714 1225 5774 Vindobon.
1265 5714 1426 5770 habet
1467 5714 1636 5786 ἡμᾶς,

105 5784 231 5841 itque
257 5778 405 5836 bene.
438 5784 507 5839 In.

1824 5573 1936 5656 (70)
1959 5573 2325 5656 ﬂgwl‘._Addit
2354 5575 2523 5631 codex
2555 5574 2716 5633 Vind.
2758 5579 2814 5651 ἡ,
2856 5596 3025 5649 mane,
3064 5594 3158 5637 aut
3186 5584 3317 5656 galli

1748 5652 1932 5706 cantu,
1958 5653 2072 5706 aut,
2105 5653 2211 5701 etc.
2249 5647 2323 5701 In.

1820 5714 2066 5798 (7i)!(al
2110 5715 2707 5798 {tapelojunzhetcaiiae
2754 5730 2806 5778 et
2861 5722 2974 5779 iuae
3024 5735 3317 5798 sequentes

1749 5801 1910 5842 voces
1937 5785 2137 5843 desunt
2166 5788 2222 5844 in
2252 5788 2373 5845 cod.
2404 5786 2640 5846 Vindob.
2668 5789 2748 5846 In.
