3812 6350
483 285 625 344 1023

1364 278 1419 334 8.
1454 277 1849 335 CLEMENTIS
1878 278 1899 334 Ι
1929 276 2099 335 ROM.
2136 268 2341 338 PONT.
2375 278 2605 338 OPERA
2637 280 2863 340 DUBIA.

3604 287 3724 345 1024

480 408 762 476 deceptor,
803 401 1060 458 inimicus
1109 397 1379 461 veritatis,
1416 403 1791 469 propugnator
1834 394 2060 451 menda-

2163 396 2461 468 φανήσεται
2499 399 2529 453 6
2563 398 2959 469 κοσμοπλάνος,
2991 398 3021 453 6
3049 399 3149 470 τῆς
3185 399 3443 473 ἀληθείας
3471 401 3730 475 ἐχθρὸς,ὸ

479 501 584 569 cii;
620 513 781 570 quem
819 497 1015 567 spiritu
1048 494 1165 549 oris
1214 492 1300 548 sui
1351 491 1640 547 interﬁciet
1683 489 1845 546 Jesus
1868 490 1935 554 “,
1960 488 2057 561 qui

479 607 578 663 per
603 591 745 646 labia
777 588 1053 643 interimet
1091 586 1339 655 impium.
1370 583 1437 638 Et
1482 584 1641 638 multi
1689 584 1742 638 in
1780 598 1846 638 eo
1890 598 2057 640 scan-

478 683 663 739 dalum
696 682 972 751 patientur
1006 694 1019 730 :
1048 678 1141 748 qui
1173 688 1355 733 autem
1380 677 1854 748 perseveraverint
1882 692 2056 747 usque

476 778 535 831 in
572 777 756 839 ﬁnem,
789 775 839 829 hi
876 775 1009 830 salvi
1038 787 1218 829 erunt.
1238 773 1499 844 Tuncque
1526 773 1805 844 apparebit
1827 772 2044 841 signum

476 864 601 920 Filii
627 867 863 921 hominis
893 868 948 921 in
981 868 1120 922 caelo
1149 867 1216 922 ⁸⁸.
1261 866 1463 921 Deinde
1494 881 1599 919 vox
1630 865 1773 919 tubae
1808 864 1914 918 erit
1949 877 2046 934 per

470 959 867 1030 archangelum
896 974 908 1009 :
935 969 990 1014 et
1016 960 1220 1014 interea
1268 957 1595 1014 reviviscent
1626 956 1722 1026 qui
1746 954 1999 1009 obierunt
2024 966 2040 1008 :

470 1062 526 1107 et
573 1062 703 1107 tunc
750 1052 931 1106 veniet
998 1050 1295 1114 Dominus,
1340 1065 1405 1104 ac
1458 1063 1648 1104 omnes
1693 1050 1868 1102 sancti
1918 1061 2044 1101 cum

473 1157 561 1205 eo,
595 1141 649 1196 in
688 1150 845 1196 terra:
887 1152 1060 1206 motu,
1092 1157 1257 1211 super
1308 1140 1503 1202 nubes,
1533 1154 1655 1193 cum
1697 1136 1902 1205 angelis
1932 1135 2046 1189 vir-

473 1236 607 1289 tutis
641 1250 777 1301 suae,
812 1235 866 1289 in
896 1234 1033 1289 solio
1059 1234 1207 1304 regni
1234 1232 1313 1297 ⁸⁸,
1345 1234 1412 1286 ad
1454 1230 1924 1286 condemnandum
1955 1242 2047 1285 or-

472 1324 560 1379 bis
594 1324 940 1394 deceptorem
985 1324 1287 1386 diabolum,
1317 1329 1372 1377 et
1420 1322 1487 1375 ad
1538 1322 1876 1377 reddendum
1929 1323 2055 1376 uni-

471 1418 670 1487 cuique
696 1432 795 1487 pro
826 1416 1082 1486 Operibus
1102 1415 1170 1470 ⁸⁸.
1193 1414 1349 1469 Tunc
1374 1415 1634 1481 abibunt;
1660 1415 1786 1468 mali
1809 1414 2050 1484 quidem,

471 1509 527 1563 in
558 1516 821 1563 aeternum
852 1509 1179 1579 supplicium
1203 1527 1217 1577 ;
1241 1508 1376 1579 justi
1404 1517 1586 1563 autem
1618 1508 1774 1562 ibunt
1798 1507 1852 1561 in
1884 1508 2051 1562 vitam

469 1610 732 1657 aeternam
772 1602 839 1666 ⁸⁸,
883 1602 1254 1657 haereditatem
1302 1602 1568 1658 adeuntes
1617 1616 1809 1658 eorum
1856 1619 1875 1653 ι
1931 1617 2053 1672 qua:

2156 487 2251 544 τοῦ
2296 488 2520 558 ψεύδους
2553 491 2894 564 προστάτης’
2929 490 2988 547 ὃν
3019 492 3049 544 6
3088 492 3293 565 Κύριος
3331 494 3538 567 Ἰησοῦς
3567 497 3732 554 ἀνελεί

2156 581 2234 652 τῷ
2282 581 2551 653 πνεύματι
2603 583 2700 638 τοῦ
2759 584 3026 655 στόματος
3071 585 3272 650 αὐτοῦ,
3315 589 3344 640 6
3387 588 3477 643 διά
3520 590 3733 661 χειλέων

2155 674 2394 748 ἀναιρῶν
2437 676 2628 747 ἀσεϐῆ.
2672 678 2784 731 Καὶ
2826 678 3009 732 πολλοὶ
3058 680 3613 752 σκανδαλισθήσονται
3655 688 3731 739 ἐπ’

2156 766 2339 837 αὐτῷ’
2388 768 2438 821 οί
2483 768 2540 822 δὲ
2583 768 2693 840 (72)
2725 770 3113 841 ὑπομείναντες
3140 774 3218 836 είς
3246 773 3430 836 τέλος,
3460 767 3608 827 οὗτοι
3640 792 3733 831 συ-

2158 856 2431 929 θήσονται.
2464 860 2574 913 Καὶ
2616 861 2736 915 τότε
2780 864 3080 933 φανήσεται
3117 863 3177 917 τὸ
3227 868 3451 935 σημεῖον
3482 865 3579 919 τοῦ
3612 867 3731 923 Υἱοΰ

2157 951 2269 1022 (75)
2300 952 2395 1005 τοῦ
2439 953 2726 1026 ἀνθρώπου
2768 957 2827 1008 ἐν
2870 954 2949 1027 τῷ
2980 956 3224 1028 ούρανᾷν
3257 956 3375 1012 εἶτα
3420 958 3577 1031 φωνὴ
3619 961 3731 1015 cal.

2156 1061 2351 1113 πιγγος
2380 1045 2533 1100 ἔσται
2578 1047 2643 1100 δι’
2658 1047 3033 1119 ἀρχαγγέλου*
3065 1047 3160 1104 καὶ
3198 1050 3402 1121 μεταξὺ
3445 1052 3736 1117 ἀναϐίωσις

2154 1135 2262 1187 τῶν
2313 1139 2758 1209 κεκοιμημένωνο
2814 1142 2911 1195 καὶ
2963 1142 3084 1195 τότε
3133 1143 3250 1214 ἡξει
3294 1146 3323 1198 6
3371 1145 3602 1219 Κύριος,
3650 1151 3733 1203 καὶ

2154 1227 2355 1292 πάντες
2412 1230 2463 1283 οί
2510 1230 2655 1300 ἆγιοι
2705 1233 2819 1305 (74)
2865 1236 2981 1305 μετ’
3036 1236 3226 1300 αὑτοῦ,
3285 1238 3346 1293 ἐν
3403 1243 3731 1312 συσσεισμῷ,

2154 1321 2338 1375 ἐπάνω
2378 1322 2486 1375 τῶν
2528 1323 2783 1394 νεφελῶν,
2817 1329 2934 1397 μετ’
2954 1328 3197 1397 ἀγγέλων
3229 1330 3512 1404 δυνάμεως
3553 1335 3731 1398 αὑτοῦ,

2153 1414 2246 1466 ἐπὶ
2286 1412 2477 1486 θρόνου
2509 1414 2805 1485 βασιλείας,
2850 1423 3177 1492 κατακρίναι
3223 1423 3314 1477 τὸν
3365 1426 3733 1496 κοσμοπλάνον

2150 1504 2414 1572 διάϐολον,
2445 1510 2540 1563 καὶ
2578 1510 2868 1565 ἀποδοῦναι
2899 1513 3115 1585 ἑκάστῳ
3148 1515 3291 1570 κατά
3316 1518 3518 1589 πρᾶξιν
3550 1520 3732 1577 αὑτοῦ.

2151 1599 2286 1653 Τότε
2314 1601 2705 1659 ἀπελεύσονται
2733 1606 2782 1659 οἱ
2814 1608 2913 1676 μὲν
2942 1609 3190 1679 πονηροὶ,
3222 1612 3303 1674 εἰς
3334 1612 3557 1667 αἰώνιον
3583 1614 3735 1668 κόλα-

472 1696 666 1751 oculus
697 1710 805 1750 non
836 1696 995 1760 vidit,
1043 1704 1098 1752 et
1140 1698 1290 1752 auris
1340 1714 1449 1752 non
1501 1698 1744 1764 audivit,
1776 1707 1829 1755 et
1861 1700 1915 1753 in
1954 1715 2052 1754 cor

2160 1709 2266 1746 σιν’
2298 1694 2346 1748 οί
2374 1695 2430 1748 δὲ
2457 1696 2654 1751 δίκαιοι
2684 1698 3040 1771 πορεύσονται
3068 1703 3148 1766 είς
3179 1701 3324 1775 ζωὴν
3352 1703 3596 1771 αἰώνιον,
3617 1708 3735 1781 κλη‹

467 1787 707 1843 hominis
738 1803 848 1843 non
878 1790 1278 1861 ascenderunt,
1308 1808 1429 1862 quae
1459 1793 1781 1865 praeparavit
1815 1791 1958 1848 Deus
1984 1792 2050 1848 iis

2160 1790 2509 1863 ρονομοῦντες
2547 1795 2731 1850 ἐκεῖνα
2767 1817 2786 1849 ι
2830 1798 2866 1853 ἃ
2896 1799 3174 1872 ὀφθαλμὸς
3215 1804 3314 1857 οὐκ
3354 1800 3460 1858 εἶδε
3481 1845 3495 1869 ,
3526 1807 3628 1860 καὶ
3653 1802 3735 1870 οὖς

466 1881 562 1952 qui
593 1882 824 1953 diligunt
857 1884 1009 1937 illum
1038 1884 1119 1951 '7;
1155 1905 1173 1938 ι
1200 1892 1255 1939 et
1287 1885 1601 1956 gaudebunt
1632 1888 1687 1942 in
1731 1903 1899 1958 regno
1928 1886 2045 1953 Dei,

466 1973 614 2045 quod
640 1982 725 2029 est
754 1975 809 2028 in
836 1974 1055 2030 Cbristo
1097 1975 1248 2033 Jesu.
1295 1976 1466 2033 Porro
1503 1987 1583 2034 tot
1623 1980 1900 2052 tantisque
1926 1980 2047 2049 ejus

466 2067 628 2124 bonis
670 2068 901 2140 dignati,
941 2069 1218 2140 supplices
1257 2072 1307 2125 ei
1349 2070 1675 2137 eﬂiciau‘nur,
1728 2074 2047 2131 invocantes

465 2159 619 2216 illum
649 2161 873 2218 assidua
896 2162 1302 2233 deprecatione,
1335 2181 1399 2220 ac
1430 2165 1675 2225 dicentes
1708 2185 1723 2221 :

998 2431 1229 2489 CAPUT
1272 2434 1509 2494 XXXIII.

662 2546 851 2603 Oratio
872 2549 1172 2619 prwdicans
1204 2553 1410 2607 variam
1436 2554 1842 2623 providentiam.

533 2656 763 2715 Eterne
793 2658 1049 2716 Salvator
1073 2670 1282 2729 noster,
1316 2663 1426 2721 Rex
1469 2667 1731 2735 deorum;
1762 2672 1857 2743 qui
1889 2674 2042 2732 solus

459 2769 521 2809 es
546 2754 892 2824 omnipotens
920 2770 985 2809 ac
1009 2753 1272 2812 Dominus
1298 2757 1378 2825 '3;
1401 2757 1544 2813 Deus
1567 2762 1809 2818 omnium
1834 2780 2040 2835 rerum,

458 2854 516 2900 et
559 2844 701 2901 Deus
749 2853 1066 2902 sanctorum
1100 2862 1165 2903 ac
1215 2849 1616 2921 inculpatorum
1673 2864 1888 2924 patrum
1940 2875 2042 2915 no-

461 2946 727 3004 strorum,
783 2955 847 2995 ac
881 2940 1187 3009 majorum;
1233 2940 1377 2999 Deus
1406 2944 1734 3012 Ahrabami,
1760 2957 1816 3004 et
1843 2949 2037 3017 lsaaci,

2150 1884 2250 1937 οὐκ
2279 1885 2501 1955 ἤκουσε,
2537 1888 2633 1942 καὶ
2659 1890 2753 1943 ἐπὶ
2781 1891 3012 1963 καρδίαν
3038 1894 3327 1966 ἀνθρώπου
3354 1897 3457 1951 οὐκ
3485 1898 3677 1968 ἀνέϐη,
3704 1899 3736 1952 ἃ

2148 1976 2448 2047 ἡτοίμασεν
2478 1981 2507 2032 6
2540 1980 2672 2045 Θεὸς
2696 1986 2810 2046 τοῖς
2838 1984 3125 2052 ἀγαπῶσιν
3154 1987 3316 2041 αὐτόν
3334 2004 3349 2018 ⁸
3390 2007 3409 2040 ι
3442 1991 3540 2043 καὶ
3570 1992 3734 2061 χαρή-

2150 2085 2333 2123 σονται
2362 2071 2420 2123 ἐν
2448 2074 2514 2143 τῇ
2548 2072 2793 2147 βασιλείᾳ
2812 2075 2907 2129 τοῦ
2928 2077 3084 2141 Θεοῦ,
3116 2082 3181 2151 τῇ
3203 2081 3262 2132 ἐν
3283 2082 3506 2154 Χριστῷ
3541 2083 3732 2155 Ἰησοῦ.

2148 2163 2431 2218 Τοσούτων
2458 2167 2515 2220 δέ
2544 2167 2833 2239 ἠξιωμένοι
2862 2170 2970 2224 τῶν
3016 2175 3145 2244 παρ’
3175 2174 3340 2228 αὑτοῦ
3370 2177 3624 2244 ἀγαθῶν,
3651 2195 3733 2247 γερ

2147 2255 2368 2328 νὼμεθα
2398 2258 2563 2313 αὐτοῦ
2596 2261 2792 2324 ἱκέται,
2822 2264 3241 2336 ἐπικαλούμενοι
3271 2268 3437 2323 αὐτὸν
3464 2269 3558 2323 διὰ
3589 2286 3734 2325 συνε-

2146 2349 2279 2421 χοῦς
2305 2350 2561 2424 δεήσεως,
2596 2355 2690 2408 καὶ
2718 2355 2968 2425 λέγοντες
2985 2374 2998 2387 ·
3538 2352 3547 2355 ι

2314 2444 2317 2447 ’
2658 2446 3058 2503 ΚΕΦΑΛΑΙΟΝ
3095 2442 3216 2505 Al“.

2239 2558 2557 2629 Προσευχὴ
2589 2560 2981 2632 ἐξαγγελτικὴ
3011 2566 3295 2634 προνοίας
3325 2566 3643 2638 διαφόρου.

2215 2672 2411 2727 Αίὼνιε
2448 2674 2632 2747 Σῶτερ
2666 2678 2856 2749 ἡμῶν,
2904 2678 2933 2731 6
2967 2678 3220 2749 βασιλεὺς
3248 2682 3358 2737 τῶν
3398 2682 3540 2738 θεῶν
3560 2702 3574 2715 ·
3607 2685 3639 2738 6
3662 2685 3731 2741 ὣν

2148 2764 2308 2834 μόνος
2336 2768 2730 2839 παντοκράτωρ
2759 2770 2853 2823 καὶ
2882 2770 3087 2842 Κύριος
3106 2788 3120 2803 ·
3158 2774 3187 2826 6
3214 2774 3349 2838 Θεὸς
3380 2775 3608 2830 πάντων
3631 2779 3731 2832 τῶν

2143 2855 2338 2921 ὄντων,
2368 2858 2464 2912 κα)⁴
2493 2859 2625 2923 Θεὸς
2652 2861 2760 2913 τῶν
2799 2861 2969 2930 ἁγίων
3016 2865 3111 2917 καὶ
3139 2865 3450 2937 άμέτμπτων
3479 2870 3732 2941 πατέρων

2145 2948 2305 3020 ἡμῶν
2334 2951 2429 3004 καὶ
2458 2950 2567 3005 τῶν
2599 2950 2714 3024 (75)
2741 2953 2850 3025 πρὸ
2879 2954 3066 3025 ἡμῶν,
3097 2957 3126 3009 6
3153 2957 3287 3021 Θεὸς
3330 2959 3610 3033 Ἀϐραὰμ,
3644 2965 3733 3017 καὶ

457 3037 513 3085 et
538 3029 729 3087 Jacobi
759 3030 839 3099 ";
876 3032 1191 3088 misericors
1220 3044 1275 3089 et
1297 3036 1605 3102 miserator,
1634 3038 1961 3111 longanimis
1986 3052 2040 3099 et
2066 3099 2072 3138 ‘

458 3122 641 3147 ...ι-ιιι...
678 3122 1100 3147 ...ι,.,...ε,.-..,ιε..-
1145 3127 1225 3147 ---ξ
1284 3142 1433 3147 -.υμᾼ
1501 3145 1513 3147 -
1689 3145 1697 3147 Α
1742 3142 1753 3147 -
1903 3138 1916 3147 .

2160 3041 2365 3109 Ἰσαὰκ,
2414 3044 2509 3097 καὶ
2569 3044 2795 3098 Ίακὼ6’
2843 3047 2872 3099 6
2912 3045 3159 3119 ἐλεήμων
3202 3052 3297 3104 καὶ
3334 3029 3662 3125 οἰκτίρμων,
3703 3056 3731 3108 6

458 3122 643 3177 multa:
678 3122 1101 3192 misericordia;
1138 3127 1226 3181 cui
1278 3142 1441 3184 omne
1490 3145 1585 3185 cor
1615 3142 1761 3202 patet
1806 3138 2035 3205 nudum,

457 3222 514 3269 et
540 3215 721 3270 omnis
766 3218 983 3272 occulta
1013 3220 1274 3290 cogitatio
1302 3230 1528 3291 apparet
1554 3243 1567 3279 :
1600 3225 1670 3280 ad
1712 3224 1767 3283 te
1797 3230 2040 3288 clamant

458 3308 657 3363 anima:
690 3310 1009 3380 justorum;
1042 3314 1097 3368 in
1142 3323 1194 3371 te
1235 3331 1362 3386 spes
1403 3325 1719 3375 sanctorum
1763 3323 2034 3385 nituntur.

336 3466 345 3487 υ
457 3399 621 3458 Pater
658 3404 1190 3475 irreprehensorum,
1238 3417 1291 3465 te
1331 3418 1479 3465 recte
1522 3412 1893 3472 invocantium
1935 3434 2037 3475 au-

457 3494 635 3561 ditor,
684 3498 779 3567 qui
824 3499 988 3553 etiam
1041 3502 1238 3557 tacitas
1287 3505 1681 3574 appellationes
1726 3509 2033 3584 intelligis:

455 3588 717 3661 pertingit
771 3593 919 3647 enim
971 3610 1146 3664 usque
1190 3594 1258 3649 ad
1308 3597 1546 3653 humana
1593 3600 1805 3658 viscera
1853 3608 2036 3676 provi-

400 3708 405 3711 ι
455 3679 642 3736 dentia
672 3690 787 3747 tua,
822 3694 876 3739 et
905 3700 1001 3754 per
1035 3688 1429 3743 conscientiam
1472 3694 1740 3751 scrutaris
1771 3697 2037 3755 uniuscu-

452 3771 659 3844 jusque
706 3775 1065 3834 voluntatem.
1112 3779 1290 3850 Atque
1339 3796 1438 3853 per
1495 3798 1709 3841 omnem
1755 3790 2033 3860 regionem

453 3866 607 3922 orbis
636 3869 872 3923 mittitur
899 3869 997 3924 tibi
1039 3871 1337 3943 thymiama
1368 3877 1699 3945 precationis
1734 3894 1799 3935 ac
1824 3897 2035 3941 sermo-

453 3974 609 4016 num.
653 3958 759 4027 Qui
805 3964 1066 4019 saeculum
1103 3981 1366 4037 praesens,
1407 3968 1645 4024 stadium
1684 3972 1913 4041 justitize
1947 3976 2035 4032 in-

454 4054 684 4134 stituisti
709 4054 778 4121 “,
805 4058 1061 4113 omnibus
1104 4068 1285 4114 autem
1317 4063 1582 4131 aperuisti
1607 4064 1835 4134 januam
1866 4070 2032 4127 mise-

453 4127 741 4213 ricordiae;
798 4148 1030 4219 singulis
1084 4167 1215 4206 vero
1270 4152 1618 4221 hominibus,
1674 4174 1771 4227 per
1811 4160 2029 4219 insitam

452 4239 819 4310 cognitionem
854 4256 919 4295 ac
950 4244 1199 4300 naturale
1231 4244 1521 4315 judicium,
1553 4255 1607 4303 et
1648 4265 1713 4305 ex
1761 4251 1897 4322 legis
1942 4254 2032 4310 in-

452 4332 762 4404 stigatione,
795 4335 1081 4391 ostendisti
1116 4339 1261 4407 quod
1297 4339 1611 4395 divitiarum
1644 4359 1750 4398 non
1792 4354 1875 4401 est
1907 4364 2031 4418 per-

2146 3136 2495 3208 μακρόθυμος
2524 3139 2617 3191 καὶ
2647 3139 2931 3213 πολυδέλεος
2949 3159 2964 3173 ’
2995 3135 3039 3211 ᾧ
3059 3145 3209 3197 πᾶσα
3238 3147 3598 3221 γυμνοφανὴς
3626 3148 3733 3219 βλέ·

2140 3245 2301 3282 πεται
2334 3229 2444 3301 (76)
2476 3230 2673 3303 καρδία
2691 3274 2706 3299 ,
2735 3234 2831 3287 καὶ⁸
2860 3236 2968 3288 πᾶν
3013 3235 3244 3307 κρύφιον
3272 3238 3574 3311 ἐνθύμημα
3601 3242 3731 3295 ἀπο-

2138 3319 2500 3374 καλύπτεταν
2535 3323 2673 3395 πρὸς
2706 3326 2766 3378 σὲ
2808 3324 2974 3396 βοῶσι
3017 3326 3186 3399 ψυχαὶ
3211 3329 3438 3385 δικαίων
3460 3349 3475 3365 ’
3507 3334 3606 3389 ἐπὶ
3650 3337 3731 3389 σοὶ

2139 3412 2463 3467 πεποίθασιν
2492 3414 2704 3481 ἐλπίδες
2729 3417 2911 3472 ὁσίων.
2957 3418 3015 3473 '0
3041 3420 3149 3474 τῶν
3177 3422 3488 3495 ἀμέμπτων
3519 3429 3726 3501 Πατὴρ.

2135 3504 2167 3559 6
2195 3507 2303 3561 τῶν
2335 3510 2452 3579 μετ’
2480 3508 2775 3581 εὐθύτητος
2818 3511 3262 3582 ἐπικαλουμένων
3294 3530 3355 3567 σε
3399 3516 3673 3588 ἐπήκοος.
3700 3521 3728 3572 6

2136 3600 2230 3653 καὶ
2275 3602 2638 3674 σιωπωμένας
2681 3604 3045 3675 ἐπιστάμενος
3083 3606 3377 3674 ἐντεύξεις·
3410 3613 3589 3682 χωρεῖ
3622 3613 3726 3684 γὰρ

2139 3692 2299 3766 μέχρι
2348 3695 2672 3767 σπλάγχνων
2718 3696 3075 3770 ἀνθρωπίνων
3123 3699 3235 3772 (77)
3272 3704 3305 3773 ἡ
3358 3702 3428 3775 σὴ
3475 3705 3723 3775 πρόνοια,

2134 3788 2230 3840 κα)⁵
2256 3787 2343 3842 διὰ
2388 3789 2743 3862 συνειδήσεως
2787 3792 3014 3862 ἐρευνᾷς
3062 3793 3294 3847 ἑκάστου
3333 3794 3435 3867 τὴν
3476 3796 3723 3868 γνώμην.

2134 3880 2243 3934 Καὶ
2272 3881 2415 3936 κατὰ
2452 3884 2563 3935 πᾶν
2590 3882 2762 3954 κλίμα
2799 3882 2904 3954 τῆς
2930 3885 3253 3956 οἰκουμένης
3279 3886 3341 3939 τὸ
3370 3887 3461 3942 διὰ
3488 3906 3723 3962 προσευ-

2132 3971 2239 4043 χῆς
2282 3974 2383 4033 καὶ.
2421 3973 2593 4044 λόγων
2639 3976 3021 4048 ἀναπέμπεταί
3066 3994 3147 4030 σοι
3199 3977 3474 4050 θυμίαμα.
3539 3982 3598 4035 '0
3638 3981 3723 4037 τὸν

2134 4066 2380 4137 παρόντα
2422 4067 2616 4133 αίῶνα,
2666 4070 2877 4123 στάδιον
2922 4070 3265 4141 δικαιοσύνης
3292 4072 3721 4144 ἐνστησάμενος,

2132 4163 2267 4214 πᾶσι
2311 4160 2368 4214 δὲ
2410 4161 2629 4227 ἀνοίξας
2673 4162 2849 4233 πύλην
2894 4161 3291 4233 ἐλεημοσύνης’
3336 4164 3627 4230 ὑποδείξας
3668 4166 3720 4221 δέ

2133 4253 2350 4326 ἑκάστῳ
2385 4255 2494 4307 τῶν
2531 4252 2865 4325 ἀνθρώπων,
2904 4253 2994 4306 διὰ
3028 4253 3129 4323 τῆς
3166 4254 3410 4325 ἐμφύτου
3462 4257 3719 4324 γνώσεως

2131 4348 2227 4400 καὶ
2262 4346 2497 4417 φυσικῆς
2529 4347 2764 4417 κρίσεως
2786 4386 2800 4409 ,
2842 4346 2935 4399 καὶ
2972 4347 3036 4399 ἐκ
3072 4347 3174 4417 τῆς
3226 4347 3321 4400 τοῦ
3375 4348 3546 4419 νόμου
3587 4352 3717 4404 ὑπο-

452 4433 615 4496 petua
668 4429 981 4495 possessio,
1020 4430 1327 4486 venustatis
1373 4447 1481 4486 non
1526 4449 1765 4504 perenne
1823 4438 2024 4510 decus;
2060 4434 2072 4489 Ι

2160 4441 2455 4510 δωνήσεως,
2497 4440 2573 4503 ὠς
2609 4438 2838 4491 πλούτου
2887 4438 2987 4510 μὲν
3036 4441 3136 4494 οὐκ
3173 4440 3340 4494 ἀΐδιον
3386 4440 3450 4494 τὸ
3490 4443 3713 4515 κτῆμα,

450 4520 595 4588 quod
647 4520 844 4574 virium
899 4522 1056 4577 facile
1105 4524 1425 4580 dissolvitur
1482 4527 1790 4599 ﬁrmitudo;
1850 4536 2027 4602 quod-

2163 4533 2463 4604 ύπρεπείας
2499 4532 2601 4585 οὐκ
2653 4530 2879 4586 ἀένναον
2928 4531 2991 4584 τὸ
3043 4532 3267 4595 κάλλος*
3305 4532 3593 4605 δυνάμεως
3629 4536 3712 4590 sf.-

452 4624 560 4679 que
610 4625 806 4671 cuncta
864 4619 1083 4690 quidem
1119 4631 1248 4676 sunt
1296 4637 1466 4693 vapor
1515 4641 1580 4681 ac
1631 4634 1843 4686 vanitas
1881 4632 2022 4701 "-“,

2164 4626 2374 4688 ιάλυτος
2414 4627 2447 4696 ἡ
2500 4624 2679 4695 ἰσχύςο
2740 4626 2835 4679 καὶ
2878 4625 3052 4696 ἀτμὸς
3110 4625 3209 4696 μὲν
3262 4627 3358 4679 καὶ
3418 4629 3712 4698 ματαιότης

452 4702 568 4756 sola
598 4720 725 4762 vero
756 4713 1097 4768 conscientia
1136 4711 1264 4767 ﬁdei
1293 4728 1401 4768 non
1431 4715 1673 4774 subdolae
1706 4721 1887 4777 evadit
1928 4739 2024 4794 per

2160 4718 2198 4771 κά
2256 4717 2450 4770 σύνολα
2475 4757 2489 4780 ,
2547 4716 2684 4788 μόνη
2734 4717 2790 4770 δὲ
2850 4718 3149 4788 συνείδησις
3194 4718 3431 4783 πίστεως
3477 4720 3709 4773 ἀνύπου-

452 4798 664 4855 medios
707 4803 876 4855 caelos
918 4822 1044 4862 cum
1073 4801 1303 4858 veritate
1349 4802 1671 4871 ascendens,
1707 4805 2019 4866 futurarum

2161 4828 2220 4875 ος
2272 4810 2320 4842 ⁹³
2371 4810 2671 4870 διαϐαίνει.
2725 4809 2813 4863 διά
2878 4810 3041 4881 μέσον
3100 4812 3344 4879 οὐρανῶν
3399 4815 3519 4881 μετ’
3576 4813 3707 4879 ἁλη-

518 4925 632 5001 ξιιι
658 4925 849 5001 Thess.
882 4944 958 4995 II;
1012 4928 1118 5001 lsa.
1146 4947 1226 4995 τι,
1255 4930 1311 4989 4.
1384 4932 1431 4963 ⁸³
1458 4931 1652 4990 Matth.
1687 4951 1837 4991 μιν.
1913 4936 1961 4968 ⁸⁸
1993 4937 2009 4992 ι

2160 4953 2240 4992 εδ.
2269 4951 2343 4999 tv,
2374 4934 2459 4989 16.
2536 4936 2582 4967 "
2618 4934 2809 4990 Matth.
2840 4951 2952 5001 va,
2979 4936 3070 4990 27.
3145 4935 3192 4967 ⁸⁸
3223 4932 3420 4987 Matth.
3456 4948 3587 4987 xxv.
3613 4930 3704 4984 66.

445 4996 536 5051 "l
569 4996 695 5054 Cor.
726 5014 785 5064 ll,
819 5000 873 5054 9.
949 5001 996 5033 ⁸⁸
1026 5000 1179 5057 Esth.
1205 5018 1317 5067 χιν,
1345 5001 1432 5056 12.
1508 5004 1555 5037 ⁸³
1589 5005 1767 5062 Exod.
1798 5022 1885 5073 tu,
1908 5007 1964 5063 6.
2037 5009 2072 5040 "

447 5068 772 5124 ανυπούλου.

2160 5009 2278 5063 Dor.
2316 4996 2392 5073 ιχ,
2425 5006 2517 5061 21.
2593 5008 2716 5049 ’λι-’³
2738 5007 2919 5064 Eccle.
2941 4996 2991 5073 ἰ,
3015 5009 3085 5065 2;
3116 5004 3237 5060 Jac.
3269 5020 3343 5070 tv,
3386 5002 3477 5059 14.
3554 5004 3599 5036 ⁸³
3629 5004 3700 5058 al.

1751 5241 2115 5306 VARIORUM
2149 5252 2381 5312 NOTA‘J.

462 5371 1202 5488 )agfifiﬁmﬁzind'
1231 5390 1260 5443 ὁ
1294 5390 1351 5443 δὲ
1388 5393 1706 5466 ὑπομείναςο
1738 5408 1791 5456 ει
1823 5410 2011 5472 Postea

2160 5410 2489 5488 nct_nritate,_
2524 5428 2649 5488 nam
2698 5414 2746 5467 οί
2778 5414 2887 5487 πρὸ
2912 5418 3069 5488 ἡμῶν
3104 5419 3268 5476 iidem
3315 5434 3449 5481 sunt
3485 5425 3574 5483 hic
3616 5441 3682 5482 ac

435 5447 587 5505 ουτος
617 5447 940 5518 σωθήσεται.
969 5455 1138 5512 Cum,
1497 5447 1510 5466 ι
1740 5447 1790 5456 ν-
1824 5447 2011 5472 γυνη..

768 5525 1020 5566 σπηρῖηιν
1072 5529 1178 5566 σηγῆ
1240 5533 1373 5566 Vina”.
1449 5531 1507 5566 1η
1565 5539 1752 5566 nngm,“
1810 5544 1908 5566 ﬁt,
1983 5547 1999 5566 ξ

2160 5447 2478 5474 ,Μυκη-η,
2524 5447 2649 5467 mm.

2160 5480 2548 5566 IEé‘P‘Egnql'LlDV.
2588 5484 2663 5539 In.

505 5511 722 5644 S5255),an
752 5511 1020 5592 ’σημεῖον
1072 5529 1178 5584 τοῦ
1240 5533 1393 5588 Υἱοῦ.
1449 5531 1510 5590 In
1563 5539 1753 5595 eodem
1807 5544 1931 5600 cod.
1977 5547 2004 5598 ὁ

505 5651 612 5692 (71)
644 5660 708 5692 nl
738 5659 885 5692 πμ.-.
939 5664 1128 5692 "-12-.-
1171 5671 1319 5692 z-__-_‘
1411 5675 1424 5689 .
1512 5691 1517 5692 ,
1583 5678 1598 5692 .
1654 5677 1714 5692 ς..
1778 5680 1793 5692 .
1851 5681 1869 5692 .

2754 5556 2942 5612 eodem
2964 5566 3049 5614 est
3069 5561 3340 5631 φαίνεται.
3375 5562 3451 5620 In.

2185 5621 2270 5692 (77
2332 5621 2749 5690 Ἁνθρωπίνων.
2799 5627 2969 5683 Abest
3007 5631 3060 5684 in
3104 5633 3275 5687 altero
3318 5634 3451 5689 codit

600 5575 631 5636 Ἰ
833 5575 995 5592 ισήήήν⁷
1076 5575 1170 5584 ’⁷⁷
1240 5575 1393 5588 -"'V'
1449 5575 1510 5590 ⁵⁸.
1563 5575 1753 5595 υνυυΙΙΙ
1807 5575 1931 5600 υυΙΙ.
1977 5575 2004 5598 υ

502 5618 612 5693 (ill
636 5601 708 5693 τί]
737 5659 885 5693 ἕνα..
939 5664 1128 5693 "-12..-
1170 5671 1373 5693 2-----\,,
1411 5675 1453 5693 ς.
1509 5691 1549 5693 _,
1583 5678 1598 5693 ι
1654 5677 1714 5693 εν.
1778 5680 1793 5693 .
1851 5681 1869 5693 .

2181 5575 2272 5625 μυ
2323 5575 2631 5607 σνιεπεται.
2666 5575 2722 5609 In
2754 5575 2942 5612 eoaem
2964 5575 3049 5614 εει
3069 5575 3340 5631 φαίνεται.
3375 5575 3451 5620 Ill.

2185 5575 2294 5692 (77)
2332 5621 2749 5690 Ἁνθρωπίνων.
2799 5627 2969 5683 Abest
3007 5631 3060 5684 in
3104 5633 3275 5687 altero
3318 5634 3539 5693 codice.
3577 5650 3677 5691 nec

502 5651 591 5719 (π
644 5660 708 5711 οἱ
736 5659 905 5743 ἅγιρι.
939 5664 1131 5725 Melius
1163 5671 1199 5725 ἀ
1274 5673 1381 5728 ελοι
1411 5675 1465 5730 in
1497 5678 1620 5736 cod.
1654 5677 1816 5737 Vind.
1851 5681 1925 5740 In.

503 5656 613 5799 (75;
645 5729 754 5783 Kal
783 5748 916 5789 των.
949 5736 1077 5797 Dele
1122 5689 1278 5799 καῖἷι
1315 5746 1523 5799 codicis
1564 5747 1925 5799 Vindnbmmm

939 5695 1131 5775 ιίὶιῖἶιυδ
1163 5695 1381 5775 apem:
1403 5695 1620 5775 Iuncus.
1663 5695 1816 5775 vina.
1851 5695 1925 5740 In.
1956 5755 1965 5767 Ο
2106 5704 2238 5775 sane
2275 5695 2647 5775 necessarium
2671 5706 2791 5767 est;
2830 5701 2966 5756 satis
2995 5702 3140 5757 enim
3176 5719 3242 5761 ex
3277 5705 3395 5775 ipsa
3429 5722 3489 5762 re
3520 5707 3673 5763 intel-

503 5721 613 5797 (75)
645 5729 754 5783 Καὶ
781 5721 916 5789 τῶν.
949 5721 1193 5797 θεῶκᾶ

1247 5762 1278 5801 e
1315 5746 1523 5803 codicis
1564 5747 1999 5814 Vindobonensis
2104 5760 2307 5827 ligitur.
2340 5746 2415 5818 In.
