3812 6350
461 303 601 362 {027

1387 295 1445 353 δ.
1480 291 1878 352 CLEMENTIS
1908 294 1924 348 i
1962 289 2128 351 80M.
2164 284 2369 346 PONT.
2404 286 2633 346 OPERA
2667 283 2896 343 DUBIA.

3587 281 3725 338 {0‘28

462 424 608 497 guis,
660 421 789 477 item
834 416 1067 487 navigiis
1112 412 1247 470 illud
1301 412 1475 469 fecisti
1523 412 1790 484 pervium.
1839 409 2036 466 Postea

2165 408 2236 479 ’ὴν
2267 406 2547 476 ἐποίησας.
2591 400 2711 458 Εἶτ’
2744 399 3046 474 ἐχλοαίνετο
3093 367 3188 472 γῆ,
3228 398 3505 462 παντοίοις
3543 400 3731 454 ἄνθεσι

461 514 805 586 germinabat
850 519 1020 573 terra,
1057 506 1363 577 omnigenis
1391 504 1639 568 ﬂoribus,
1681 518 1747 556 ac
1776 502 2041 557 varietate

462 606 721 660 arborum
755 599 1137 670 multiplicium
1170 598 1383 667 depicta
1420 614 1434 662 ;
1468 602 1522 650 et
1557 595 1772 649 cunctis
1805 590 2039 647 lucentia

463 695 754 751 luminaria
791 694 985 747 horum
1014 690 1255 749 nutritii,
1298 689 1547 743 eumdem
1578 702 1790 755 semper
1816 699 2039 738 cursum

462 793 652 840 tguent
695 799 797 838 nec
848 782 1122 836 ullatenus
1164 794 1194 831 a
1238 786 1330 833 tuo
1362 776 1618 831 mandato
1648 776 1895 841 variant;
1944 773 2041 829 sed

460 892 788 950 quacunque
846 875 1100 945 iusseris.
1147 872 1221 928 ibi
1265 871 1519 927 oriuntur
1558 884 1623 923 ac
1659 867 1937 934 occidunt,
1984 867 2040 920 in

460 973 618 1043 signa
665 980 968 1039 temporum
1017 976 1180 1036 atque
1223 978 1511 1025 annorum,
1536 968 1590 1018 et
1617 960 1895 1016 hominum
1938 958 2040 1012 mi-

460 1063 742 1117 nist‘rium
784 1060 1075 1114 alternant.
1111 1057 1310 1111 Deinde
1337 1054 1653 1109 animalium
1698 1052 2038 1106 diversorum

462 1151 894 1208 conficiebantur
921 1162 1145 1219 genera,
1177 1144 1544 1207 terrestrium,
1580 1141 1920 1211 aquatilium,
1950 1153 2042 1191 vo-

460 1242 696 1303 lucrum,
750 1240 1152 1309 amphibiorum
1186 1256 1198 1291 :
1242 1244 1456 1305 tuaeque
1487 1232 1837 1304 providentiae
1868 1228 2041 1281 artifi-

458 1335 608 1389 ciosa
641 1333 908 1403 sapientia
941 1333 1187 1386 idoneam
1217 1328 1510 1398 unicuique
1534 1324 1895 1396 provisionem
1930 1322 2041 1374 lar-

458 1429 640 1497 gitur:
677 1428 820 1482 sicut
842 1427 984 1482 enim
1016 1425 1081 1481 ad
1128 1424 1276 1478 varia
1309 1437 1506 1493 genera
1551 1418 1897 1491 producenda
1929 1431 2039 1470 non

458 1517 563 1573 luit
612 1518 892 1581 invalida,
947 1517 1028 1572 sic
1076 1531 1253 1585 neque
1287 1514 1558 1568 diversam
1608 1508 2039 1578 uniuscujusque

456 1625 646 1665 curam
672 1611 951 1679 suscipere
977 1608 1234 1678 neglexit.
1266 1604 1444 1674 Atque
1465 1601 1531 1656 ad
1559 1610 1861 1656 extremum
1885 1613 2039 1652 erea-

456 1701 645 1768 tionis,
681 1700 945 1755 mandans
977 1708 1083 1754 tua:
1106 1697 1416 1767 Sapientiae,
1441 1692 1735 1748 condidisti
1771 1687 2039 1743 rationale

2142 498 2626 571 καταγραφομένη,
2675 498 2771 550 καὶ
2837 495 3080 564 ποικιλίᾳ
3126 494 3359 565 δένδρων
3412 492 3726 565 διαφόρων

2141 594 2425 663 παμφαείς
2450 608 2510 643 τε
2543 591 2830 660 φωστῆρες
2868 588 3073 641 τούτων
3109 586 3337 658 τιθηνοὶ,
3374 585 3731 657 άπαράὸατον

2141 684 2404 750 σώζοντες
2423 683 2513 737 τὸν
2536 684 2765 754 δολιχὸν,
2800 684 2901 751 καὶ
2919 699 3023 736 κατ
3043 684 3056 703 ’
3080 668 3232 735 οὑδέν
3254 680 3731 752 παραλλάσσοντες

2138 777 2238 847 τῆς
2280 777 2378 848 σῆς
2420 776 2772 847 προσταγῆς’
2816 775 2941 828 ἀλλ’
2982 776 3090 844 ὅπη
3131 772 3197 826 ἂν
3239 772 3524 843 κελεύσῃς,
3556 773 3730 846 ταύτῃ

2139 868 2415 939 ἀνίσχουσι
2451 869 2542 921 καὶ
2566 868 2799 932 δύουσιν,
2827 870 2906 931 είς
2938 870 3136 938 σημεῖα
3169 866 3376 937 καιρῶν
3423 866 3519 918 καὶ
3561 868 3732 921 ἐνιαυ-

2138 960 2267 1026 τῶν,
2291 960 2642 1031 άμειΰόμενοι
2672 960 2769 1031 τὴν
2813 958 2922 1012 τῶν
2954 956 3255 1029 ἀνθρώπων
3281 956 3609 1028 ὑπηρεσίαν.
3646 958 3733 1009 "E-

2140 1072 2300 1107 πειτα
2322 1054 2595 1125 διαφόρων
2611 1050 2762 1117 ζώων
2789 1050 3223 1114 κατεσκευάζετο
3243 1050 3397 1120 γένη,
3432 1049 3730 1120 χερσαίων,

2140 1148 2395 1219 ἐνύδρων,
2441 1146 2777 1218 άεροπὸρων,
2813 1144 3090 1215 ἀμφιϐίων
3116 1161 3130 1174 ⁸
3183 1143 3405 1212 καὶτῆς
3446 1143 3546 1212 σῆς
3596 1159 3732 1213 προσ

2140 1240 2341 1309 νοίαςή
2375 1239 2617 1308 ἔντεχνος
2648 1237 2805 1305 σοφία
2842 1237 2941 1307 τὴν
2968 1236 3297 1306 κατάλληλον
3346 1234 3566 1303 ἑκάστῳ
3596 1235 3730 1305 πρός

2140 1350 2287 1385 νοιαν
2313 1333 2562 1403 δωρεῖται
2588 1348 2600 1361 ·
2636 1329 2825 1401 ῶσπερ
2854 1329 2962 1400 γὰρ
2999 1329 3231 1399 διάφορα
3281 1329 3415 1397 γένη
3459 1328 3562 1380 οὑκ
3608 1328 3733 1395 ἠτό-

2139 1442 2270 1495 νησε
2333 1426 2695 1495 παραγαγεῖν,
2753 1421 2929 1484 οὕτως
2985 1422 3105 1474 οὑδὲ
3162 1421 3416 1491 διάφορον
3474 1421 3732 1490 πρόνοιαν

2140 1518 2370 1571 ἑκάστου
2422 1516 2747 1587 ποιήσασθαι
2798 1513 3245 1584 κατωλιγώρησε.
3290 1513 3402 1566 Καὶ
3446 1513 3605 1575 τέλος
3637 1513 3734 1583 τῆς

2139 1608 2512 1680 δημιουργίας,
2541 1607 2601 1660 τὸ
2631 1606 2845 1675 λογικὸν
2884 1605 3043 1670 ζῶον,
3070 1604 3159 1659 τὸν
3191 1604 3618 1675 κοσμοπολίτην,
3668 1609 3733 1674 τῇ

2144 1706 2209 1773 σῇ
2235 1702 2393 1771 σοφία
2415 1700 2826 1770 διαταξάμενος,
2850 1697 3285 1759 κατεσκεύασας,
3303 1696 3495 1749 εἱπιέιν·
3527 1716 3546 1747 ι
3580 1697 3734 1767 Ποιή-

457 1793 680 1854 ειιὶιιηι.
724 1791 912 1845 ηιιιηάί
946 1792 1140 1853 Civem.
1179 1790 1367 1843 dicens
1414 1807 1425 1841 ε
1470 1806 1487 1836 ί
1524 1784 1812 1837 Ϋπυῖεηηηε
1858 1781 2037 1835 Ῑιοηὶί·
2071 1765 2111 1819 Β
2145 1812 2324 1865 σωμεν
2365 1793 2648 1864 ἄνθρωπον
2704 1794 2835 1845 κατ’
2890 1790 3075 1844 εἰκόνα
3128 1792 3220 1843 καὶ
3286 1790 3421 1859 καθ’
3472 1789 3735 1860 ὁμοίωσιν

456 1897 581 1937 nem
610 1883 677 1937 ad
703 1883 990 1952 imaginem
1024 1889 1077 1935 et
1121 1880 1184 1934 ad
1228 1879 1640 1934 similitudinem
1672 1884 1915 1928 nostram
1937 1876 1987 1936 ις
2014 1892 2032 1924 ι

459 1972 651 2026 inundi
680 1974 966 2034 mundum,
1014 1986 1111 2025 seu
1154 1969 1461 2025 ornamenti
1505 1980 1779 2025 ornatum.
1833 1962 2041 2018 consti-

456 2072 619 2121 tuens
648 2067 837 2132 illum;
881 2083 945 2121 ex
978 2076 1212 2137 quatuor
1257 2063 1476 2133 quidem
1511 2058 1814 2119 elementis,
1846 2056 2038 2127 primis

456 2158 805 2228 corporibus,
834 2157 1118 2212 formando
1143 2170 1343 2225 corpus
1376 2154 1544 2216 illius,
1588 2151 1829 2206 creando
1857 2158 2038 2202 autem

455 2251 505 2303 ei
536 2252 771 2305 animam
810 2266 878 2305 ex
925 2250 1098 2303 nihilo
1121 2288 1136 2313 ,
1181 2258 1234 2302 et
1258 2246 1514 2301 donando
1547 2244 1597 2300 ei
1626 2242 2037 2315 quinquenium

455 2355 717 2396 sensuum
742 2380 759 2406 ,
791 2350 1135 2409 mentemque
1173 2341 1415 2410 aurigam
1446 2339 1639 2392 anima:
1693 2334 2037 2407 praeficiendo

455 2435 728 2489 sensibus.
760 2433 878 2487 Jam
924 2435 989 2488 ad
1042 2435 1156 2487 hinc
1202 2435 1407 2493 omnia,
1448 2431 1759 2484 dominator
1789 2428 2035 2490 Domine,

454 2531 579 2596 quis
605 2526 871 2595 condigne
900 2526 1194 2596 explicabit
1223 2524 1448 2578 nubium
1480 2522 1747 2578 imbribus
1778 2522 2036 2576 feracium

454 2627 687 2682 motum,
718 2618 949 2689 fulguris
981 2618 1345 2689 splendorem,
1378 2618 1676 2671 tonitruum
1723 2616 1991 2686 fragorem
2018 2631 2033 2680 ;

455 2714 523 2767 ad
555 2715 931 2770 convenientis
959 2713 1202 2769 alimenti
1228 2712 1740 2782 suppeditatiouem,
1769 2718 1823 2765 et
1855 2709 1921 2762 ad
1945 2724 2038 2763 ae-

453 2803 532 2858 ris
562 2804 1008 2874 temperationem
1052 2805 1285 2859 maxime
1331 2804 1701 2858 concinnam?
1749 2802 2037 2857 Hominem

453 2910 585 2947 wro
615 2896 1061 2966 inobsequentem
1092 2896 1317 2959 factum,
1346 2898 1451 2950 vita
1485 2898 1549 2950 ad
1580 2895 1882 2973 mercedem
1910 2910 2036 2964 pro-

454 2987 633 3054 posita
682 2987 951 3055 privasti;
998 3002 1102 3042 nec
1150 2995 1367 3043 ex-toto
1396 2988 1909 3051 exstinxistiillnm,
1941 2987 2035 3042 sed

2140 1887 2436 1958 ἡμετέραν,
2500 1904 2517 1936 ι
2570 1884 2773 1955 κόσμου
2817 1883 3019 1954 κόσμον
3071 1882 3179 1953 (84)
3222 1882 3385 1934 αὑτὸν
3424 1880 3732 1944 ἀναδείξας-

2141 1980 2205 2032 ἐκ
2235 1979 2333 2050 μὲν
2364 1978 2473 2030 τῶν
2511 1977 2792 2049 τεσσάρων
2837 1976 3134 2045 στοιχείων,
3182 1973 3417 2045 πρώτων
3461 1975 3578 2044 (85)
3628 1992 3732 2027 cm-

2144 2072 2351 2142 μάτων,
2378 2070 2679 2133 διαπλάσας
2707 2068 2854 2140 αὑτῷ
2893 2068 3070 2139 σῶμα,
3103 2068 3525 2129 κατασκευάσας
3556 2067 3603 2118 δ’
3637 2068 3733 2119 αὖ-

2138 2166 2217 2237 τῷ
2245 2165 2345 2235 τὴν
2385 2164 2563 2235 ψυχὴν
2608 2165 2672 2215 ἐκ
2723 2162 2817 2214 τοῦ
2864 2161 2938 2232 μὴ
2978 2160 3151 2224 ὄντος,
3200 2156 3451 2228 αἴσθησιν
3486 2158 3539 2210 δ’
3587 2159 3734 2229 αὐτῷ

2140 2256 2435 2310 πένταθλον
2461 2254 2846 2327 χαρισάμενος,
2876 2252 2969 2305 καὶ
2993 2252 3116 2305 νοῦν
3144 2251 3235 2303 τὸν
3254 2252 3353 2321 τῆς
3380 2251 3563 2321 ψυχῆς
3592 2251 3735 2319 ἡνίο-

2140 2366 2233 2419 χον
2280 2350 2404 2411 ταῖς
2442 2346 2551 2418 (86)
2583 2345 2900 2417 αἰσθήσεσιν
2936 2347 3255 2415 ἐπιστήσας.
3301 2343 3409 2395 Καὶ
3459 2342 3557 2396 ἐπὶ
3601 2344 3733 2395 πᾶσι

2138 2441 2370 2507 τούτοις,
2404 2438 2649 2494 Δέσποτα
2676 2438 2868 2509 Κύριε,
2910 2437 2993 2500 τίς
3026 2436 3264 2500 ἐπαξίως
3295 2436 3621 2507 διηγήσεται
3650 2452 3733 2486 νε-

2140 2534 2255 2603 φῶν
2278 2531 2625 2604 ὀμϐροτόκων
2650 2529 2843 2601 φορὰν,
2868 2529 3153 2599 ἀστραπῆς
3173 2526 3464 2597 ἔκλαμψιν,
3491 2525 3733 2598 βροντῶν

2141 2626 2406 2695 πάταγον,
2435 2628 2516 2687 είς
2546 2622 2752 2695 τροφῆς
2788 2621 3117 2693 καταλλήλου
3146 2619 3432 2691 χορηγίαν,
3464 2620 3565 2671 καὶ
3595 2621 3729 2691 κρᾶ-

2142 2735 2223 2771 σιν
2264 2718 2442 2789 ἀέρων
2490 2716 2886 2787 παναρμόνιον;
2932 2713 3367 2785 Παρακούσαντα.
3394 2712 3454 2764 δὲ
3492 2713 3589 2765 τὸν
3637 2714 3729 2766 ἇν-

2139 2808 2376 2880 θρωπον,
2413 2808 2681 2879 ἐμμίσθου
2710 2807 2854 2877 ζωῆς
2887 2806 3214 2878 ἐστέρησας⁹
3250 2806 3350 2857 οὑκ
3385 2808 3466 2868 είς
3492 2804 3556 2856 τὺ
3599 2820 3733 2856 παν-

2137 2902 2289 2965 τελές
2319 2901 2609 2970 ἀφανίσας,
2654 2899 2788 2953 ἀλλὰ
2834 2900 3010 2970 χρόνῳ
3044 2899 3179 2970 πρὸς
3229 2896 3407 2965 ὀλίγον
3449 2896 3727 2966 κοιμίσας,

2137 2994 2284 3066 ὅρκῳ
2336 2995 2417 3056 εἰς
2476 2991 2893 3061 παλιγγενεσίαν
2940 2991 3221 3053 ἐκάλεσας.
3286 2990 3451 3060 Ὀρον
3494 2987 3730 3041 θανάτου

454 3078 603 3133 brevi
636 3089 875 3148 tempore
897 3088 1070 3135 morte
1095 3090 1432 3150 soporatum,
1459 3080 1820 3150 jurejurando
1845 3080 1912 3134 ad
1948 3096 2035 3135 se-

2167 3087 2354 3154 λυσας,
2380 3089 2408 3139 ὁ
2440 3085 2700 3151 ζωοποιὸς
2727 3084 2836 3137 τῶν
2870 3083 3078 3154 νεκρῶν
3118 3082 3207 3135 διὰ
3260 3081 3435 3152 Ἰησοῦ
3468 3079 3729 3152 Χριστοῦ,

453 3171 688 3224 cuudam
719 3173 1054 3226 nmivitatcm
1080 3174 1287 3226 vocasti
1314 3173 1356 3226 '.
1392 3172 1682 3227 Decretum
1705 3172 1897 3227 mortis
1926 3172 2035 3227 sol-

453 3265 603 3327 visti,
670 3266 763 3334 qui
814 3273 1062 3341 mortuos
1119 3266 1185 3320 ad
1231 3266 1400 3321 vitam
1442 3267 1660 3321 reducis
1706 3281 1803 3336 per
1847 3264 2036 3321 Jesum

456 3356 760 3419 Christum,
787 3372 938 3425 spem
969 3365 1211 3413 nostram
1240 3358 1282 3413 ⁸.
1464 3348 1467 3349 ⁷

997 3492 1229 3549 CAPUT
1266 3492 1484 3549 XXXV.

457 3609 645 3666 Oratio
688 3624 807 3663 cum
850 3611 1148 3680 gratiarum
1190 3612 1392 3683 actione
1436 3611 1733 3683 prwdicans
1772 3609 1870 3666 Dei
1908 3629 2035 3683 erga

878 3692 1148 3735 creaturas
1172 3681 1607 3737 sollicitudinem.

529 3794 753 3867 Magnus
775 3814 854 3861 es,
886 3797 1115 3853 Domine
1144 3799 1510 3870 omnipotens,
1547 3806 1601 3854 et
1630 3815 1829 3870 magna
1856 3800 2033 3855 virtus

454 3897 570 3949 tua,
601 3896 656 3942 et
684 3889 965 3958 sapientia:
997 3899 1103 3946 tua:
1142 3907 1251 3945 non
1298 3900 1383 3946 est
1426 3907 1690 3946 numerus
1717 3893 1769 3959 ";
1795 3902 2029 3961 creator,

456 3980 715 4044 salvator,
750 3982 904 4038 dives
935 3984 989 4036 in
1018 3984 1231 4055 gratiis,
1259 3985 1604 4056 longanimis,
1635 3994 1689 4040 et
1718 3987 2033 4042 misericor-

455 4070 561 4124 dia:
590 4072 814 4144 largitor
838 4090 853 4140 ;
876 4075 968 4145 qui
1002 4085 1377 4131 creaturarum
1405 4086 1623 4133 tuarum
1657 4080 1887 4134 salutem
1919 4096 2031 4135 non

456 4161 705 4231 deseris;
750 4175 946 4219 natura
977 4167 1123 4222 enim
1157 4167 1335 4224 bonus
1367 4183 1429 4224 es
1463 4187 1476 4224 :
1510 4171 1690 4239 parcis
1722 4180 1901 4226 autem
1930 4172 2032 4227 de-

454 4253 852 4326 liuquentibns,
881 4274 976 4314 eos
1006 4258 1075 4312 ad
1110 4261 1483 4329 paenitentiam
1513 4277 1818 4332 provocans
1850 4283 1863 4318 :
1908 4272 2032 4319 tua-

456 4362 576 4401 rum
623 4349 824 4420 quippe
863 4351 1277 4406 miserationum
1325 4353 1547 4410 effectus
1578 4362 1663 4410 est
1705 4354 2024 4413 admonitio.

457 4438 671 4494 Etenim
718 4442 992 4510 quomodo
1024 4445 1443 4510 sustineremus,
1484 4445 1531 4500 si
1570 4445 1637 4500 ad
1676 4461 1897 4502 causam
1944 4447 2031 4501 di-
2062 4480 2107 4536 Β

454 4530 682 4587 cendam
724 4534 911 4589 statim
961 4545 1349 4605 repeteremur.
1388 4536 1608 4607 quando
1639 4537 1795 4609 longa
1820 4538 2031 4608 patien-

456 4623 531 4677 tia
557 4626 876 4694 exspectati,
908 4626 999 4681 vix
1030 4627 1099 4682 ab
1119 4627 1431 4684 infirmitate
1459 4627 1835 4699 respiramus?
1857 4626 2029 4685 Tuam

456 4718 755 4787 potentiam
785 4721 1251 4776 annuntiaverunt
1283 4721 1440 4788 caeli;
1480 4729 1537 4777 et
1562 4729 1706 4776 terra
1735 4737 2026 4787 concussa,

2137 3177 2238 3252 τῆς
2270 3177 2484 3240 ἐλπίδος
2515 3178 2548 3249 ἡ
2556 3177 2687 3249 μῶν.

2650 3496 3047 3550 ΚΕΦΑΛΑΙΟΝ
3085 3496 3197 3552 AE'.

2135 3608 2455 3678 Προσευχὴ
2489 3604 2639 3679 μετὰ
2684 3610 3067 3679 εὐχαριστίας
3113 3608 3578 3678 ἐξαγγέλλουσα
3623 3610 3727 3663 τσῦ

2290 3682 2439 3735 Θεοῦ
2476 3681 2590 3750 τὴν
2617 3681 2751 3750 περὶ
2776 3682 2849 3734 τὰ
2872 3681 3017 3733 ὄντα
3037 3680 3399 3749 κηδεμονίαν
3431 3680 3569 3751 (87).

2206 3795 2397 3864 Μέγας
2446 3790 2515 3861 εἴ,
2565 3794 2737 3867 Κύριε
2796 3793 3194 3866 παντόκρατορ,
3267 3793 3363 3847 καὶ
3428 3792 3642 3863 μεγάλη
3687 3792 3719 3862 ἡ

2138 3889 2291 3960 ίσχύς
2323 3906 2438 3954 σου,
2466 3889 2562 3943 καὶ
2581 3889 2679 3959 τῆς
2711 3886 2978 3950 συνέσεώς
3004 3904 3096 3939 σου
3136 3887 3235 3939 οὑκ
3264 3886 3413 3938 ἐστιν
3450 3885 3687 3955 ἀριθμός
3706 3901 3721 3916 ·

2134 3981 2350 4047 κτίστα,
2386 3980 2592 4051 σῶτερ,
2627 3977 2849 4033 πλούσιε
2894 3981 2950 4032 ἐν
2981 3980 3186 4050 χάρισι,
3242 3980 3589 4051 μακρόθυμε,
3634 3979 3725 4032 καὶ

2134 4072 2318 4136 ἐλέους
2348 4072 2549 4145 χορηγέ
2572 4090 2585 4102 ο
2617 4074 2644 4125 ὁ
2675 4072 2748 4143 μὴ
2775 4072 3017 4140 ἀφιστῶν
3045 4072 3153 4144 (88)
3185 4072 3292 4125 τῶν
3338 4073 3446 4125 σῶν
3490 4075 3724 4142 κτισμά-

2132 4181 2241 4218 των
2292 4166 2391 4236 τὴν
2435 4165 2743 4236 σωτηρίανσ
2785 4167 2940 4234 φύσει
2999 4164 3106 4236 γὰρ
3165 4164 3367 4233 ἀγαθὸς
3415 4165 3718 4237 ὑπάρχεις·

2134 4256 2289 4329 φείδῃ
2344 4257 2401 4309 δὲ
2451 4257 2907 4328 ἁμαρτανόντων,
2986 4259 3067 4319 εἰς
3129 4258 3417 4328 μετάνοιαν
3476 4275 3720 4330 προσκα-

2132 4348 2392 4420 λούμενος
2413 4334 2435 4379 ’ν
2476 4350 2774 4420 οἰκτιρμῶν
2822 4350 2930 4421 γάρ
2997 4365 3090 4401 σου
3146 4350 3178 4420 ἡ
3226 4350 3566 4420 νουθέτησις.
3601 4350 3721 4411 Πῶς

2135 4444 2245 4516 γὰρ
2276 4443 2340 4497 ἂν
2370 4443 2683 4514 ὑπέστημεν
2713 4442 2756 4510 ⁸,
2787 4443 3143 4515 ἐπειγομένην
3174 4441 3569 4515 ἀπαιτούμενοι
3601 4441 3716 4512 κρί-

2138 4538 2242 4601 σιν,
2275 4536 2435 4589 ὁπότε
2490 4535 3014 4608 μακροθυμούμενοι,
3066 4536 3216 4607 μόλις
3254 4536 3591 4606 ἀνανεύομεν
3625 4536 3719 4603 τῆς

2135 4627 2446 4694 ἀσθενείας;
2480 4628 2581 4681 Σοῦ
2613 4628 2673 4681 τὸ
2698 4628 2897 4700 κράτος
2923 4628 3244 4701 ἀνήγγειλάν
3272 4630 3323 4680 οἱ
3351 4628 3595 4697 οὑρανοὶ,
3628 4626 3716 4679 καὶ

2137 4721 2210 4791 γῆ
2243 4720 2639 4792 κραδαινομένη
2693 4721 2792 4792 τὴν
2818 4719 3208 4791 ἀσφάλειαν,ὲπ
3227 4720 3241 4739 ⁹
3269 4720 3487 4782 οὐδενος
3510 4736 3713 4791 κρεμαο

527 4875 551 4908 δ
591 4876 728 4933 Gen.
789 4893 828 4943 1,
869 4879 961 4935 ‘26.
1038 4881 1060 4912 ⁸
1092 4880 1257 4937 Hebr.
1307 4899 1381 4937 vr.
1456 4884 1478 4914 ‘
1517 4881 1711 4937 ITim.
1774 4900 1814 4948 ι,
1857 4885 1910 4940 1.
1991 4885 2011 4915 ⁷
2051 4880 2061 4938 l

2165 4885 2197 4939 Ι.
2243 4898 2425 4948 CXLVI,
2470 4886 2522 4940 5.
2624 4885 2647 4917 ⁸
2698 4887 2770 4942 al.
2818 4885 3159 4956 ὑποστῶμεν.

1759 5041 2121 5099 VARIORUM
2155 5040 2385 5098 NOT/E.

527 5220 642 5292 (84)
681 5219 930 5292 Ιςρσμοῃ
953 5217 1203 5292 κόσμον-ζ
1237 5215 1426 5292 Elogio
1451 5218 1640 5292 eodem
1682 5220 1843 5292 homo
1862 5221 2025 5276 deco-

426 5310 429 5311 '
455 5287 671 5344 rat'ur'a
697 5287 969 5343 Methodio
996 5289 1137 5359 apud
1163 5287 1549 5359 Epiphanium,
1574 5289 1765 5346 haeresi
1787 5291 1877 5355 64,
1903 5292 2025 5347 Ori-

458 5362 727 5444 geniana,
745 5375 867 5445 cap.
898 5359 1170 5445 d8,“eltuab
1190 5360 1401 5443 incerto
1429 5368 1654 5445 auctore
1674 5360 2024 5445 (lenimenta.-

460 5428 664 5485 riorum
716 5432 770 5485 in
820 5428 950 5484 Job.
992 5428 1205 5485 Philoni
1248 5439 1428 5484 autem
1469 5431 1536 5486 de
1563 5432 1870 5485 Abrahamo
1891 5435 2031 5487 scri-

463 5498 630 5577 benti3
664 5497 834 5577 homo
851 5506 933 5577 est
958 5494 1162 5567 κόσμος
1191 5497 1251 5550 ὲν
1285 5498 1497 5568 κόσμῳ.
1548 5497 1679 5555 Vide
1706 5498 1911 5567 Nilum,
1935 5503 2032 5559 lib.

462 5583 522 5628 ιι,
546 5567 705 5633 epist.
735 5566 856 5621 119.
888 5567 1026 5622 Cor.

466 5635 1011 5718 ὲ’.(εἰᾷλιεῑινοιχιςιιιιτο,
1042 5637 1305 5718 πρώτως.
1333 5637 1457 5718 Haec
1487 5640 2031 5718 omittunturiucod.

464 5702 896 5763 ViiidoboneriSi.
945 5707 1025 5764 Ac
1058 5702 1192 5767 sane
1222 5708 1463 5782 τέσσαρα
1490 5709 1717 5785 σώματα
1739 5723 1866 5769 sunt
1890 5716 2032 5770 idem

2165 5732 2202 5769 I.

2131 5237 2196 5300 ac
2230 5226 2467 5300 στοιχεῖα
2494 5226 2705 5300 πρῶτα,
2736 5234 2795 5281 ut
2831 5226 2947 5282 hare
2982 5228 3285 5298 posteriora
3318 5229 3588 5300 glossema
3616 5228 3701 5284 ha-

2130 5293 2245 5348 beri
2277 5293 2497 5364 queant.
2533 5293 2629 5352 CL.

2203 5364 2317 5437 (86)
2363 5366 2512 5431 Ταῖς.
2556 5367 2722 5421 Addit
2777 5366 2917 5422 idem
2969 5369 3141 5425 codex
3179 5369 3369 5434 αὑτοῦ,
3400 5387 3506 5426 nec
3550 5372 3699 5424 male.

2128 5435 2265 5490 Cor.

2203 5506 2316 5577 (ΒΤ)
2354 5506 2746 5584 Κηδεμονίαν.
2790 5508 3029 5564 Vindob.
3078 5511 3202 5565 cod.
3232 5512 3568 5584 οἰκονομίαν,
3605 5512 3702 5566 mi.

2126 5590 2235 5630 nus
2265 5586 2431 5632 recte.
2483 5581 2556 5632 lu.

2199 5649 2312 5720 (88)
2365 5647 2678 5718 Ἀφιστῶν.
2710 5649 2845 5706 Cod.
2884 5649 3047 5706 Vind.
3089 5649 3267 5721 ἀφείς,
3294 5652 3489 5708 eodem
3522 5667 3695 5710 sensu.
