3812 6358
121 290 258 348 1099

1005 286 1609 350 CONSTITUTIONES
1640 286 2114 348 APOSTOLICE.
2150 319 2221 329 —
2251 286 2379 342 LIB.
2418 286 2525 347 Vl].

3248 286 3385 344 1030

118 404 255 475 μένη
304 401 440 474 (89).
495 402 751 459 Θάλασσα
788 409 1182 481 κυμαινομένη,
1230 410 1323 463 καὶ
1373 408 1573 481 μυρίαν
1618 407 1707 478 βό-
1736 415 1783 471 Α
1815 409 1855 464 ﬁl

1825 409 2023 464 ﬁrmata
2066 422 2130 462 ac
2173 420 2441 478 suspensa
2479 418 2644 475 super
2672 401 2925 458 nihilum.
2956 398 3106 457 Marc
3129 403 3390 460 ﬂuctibus

114 510 326 549 σκουσα
370 494 526 561 ζώων
571 497 795 569 ἀγέλην,
845 500 1149 572 πεπέδηται
1207 502 1397 573 ἄμμῳ,
1447 501 1546 572 τὴν
1602 502 1704 572 σὴν

116 586 373 658 βούλησιν
416 593 713 659 πεφρικυῖα
742 606 755 621 ⁸
802 593 897 645 καὶ
937 593 1145 656 πάντας
1192 593 1490 663 ἀναγκάζει
1534 593 1701 665 βοᾷν·

121 699 140 733 ι
162 681 265 744 Ὠς
298 682 641 754 ἑμεγαλύνθη
662 683 730 736 τά
763 682 900 756 ἔργα
927 684 1247 758 σου,Κύριε’
1264 686 1440 738 πάντα
1458 686 1515 739 ἐν
1543 686 1705 757 σοφίᾳ

116 771 381 843 ἐποίησας
407 790 422 804 ·
458 773 751 847 ἐπληρώθη
789 777 821 847 ἡ
873 777 944 848 γῆ
983 778 1084 850 τῆς
1126 777 1357 841 κτίσεώς
1386 795 1500 831 σου.
1540 797 1558 829 ι
1594 778 1705 831 Καὶ

118 865 350 937 στρατὸς
380 865 626 935 ἀγγέλων
658 867 1006 939 φλεγόμενος,
1054 868 1149 923 καὶ
1193 868 1477 941 πνεύματα
1521 868 1701 941 νοερὰ,

114 956 368 1025 λέγουσιν
393 976 406 990 ο
441 978 459 1010 ι
513 954 610 1023 Εἷς
651 960 803 1030 ἆγιος
834 960 911 1032 τῷ
948 960 1205 1032 Φελμονεί
1238 961 1348 1032 (90)
1372 978 1385 991 ⁸
1432 980 1450 1011 ι
1486 961 1581 1014 καὶ
1614 978 1704 1013 σε-

118 1052 297 1123 ραφὶμ
331 1051 484 1121 ἅγια,
531 1050 651 1124 ἀμα
684 1056 797 1117 τοῖς
826 1053 1111 1126 χερουεὶμ,
1150 1056 1264 1118 τοῖς
1293 1053 1701 1125 ὲξαπτερύγοις,

116 1144 199 1196 σοὶ
242 1144 345 1210 τὴν
386 1144 649 1197 ἐπινίκιον
685 1144 829 1216 ᾠδὴν
855 1145 1146 1215 ψάλλοντα,
1180 1146 1462 1216 ἀσιγήτοις
1503 1148 1705 1213 φωναῖς

115 1234 313 1305 βοῶσιν
352 1233 486 1307 (91)·
519 1256 537 1288 t
577 1237 782 1307 Ἄγιος,
817 1237 989 1308 ἅγιος,
1031 1237 1183 1306 ἇγιος
1224 1236 1425 1308 Κύριος
1453 1234 1701 1289 Σαϐαὼθ*

114 1327 333 1398 πλήρης
362 1330 391 1381 6
434 1328 660 1401 οὐρανὸς
695 1329 788 1383 καὶ
818 1330 852 1401 ἡ
885 1330 953 1401 γῆ
1000 1331 1099 1401 τῆς
1126 1329 1282 1400 δόξης
1305 1346 1419 1382 σου·
1464 1346 1481 1380 ι
1518 1329 1609 1381 καὶ
1636 1327 1705 1381 τὰ

112 1419 279 1491 ἔτερα
324 1420 431 1474 τῶν
478 1421 775 1492 ταγμάτων
824 1421 1024 1494 πλήθη,
1073 1421 1312 1491 ἄγγελοι,
1355 1420 1701 1493 ἀρχάγγελοι,

115 1512 319 1583 θρόνοι,
356 1512 697 1584 κυριότητες,
739 1514 925 1584 ἀρχαὶ,
959 1513 1219 1581 ἐξουσίαι,
1271 1515 1547 1586 δυνάμεις,
1588 1516 1706 1568 ὲπι-

115 1602 331 1657 ϐοῶντα
369 1603 617 1674 λέγουσιν
641 1622 654 1635 ο
698 1624 716 1657 ι
766 1606 1120 1677 Εὐλογημένη
1158 1607 1191 1677 ὴ
1239 1606 1367 1671 δόξα
1401 1607 1607 1679 Κυρίου
1641 1606 1706 1661 ὲκ

112 1695 208 1748 τοῦ
236 1696 409 1749 τόπου
439 1695 626 1750 αὐτοῦ.
667 1717 685 1749 ι
725 1698 940 1770 Ἰσραὴλ
976 1698 1053 1765 δὲ,
1083 1699 1117 1769 ἡ
1153 1698 1389 1768 ὲπίγειός
1434 1715 1527 1751 σου
1580 1696 1705 1751 Ἐκ-

1806 500 2088 571 agitatum,
2123 514 2187 553 ac
2217 496 2643 552 innumerabiles
2674 495 2920 549 nutriens
2953 494 3270 548 animalium
3296 511 3389 550 co-

1806 591 1947 660 pias.
1985 606 2152 644 arena
2205 588 2623 659 constringitur,
2660 595 2810 642 tuam
2862 588 3200 643 voluntatem
3245 591 3390 644 veriv

1806 689 1954 748 tum;
1990 697 2290 752 omnesque
2318 682 2465 751 cogit
2491 680 2780 735 vociferari
2816 699 2829 736 :
2869 699 2887 732 ι
2934 681 3108 748 Quam
3140 682 3387 752 magniﬁ-

1805 784 1926 831 cata
1968 784 2097 831 sunt
2130 791 2295 845 opera
2334 782 2449 837 tua,
2482 772 2743 829 Domine!
2790 772 2973 827 omnia
3016 774 3071 828 in
3120 774 3389 844 sapientia

1805 868 2017 934 fecisti;
2049 868 2269 938 impleta
2296 877 2379 923 est
2408 875 2553 922 terra
2584 876 2837 922 creatura
2884 876 2978 920 tua
3003 867 3045 921 '.
3082 885 3101 920 ι
3137 864 3205 919 Ει
3233 883 3392 922 exer-

1806 960 1951 1017 citus
1992 961 2313 1030 angelorum
2369 959 2592 1023 ardens,
2648 975 2712 1014 ac
2760 960 3126 1027 intelligentes
3165 960 3390 1029 spiritus

1805 1052 2033 1107 dicunt:
2075 1071 2093 1103 ι
2132 1051 2285 1107 Unus
2315 1064 2563 1117 sanctus,
2604 1050 2887 1108 Pbelmoni
2918 1052 2960 1083 ¹⁰
3003 1072 3015 1106 :
3059 1072 3076 1104 ι
3122 1060 3176 1107 et
3214 1064 3385 1106 sanctt

1806 1144 2108 1214 seraphini,
2153 1159 2259 1197 una
2304 1160 2429 1197 cum
2466 1144 2806 1209 cherubinis,
2847 1160 2942 1199 sex
2990 1144 3104 1199 alas
3134 1143 3393 1198 habenti-

1807 1238 1952 1304 bus,
2004 1239 2103 1294 tibi
2155 1238 2402 1293 victoria:
2454 1238 2732 1293 canticum
2781 1238 3098 1309 psallentes,
3163 1237 3391 1291 vocibus

1808 1347 2087 1402 nunquam
2120 1331 2466 1387 cessantibus
2496 1333 2734 1386 clamant
2761 1352 2773 1386 :
2809 1351 2825 1383 ι
2858 1329 3117 1395 Sanctus,
3140 1338 3387 1394 sanctus,

1808 1433 2059 1491 sanctus,
2084 1424 2349 1480 Dominus
2373 1423 2613 1478 Sabaoth
2640 1443 2653 1491 ;
2684 1424 2829 1494 pleni
2853 1432 2981 1479 sunt
3009 1424 3131 1478 cin'i
3162 1432 3216 1477 et
3244 1432 3389 1478 terra

1807 1516 1979 1591 gloria
2012 1517 2212 1584 tua'”;
2260 1536 2279 1568 ι
2319 1524 2370 1571 et
2400 1516 2520 1569 aliae
2561 1516 2815 1569 ordinum
2848 1514 3249 1578 multitudines,
3293 1530 3392 1568 au-

1808 1610 1934 1680 geli,
1961 1609 2295 1681 archangeli,
2329 1607 2535 1671 throni,
2562 1608 2987 1670 dominationes,
3022 1607 3389 1677 principatus,

1809 1708 2130 1770 potestates.
2179 1701 2431 1765 virtutes,
2464 1698 2835 1753 exclamantes
2865 1698 3055 1753 dicunt
3089 1717 3101 1751 :
3140 1716 3158 1748 ι
3218 1697 3391 1753 Bene-

115 1787 338 1859 κλησία,
384 1789 419 1859 ἡ
455 1788 513 1855 ἐξ
565 1788 754 1856 ὲθνῶν,
811 1792 932 1854 ταῖς
970 1792 1098 1844 κατ’
1136 1790 1365 1862 οὐρανὸν
1411 1790 1705 1861 δυνάμεσιν
1738 1772 1779 1827 Β
1806 1794 1855 1847 di

1825 1794 1953 1847 licta
1995 1792 2167 1864 gloria
2220 1790 2433 1845 Domini
2465 1790 2533 1845 de
2583 1791 2702 1845 loco
2751 1805 2853 1845 suo
2888 1790 2952 1844 ".
2992 1809 3010 1841 ι
3044 1788 3208 1845 Israel
3236 1806 3389 1856 vero,

113 1882 491 1955 ἁμιλλωμένη,
517 1882 672 1935 νυκτὶ
702 1882 795 1936 καὶ
823 1883 1028 1954 ἡμέρᾳ,
1069 1882 1126 1936 ὲν
1158 1881 1354 1954 καρδία
1382 1881 1576 1954 πλήρει
1610 1882 1707 1934 καὶ

111 1976 261 2048 ψυχῇ
298 1975 548 2047 θελούσῃ,
578 1974 770 2045 ψάλλει
789 1975 913 2028 ἰΐδ
935 1976 1088 2047 ἅρμα
1112 1974 1205 2028 τοῦ
1240 1973 1374 2027 Θεοῦ
1407 1973 1706 2047 μυριοπλά-

113 2085 251 2134 σιον,
276 2066 514 2138 χιλιάδες
540 2066 927 2140 εὐθηνούντων,
961 2067 1163 2140 Κύριος
1192 2069 1250 2121 ὲν
1280 2068 1481 2134 αὐτοῖς,
1522 2069 1579 2120 ὲν
1617 2068 1707 2121 Σιο

111 2159 270 2227 ναῗν,
303 2162 362 2213 ὲν
392 2160 470 2232 τῷ
501 2160 657 2232 ἁγίῳ.
703 2180 721 2211 ι
757 2156 910 2215 Οἶδεν
952 2159 1178 2230 οὐρανὸς
1220 2159 1311 2213 τὸν
1350 2161 1442 2215 ἐπὶ
1481 2160 1706 2232 μηδενὸς

112 2252 279 2306 αὐτὸν
332 2251 761 2323 καμαρώσαντα,
804 2253 883 2317 ὡς
928 2251 1210 2305 λιθόκυϐον
1234 2270 1249 2283 υ
1307 2254 1402 2307 κα)⁸
1445 2253 1548 2325 γῆν
1610 2255 1707 2308 καὶ

111 2344 261 2417 ὔδωρ
297 2345 513 2409 ἑαυτοῖς
555 2344 834 2398 ὲνὼσαντα
856 2361 870 2376 ο
904 2346 998 2399 καὶ
1036 2345 1175 2417 ἀέρα
1211 2345 1522 2417 διαχέαντα,
1569 2346 1709 2412 ζωο-

110 2438 335 2509 τράφον,
381 2439 476 2491 καὶ
515 2437 689 2510 τούτῳ
734 2438 845 2510 πῦρ
887 2436 1305 2509 συμπλέξαντα,
1355 2440 1434 2502 εἰς
1481 2437 1703 2508 θάλποῖν

109 2530 206 2583 καὶ
238 2530 465 2594 σκότους
496 2530 867 2602 παραμυθίαν.
902 2530 1225 2601 Ἐκπλήσσει
1251 2530 1408 2602 χορὸς
1436 2530 1703 2602 ἀστέρων,

109 2622 203 2676 τὸν
259 2618 657 2696 ἀριθμήσανταν
704 2623 1003 2695 σημαίνων,
1061 2625 1154 2678 καὶ
1211 2624 1303 2677 τὸν
1361 2624 1706 2695 ὀνομάσαντα

110 2714 378 2769 δεικνύων
401 2732 415 2746 ·
461 2715 573 2780 ζῶα
618 2716 710 2768 τὸν
745 2715 1075 2787 ψυχὼσαντα
1100 2733 1114 2746 '
1168 2717 1359 2789 δένδρα
1404 2717 1497 2771 τὸν
1536 2717 1706 2791 ἐκφύ-

114 2825 308 2863 σαντα.
352 2809 529 2880 ’Δπερ
560 2808 794 2875 ἅπαντα,
827 2809 905 2881 τῷ
936 2809 1013 2881 σῷ
1061 2808 1203 2881 λόγῳ
1244 2810 1529 2882 γενόμενα,
1565 2831 1708 2886 παρ-

116 2901 242 2973 ιστᾷ
280 2900 384 2971 τῆς
433 2901 531 2972 σῆς
566 2900 847 2973 δυνάμεως
879 2902 941 2955 τὸ
981 2903 1217 2974 κράτος’
1253 2903 1333 2957 διὸ
1372 2904 1464 2958 καὶ
1502 2906 1707 2975 ὀφείλει

112 2995 224 3057 πᾶς
288 2992 574 3065 ἄνθρωπος
601 3034 617 3061 ,
679 2992 737 3060 ἐξ
791 2993 968 3047 αὐτῶν
1018 2994 1278 3066 στέρνων,
1318 2996 1402 3049 σο)⁵
1448 2996 1536 3050 διὰ
1568 2998 1706 3070 Χρι-

1807 1890 2023 1937 terrena
2062 1880 2309 1936 Ecclesia
2347 1888 2462 1947 tua,
2502 1896 2566 1935 ex
2600 1880 2855 1955 gentibus
2892 1890 3244 1951 congregata,
3276 1896 3394 1937 cer-

1805 1986 1930 2033 tans
1970 1993 2096 2032 cum
2144 1977 2466 2032 cmlestibus
2512 1976 2837 2039 virtutibus,
2871 1984 3031 2028 nocte
3071 1986 3134 2028 ac
3175 1973 3285 2038 die,
3335 1974 3391 2027 in

1805 2073 1973 2129 corde
2004 2074 2166 2143 pleno
2194 2080 2249 2128 et
2274 2071 2456 2126 anima
2476 2072 2714 2136 volente,
2741 2070 2893 2124 canit
2926 2088 2941 2126 :
2980 2087 2997 2120 ι
3040 2070 3254 2125 Currus
3295 2068 3392 2124 Dei

1805 2165 1993 2221 decem
2037 2166 2281 2220 millibus
2330 2162 2636 2233 multiplex,
2690 2161 2860 2215 millia
2902 2161 3238 2227 laatantium;
3287 2159 3393 2212 Do-

1804 2259 1991 2315 minus
2020 2258 2075 2312 in
2105 2256 2205 2320 eis,
2230 2256 2289 2309 in
2322 2252 2498 2317 Sinai,
2531 2252 2587 2306 in
2614 2259 2807 2307 sancto
2842 2252 2910 2307 ¹³.
2951 2271 2969 2303 ι
3000 2249 3161 2305 Novit
3189 2251 3389 2305 cadum

1805 2367 1952 2415 eum,
1980 2350 2072 2420 qui
2107 2363 2271 2419 super
2305 2346 2539 2401 nihilum
2580 2343 2879 2399 cameravit
2923 2342 3080 2407 illud,
3130 2349 3389 2412 tanquam

1807 2443 2082 2513 lapideum
2125 2440 2358 2503 cubum;
2406 2436 2500 2509 qui
2547 2445 2751 2490 terram
2792 2442 2846 2489 et
2888 2450 3088 2500 aquam
3130 2433 3275 2488 inter
3333 2448 3394 2486 se

1806 2534 2099 2596 adunavit;
2127 2532 2221 2604 qui
2266 2545 2472 2592 aerem,
2507 2529 2826 2583 animalium
2873 2526 3189 2589 nutritium,
3233 2525 3391 2579 diﬁ'u-

1805 2626 1906 2690 dit,
1938 2625 2099 2694 eique
2126 2623 2307 2692 ignem
2334 2620 2654 2682 connexuit,
2697 2618 2762 2671 ad
2797 2618 3059 2679 calorem,
3102 2623 3156 2671 et
3197 2616 3263 2671 ad
3310 2632 3396 2670 so—

1806 2719 1999 2774 latium
2022 2717 2089 2771 de
2132 2715 2376 2771 tenebris
2417 2714 2481 2769 ¹¹⁵.
2532 2710 2914 2781 Obstupefacit
2958 2710 3161 2763 chorus
3207 2709 3393 2763 stella-

1805 2827 1951 2876 rum,
1982 2808 2079 2881 qui
2122 2813 2497 2862 numerantem
2537 2818 2631 2858 eas
2668 2801 2959 2872 signiﬁcat,
3008 2809 3062 2855 et
3112 2800 3398 2855 nominau-

1806 2912 1916 2960 tem
1945 2900 2227 2966 ostendit;
2259 2906 2319 2952 ut
2349 2895 2610 2950 animalia
2638 2895 3019 2949 demonstrant
3061 2908 3185 2949 eum
3221 2907 3249 2945 ιι
3282 2907 3394 2962 quo

1806 2997 2046 3051 animata
2078 2998 2228 3054 sunt,
2258 2999 2312 3046 et
2356 2989 2605 3043 arbores.
2637 3002 2762 3042 eum
2797 2985 2891 3057 qui
2942 2986 3064 3039 illas
3111 2982 3392 3055 produxit.

115 3084 244 3138 στοῦ
302 3084 414 3138 τῶν
476 3086 521 3117 ¹⁸
599 3085 741 3157 ὑπὲρ
800 3085 1017 3140 πάντων
1086 3086 1255 3158 ὐμνον
1312 3087 1701 3159 ἀναπέμπειν,
1733 3118 1775 3175 C
1807 3087 1854 3154 ρ

1825 3087 1939 3154 lusa
1960 3085 2165 3148 omnia,
2193 3082 2362 3138 verbo
2392 3088 2487 3134 tuo
2530 3077 2697 3142 facta,
2733 3076 3020 3147 potestatis
3046 3084 3155 3131 tua:
3180 3075 3288 3129 vim
3315 3090 3395 3129 re-

113 3176 203 3231 διά
235 3176 299 3229 σὲ
329 3177 439 3230 τῶν
471 3177 724 3231 ἀπάντων
756 3178 992 3250 κρατῶν.
1026 3179 1098 3232 Σὺ
1125 3178 1234 3251 γὰρ
1254 3172 1303 3231 εἴ
1333 3181 1362 3233 6
1390 3180 1625 3252 χρηστὸς
1648 3182 1706 3234 έν

115 3270 483 3342 εὐεργεσίαις,
533 3271 629 3324 καὶ
676 3270 968 3343 φιλόδωρος
1006 3272 1065 3324 ὲν
1098 3274 1437 3344 οίκτιρμοίς·
1481 3275 1510 3327 6
1552 3273 1710 3345 μόνος

116 3361 523 3433 παντοκράτωρ
547 3350 683 3416 (ὅτε
714 3363 824 3435 γὰρ
853 3362 1049 3430 θέλεις,
1091 3364 1324 3436 πάρεστί
1351 3381 1434 3417 σοι
1466 3365 1527 3419 τὸ
1554 3366 1710 3419 δύνα-

119 3454 244 3508 σθαι
269 3472 285 3486 ο
314 3454 377 3507 τὸ
418 3453 527 3526 γάρ
572 3454 665 3508 σὺν
710 3454 926 3510 αἰώνιον
976 3456 1179 3527 κράτος
1208 3458 1303 3510 καὶ
1334 3457 1507 3527 φλόγα
1537 3476 1708 3513 κατα-

114 3547 280 3619 ψύχει
303 3587 324 3615 ,
355 3548 450 3601 καὶ
493 3547 715 3612 λέοντας
753 3552 928 3621 φιμοί,
962 3550 1059 3603 καὶ
1120 3552 1260 3624 κήτη
1312 3553 1708 3625 καταπραύνει,

117 3642 213 3695 καὶ
235 3640 533 3705 νοσοῦντας
575 3642 799 3715 ἐγείρει,
834 3645 929 3697 καὶ
954 3643 1211 3715 δυνάμεις
1238 3646 1590 3719 μετατρέπει·
1620 3647 1713 3700 καὶ

120 3733 355 3805 στρατὸν
386 3732 615 3805 ἐχθρῶν,
646 3736 741 3788 καὶ
777 3736 904 3789 λαὸν
922 3735 1341 3808 ἀριθμούμενον.
1366 3739 1422 3790 ὲν
1444 3738 1520 3809 τῷ
1544 3738 1641 3791 ὁπε
1653 3756 1715 3809 ρ-

118 3826 511 3898 ηφανεύεσθαι,
561 3827 1023 3900 καταστρώννυσι.
1062 3830 1135 3882 Σὺ
1172 3824 1223 3881 εί
1261 3832 1291 3883 6
1324 3831 1381 3883 ὲν
1412 3830 1654 3901 οὐρανῷ,
1688 3832 1716 3886 6

120 3920 216 3973 ἐπὶ
257 3921 385 3991 γῆς,
426 3922 455 3973 ό
506 3921 565 3972 ὲν
612 3920 879 3992 θαλάσσῃ,
912 3922 941 3976 6
985 3922 1043 3975 ὲν
1097 3921 1526 3994 περατουμένοις
1577 3922 1712 3993 (92),

118 4012 229 4067 ὑπὸ
251 4011 480 4084 μηδενὸς
501 4012 736 4084 περατού
744 4029 903 4084 μενος
921 4030 937 4045 ’
966 4014 1067 4085 τῆς
1084 4012 1194 4085 γάρ
1216 4012 1603 4085 μεγαλωσύνης
1623 4030 1717 4065 σου

116 4106 224 4159 οὐκ
256 4105 375 4157 ἔστι
406 4106 600 4177 πέρας.
649 4106 740 4177 Μὴ
773 4105 883 4177 γάρ
912 4106 1179 4178 ἡμέτερόν
1212 4109 1331 4159 ὲστι
1358 4106 1517 4159 τοῦτο
1556 4148 1571 4172 ,
1622 4107 1719 4160 Δέ-

122 4216 322 4253 σποτα·
336 4198 431 4251 τοῦ
444 4198 770 4269 θεράποντός
782 4197 876 4252 σού
888 4199 1003 4252 ἐστι
1016 4198 1213 4267 λόγιον,
1227 4198 1545 4268 φάσκοντος·
1568 4218 1587 4250 ι
1608 4199 1720 4252 Καὶ

119 4292 315 4363 γνώσῃ
342 4294 410 4363 τῇ
446 4291 644 4363 καρδίᾳ
678 4309 793 4355 σου,
828 4292 911 4345 ὅτι
953 4291 1065 4362 (93)
1093 4294 1122 4346 6
1149 4291 1355 4365 Κύριος
1377 4294 1406 4346 6
1433 4291 1565 4355 Θεός
1598 4308 1715 4358 σου,

122 4385 261 4447 Θεὸς
311 4384 371 4437 ὲν
417 4382 630 4454 οὐρανῷ
682 4384 817 4451 ἄνω,
872 4384 967 4439 καὶ
1002 4386 1098 4438 ἐπὶ
1140 4385 1239 4455 τῆς
1282 4386 1384 4457 γῆς
1413 4383 1586 4450 κάτω,
1626 4384 1720 4436 καὶ

1811 3183 2166 3249 ρταξεεηιιιηι.
2198 3173 2377 3244 Atque
2420 3170 2541 3224 ideo
2569 3169 2729 3223 debet
2758 3167 2941 3223 omnis
2976 3167 3161 3229 homo,
3207 3174 3397 3235 utpote

1813 3288 1909 3344 per
1934 3279 1987 3326 te
2017 3268 2275 3323 dominus
2306 3265 2697 3319 universorum
2721 3300 2735 3323 ,
2788 3276 2853 3314 ex
2889 3267 3111 3330 pectore
3142 3257 3241 3312 tibi
3278 3258 3398 3310 lau-

1811 3361 1933 3416 dem
1969 3374 2066 3431 pro
2096 3356 2314 3413 cunctis
2341 3354 2557 3409 mittere
2587 3367 2684 3423 per
2707 3350 3010 3408 Christum.
3038 3348 3121 3403 Tu
3151 3348 3299 3404 enim
3334 3363 3399 3405 es

1813 3452 1994 3508 facilis
2021 3452 2076 3506 in
2111 3447 2493 3505 beneﬁcentiis
2536 3453 2590 3500 et
2616 3444 2912 3499 muniﬁcus
2942 3442 2997 3497 in
3037 3440 3397 3496 commisera-

1813 3547 2091 3610 tiouibus;
2126 3543 2218 3614 qui
2255 3542 2407 3596 solus
2430 3554 2491 3593 es
2525 3537 2874 3607 omnipotens
2912 3551 3075 3590 :cum
3107 3534 3254 3589 enim
3288 3535 3393 3595 vis,

1814 3640 1970 3695 adest
1997 3637 2092 3691 tibi
2122 3642 2398 3706 potestas;
2421 3647 2546 3685 natu
2569 3638 2832 3684 aaternum
2858 3636 3009 3681 tuum
3042 3627 3211 3681 robur
3231 3626 3394 3680 etiam

1816 3733 2088 3787 ﬂammam
2123 3728 2431 3797 refrigerat,
2470 3730 2525 3778 et
2557 3722 2807 3776 leonibus
2858 3734 2921 3775 os
2960 3718 3288 3789 constringit
3326 3719 3394 3781 ",

1815 3830 1869 3878 et
1897 3831 2049 3875 cetos
2077 3817 2349 3874 demulcet
2384 3816 2449 3879 ",
2490 3822 2545 3869 et
2576 3820 2904 3883 aegrotantes
2934 3810 3119 3880 erigit,
3142 3821 3195 3864 et
3222 3810 3399 3863 facul-

1816 3923 1959 3969 tates
1990 3926 2173 3967 rerum
2205 3908 2512 3973 convertit;
2541 3913 2595 3961 et
2614 3906 2851 3959 hostium
2868 3905 3076 3974 copias,
3103 3903 3396 3973 populum-

1817 4023 1925 4079 que
1956 4010 2329 4064 numeratum,
2376 4000 2506 4054 dum
2546 3997 2805 4066 superbia
2844 3997 3112 4060 exoritur,
3145 4004 3397 4065 proster-

1819 4101 1899 4155 nit
1930 4098 1993 4154 “.
2020 4096 2101 4150 Tu
2131 4111 2192 4150 es
2219 4095 2312 4165 qui
2342 4095 2396 4147 in
2427 4091 2568 4146 ccelo
2599 4089 2845 4148 exsistis.
2879 4087 2972 4158 qui
3005 4089 3060 4141 in
3091 4095 3260 4149 terra,
3302 4087 3398 4156 qui

1819 4194 1877 4249 in
1908 4191 2083 4253 mari,
2122 4190 2214 4260 qui
2267 4188 2323 4241 in
2375 4184 2708 4247 terminatis,
2750 4197 2780 4235 a
2830 4182 2981 4235 nullo
3022 4181 3395 4236 terminatus:

1819 4282 2219 4356 magnitudinis
2248 4278 2395 4336 enim
2425 4285 2532 4331 tua:
2562 4290 2673 4329 non
2705 4282 2790 4329 est
2820 4274 3089 4329 terminus
3120 4274 3183 4328 ".
3212 4272 3400 4343 Neque

1821 4392 1953 4432 vero
1981 4382 2230 4430 nostrqu
2257 4381 2341 4428 est
2380 4370 2536 4433 illud,
2564 4366 2827 4433 Domine;
2872 4367 3061 4419 famuli
3094 4366 3172 4420 tui
3203 4382 3403 4421 oracu-

122 4478 225 4531 οὐκ
242 4477 394 4530 ἔστιν
424 4474 505 4527 ἑτι
524 4474 663 4547 πλὴν
693 4477 879 4559 αὐτοῦς
932 4496 951 4529 ι
988 4477 1122 4531 Οὐδὲ
1150 4478 1259 4550 γάρ
1278 4480 1393 4531 ὲστι
1416 4476 1549 4540 Θεὸς
1576 4476 1717 4549 πλὴν
1749 4474 1793 4531 D
1822 4471 1855 4525 ll

1825 4471 1935 4525 lum
1965 4477 2074 4533 est,
2108 4467 2344 4521 dicentis
2371 4483 2383 4518 ε
2429 4481 2448 4513 ι
2486 4461 2550 4515 Et
2583 4475 2885 4531 cognosces
2907 4459 3074 4514 corde
3102 4467 3228 4524 tuo,
3252 4462 3400 4530 quod

127 4569 220 4623 σοῦ
272 4566 437 4638 μόνου
464 4584 477 4597 ·
514 4568 668 4635 ἆγιος
695 4569 794 4622 οὐκ
823 4568 938 4623 ἔστι
971 4568 1109 4642 πλὴν
1161 4570 1254 4624 σοῦ
1280 4613 1295 4638 ,
1346 4571 1547 4642 Κύριος
1583 4571 1718 4634 Θεὸς

1823 4563 2089 4618 Dominus
2120 4558 2264 4614 Deus
2307 4540 2469 4617 tuus,
2516 4554 2658 4609 Deus
2691 4554 2746 4606 in
2777 4554 2918 4606 cmlo
2950 4566 3195 4614 sursum,
3242 4559 3295 4605 et
3345 4554 3399 4605 in

272 4703 422 4759 Psal.
449 4718 569 4767 cm,
598 4706 689 4761 24.
769 4708 813 4741 “
847 4707 982 4764 Dan.
1010 4726 1133 4773 vm,
1167 4711 1254 4765 13.
1336 4710 1375 4741 ¹¹
1409 4708 1516 4766 lsa.
1543 4724 1622 4771 vr.
1648 4710 1702 4765 5.
1781 4706 1855 4759 “l

1841 4705 2041 4760 Ezech.
2072 4718 2155 4759 ιιι.
2196 4701 2281 4756 η.
2362 4697 2586 4773 995³1.
2620 4710 2787 4759 vau,
2816 4692 2909 4773 18;
2959 4690 3148 4773 _“lsa.
3180 4691 3399 4773 χιι-ἓῇξ

116 4736 194 4829 ἵν
390 4736 520 4837 31$}?
533 4736 670 4848 ’00έῖ
679 4736 809 4833 ξῖοιῖ
1541 4736 1855 4836 Sidam—SI

1843 4736 2041 4760 LLCLII.
2074 4736 2155 4759 ιιι.
2198 4736 2281 4756 ιβ.
2438 4736 2459 4751 ι
2484 4736 2586 4751 nun.
2620 4736 2787 4759 ιιι-πη,
2822 4736 2905 4747 ιν.
3044 4736 3148 4746 ..,,..
3180 4736 3266 4751 ..-,
3301 4736 3397 4758 __,

1825 4776 1909 4832 Sic
1950 4774 2074 4832 cod.
2132 4773 2294 4827 Vind.
2377 4771 2421 4801 ¹⁶
2467 4769 2602 4823 Dan.
2627 4780 2809 4832 tu,v1.
2869 4765 2909 4795 "
2948 4763 3073 4819 Jon.
3124 4778 3184 4817 ιι.
3260 4762 3302 4793 ¹⁸
3333 4760 3399 4815 ιν

129 4847 268 4921 Reg.
307 4861 423 4901 xu.
498 4848 540 4878 “
567 4845 712 4904 Psal.
740 4864 924 4915 cxuv,
972 4852 1025 4906 3.

1462 5000 1823 5059 VARIORUM
1858 5000 2087 5056 NOTAE.

202 5166 322 5231 (89)
364 5160 951 5236 Kpsyapérn._Habet
989 5162 1158 5236 codex
1216 5160 1381 5236 Vind.
1438 5163 1721 5236 κεκρέμαο

134 5254 254 5293 mm
286 5236 342 5289 in
376 5236 667 5303 praeterito,
698 5234 879 5289 minus
906 5235 1209 5303 commode.
1241 5233 1377 5288 Cor.

205 5306 321 5375 (90)
346 5302 471 5375 Eic
503 5304 669 5372 ἅγιος
700 5304 778 5370 τῷ
807 5305 1117 5375 Φελμονεί.
1157 5302 1331 5359 Petita
1351 5305 1482 5375 haec
1512 5321 1579 5360 ex
1609 5319 1724 5357 ver-

136 5374 597 5445 sione'Danielis,
645 5390 766 5445 cap.
798 5374 933 5433 vm.
971 5376 1061 5439 15,
1105 5375 1175 5430 ab
1215 5374 1457 5445 homine.
1489 5378 1581 5445 qui
1624 5390 1721 5428 ne-

136 5447 348 5501 sciebat
398 5442 946 5515 Hebraice;'alioqui
993 5446 1249 5501 vertisset
1289 5442 1366 5515 τῷ
1410 5442 1561 5510 δεῖνι,
1604 5460 1726 5514 quae

136 5526 263 5586 nota
281 5522 368 5586 est
394 5502 718 5586 signiﬁcatio
735 5502 884 5586 vocis
904 5513 1183 5586 Hebraica:
1200 5502 1395 5586 71113553
1414 5502 1720 5580 Phat'mém',

141 5580 227 5654 vel
252 5581 362 5633 τινί
397 5580 637 5654 πότεημι
663 5582 899 5637 habebat
937 5582 1323 5654 Symmachus,
1358 5585 1518 5639 alteri
1546 5591 1722 5643 nescio

142 5650 336 5723 cui,ut
373 5659 521 5723 recte
557 5650 936 5723 Hieronymus.
962 5650 1041 5709 Ιί).

213 5720 321 5791 (9i)
373 5720 697 5790 Ἀσιγήτοις
717 5720 941 5791 φωναῖς
971 5725 1228 5792 βοῶσιν,
1260 5735 1364 5782 etc.
1394 5724 1452 5781 S.
1483 5726 1722 5784 Joannes

141 5786 594 5862 Cb‘rysostom'us,
633 5786 1061 5851 Dc'inatitucuda
1084 5786 1369 5853 secundum
1390 5798 1558 5855 Deum
1589 5801 1719 5871 vita,

1816 5168 1953 5215 tom.
1976 5158 2043 5221 V.
2075 5173 2240 5215 serm.
2276 5158 2343 5213 10
2371 5178 2383 5213 :
2423 5156 2727 5227 Ἀσιγήτοις
2757 5156 2964 5227 βοῶντα
2992 5154 3274 5227 κραυγαῖς,
3292 5163 3402 5215 etc.

1827 5230 2150 5300 Hippolytus
2208 5227 2530 5300 Portuensis
2572 5226 2637 5300 in
2706 5226 3062 5300 Collectaueig
3105 5226 3403 5300 _Anasta_sii

1828 5296 2237 5356 Dildiothecarii
2268 5317 2323 5370 p.
2366 5299 2473 5353 209
2510 5317 2522 5351 :
2558 5298 2804 5370 άσιγήτῳ
2845 5299 2998 5370 φωνῇ
3033 5296 3265 5364 βοῶντα.
3326 5296 3402 5352 In.

1900 5372 2009 5443 (92)
2046 5367 2532 5443 Περατοὺμένοις.
2584 5367 2640 5422 In
2678 5367 2801 5423 cOd'.
2844 5368 3002 5443 _Viud.
3034 5375 3119 5422 est
3150 5382 3407 5438 περαιου-

1830 5439 2014 5514 μένοις
2039 5449 2093 5497 et
2136 5456 2259 5514 mox
2287 5439 2684 5514 περαιούμενος
2714 5457 2727 5491 :
2761 5439 2950 5493 eodem
2992 5447 3175 5514 tamen
3210 5452 3401 5500 sensu,

1828 5508 1921 5584 qui
1959 5520 2044 5569 est
2076 5532 2089 5567 :
2124 5511 2213 5581 qui
2235 5527 2289 5584 es
2314 5508 2373 5564 θη
2397 5508 2549 5565 rebus
2573 5526 2706 5584 qu_as
2740 5508 3144 5584 transgrederis,
3176 5518 3230 5584 et
3255 5524 3408 5584 quem

1828 5575 1962 5638 nihil
1991 5575 2400 5663 transgreditur,
2434 5575 2685 5663 quamvis
2727 5575 3060 5663 περαιούμαι
3090 5575 3234 5663 apud
3258 5575 3410 5633 Grie-

1829 5670 1929 5710 cos
1958 5648 2329 5709 accuratiores
2361 5648 2701 5706 transitivam
2735 5648 2845 5705 vim
2873 5648 3141 5705 obtineat.
3164 5648 3261 5705 CL.

1902 5726 2189 5796 (95)”0n.
2264 5720 2619 5796 Pracmittitur
2694 5721 2750 5777 in
2823 5722 2945 5777 cod.
3019 5719 3255 5777 Vindob.
3315 5715 3409 5773 καὶ

1831 5791 2107 5867 συνήσεις,
2130 5804 2180 5850 et
2211 5795 2361 5851 scies.
2395 5791 2469 5849 1».
