3812 6358
469 302 603 362 1031

1393 301 1457 362 8.
1490 298 1885 360 CLEMENTIS
1916 297 1937 355 Ι
1967 298 2135 357 ROM.
2170 297 2375 357 PONT.
2409 295 2641 356 OPERA
2672 292 2876 355 DUBIA

3583 302 3682 359 1052

465 432 616 480 terra
638 418 917 485 deorsum,
949 427 1005 477 et
1026 436 1135 476 non
1164 430 1249 479 est
1277 420 1512 491 amplius
1546 428 1744 491 praeter
1764 436 1888 477 eum
1910 420 1977 476 “.
2018 437 2038 472 ι

2158 417 2403 487 γνὼσεων
2431 458 2448 483 ,
2480 415 2615 479 Θεὸς
2652 414 2824 484 ἀγίων
2847 457 2863 480 ,
2894 414 3051 484 ἀγιος
3082 412 3220 486 ὑπὲρ
3261 411 3465 479 πάντας
3497 416 3681 485 hylas;-

468 513 656 585 Neque
674 513 819 569 enim
845 522 929 569 est
949 513 1116 579 Deus,
1148 521 1351 583 praeter
1374 522 1425 570 te
1449 514 1663 579 solum;
1690 520 1918 568 sanctus
1941 529 2049 569 non

468 612 553 662 es’t
583 615 780 677 praeter
813 612 899 671 te,
934 604 1198 662 Dominus
1229 605 1373 664 Deus
1411 607 1766 663 scientiarum
1797 609 1864 673 “,
1905 606 2052 663 Deus

469 706 825 763 sanctorum,
864 707 1093 755 sanctus
1160 716 1326 772 supra
1382 715 1575 757 omnes
1626 710 1891 758 sanctos:
1924 717 2050 756 nam

468 790 795 846 sanctiﬁcati
832 791 935 844 sub
962 789 1219 846 manibus
1254 790 1365 846 tuis
1395 798 1525 846 sunt
1554 791 1621 847 ".
1665 789 1953 846 Gloriosus
1998 796 2053 845 et

468 882 932 953 superexaltatus,
969 890 1166 937 natura
1192 880 1507 949 invisibilis,
1541 882 2051 954 impervestigabilis

466 976 521 1030 in
553 976 777 1045 judiciis
804 975 882 1042 '3;
914 976 1077 1045 cujus
1107 975 1217 1030 vita
1239 991 1347 1031 non
1373 976 1578 1047 indiga,
1610 976 1827 1031 duratio
1852 976 2053 1030 immu-

466 1068 650 1126 tabilis
686 1083 750 1122 ac
792 1068 1113 1123 indeliciens
1134 1108 1149 1131 ,
1182 1069 1431 1139 operatio
1461 1067 1841 1138 infatigabilis,
1880 1067 2053 1122 incir-

465 1160 803 1228 cumscripta
842 1158 1185 1230 magnitudo,
1246 1161 1505 1231 perennis
1548 1161 1736 1225 decor,
1768 1160 2050 1214 inaccessa

466 1248 1291 1321 babitatio,iutrausmigrabilis
1304 1252 1538 1313 mansio,
1563 1253 1805 1321 cognitio
1820 1260 2045 1315 acterna,

465 1343 671 1397 veritas
713 1358 1063 1413 permanens,
1104 1358 1244 1413 opus
1284 1345 1436 1398 nullo
1472 1344 1781 1400 interventu
1818 1343 2045 1407 factum,

466 1430 710 1501 potentia
761 1432 930 1486 nullis
972 1432 1191 1488 insidiis
1232 1434 1503 1504 exposita.
1559 1433 1878 1489 monarchia
1929 1433 2048 1490 sine

466 1524 839 1587 successione,
882 1541 1108 1597 regnum
1159 1526 1279 1583 sine
1330 1526 1457 1592 ﬁne,
1502 1528 1673 1581 robur
1710 1526 2049 1599 inexpugna-

466 1612 595 1676 bile,
647 1617 923 1672 exercitus
976 1618 1487 1675 numerosissimus.
1531 1614 1611 1672 Tu
1652 1618 1800 1673 enim
1841 1634 1902 1675 es
1947 1617 2048 1672 Sa-

465 1704 685 1777 pientiae
728 1705 922 1774 Pater,
982 1710 1279 1766 creationis
1325 1727 1423 1783 per
1481 1710 1837 1767 mediatorem
1890 1711 2047 1767 facta:

2153 510 2202 563 οἱ
2234 510 2343 582 γάρ
2389 507 2741 581 ἡγιασμένοι,
2787 507 2892 560 ὑπὸ
2928 505 3028 570 τάς
3062 507 3247 578 χεῖράς
3290 524 3383 560 σου
3418 509 3559 565 είσίν.
3588 514 3683 568 Ἕν-

2152 602 2303 668 δοξος
2320 601 2414 655 καὶ
2434 598 2710 672 ὑπεροψού
2718 616 2875 671 μενος
2892 598 3024 671 (94),
3046 597 3272 671 ἀόρατος
3291 601 3357 670 τῇ
3381 597 3542 669 φύσει,
3562 603 3682 672 ἀνεξ.

2157 693 2428 766 ιχνίαστος
2458 692 2717 765 κρίμασιν
2741 708 2755 723 ’
2804 684 2866 745 οὗ
2904 691 3159 764 ἀνενδεὴς
3199 693 3233 764 ἠ
3282 691 3423 765 ζωὴ,
3465 695 3683 768 ἄτρεπτος

2152 788 2246 841 καὶ
2276 785 2568 858 ἀνελλιπὴς
2597 787 2631 857 ἡ
2665 784 2914 857 διαμονὴ,
2936 784 3217 857 ἀκάματος
3250 786 3284 856 ἡ
3304 786 3681 857 ὲνέργεια,ἀπι-

2154 878 2455 952 ρίγραπτσς
2514 878 2547 950 ἠ
2612 877 2987 950 μεγαλειότης,
3043 877 3267 942 ἀένναος
3324 879 3358 949 ὴ
3412 880 3681 952 εὐπρέπεια,

2150 970 2445 1045 ἀπρόσιτος
2476 969 2509 1042 ἡ
2534 968 2809 1036 κατοικία,
2839 969 3310 1040 ἀμετανάστευτος
3327 971 3361 1041 ή
3380 977 3683 1046 κατασκήνω-

2153 1082 2271 1128 σις,
2322 1064 2557 1136 ἄναρχος
2612 1064 2645 1134 ἠ
2702 1063 2923 1133 γνῶσις,
2978 1062 3338 1128 ἀναλλοίωτος
3393 1065 3426 1135 ἡ
3479 1067 3681 1140 ἀλήθεια,

2149 1155 2503 1228 ἀμεσίτευτον
2530 1155 2592 1210 τὸ
2613 1156 2772 1229 ἔργον
2804 1155 2938 1228 (95),
2962 1155 3409 1210 ἀνεπιϐούλευτον
3426 1158 3482 1212 τὸ
3504 1163 3681 1231 κράτος,

2150 1250 2434 1321 ἀδιάδοχος
2488 1250 2522 1320 ἠ
2586 1250 2851 1322 μοναρχία
2875 1292 2890 1317 ,
2959 1249 3314 1322 ἀτελεύτητος
3375 1252 3408 1321 ή
3468 1251 3681 1322 βασιλεία,

2148 1342 2672 1413 ἀνανταγώνιστοςή
2706 1343 2889 1413 ἰσχὺς,
2919 1342 3291 1414 πολυάριθμος
3322 1344 3356 1414 ἡ
3387 1347 3605 1416 στρατιά.
3629 1350 3682 1404 Σὺ

2148 1438 2257 1509 γάρ
2296 1431 2346 1489 εἶ
2372 1438 2401 1489 ό
2428 1435 2629 1505 Σοφίας
2661 1436 2880 1507 Πατὴρ,
2927 1437 2955 1489 ὁ
2986 1436 3349 1509 δημιουργίας
3388 1438 3483 1508 τῆς
3505 1439 3581 1493 διὰ
3609 1460 3683 1511 με.

2150 1531 2298 1584 σίτου
2329 1529 2583 1601 κτίστης,
2617 1529 2694 1593 ὡς
2725 1530 2895 1592 αἴτιος
2917 1544 2932 1559 ⁸
2965 1531 2994 1583 ὁ
3028 1529 3286 1603 προνοίας
3314 1532 3547 1601 χορηγὸς,
3575 1536 3683 1589 ὀνό-

2150 1640 2265 1695 μων
2292 1622 2476 1695 δοτὴρ,
2504 1625 2533 1677 ὁ
2564 1621 2771 1687 ἐνδείας
2797 1622 3088 1696 πληρωτής
3111 1641 3125 1654 ·
3154 1623 3311 1677 ὁτῶν
3330 1624 3525 1678 ἀσεϐῶν
3547 1644 3684 1696 τιμωα

2150 1714 2261 1786 ρὸς,
2296 1715 2391 1768 καὶ
2420 1715 2529 1769 τῶν
2553 1714 2777 1769 δικαίων
2812 1714 3213 1787 μισθαποδότης
3246 1714 3356 1787 (96)
3381 1732 3395 1746 ·
3432 1717 3459 1770 ὁ
3484 1716 3565 1770 τοῦ
3590 1720 3685 1789 Χρισ

464 1800 746 1863 conditor,
800 1814 1060 1873 tanquam
1123 1782 1337 1870 causa:
1384 1802 1743 1875 providentia:
1794 1804 2042 1875 largitor,

2158 1782 2274 1860 στοῦ
2300 1805 2433 1871 Θεὸς
2464 1807 2559 1861 καὶ
2582 1806 2793 1879 Πατὴρ,
2814 1782 2913 1861 *καὶ
2926 1807 3035 1861 τῶν
3066 1811 3147 1873 είς
3166 1782 3346 1863 αὑτὸν
3371 1782 3685 1866 εὐσεϐούντων

466 1890 645 1961 legum
698 1893 876 1961 dator,
934 1895 1249 1966 indigentia;
1294 1898 1591 1966 expletor;
1644 1896 1792 1951 ultor
1849 1895 2049 1966 impio-

467 1996 586 2035 rum
647 1990 701 2037 et
754 1983 1032 2053 justorum
1089 1994 1515 2054 remunerator;
1567 1986 1774 2042 Christi
1810 1986 1955 2044 Deus
1992 1995 2048 2044 et

465 2070 648 2137 Pater,
695 2085 859 2146 atque
926 2076 1011 2146 pie
1082 2093 1211 2150 erga
1255 2094 1382 2134 eum
1425 2094 1485 2135 se
1514 2080 1818 2151 gerentium
1860 2079 2050 2136 Domi-

465 2177 572 2219 nus
606 2184 621 2219 :
651 2168 812 2236 cujus
847 2167 1053 2224 Christi
1085 2185 1193 2225 non
1232 2169 1371 2224 fallit
1422 2170 1753 2241 promissio,
1801 2174 2047 2227 muneri-

465 2252 571 2309 bus
612 2272 722 2312 non
752 2262 1125 2330 corrumpitur
1158 2261 1456 2331 judicium,
1494 2262 1644 2317 nulla
1688 2263 2048 2335 persuasione

465 2358 711 2405 mutatur
752 2354 1054 2419 sententia,
1130 2371 1411 2426 nunquam
1455 2365 1639 2413 cessat
1680 2358 1920 2425 "pietas,

1996 2356 2301 2426 gratiarum
2355 2359 2499 2414 actio
2555 2375 2665 2414 non
2721 2359 2911 2415 linitur
2964 2377 2981 2417 :

2150 1898 2356 1971 Κύριος
2376 1915 2391 1931 ο
2429 1890 2493 1953 οὗ
2524 1899 2885 1971 ἀδιάψευστος
2912 1902 2948 1973 ὴ
2979 1900 3306 1971 ἐπαγγελία,
3337 1904 3685 1975 ἀδωροδόκητος

2153 1992 2186 2061 ἡ
2216 1991 2415 2063 κρίσις,
2445 1990 2847 2063 ἀμετάπειστος
2884 1992 2917 2062 ἡ
2942 1990 3132 2064 γνώμη
3158 2034 3173 2059 ,
3207 1996 3479 2062 ἄπαυστος
3511 2000 3679 2071 ἠεὺσέ.

2155 2080 2299 2146 ὄεια,
2333 2081 2499 2145 ἀΐδιος
2530 2082 2937 2153 ἠεὺχαριστίαο
2972 2083 3038 2136 δι’
3064 2076 3124 2137 οὗ
3159 2102 3243 2138 σοι
3271 2087 3365 2140 καὶ
3397 2089 3501 2161 (97)
3521 2094 3549 2163 ἡ
3571 2094 3679 2148 tad-

2155 2175 2267 2241 ego;
2305 2173 2673 2245 προσκύνησις
2700 2174 2973 2245 ὀφείλεται
3008 2175 3158 2248 παρά
3184 2177 3371 2249 πάσης
3390 2178 3591 2256 λογικῆς
3609 2190 3679 2243 καὶ

2153 2265 2315 2333 ἁγίας
2344 2265 2579 2336 φύσεως.

3039 2375 3137 2431 per
3190 2375 3356 2432 quem
3427 2360 3518 2417 tibi
3575 2361 3685 2417 ado-

463 2445 607 2499 ratio
637 2447 905 2515 condigna
940 2448 1167 2505 debetur
1195 2451 1264 2505 ab
1292 2450 1442 2504 omni
1485 2451 1738 2507 rationali
1768 2459 1822 2507 et
1853 2459 2043 2507 sancta
2067 2459 2285 2507 natura.

992 2540 1224 2599 CAPUT
1258 2542 1502 2601 XXXVI.

465 2631 657 2688 Oratio
694 2650 1109 2691 commemorans
1154 2637 1571 2690 incarnationem
1594 2636 1827 2701 Christi,
1857 2647 1909 2693 et
1946 2654 2043 2694 oa-

767 2706 905 2759 riam
943 2723 1069 2777 ergo
1096 2719 1309 2763 uinctos
1337 2708 1741 2777 providentiam.

537 2862 585 2894 ⁸⁸
608 2860 840 2918 Domine
892 2863 1242 2933 omnipotens
1276 2905 1293 2929 ,
1362 2864 1627 2921 mundum
1688 2867 1888 2924 creasti
1947 2882 2039 2938 per

464 2952 765 3017 Christum,
816 2961 872 3010 et
925 2953 1223 3011 Sabbatum
1267 2957 1322 3011 in
1375 2956 1541 3026 hujus
1592 2956 1668 3013 rei
1723 2958 2044 3014 memoriam

465 3044 731 3111 sanxisti;
767 3047 893 3118 quia
927 3047 981 3101 in
1016 3062 1082 3102 eo
1120 3048 1191 3102 ab
1227 3049 1486 3119 operibus
1526 3051 1808 3120 quiescere
1840 3050 2044 3117 fecisti,

2658 2545 3050 2601 ΚΕΦΑΛΑΙΟΝ
3070 2547 3210 2615 Δεῖν.

2146 2635 2468 2711 Προσεγχῂ
2498 2637 3048 2711 ὑπομιμνήσκουσα
3075 2637 3192 2711 τὴν
3227 2638 3543 2710 γενομένην
3579 2646 3684 2711 Χρι.

2216 2706 2369 2783 ςτρῦ
2413 2706 2887 2783 ὲνανθρῴπησιν,
2934 2709 3034 2762 καὶ
3058 2706 3173 2779 τὴν
3199 2706 3293 2777 είς
3343 2706 3478 2779 ἑοὺς
3496 2706 3686 2783 ’ἁγίους

2216 2775 2504 2845 διάφορον
2531 2778 2841 2845 πρόνοιαν.

2218 2868 2391 2940 Κύριε
2420 2868 2531 2941 (98)
2566 2870 2967 2942 παντόκρατορ,
3000 2869 3205 2944 κόσμον
3235 2872 3456 2937 ἔκτισας
3484 2873 3561 2928 διὰ
3584 2875 3687 2947 Χρι-

2152 2959 2280 3013 στοῦ
2303 3002 2319 3027 ,
2368 2962 2464 3015 καὶ
2514 2960 2795 3016 Σάϐὁατον
2839 2961 3044 3035 ὥρισας
3098 2967 3179 3029 είς
3231 2967 3450 3038 μνήμην
3496 2966 3684 3021 τούτου·

2147 3050 2231 3105 ὅτι
2270 3053 2328 3106 ὲν
2359 3052 2507 3125 αὑτῷ
2536 3053 2911 3129 κατέπαυσας.
2932 3055 3041 3110 ἀπὸ
3069 3056 3177 3111 τῶν
3210 3058 3391 3131 ἔργων
3412 3100 3426 3125 ,
3457 3060 3531 3123 είς
3558 3059 3687 3131 μιλί-

466 3138 534 3192 ad
560 3138 968 3195 meditationem
992 3141 1171 3212 legum
1196 3149 1413 3197 tuarum
1441 3162 1454 3197 :
1482 3151 1536 3198 et
1564 3143 1732 3199 festos
1761 3144 1882 3201 dies
1909 3160 2047 3201 con-

2158 3161 2247 3217 την
2292 3144 2402 3200 τῶν
2446 3144 2555 3199 σῶν
2596 3146 2777 3217 νόμων
2801 3162 2816 3179 ⁸
2864 3148 2959 3202 καὶ
3008 3148 3203 3222 έορτάς
3242 3149 3481 3218 δωτάεω,
3512 3154 3582 3216 εἰς
3617 3153 3679 3206 εὑ-

465 3230 719 3295 stituisti,
763 3232 817 3286 in
851 3231 1093 3287 laetitiam
1142 3233 1448 3289 animarum
1490 3244 1825 3300 nostrarum,
1882 3243 1942 3291 ut
1985 3236 2044 3292 in

465 3322 906 3378 recordationem
930 3324 1242 3380 veniremus
1276 3324 1567 3396 Sapientiae
1589 3338 1684 3383 ate
1700 3330 1934 3384 condita:
1952 3330 2000 3362 "
2023 3349 2038 3387 :

465 3415 744 3484 quomodo
772 3423 996 3486 propter
1040 3432 1141 3473 nos
1176 3419 1331 3474 nasci
1361 3435 1429 3474 ex
1456 3420 1685 3475 muliere
1724 3422 1989 3477 sustinuit
2023 3440 2040 3491 ;

467 3507 721 3575 apparuit
766 3507 821 3561 in
868 3507 979 3562 vita
1028 3507 1152 3572 hac,
1201 3510 1499 3567 ostendens
1535 3511 1589 3565 in
1631 3512 1902 3582 baptismo
1939 3528 2043 3570 suo

466 3596 617 3667 quod
676 3596 795 3668 ipse
845 3599 941 3670 qui
993 3602 1315 3670 apparebat,
1358 3610 1506 3659 esset
1550 3602 1693 3660 Deus
1728 3620 1793 3659 ac
1832 3606 2044 3676 homo;

469 3702 670 3758 passus
701 3699 787 3744 est
816 3700 1041 3763 propter
1065 3709 1169 3750 nos
1188 3695 1551 3761 permissione
1580 3706 1692 3763 tua,
1717 3706 1773 3753 et
1796 3707 2045 3756 mortuus

467 3791 575 3845 est,
614 3799 680 3839 ac
729 3793 997 3855 potestate
1034 3797 1125 3842 tua
1171 3789 1472 3845 resurrexit
1514 3809 1528 3843 :
1575 3789 1807 3861 ideoque
1845 3793 2044 3848 festum

469 3873 936 3940 Resurrectionis.
996 3878 1280 3936 Dominica
1330 3880 1421 3936 die
1470 3882 1846 3945 celebrantes,
1903 3883 2049 3938 laeta-

469 3984 593 4022 mur
623 3968 691 4025 de
715 3986 782 4026 eo
811 3971 906 4042 qui
936 3972 1071 4026 vicit
1099 3972 1319 4044 quidem
1360 3983 1614 4036 mortem.
1660 3976 1917 4046 patefecit
1946 3991 2046 4031 au-

469 4069 576 4116 tem
629 4063 796 4119 vitam
850 4080 916 4120 ac
964 4066 1432 4124 immortalitatem
1477 4086 1493 4124 :
1548 4084 1645 4139 per
1676 4071 1855 4139 ipsum
1895 4071 2042 4125 enim

467 4164 660 4224 gentes
708 4159 776 4211 ad
828 4166 881 4213 te
929 4159 1230 4223 adduxisti,
1278 4159 1334 4215 in
1385 4164 1641 4232 populum
1687 4164 2040 4233 peculiarem.

2147 3239 2425 3313 φροσύνην
2464 3239 2576 3293 τῶν
2620 3240 2902 3312 ἡμετέρων
2949 3240 3157 3313 ψυχῶν,
3195 3242 3349 3307 ὅπως
3392 3244 3468 3307 είς
3506 3245 3687 3315 μνήμην

2145 3331 2434 3403 ὲρχὼμεθα
2455 3332 2556 3404 τῆς
2572 3332 2679 3386 ὑπὸ
2697 3332 2792 3387 σοῦ
2814 3333 3125 3406 κτισθείσης
3155 3328 3352 3405 σοφίας
3366 3352 3379 3364 ·
3410 3334 3480 3399 ὡς
3498 3335 3687 3407 δι’ήμᾶς

2145 3422 2356 3493 γένεσιν
2399 3423 2609 3497 ὑπέστη
2635 3426 2734 3497 τὴν
2761 3425 2850 3479 διὰ
2874 3427 3132 3495 γυναικός
3152 3444 3167 3458 ο
3218 3428 3461 3498 ἐπεφάνη
3492 3429 3560 3498 τῷ
3588 3428 3682 3498 βίῳ,

2142 3517 2463 3581 ἁναδεικνὺς
2508 3516 2700 3572 ἑαυτὸν
2728 3520 2786 3571 ὲν
2814 3519 2893 3591 τῷ
2936 3518 3306 3591 βαπτίσματι,
3345 3520 3418 3584 ὡς
3443 3520 3564 3583 Θεός
3587 3521 3682 3573 ἐστι

2145 3609 2239 3661 καὶ
2261 3609 2547 3681 ἄνθρωπος
2578 3612 2607 3664 ὁ
2637 3611 2828 3681 φανείς
2852 3627 2864 3637 ·
2913 3611 3083 3665 ἔπαθε
3119 3612 3187 3665 δι’
3226 3614 3376 3683 ἡμᾶς
3410 3616 3473 3684 σῇ
3508 3630 3683 3683 συγχων

2147 3701 2325 3773 ρήσει,
2346 3703 2441 3755 καὶ
2459 3702 2719 3771 ἀπέθανε,
2742 3704 2838 3757 καὶ
2858 3702 3059 3776 ἀνέστη
3077 3704 3155 3776 σῷ
3176 3705 3371 3776 κράτει
3388 3722 3401 3736 ν
3421 3705 3495 3758 διὸ
3512 3707 3592 3758 καὶ
3606 3705 3684 3775 τὴν

2144 3784 2516 3867 ἀναπάσιμον
2568 3797 2764 3869 ἑορτὴν
2826 3796 3295 3869 πανηγυρίζοντες
3334 3801 3400 3870 τῇ
3450 3801 3681 3870 κυριακῇ,

2146 3885 2413 3959 χαίρομεν
2443 3888 2536 3941 ἐπὶ
2563 3888 2641 3960 τῷ
2670 3890 2957 3962 νικήσαντι
2986 3891 3086 3962 μὲν
3119 3890 3213 3945 τὸν
3254 3889 3477 3944 θάνατον
3498 3931 3512 3955 ,
3553 3890 3683 3959 φυκία

2148 3994 2302 4031 σαντι
2329 3979 2387 4033 δὲ
2413 3979 2558 4051 ζωὴν
2589 3980 2685 4035 καὶ
2705 3981 3015 4055 ἀφθαρσίαν
3037 3999 3053 4013 ·
3082 3981 3165 4035 δι’
3190 3982 3358 4037 αὐτοῦ
3390 3982 3492 4053 γὰρ
3511 3982 3682 4051 προσή-

2148 4088 2319 4141 γαγες
2356 4074 2424 4127 τὰ
2452 4074 2577 4145 ἔθνη
2606 4074 2803 4146 ἑαυτῷ,
2833 4077 2913 4138 είς
2930 4074 3057 4129 λαὸν
3083 4076 3411 4147 περιούσιον,
3431 4075 3516 4128 τὸν
3531 4073 3681 4144 ἀληθι-

2147 4164 2237 4219 νὸν
2283 4166 2519 4239 Ἰσραὴλ,
2556 4167 2648 4221 τὸν
2680 4167 2921 4241 θεοφιλῆ,
2952 4166 3043 4221 τὸν
3068 4168 3283 4239 ὁρῶντα
3309 4167 3437 4221 Θεὸν
3473 4164 3589 4237 (99).
3622 4166 3679 4217 Σὲ

547 4295 593 4377 ’,ξ
618 4293 769 4349 Deut.
800 4311 873 4361 tv,
1080 4295 1168 4350 “l
1202 4295 1331 4369 Reg.
1358 4312 1416 4364 ιι,
1448 4298 1501 4355 5.
1577 4298 1622 4330 "
1651 4296 1784 4353 Dan.
1842 4313 1924 4355 ut.
1999 4300 2046 4332 "
2075 4299 2235 4361 Rom.
2280 4321 2357 4373 ιι,
2390 4305 2479 4361 53.
2558 4305 2604 4337 “
2642 4306 2678 4360 l.
2717 4304 2888 4377 lgnat.
2924 4304 3175 4373 interpol.
3209 4304 3278 4359 ad
3315 4303 3485 4375 Magn.
3517 4302 3561 4355 9.

467 4364 518 4397 ”
554 4365 719 4421 Prov.
756 4382 876 4434 VIII,
909 4367 1002 4422 29.

1772 4480 2140 4540 VARIORUM
2185 4482 2416 4541 ΝΟΤιΕ.

544 4594 651 4670 (94)
693 4597 1229 4721 ’Υπεθοψούμενοᾳ
1265 4594 1507 4651 Emenda
1546 4597 1837 4666 typotheta:
1888 4612 1905 4649 ι

467 4669 659 4747 damno;
684 4669 809 4747 cod.
884 4668 1248 4747 indobonensi
1283 4668 1775 4747 Ὑπερμψούμενος.
1807 4667 1905 4747 (31..

562 4738 652 4809 95)
691 4739 1107 4809 Ἀμεσίτευτον
1126 4738 1190 4790 τὸ
1216 4739 1413 4807 ἔργον.
1440 4738 1501 4809 Et
1524 4738 1848 4809 quibusdam
1873 4738 2045 4809 inter-

468 4808 687 4881 positis,
718 4812 747 4863 ὁ
772 4808 1131 4881 δημιουργίας
1145 4809 1243 4879 τῆς
1256 4809 1345 4862 διά
1371 4808 1587 4881 μεσίτου
1610 4809 1851 4879 κτίστης.
1884 4808 2043 4873 Qua:-

470 4880 559 4937 res
603 4880 877 4949 quomodo
914 4880 1122 4934 creatio
1170 4880 1495 4949 iutermedio
1525 4886 1731 4941 careat,
1773 4894 1894 4949 qua:
1924 4894 2041 4934 me-

468 4948 763 5015 diator-em,
796 4967 893 5007 seu
927 4950 1164 5005 medium
1204 4950 1365 5006 habet
1396 4948 1594 5005 Filium
1629 4948 1757 5005 Dei?
1785 4948 2039 5019 Respon-

467 5022 586 5078 deri
625 5030 801 5093 potest
821 5060 837 5083 ,
867 5023 1199 5076 creationem
1229 5037 1352 5077 esse
1377 5022 1596 5091 quidem
1626 5020 1829 5090 absque
1863 5022 2040 5093 medio

469 5090 649 5148 alieno
683 5109 713 5145 a
742 5092 1061 5152 divinitate;
1098 5090 1407 5162 agnoscere
1430 5102 1611 5147 tamen
1645 5106 1931 5161 personam
1956 5090 2042 5144 di-

468 5165 713 5220 vinitatis
734 5164 991 5226 mediam,
1016 5162 1212 5216 Filium
1234 5182 1246 5217 :
1268 5163 1619 5217 mediaturem
1644 5162 2042 5231 productionis,

469 5248 585 5306 per
623 5250 783 5306 quem
821 5234 1032 5289 scilicet
1093 5232 1257 5306 Pater
1291 5233 1475 5289 omnia
1504 5233 1745 5306 creavit;
1793 5233 1888 5287 sed
1934 5249 2042 5306 non

470 5304 825 5361 mediatomn
862 5312 1070 5358 natura:
1092 5346 1105 5366 ,
1152 5304 1205 5359 id
1251 5314 1353 5366 est,
1387 5304 1705 5375 participem
1736 5304 1962 5357 incrcati
1988 5310 2044 5356 et

470 5377 639 5430 creati
662 5418 677 5440 ,
714 5375 859 5447 quod
891 5377 1100 5447 exstitit
1144 5386 1264 5447 post
1298 5382 1635 5447 assumptam
1658 5383 1911 5447 naturam
1943 5375 2044 5427 hu-

470 5460 709 5517 manam.
732 5444 945 5503 Cor.——
961 5444 1301 5502 Crediderim
1332 5444 1681 5517 ἀμεσίτευτον
1716 5444 1873 5515 ἔργον
1893 5459 2037 5507 esse,

512 5516 618 5569 uod
666 5520 832 5573 nullis
878 5518 1261 5573 instrumentis
1306 5515 1525 5569 aliunde
1557 5515 1861 5585 desumptis
1913 5531 2039 5583 per-

494 5592 673 5640 ectum
722 5601 826 5653 est,
875 5595 933 5642 ut
965 5590 1035 5644 sit
1078 5588 1219 5643 idem
1264 5602 1327 5641 ac
1370 5587 1571 5656 ἇμεσον
1614 5586 1793 5657 ἔργον,
1818 5601 1945 5657 seu,
1978 5593 2038 5639 ut

472 5657 748 5729 loquimur
804 5661 984 5721 hodie,
1030 5659 1391 5713 immediatum
1449 5673 1598 5725 opus.
1650 5656 1757 5729 'Adi
1814 5656 2035 5729 Dionys.

470 5723 749 5783 l’etavium
808 5729 885 5784 De
940 5729 1221 5793 Trinitate,
1275 5730 1363 5784 lib.
1418 5723 1516 5789 vni,
1565 5743 1687 5798 cap.
1725 5728 1778 5798 4ζ
1822 5723 2040 5782 νίάιέει

466 5811 594 5869 cap.
630 5798 695 5853 l2
729 5800 821 5856 ubi
864 5798 1089 5856 Constit.
1131 5811 1322 5855 auctor
1350 5808 1425 5855 att
1465 5797 1661 5854 Filium
1692 5813 1721 5852 a
1751 5797 1914 5853 Patre
1943 5814 2037 5869 ge-

874 4597 1229 4666 οψούμενος.
1265 4594 1507 4651 Emenda
1546 4597 1837 4666 typotheta:
1888 4612 2042 4653 men-

2158 4597 2319 4651 nitum
2350 4595 2737 4667 ἀμεσιτεύτως.
2769 4595 2867 4651 CL.

2364 4662 3026 4745 dicqﬂqrtqddmg.
3060 4666 3180 4745 cod.
3217 4666 3493 4745 μισθὸτης.
3522 4663 3587 4723 lo.
3658 4702 3694 4745 ι,

2242 4672 2331 4738 96)
2364 4672 2840 4735 Μισθαποδότης.
2871 4672 3026 4722 Vind.
3060 4672 3180 4721 cod.
3217 4672 3493 4737 μισθὸτης.
3522 4672 3587 4723 In.
3669 4708 3673 4731 η

2220 4672 2331 4810 (97)
2361 4738 2491 4790 Καί.
2517 4738 2688 4810 Addit
2714 4743 2835 4810 cod.
2859 4737 3017 4810 Vind.
3050 4737 3176 4808 μεθ’
3196 4730 3285 4799 οὗ,
3317 4754 3433 4790 cuin
3456 4755 3529 4798 eo,
3557 4736 3673 4806 quod

2146 4808 2239 4863 est
2271 4808 2687 4877 Doxologiarum
2704 4809 3155 4871 orthodoxarum,
3181 4823 3292 4863 non
3312 4809 3670 4869 Arianicarum,

2148 4887 2207 4933 ut
2238 4880 2345 4934 iam
2378 4879 2506 4933 alibi
2539 4880 2971 4933 observavimus.
2998 4877 3073 4934 In.

2239 4951 2328 5019 98)
2358 4950 2552 5019 Κύριε.
2607 4948 2700 5003 Est
2760 4950 3025 5003 scholium
3082 4948 3136 5005 in
3184 4947 3308 5003 cod.
3345 4947 3562 5019 Vindob,
3601 4948 3671 5001 hic

2145 5017 2420 5077 additum:
2445 5017 2576 5072 "On
2602 5020 2819 5086 Κύριος
2858 5020 3059 5073 ἐκτισέ
3072 5037 3170 5088 με,
3205 5020 3387 5088 σαφῶς
3424 5022 3497 5083 είς
3522 5017 3599 5071 τὸν
3620 5019 3671 5069 ὲκ

2147 5091 2422 5163 Παρθένου
2475 5090 2733 5161 τεχθέντα
2762 5091 2992 5163 Χριστὸν
3046 5090 3391 5163 ἀναφέρεται.
3439 5091 3555 5163 Quae
3576 5095 3670 5142 erat

2144 5162 2572 5216 orthodoxorum
2626 5162 2892 5215 sententia
2941 5176 3045 5231 qua
3090 5162 3445 5230 objectionem
3487 5162 3671 5231 desum-

2147 5243 2294 5303 ptam
2337 5248 2405 5303 ex
2443 5231 2721 5285 creatione
2752 5233 3033 5300 sapientia:
3063 5233 3432 5287 retunderent.
3484 5230 3576 5285 Sed
3602 5242 3671 5281 re-

2146 5302 2275 5358 vera
2324 5302 2390 5357 de
2436 5311 2627 5357 neutra
2676 5303 2979 5371 sapientia,
3033 5303 3135 5357 hoc
3190 5310 3312 5366 est,
3360 5312 3530 5357 creata
3566 5306 3669 5353 ants

2150 5373 2437 5435 mundum,
2468 5383 2559 5426 aut
2591 5383 2717 5426 nata
2759 5390 2825 5427 ex
2858 5374 3066 5443 Virgine
3095 5373 3273 5444 agitur
3302 5378 3441 5444 apud
3461 5372 3671 5444 Salomo-

2147 5460 2292 5507 nem,
2338 5450 2398 5495 ut
2444 5444 2544 5497 viri
2576 5444 2721 5497 docti
2753 5441 3028 5509 viderunt,
3070 5441 3260 5499 et'nos
3306 5441 3374 5499 ad
3417 5441 3667 5496 Proverbia

2146 5516 2393 5586 pluribus
2426 5514 2795 5586 osteudeuuis.
2827 5514 2899 5567 In.

2218 5587 2328 5656 (99)
2378 5586 2486 5638 Τὸν
2522 5584 2771 5656 *ὁρῶντα
2826 5581 3333 5656 Θεόνηιηιιιρηιω·
3376 5599 3438 5637 ac
3480 5580 3668 5656 tradunt

2147 5652 2289 5725 saepe
2311 5652 2493 5710 'saucti
2521 5652 2905 5725 Patres‘Graaci
2933 5663 2988 5710 et
3014 5653 3190 5709 Latini
3210 5655 3348 5709 hanc
3371 5652 3667 5725 etymologia;

2147 5718 2437 5790 rationem,
2488 5727 2660 5781 secuti
2706 5723 2987 5782 Philonem
3036 5725 3277 5781 Judaeum
3309 5766 3323 5785 .
3380 5718 3483 5794 qua
3535 5718 3668 5774 Israel

2147 5799 2438 5869 exponitur
2479 5797 2654 5852 ridens
2701 5796 2865 5853 Deum
2941 5796 3135 5862 Homo,
3154 5804 3246 5852 aut
3294 5811 3435 5849 mem
3490 5805 3666 5845 εεηιω
