3812 6372
451 345 589 399 1055

1346 334 1404 398 S.
1441 340 1838 398 CLEMENTIS
1873 338 1889 395 I
1926 341 2091 399 ROM.
2132 338 2333 399 PONT.
2359 338 2587 397 OPERA
2622 337 2851 399 DUBIA.

3552 330 3553 333 “
3604 336 3730 391 ωδε

450 461 607 515 labiis
650 462 891 530 prolatas
929 460 1112 530 populi
1165 459 1244 513 tui
1270 458 1585 529 congregati
1637 475 1703 513 ex
1754 457 2084 528 gentibus,.t

2184 454 2425 527 ρόσδεξαι
2474 455 2573 518 τὰς
2609 454 2696 507 διὰ
2726 452 2949 524 χειλέων
2979 450 3188 523 δεήσεις
3222 450 3317 504 τοῦ
3347 449 3479 505 λαοῦ
3519 466 3615 504 σου
3641 453 3731 507 τοῦ

445 569 568 624 qua:
598 563 650 608 te
680 554 734 607 in
768 554 999 607 veritate
1049 552 1340 617 invocant;
1394 552 1538 607 sicut
1586 550 1881 621 suscepisti
1912 565 2030 604 mu-

448 660 580 700 nera
607 645 883 714 justorum
920 644 975 696 in
1010 657 1204 697 eorum
1252 641 1493 697 saeculis.
1533 641 1719 696 Abelis
1757 642 1812 695 in
1842 640 2035 710 primis

446 735 741 807 respexisti
789 749 852 788 ac
894 732 1189 802 suscepisti
1242 731 1573 787 sacriﬁcium
1610 732 1676 795 ³⁵,
1724 738 1780 787 et
1810 729 1938 784 Noae
1967 744 2033 783 ex

447 844 575 883 arca
598 826 803 897 egressi
828 826 894 883 ".
918 824 1215 879 Abrahami
1234 832 1525 895 postquam
1555 824 1862 879 exiissetex
1890 833 2035 877 terra

445 920 829 975 Chaldaeorum
864 918 932 980 ³⁷,
960 916 1132 973 Isaaci
1159 916 1212 970 in
1235 928 1402 986 puteo
1424 916 1723 985 juramenti
1752 916 1818 980 ⁸⁸,
1847 914 2037 969 Jacobi

448 1011 501 1064 in
546 1006 894 1064 Bcthlehcma
929 1006 996 1070 ”,
1049 1004 1219 1062 Mosis
1264 1006 1317 1060 in
1348 1006 1648 1061 solitudine
1677 1005 1757 1068 ⁸ο,
1802 1004 2037 1069 Aaronis

447 1103 593 1154 inter
623 1100 871 1155 viventes
902 1114 965 1153 ac
998 1106 1247 1154 mortuos
1271 1099 1317 1129 “
1344 1138 1358 1161 ,
1394 1096 1524 1153 Iesu
1555 1096 1715 1151 Navae
1747 1098 1802 1152 in
1834 1096 2036 1168 Galga-

447 1193 515 1246 Iis
563 1193 629 1256 δ’,
671 1189 946 1247 Gedeonis
987 1191 1039 1244 in
1072 1200 1227 1261 petra
1258 1198 1311 1246 et
1347 1191 1647 1247 velleribus
1686 1199 1812 1245 ante
1844 1204 2040 1261 pecca-

445 1293 560 1338 tqu
583 1284 648 1348 “,
683 1283 889 1337 Manoaa
908 1291 963 1338 et
988 1284 1174 1337 uxoris
1204 1283 1326 1353 ejus
1352 1284 1406 1336 in
1431 1298 1626 1354 campo
1650 1283 1717 1347 “,
1748 1280 2038 1337 Samsonis

445 1375 501 1431 in
528 1376 617 1431 siti
644 1384 771 1431 ante
808 1376 1069 1430 delictum
1102 1375 1169 1438 ",
1207 1373 1418 1443 Jephtae
1444 1375 1499 1429 in
1534 1375 1676 1429 bello
1706 1384 1833 1428 ante
1856 1376 2041 1427 incon-

448 1470 743 1525 sideratam
789 1468 1213 1539 promissionem
1268 1466 1333 1534 “,
1386 1466 1582 1520 Baraci
1613 1476 1667 1521 et
1717 1465 1942 1520 Debora:
1984 1468 2038 1519 in

448 1563 637 1618 Sisara
667 1564 710 1594 "
738 1603 753 1627 ,
788 1561 1063 1616 Samuelis
1094 1562 1149 1614 in
1179 1559 1404 1631 Masplta
1436 1559 1483 1590 ⁸⁸
1509 1600 1523 1623 ,
1560 1557 1782 1613 Davidis
1824 1558 1879 1612 iu
1910 1573 2040 1613 area

447 1655 610 1711 Ornaz
636 1654 871 1710 Jcbusaai
904 1655 983 1719 ⁵⁸,
1019 1652 1332 1709 Salomonis
1364 1654 1421 1707 in
1454 1651 1717 1707 Gabaone
1746 1660 1801 1708 et
1833 1652 1889 1705 iu
1922 1651 2041 1707 Ηίο·

448 1748 742 1820 rosolymis
772 1748 841 1812 '°,
892 1748 1019 1801 Elia:
1051 1748 1106 1801 in
1133 1753 1319 1801 monte
1347 1745 1605 1800 Carmelo
1635 1746 1677 1776 ἰ
1706 1785 1719 1809 ,
1772 1744 1952 1801 Elisaei
1981 1746 2038 1799 iu

449 1840 603 1896 fonte
643 1840 816 1896 sterili
841 1840 909 1904 “,
965 1837 1254 1909 JoSaphati
1303 1839 1359 1892 in
1402 1838 1546 1893 bello
1578 1839 1660 1903 ⁸³,
1704 1837 1953 1894 Ezechiae
1983 1838 2037 1892 in

448 1935 642 1991 morbo
704 1942 758 1991 et
803 1935 857 1989 in
916 1932 1290 1989 Senacheribo
1336 1932 1378 1963 “
1406 1972 1422 1997 ,
1467 1930 1737 1987 Mauassis
1779 1934 1836 1986 in
1892 1939 2037 1986 terra

448 2027 831 2085 Chaldaeorum
880 2034 1008 2098 post
1038 2026 1298 2081 delictum
1339 2024 1411 2089 ⁸⁸,
1444 2023 1611 2079 Josia:
1640 2025 1695 2077 in
1726 2021 1937 2077 Pascha
1966 2021 2035 2088 ⁸⁸,

449 2117 637 2175 Esdrm
664 2118 718 2171 in
756 2117 937 2171 reditu
963 2116 1043 2179 ⁵⁸,
1075 2114 1317 2170 Danielis
1355 2115 1410 2169 in
1440 2115 1563 2169 lacu
1591 2114 1809 2170 leonum
1839 2115 1909 2179 ⁵⁸,
1944 2112 2037 2169 Jo-

447 2228 532 2267 ua:
576 2212 633 2265 in
677 2222 864 2267 ventre
895 2210 1002 2264 ceti
1042 2208 1109 2274 ⁸ο,
1165 2208 1331 2261 trium
1364 2222 1663 2278 puerorum
1706 2207 1763 2261 in
1815 2207 2038 2263 fornace

446 2307 593 2377 ignis
617 2305 683 2369 “,
715 2304 886 2359 Annae
905 2304 961 2358 in
992 2303 1349 2358 tabernacqu
1383 2316 1577 2357 coram
1609 2315 1740 2355 arca
1759 2305 1825 2368 ",
1857 2303 2037 2360 Nehe—

448 2400 571 2453 mire
616 2413 681 2452 ac
714 2396 1068 2451 Zorobabelis
1098 2398 1154 2451 in
1203 2398 1580 2453 exstructione
1632 2412 1917 2452 murorum
1965 2399 2033 2456 “.

444 2487 719 2545 Matatbim
764 2495 820 2542 et
891 2490 1127 2545 ﬁliorum
1160 2492 1281 2561 ejus
1310 2492 1364 2546 in
1394 2492 1514 2546 zelo
1551 2502 1645 2546 tuo
1672 2490 1751 2556 “,
1783 2491 1952 2548 Jaelis
1979 2494 2033 2547 in

446 2582 925 2639 benedictionibus
958 2583 1024 2638 ⁸⁸.
1051 2582 1116 2637 Et
1147 2599 1293 2639 nunc
1324 2600 1455 2656 ergo
1487 2585 1710 2656 suscipe
1741 2587 1931 2655 populi
1954 2588 2031 2641 tui

2138 547 2199 612 ἐξ
2227 546 2421 612 ἐθνῶν,
2454 547 2564 601 τῶν
2605 544 3055 617 ἐπικαλουμένων
3085 561 3142 596 σε
3171 544 3229 596 ἐν
3258 542 3519 615 ἀληθείᾳ,
3557 543 3732 607 καθὼς

2138 638 2450 711 προσεδέξω
2491 639 2562 692 τὰ
2588 638 2740 709 δῶρα
2772 637 2881 690 τῶν
2919 635 3140 689 δικαίων
3172 638 3229 688 ἐν
3256 638 3379 697 ταῖς
3402 638 3621 703 γενεαῖς
3647 638 3735 688 ai»-

2136 732 2267 785 τῶν.
2303 732 2469 785 Ἀϐελ
2504 733 2563 784 ἐν
2584 730 2821 803 πρώτοις
2850 731 2951 802 τὴν
2979 728 3171 782 θυσίαν
3198 728 3411 792 ἐπεῖδες
3448 729 3544 781 καὶ
3571 745 3733 799 προσ-

2139 825 2325 889 εδέξω,
2348 823 2472 877 Νῶε
2511 823 2819 888 ἐξελθόντος
2862 823 2964 893 τῆς
3002 820 3259 884 κιϐωτοῦ,
3305 819 3558 892 Ἀδραὰμ
3606 822 3736 891 μετὰ

2138 916 2200 968 τὸ
2228 915 2464 980 ἐξελθεῖν
2484 918 2549 970 ἐκ
2579 916 2657 988 (3)
2688 916 2794 987 γῆς
2822 915 3130 981 Χαλδαίων,
3162 913 3348 968 Ἰσαὰκ
3368 916 3426 967 ἐν
3445 913 3527 985 τῷ
3546 913 3737 984 φρέατι

2138 1010 2233 1062 τοῦ
2261 1011 2449 1081 ὅρκου,
2484 1008 2683 1063 Ἰακὼὸ
2704 1010 2762 1062 ἐν
2782 1008 3034 1080 Βηθλεὲμ
3060 1008 3159 1080 (4),
3182 1006 3428 1070 Μωσέως
3446 1007 3506 1059 ἐν
3532 1010 3601 1077 τῇ
3618 1008 3738 1079 ἐρήν

2142 1121 2249 1175 μῳ,
2279 1102 2494 1175 Ἀαρὼν
2509 1103 2613 1156 ἀνὰ
2632 1103 2795 1173 μέσον
2816 1100 2925 1154 τῶν
2946 1100 3161 1166 ζώντων
3175 1100 3269 1154 καὶ
3286 1099 3397 1153 τῶν
3408 1098 3735 1163 τεθνεώτων,

2154 1194 2328 1266 Ἰησοῦ
2358 1194 2453 1248 τοῦ
2483 1195 2640 1266 Ναυῆ
2678 1195 2736 1248 ἐν
2763 1193 3091 1262 Γαλγάλοις,
3123 1190 3329 1245 Γεδεὼν
3373 1192 3468 1245 ἐπὶ
3505 1192 3610 1261 τῆς
3646 1192 3737 1245 πέ-

2139 1306 2277 1361 τρας
2308 1288 2404 1341 καὶ
2433 1287 2542 1340 τῶν
2576 1288 2759 1340 πόκων
2791 1287 2899 1359 πρὸ
2935 1286 3035 1357 τῆς
3064 1285 3364 1356 ἁμαρτίας,
3418 1283 3625 1338 Μανωὲ
3652 1285 3737 1337 καὶ

2139 1382 2237 1452 τῆς
2266 1380 2430 1433 αὐτοῦ
2462 1380 2720 1449 γυναικὸς
2746 1380 2805 1433 ἐν
2827 1379 2905 1450 τῷ
2928 1378 3117 1448 πεδίῳ,
3154 1376 3390 1449 Σαμψὼν
3420 1379 3478 1429 ἐν
3502 1376 3585 1447 τῷ
3603 1376 3736 1445 δίψει

2142 1473 2248 1544 πρὸ
2276 1473 2376 1543 τῆς
2406 1472 2807 1544 πλημμελείας,
2843 1471 3056 1540 Ἰεφθαέ
3079 1472 3136 1522 ἐν
3163 1470 3241 1540 τῷ
3270 1469 3497 1539 πολέμῳ
3518 1468 3628 1539 πρὸ
3647 1469 3737 1539 τῆς

2141 1566 2366 1637 ἀκρίτου
2390 1566 2748 1635 ἐπαγγελίας,
2780 1564 2972 1637 Βαρὰκ
3000 1565 3095 1618 καὶ
3117 1563 3391 1634 Δεὸὁόρας
3417 1563 3516 1615 ἐπὶ
3539 1561 3638 1615 τοῦ
3657 1564 3739 1615 Σι-

2144 1657 2307 1728 σάρα,
2355 1657 2610 1729 Σαμουὴλ
2662 1658 2720 1709 ἐν
2756 1658 3068 1728 Μασσηφᾷ,
3110 1654 3275 1709 Δαὸὶδ
3314 1657 3371 1709 ἐν
3410 1656 3526 1726 ἅλῳ
3583 1655 3738 1725 Ὀρνιί

2141 1749 2236 1803 τοῦ
2265 1750 2611 1817 Ἰεϐουσαίου,
2631 1750 2977 1822 Σολομῶντος
2998 1752 3054 1802 ἐν
3080 1748 3307 1802 Γαϐαὼν
3334 1749 3431 1801 καὶ
3455 1750 3513 1801 ἐν
3547 1749 3738 1819 Ἰερου-

2146 1842 2345 1914 σαλὴμ,
2406 1842 2562 1896 Ἠλία
2596 1844 2654 1895 ἐν
2684 1842 2763 1914 τῷ
2794 1843 2909 1914 ὄρει
2947 1840 3025 1913 τῷ
3052 1840 3392 1913 Καρμηλίῳ,
3428 1839 3735 1893 Ἐλισσαίου

2142 1936 2234 1988 ἐπὶ
2278 1935 2377 2006 τῆς
2432 1935 2768 2007 ἀτεκνούσης
2823 1936 3027 2006 πηγῆς,
3082 1934 3349 2004 Ἰωσαφὰτ
3397 1935 3458 1986 ἐν
3494 1932 3734 2002 πολέμῳ,

2153 2028 2367 2093 Ἐζεκία
2389 2030 2446 2081 ἐν
2478 2029 2762 2101 ἀρρωστία
2791 2028 2885 2081 καὶ⁸
2903 2030 2995 2081 ἐπὶ
3009 2027 3103 2080 τοῦ
3125 2027 3475 2099 Σεναχηρεὶμ
3493 2026 3596 2097 (5),
3619 2026 3736 2079 Μα-

2138 2122 2309 2192 νασσῆ
2341 2122 2399 2174 ἐν
2442 2123 2512 2192 γῇ
2556 2120 2837 2173 Χαλδαίων
2870 2119 3010 2191 μετὰ
3038 2120 3138 2191 τὴν
3170 2118 3558 2190 πλημμέλειαν
3582 2160 3599 2186 ,
3634 2119 3735 2171 Ἰω-

2140 2212 2230 2265 σία
2261 2213 2320 2265 ἐν
2348 2212 2426 2283 τῷ
2441 2214 2629 2285 Φασσᾷ
2657 2212 2733 2283 (6)
2756 2212 2823 2277 ⁸⁷,
2860 2213 3067 2283 Ἐσδρα
3083 2213 3224 2282 ἐντῇ
3244 2211 3519 2281 ἐπανόδφ,
3545 2211 3739 2281 Δανιὴλ

2138 2305 2197 2357 ὲν
2232 2304 2311 2375 τῷ
2339 2305 2529 2377 λάκκῳ
2573 2304 2683 2358 τῶν
2728 2304 2985 2370 λεόντων,
3054 2305 3206 2357 Ἰωνᾶ
3248 2305 3305 2355 ἐν
3333 2305 3401 2374 τῇ
3436 2304 3621 2374 κοιλία
3650 2303 3739 2355 τοῦ

2138 2398 2339 2469 κήτους
2361 2441 2376 2463 ,
2409 2398 2519 2451 τῶν
2547 2397 2715 2469 τριῶν
2744 2396 2951 2450 παίδων
2985 2398 3044 2450 ἐν
3080 2400 3149 2468 τῇ
3174 2396 3392 2467 καμίνῳ
3416 2395 3516 2448 τοῦ
3550 2396 3737 2465 stag-5;,

2141 2491 2342 2563 Ι’Δννης
2372 2492 2429 2543 ἐν
2474 2495 2542 2563 τῇ
2575 2494 2747 2563 σκηνῇ
2801 2489 3033 2543 ἐνώπιον
3079 2490 3182 2560 τῆς
3225 2489 3486 2552 κιϐωτοῦ,
3528 2489 3738 2560 Νεεμία

2136 2584 2230 2637 ἐπὶ
2244 2588 2309 2656 τῇ
2328 2584 2612 2655 ἁνεγέρσει
2640 2582 2749 2635 τῶν
2772 2582 2967 2653 τειχῶν
2991 2584 3086 2635 καὶ
3113 2580 3206 2634 τοῦ
3230 2580 3565 2653 Ζοροϐάϐελ,
3593 2582 3738 2634 Ma:-

448 2689 663 2745 preces,
698 2674 795 2729 tibi
827 2690 952 2729 cum
982 2675 1239 2741 scientia,
1281 2691 1378 2746 per
1416 2675 1697 2733 Christum
1733 2678 1787 2731 in
1823 2676 2032 2749 Spiritu

2182 2675 2297 2729 ιθία
2319 2678 2414 2730 καὶ
2431 2676 2540 2729 τῶν
2562 2675 2695 2728 υἱῶν
2723 2674 2892 2727 αὑτοῦ
2916 2678 2975 2725 ἐν
3009 2674 3088 2745 τῷ
3109 2673 3254 2745 ςὴλῳ
3283 2690 3401 2739 σου,
3445 2672 3641 2745 Ἰαὸἡλ
3665 2674 3737 2743 (7)

448 2770 683 2824 oblatas.

962 3061 1192 3120 CAPUT
1236 3063 1521 3120 XXXVIII.

811 3151 1001 3208 Oratio
1032 3170 1128 3223 pro
1160 3172 1253 3226 ope
1272 3157 1441 3227 justi:
1482 3158 1674 3215 allata.

523 3243 751 3315 Agimus
790 3247 888 3301 tibi
919 3248 1127 3318 gratias
1156 3249 1224 3304 de
1254 3252 1551 3314 universis,
1582 3251 1812 3308 Domine
1856 3256 2039 3310 omni-

450 3346 677 3408 potens;
730 3341 876 3411 quod
931 3342 1341 3399 misericordias
1389 3351 1511 3398 tuas
1555 3352 1611 3400 et
1652 3345 2036 3404 miserationes

451 3446 560 3485 non
595 3433 875 3489 removisti
918 3448 948 3487 a
980 3434 1174 3501 nobis;
1218 3435 1311 3490 sed
1348 3451 1444 3506 per
1481 3437 1727 3508 singulas
1751 3445 1940 3495 anates
1973 3456 2037 3496 ac

449 3525 831 3593 generationes
872 3541 1098 3589 servas.
1148 3528 1351 3598 eripis,
1390 3529 1716 3599 Opitularis,
1768 3533 2035 3604 protegis.

449 3614 619 3688 Opem
660 3619 804 3673 enim
845 3619 1021 3673 tulisti
1058 3618 1115 3673 in
1145 3619 1341 3675 diebus
1367 3619 1535 3675 Enosi
1586 3630 1639 3677 et
1670 3622 1940 3689 Henochi,
1980 3626 2035 3681 in

450 3707 643 3763 diebus
670 3708 836 3766 Mosis
865 3726 929 3764 ac
950 3709 1103 3776 Jesu,
1138 3711 1195 3766 in
1227 3712 1422 3769 diebus
1452 3712 1724 3783 judicum,
1760 3716 1813 3770 in
1842 3718 2034 3774 diebus

452 3796 726 3856 Samuelis
772 3810 828 3857 et
865 3801 1000 3857 Elite
1046 3812 1213 3873 atque
1267 3805 1681 3875 pr0pbetarum,
1733 3808 1787 3861 in
1837 3810 2034 3865 diebus

450 3891 671 3948 Davidis
691 3908 756 3948 ac
784 3909 996 3964 regum,
1025 3895 1083 3949 in
1113 3896 1308 3951 diebus
1334 3896 1579 3952 Estherae
1605 3906 1659 3953 ct
1687 3898 2031 3966 Mardocbaei,

449 3986 505 4039 in
550 3985 745 4042 diebus
778 3984 1050 4051 Judithte,
1112 3990 1168 4043 in
1211 3989 1407 4045 diebus
1451 3988 1606 4046 Judaa
1642 3991 1936 4049 Machabaai
1979 4003 2035 4051 et

448 4078 682 4132 fratrum
732 4079 873 4148 ejus.
928 4079 1103 4135 Etiam
1156 4081 1211 4136 in
1269 4081 1465 4139 diebus
1519 4085 1722 4140 nostris
1768 4087 2033 4142 auxilium

448 4170 609 4225 nobis
649 4170 845 4236 tulisti,
872 4187 969 4241 per
1014 4188 1272 4243 magnum
1315 4181 1470 4229 tuum
1502 4177 1811 4246 pontiﬁcem
1848 4177 2035 4234 Jesum

446 4260 729 4318 Christum
759 4261 956 4317 Filium
997 4272 1176 4321 tuum.
1212 4264 1424 4322 Etenim
1456 4283 1524 4323 ex
1554 4269 1735 4339 gladio
1759 4269 2031 4339 liberavit,

446 4360 501 4406 et
530 4353 726 4408 alendo
750 4354 956 4425 eripuit
992 4371 1022 4409 a
1056 4355 1220 4422 fame,
1257 4375 1324 4413 ex
1361 4360 1555 4414 morbo
1590 4361 1830 4427 sanavit,
1860 4377 1892 4416 a
1922 4364 2033 4419 lin-

2061 3162 2108 3225 (Ζ

2138 2770 2196 2822 ὲν
2227 2768 2516 2837 εὐλογίαις.
2550 2769 2661 2821 Καὶ
2688 2768 2783 2820 νῦν
2800 2762 2896 2820 οῦν
2918 2766 3209 2838 πρόσδεξαι
3236 2765 3336 2830 τὰς
3355 2765 3453 2818 τοῦ
3482 2765 3620 2820 λαοῦ
3652 2782 3741 2821 σου

2139 2860 2472 2933 προσευχὰς,
2509 2877 2607 2931 μετ
2627 2862 2639 2881 ‘
2670 2858 3023 2928 ἐπιγνώσεως
3062 2875 3147 2912 σοι
3174 2858 3263 2911 διὰ
3290 2859 3534 2929 Χριστοῦ
3578 2875 3743 2929 προσ-

2137 2956 2451 3027 φερομένας
2477 2958 2535 3009 ἐν
2564 2954 2643 3026 τῷ
2672 2953 2971 3025 Πνεῦματι.

2662 3067 3061 3122 ΚΕΦΑΛΑΙΟΝ
3096 3066 3226 3120 AH'.

2434 3160 2757 3231 Προσευχὴ
2794 3158 3176 3230 ἀντιλήψεως
3211 3157 3480 3213 δικαίων.

2216 3254 2661 3327 Εὐχαριστοῦμέν
2694 3271 2776 3307 σοι
2814 3254 2943 3325 περὶ
2980 3253 3218 3319 πάντων,
3250 3251 3501 3306 Δέσποτα
3541 3251 3743 3306 παντό⁴

2143 3366 2370 3421 κρατορ’
2416 3348 2497 3402 ὅτι
2537 3349 2637 3402 οὐκ
2673 3345 3031 3417 ἐγκατέλιπες
3076 3345 3145 3399 τὰ
3189 3345 3313 3417 ἐλέη
3346 3362 3441 3398 σου
3482 3346 3583 3399 καὶ
3618 3347 3743 3407 τοὺς

2140 3439 2459 3512 οἰκτιρμούς
2499 3457 2592 3493 σου
2619 3441 2712 3509 ἀφ’
2742 3439 2921 3511 ἡμῶν·
2952 3437 3089 3492 ἀλλὰ
3123 3437 3245 3491 καθ’
3274 3439 3519 3509 ἑκάστην
3550 3438 3744 3505 γενεὰν

2142 3534 2239 3587 καὶ
2283 3532 2476 3601 γενεὰν
2524 3531 2744 3599 σώζεις,
2789 3531 2923 3603 ῥύῃ,
2962 3529 3361 3602 ἀπιλαμὸάνῃ,
3413 3529 3739 3594 σκεπάζεις.

2145 3624 2467 3679 Ἀντελάϐου
2523 3623 2633 3695 γὰρ
2680 3625 2739 3677 ἐν
2784 3624 3023 3694 ἡμέραις
3067 3620 3235 3685 Ἐνὼς
3280 3622 3377 3675 καὶ
3429 3621 3641 3691 Ἑνὼχ,
3687 3623 3743 3673 ἐν

2141 3719 2379 3790 ἡμέραις
2413 3717 2587 3787 Μωσῆ
2627 3716 2721 3770 καὶ
2758 3714 2957 3788 Ἰησοῦ,
3000 3717 3057 3767 ἐν
3085 3715 3324 3786 ἡμέραις
3359 3713 3473 3767 τῶν
3514 3714 3741 3786 κριτῶν,

2142 3811 2200 3862 ὲν
2229 3811 2466 3882 ἡμέραις
2495 3806 2655 3862 Δαυῖδ
2694 3809 2789 3863 καὶ
2814 3808 2924 3861 τῶν
2962 3807 3245 3878 βασιλέων,
3276 3808 3335 3859 ἐν
3363 3805 3611 3878 ἡμέραις
3639 3806 3741 3857 Σα-

2146 3903 2316 3974 unum
2370 3903 2463 3955 καὶ
2504 3902 2664 3954 Ἠλία
2704 3900 2800 3954 καὶ
2849 3900 2958 3953 τῶν
3012 3897 3331 3970 προφητῶν,
3386 3899 3448 3951 ἐν
3502 3899 3742 3969 ἡμέραις

2159 3995 2359 4067 Ἐσθὴρ
2404 3995 2499 4048 καὶ
2543 3992 2918 4066 Μαρδοχαίου,
2967 3993 3026 4046 ἐν
3076 3992 3317 4063 ἡμέραις
3370 3990 3628 4056 ἰουδεὶθ,
3686 3992 3741 4042 ἐν

2140 4087 2376 4159 ἡμέραις
2403 4086 2576 4139 Ἰούδα
2603 4084 2965 4140 Μακκαὸαίου
3005 4084 3099 4137 καὶ
3126 4084 3233 4137 τῶν
3268 4082 3517 4153 ἀδελφῶν
3549 4082 3719 4137 αὑτοῦ

2142 4180 2254 4234 Καὶ
2282 4180 2338 4232 ἐν
2366 4182 2487 4243 ταῖς
2521 4178 2759 4251 ἡμέραις
2792 4177 2950 4249 ἡμῶν
2989 4175 3283 4229 ἁντελὰϐου
3322 4176 3483 4247 ἡμῶν
3525 4176 3620 4231 διὰ
3646 4176 3739 4229 τοῦ

2147 4272 2383 4343 μεγάλου
2431 4288 2523 4325 σου
2572 4270 2875 4342 ἀρχιερέως
2910 4269 3088 4340 Ἰησοῦ
3128 4268 3365 4341 Χριστοῦ
3408 4269 3508 4323 τοῦ
3544 4269 3742 4333 Παιδὸς

2144 4383 2258 4420 σου.
2306 4366 2415 4419 Καὶ
2442 4364 2553 4418 ἀπὸ
2593 4364 2869 4435 μαχαίρας
2896 4361 3006 4436 γὰρ
3033 4362 3325 4437 ἐρρύσατο,
3357 4364 3456 4417 καὶ
3483 4365 3550 4418 ἐκ
3578 4362 3739 4435 λιμοῦ

509 4514 555 4547 ³⁸
581 4511 715 4568 Gen.
755 4530 829 4570 tv.
903 4516 949 4547 "
973 4515 1247 4572 Gen.vm.
1325 4519 1368 4551 ³⁷
1401 4518 1539 4577 Gen.
1564 4535 1665 4575 xtt.
1756 4522 1800 4554 ³⁸
1823 4519 1960 4579 Gen.
1991 4541 2129 4583 xxn.
2207 4526 2251 4558 "
2280 4524 2414 4580 Gen.
2438 4542 2601 4581 xxxv.
2680 4526 2725 4556 ⁸ο
2753 4523 3041 4580 Exod.xn.
3117 4525 3161 4556 “
3192 4523 3353 4579 Num.
3389 4540 3502 4577 xvi.
3546 4525 3592 4555 δ’
3620 4522 3737 4577 Jos.

446 4599 501 4638 v.
582 4584 628 4615 "
650 4583 831 4642 Judic.
868 4602 920 4641 vl
946 4597 1000 4642 et
1025 4604 1140 4642 vm.

1219 4586 1475 4643 “Judic.
1511 4608 1631 4646 χιιι.
1708 4590 1960 4649 “Judic.
2015 4613 2085 4651 xv
2115 4608 2170 4652 et
2221 4613 2332 4651 va.
2410 4596 2456 4627 “
2478 4595 2660 4650 Judic.
2719 4612 2795 4649 χι.
2871 4596 2915 4628 ⁵⁷
2952 4594 3134 4650 Judic.
3175 4612 3247 4648 Iv.

3331 4596 3387 4664 “7
3406 4594 3428 4664 ,ι
3468 4593 3603 4664 Reg.
3638 4610 3735 4647 vn.

448 4656 497 4735 δή
524 4652 542 4706 I
573 4652 917 4735 ParaI:_xxt;
973 4657 1120 4735 '°_Ill
1146 4658 1276 4730 Reg.
1311 4668 1573 4735 Itl_et_vltt.
1613 4660 1760 4735 "VIII
1796 4662 1929 4735 Reg.
1968 4683 2125 4722 xvnt.
2201 4669 2246 4698 "
2289 4666 2353 4720 IV
2376 4664 2508 4735 Reg.
2550 4682 2608 4719 ιι.
2682 4666 2729 4697 ⁸⁸
2760 4663 2803 4720 Il
2837 4665 3017 4720 Paral.
3063 4682 3218 4719 xvut.
3296 4665 3344 4697 “
3373 4663 3440 4718 IV
3499 4652 3632 4735 R53.
3667 4678 3737 4717 xx

447 4732 503 4801 et
539 4741 651 4801 xix.
730 4728 774 4761 "
812 4727 855 4801 ll
881 4727 1060 4801 Paul.
1100 4727 1313 4801 xxxtilt
1344 4732 1415 4801 7“
1445 4730 1488 4784 II
1522 4732 1701 4786 Paral.
1743 4727 1907 4788 xxxv'.
1986 4738 2084 4793 "f

2182 4738 2326 4801 ίσκᾳ.
2370 4727 2612 4791 "lEsdr.
2650 4751 2767 4791 vttt.
2842 4738 2888 4769 "
2928 4737 3063 4791 Dan.
3093 4753 3145 4790 vt
3176 4744 3230 4791 et
3253 4753 3363 4789 xtv.
3430 4736 3491 4801 7“
3519 4727 3646 4789 «Ιοῖι.
3674 4751 3734 4789 ιι.

449 4794 493 4826 ⁸⁸
518 4796 657 4851 .ι)311.
682 4813 766 4853 ιιι.
836 4799 879 4830 ⁶⁹
906 4797 1076 4870 chg.
1109 4816 1144 4855 ι.
1219 4802 1264 4832 ⁸³
1298 4800 1598 4858 lEsdr.m.
1674 4806 1719 4836 “
1748 4806 1766 4858 Ι
1791 4804 1967 4862 Much.
1996 4824 2051 4862 ιι.

2206 4793 2391 4863 ιυίιιε.
2424 4824 2478 4874 v,
2513 4806 2603 4861 at.

1776 4963 2138 5023 VARIORUM
2174 4966 2405 5022 NOTAE.

520 5065 601 5210 ἓὸζ
643 5067 759 5122 Ἐκ.
791 5069 960 5122 Αὐτὸν
991 5070 1075 5124 ὲκ.
1110 5068 1203 5125 Sic
1225 5070 1368 5125 idem
1389 5071 1514 5126 cod.
1536 5072 1704 5129 Οιειι.

544 5138 578 5191 4
646 5139 1231 5210 ἸακὼϐἑνΒηθλεέμε
1258 5142 1478 5204 Bovius,
1504 5145 1557 5197 in
1583 5144 1704 5198 Betlt

544 5138 608 5218 4)_
646 5139 928 5218 Ἰακὼϐἑνξ
941 5141 1231 5218 Βηθλεέμε
1258 5142 1478 5218 Bovius,
1504 5144 1779 5218 in__BetItel.
1804 5150 2029 5218 optime,

451 5212 566 5266 sive
596 5210 670 5263 ita
698 5214 998 5280 repererit,
1032 5213 1146 5267 sive
1170 5210 1497 5268 emendarit.
1544 5213 1745 5270 Notum
1777 5210 1892 5274 haEc
1922 5210 2033 5274 duo

452 5281 674 5352 nomina
712 5282 805 5349 ubi
845 5296 942 5350 per
968 5285 1353 5352 compendium
1390 5285 1730 5349 scribuntur,
1768 5290 2032 5346 confundi

451 5350 609 5423 facile
626 5366 690 5423 ac
718 5352 961 5423 librariis
992 5350 1169 5423 fraudi
1199 5370 1324 5423 esse
1344 5375 1365 5423 _:
1390 5356 1545 5423 Aquod
1575 5372 1803 5423 cernere
1832 5361 1955 5423 licet
1976 5363 2029 5415 in

449 5416 1147 5487 Cln'unicoAAlexandrino,
1196 5434 1250 5487 p.
1296 5416 1431 5472 illi:
1461 5424 1605 5473 Sane
1650 5420 1721 5474 ob
1768 5421 2016 5478 eumdem

447 5485 781 5558 erroremAS.
813 5487 1139 5543 Ambrosius
1169 5485 1263 5542 lib.
1298 5504 1335 5541 ιι
1372 5489 1444 5558 [)e
1473 5488 1667 5550 Iacob.
1690 5504 1809 5557 cap.
1841 5487 1891 5553 7,
1920 5506 2017 5558 pro

449 5554 817 5628 Bel/rel,__Gen.
849 5572 1015 5619 xxxv,
1046 5559 1174 5612 dum
1207 5559 1333 5624 legit
1362 5557 1684 5628 Bethlelmn.
1726 5554 1805 5614 sic
1840 5554 2013 5628 qu'ui-

446 5633 573 5678 tur:
633 5624 938 5696 Exsurgens
984 5629 1206 5698 escende
1253 5629 1309 5681 in
1356 5627 1529 5683 locum
1573 5627 1873 5683 Bethlehem
1908 5624 2015 5698 {eo

443 5702 607 5771 modo
644 5710 872 5771 prorsus
898 5697 1061 5771 scribi
1089 5697 1286 5771 debere
1313 5699 1508 5753 docent
1536 5701 1818 5771 sequentia
1843 5699 1884 5771 ),
1915 5700 2012 5754 hoc

438 5776 511 5835 es}
548 5765 601 5835 in
652 5766 866 5817 domum
899 5768 1081 5835 panis,
1126 5766 1216 5821 ubi
1246 5779 1403 5821 natus
1445 5779 1524 5827 est
1557 5765 1799 5823 Cﬁrislus
1823 5765 2011 5833 {sicut

438 5830 695 5889 Micha’as
745 5830 998 5904 propheta
1050 5830 1268 5893 testatus
1322 5847 1435 5907 est,
1496 5840 1673 5893 dicens
1708 5830 1854 5895 ,πει
1912 5854 2004 5909 ιιι,

2144 5078 2466 5140 Bethlehem,
2500 5076 2689 5132 domus
2719 5075 2984 5145 Ephrata,
3020 5097 3039 5130 ι
3064 5086 3171 5133 etc.
3204 5078 3345 5135 Co'r.

2234 5150 2290 5229 ξ»)
2322 5148 2877 5229 Ξεναεεηρείμοὲὶοὲ-
2920 5146 3413 5229 Ῡίπῑάςὲἱενακιρέἳ·
3446 5150 3544 5229 ςι-

2235 5218 2289 5287 6)
2325 5220 2417 5273 Ἑν
2430 5218 2512 5285 τῷ
2536 5218 2773 5287 Φασσᾷ.
2808 5218 2927 5274 Νοιι
2947 5219 3240 5275 infeliciter
3268 5218 3404 5275 mihi
3427 5222 3619 5276 videor
3634 5237 3733 5277 vo-

2138 5289 2447 5362 cem'nihili
2478 5289 2667 5344 Φασσά
2700 5290 2803 5344 boc
2851 5291 2972 5362 loco
3017 5301 3261 5347 mutasse
3305 5291 3362 5362 in
3405 5293 3742 5362 praeclarum

2137 5361 2466 5417 vocabulum
2497 5361 2706 5432 ¢_&d‘xa,
2737 5360 2882 5431 quod
2911 5368 2995 5416 est
3024 5362 3207 5416 Φασέκ
3234 5361 3277 5416 II
3308 5360 3548 5432 Paralip.
3581 5379 3731 5417 xxxv

2137 5440 2191 5487 et
2212 5448 2366 5504 xxx,
2399 5446 2495 5504 seu
2526 5429 2772 5504 Pascha;
2820 5432 3051 5486 docente
3083 5429 3563 5504 magnotheologo
3593 5433 3730 5489 Gre-

2174 5504 2295 5557 orio
2324 5501 2674 5573 Nazianzeuo
2708 5502 2762 5556 in
2794 5506 3047 5557 oratione
3066 5502 3157 5569 42,
3180 5501 3247 5573 ἶ).
3280 5502 3411 5568 682,
3446 5501 3566 5559 683.
3603 5506 3676 5557 At
3698 5520 3725 5555 ει

2176 5574 2461 5643 octissimo
2482 5570 2786 5643 f'fl‘urriano.
2819 5574 2913 5642 qui
2950 5575 3132 5633 vertit.
3168 5570 3222 5627 in
3250 5574 3487 5643 Sanpha,
3518 5575 3726 5629 intelli-

2116 5644 2303 5714 gitur.
2337 5643 2391 5698 ni
2422 5642 2603 5714 fallor,
2639 5641 2859 5712 Saphau
2883 5644 3090 5714 Σαφάν,
3122 5644 3240 5699 sive
3263 5641 3517 5714 Σαπφάν,
3539 5645 3727 5699 scriba

2139 5715 2325 5836 templi
2354 5713 2567 5766 Domini
2598 5714 2936 5783 temporibus
2964 5713 3127 5770 Josiae
3148 5716 3315 5786 regis.
3342 5713 3479 5771 οοτ.

2212 5788 2228 5836 t'
2272 5784 2289 5836 I
2339 5782 2549 5836 Ἰωϐήλ.
2604 5782 2700 5836 Est
2742 5784 2905 5836 'laik
2938 5788 3086 5836 Jael.
3131 5796 3225 5836 aut
3282 5790 3454 5836 Jahel-

2156 5782 2298 5923 ,Ι
2339 5782 2549 5908 ’ξςδήλ
2604 5782 2907 5857 Εείπίαῆλ,
2938 5788 3086 5854 lati.
3131 5782 3235 5839 alii
3282 5790 3454 5847 Jahel.
3483 5783 3729 5857 ἕσσει)δο
