3812 6352
1012 315 1523 373 CONSTITUTION
1532 316 1615 372 ES
1646 314 2125 387 APOSTOLICIE.
2147 346 2216 359 —
2233 316 2363 374 LIB.
2402 315 2510 371 ΥΠ.

3265 312 3401 372 1038

116 431 355 502 ἐξείλετο
408 432 739 505 διαθρέψας,
785 434 854 488 ἐκ
896 434 1052 490 νόσου
1101 436 1307 501 ἰάσατο,
1356 437 1422 489 ἐκ
1466 436 1719 508 γλώσσης
1747 444 1794 500 Α
1823 450 1928 506 gua
1968 436 2111 489 mala

1860 450 1928 489 ua
1968 436 2111 489 mala
2145 435 2401 506 protexit.
2450 435 2525 490 De
2564 432 2824 489 omnibus
2867 432 2967 486 tibi
3003 446 3100 502 per
3120 431 3402 489 Christum

118 526 364 597 πονηρᾶς
410 525 705 579 ἐσκέπασε.
766 526 903 599 Περὶ
957 528 1174 583 πάντων
1206 544 1307 587 ,σοι
1350 526 1440 581 διὰ
1476 528 1714 599 Χριστοῦ

119 616 576 689 εὐχαριστοῦμεν.
630 617 691 670 ὐ
721 618 817 671 καὶ
844 620 1027 691 φωνὴν
1064 618 1325 691 ἔναρθρον
1352 622 1433 683 είς
1464 618 1717 691 ἐξομολό-

120 727 281 779 γησιν
311 710 720 782 δωρησάμενος
754 711 850 764 καὶ
876 710 1130 781 γλῶσσαν
1169 711 1532 783 εὐάρμοστον,
1560 714 1718 785 δίκην

118 802 427 875 πλήκτρου,
456 803 534 866 ώς
564 803 798 875 ὄργανον
829 803 1069 868 ὑποθείς.
1127 806 1238 858 Καὶ
1262 804 1452 873 γεῦσιν
1481 805 1721 877 πρόσφο-

120 912 234 967 ρον,
292 896 392 949 καὶ⁵
448 896 592 967 ἁφὴν
643 896 1001 969 κατάλληλον,
1060 898 1155 951 καὶ
1200 898 1390 969 ὅρασιν
1445 897 1593 965 θέας,
1624 898 1721 952 καὶ

117 989 293 1059 ἀκοὴν
340 988 549 1058 φωνῆς,
590 989 685 1042 καὶ
729 988 998 1061 ὄσφρησιν
1035 990 1245 1061 ἀτμῶν,
1286 990 1381 1043 καὶ
1418 994 1604 1062 χεῖρας
1640 991 1720 1055 είς

118 1082 305 1152 ἔργον,
356 1082 456 1134 καὶ
502 1080 670 1143 πόδας
713 1080 852 1153 πρὸς
894 1080 969 1151 (8)
1017 1081 1345 1153 ὁδοιπορίαν.
1394 1083 1505 1135 Καὶ
1545 1082 1720 1136 ταῦτα

123 1174 302 1227 πάντα
331 1174 398 1226 ἐκ
428 1174 630 1244 μικρᾶς
660 1172 919 1241 σταγόνος
946 1172 1293 1237 διαπλάττεις
1320 1172 1394 1244 (9)
1425 1174 1483 1227 ἐν
1515 1174 1715 1246 μήτρᾳ,

121 1265 213 1318 aut
240 1265 427 1337 ψυχὴν
464 1265 729 1318 ἀθάνατον
762 1263 901 1335 μετά
934 1265 1033 1337 τὴν
1062 1263 1330 1336 μόρφωσιι
1373 1264 1595 1337 χαρίζῃ,
1625 1266 1720 1319 καὶ

121 1357 388 1431 προάγεις
425 1360 507 1421 είς
545 1357 679 1426 φῶς.
727 1358 800 1410 Τὸ
828 1357 1046 1427 λογικὸν
1083 1356 1243 1425 ζῶον,
1281 1357 1374 1411 τὸν
1410 1357 1718 1429 ἄνθρωπον,

120 1450 310 1521 νόμοις
366 1450 712 1515 ἐπαίδευσας,
766 1448 1129 1521 δικαιώμασιν
1183 1448 1526 1520 ἐφαίδρυναςο
1584 1448 1721 1520 πρὸς

117 1542 301 1613 ὀλίγον
352 1544 577 1612 ἐπάγων
621 1542 886 1611 διάλυσιν,
916 1538 1017 1615 τὴν
1046 1543 1342 1597 ἀνάστασιν
1382 1542 1717 1613 ἐπηγγείλω.

122 1635 282 1698 Heio;
328 1634 620 1707 τοιγαροῦν
667 1634 948 1707 αὐτάρκης
996 1634 1137 1705 βίος,
1186 1633 1397 1689 αἰώνων
1441 1634 1499 1687 δὲ
1546 1634 1720 1705 μῆκος

120 1726 287 1779 πόσον
336 1728 617 1798 διαρκέσει
662 1726 972 1798 ἀνθρώποις
1014 1726 1152 1799 πρὸς
1188 1726 1566 1797 εὐχαριστίαν;
1596 1726 1630 1796 ἢ
1660 1727 1721 1779 τὸ

123 1818 222 1887 μὲν
249 1819 391 1891 πρὸς
420 1816 576 1883 ἀξίαν
606 1818 887 1887 ἀδύνατον,
910 1819 971 1871 τὸ
998 1819 1056 1872 δὲ
1076 1818 1218 1872 κατὰ
1244 1818 1471 1889 δύναμιν
1499 1817 1715 1887 εὐαγές.
1753 1805 1793 1859 Β

135 1911 386 1984 Ἐῥρύσω
413 1911 523 1983 γάρ
560 1911 815 1976 ἀσεὸείας
852 1911 1151 1980 πολυθέων,
1192 1912 1288 1966 καλ⁵
1324 1911 1719 1984 χριστοκτόνων

121 2005 389 2076 αἱρέσεως
427 2004 631 2070 ἐξείλου
648 2048 663 2073 ,
697 2004 945 2077 πεπλανη
954 2004 1121 2078 μένης
1158 2005 1383 2074 ἀγνοίας
1413 2004 1718 2076 ἠλευθέρω-

126 2113 242 2160 σαςο
273 2099 370 2151 τὸν
398 2098 635 2169 Χριστὸν
677 2097 1002 2161 ἀπέστειλας
1036 2098 1118 2161 είς
1147 2096 1468 2169 ἀνθρώπους
1503 2097 1579 2159 ώς
1608 2096 1719 2168 (10)

123 2188 435 2261 ἄνθρωπον,
501 2188 635 2242 Θεὸν
689 2188 823 2243 ὂντα
877 2189 1160 2261 μονογενῆ·
1219 2189 1310 2243 τὸν
1364 2187 1721 2260 Παράκλητον

124 2280 395 2351 ἐνῴκισας
438 2283 592 2353 ἡμῖν’
638 2281 910 2352 ἀγγέλους
957 2282 1293 2352 ἐπέστησας,
1335 2281 1429 2335 τὸν
1473 2280 1720 2334 διάϐολον

124 2373 385 2445 ᾔσχυνας
418 2375 520 2428 οὐκ
549 2375 708 2437 ὄντας
735 2374 1019 2447 ἐποίησας,
1047 2374 1374 2445 γενομένους
1404 2372 1716 2442 φυλάσσεις.

123 2466 269 2539 ζωὴν
299 2468 644 2539 ἐπιμετρεῖς,
672 2469 928 2540 χορηγεῖς
954 2468 1181 2539 τροφήν·
1226 2466 1515 2534 μετάνοιαν
1544 2466 1719 2536 ἐπηγ-

122 2560 312 2627 γείλω.
360 2561 535 2631 ’Υπὲρ
576 2562 829 2615 ἁπάντων
870 2578 950 2614 σοι
972 2563 1011 2631 ή
1043 2559 1170 2625 δόξα
1209 2560 1303 2615 καὶ
1330 2559 1391 2613 τὸ
1422 2560 1603 2625 σέϐας,
1632 2558 1723 2613 διά

138 2652 317 2723 Ἰησοῦ
347 2653 584 2726 Χριστοῦ
618 2654 751 2726 (Η),
776 2651 899 2720 νῦν,
931 2654 1025 2706 καὶ
1060 2653 1148 2707 ἀεὶ
1186 2652 1321 2724 (12),
1350 2653 1447 2707 καὶ
1482 2654 1562 2716 είς
1595 2652 1722 2715 τοὺς

123 2744 349 2809 αἰῶνας.
403 2745 595 2817 Ἀμήν.
646 2744 834 2798 Ταῦτα
881 2744 1162 2816 μελετᾶτε,
1207 2745 1446 2814 ἀδελφοί’
1496 2745 1590 2799 καὶ
1634 2745 1717 2817 εῐη

122 2839 159 2899 ό
178 2840 387 2912 Κύριος
419 2839 536 2911 μεθ’
566 2838 719 2910 ὑμῶν
750 2838 845 2891 ἐπὶ
874 2838 1001 2908 γῆς,
1030 2839 1124 2891 καὶ
1159 2838 1216 2891 ἐν
1243 2840 1311 2909 τῇ
1355 2837 1600 2910 βασιλείᾳ
1624 2837 1719 2891 τοῦ

127 2930 351 3003 Πατρδς
398 2929 587 2998 αὐτοῦ,
643 2930 739 2984 τοῦ
789 2931 885 2985 καὶ⁹
920 2930 1081 2984 αὐτὸν
1138 2928 1577 2997 ἀποστείλαντος,
1626 2931 1721 2983 καὶ⁸

127 3021 281 3096 ἡμᾶς
309 3023 377 3077 δι’
408 3022 575 3077 αὐτοῦ
616 3021 1083 3094 ἐλευθερώσαντος
1113 3022 1180 3075 ἐκ
1206 3022 1309 3092 τῆς
1349 3020 1589 3086 δουλείας
1618 3022 1722 3093 τῆς

128 3211 603 3284 ἐπαγγειλαμένου
648 3213 761 3274 τοῖς
796 3211 863 3264 δι’
892 3208 1057 3264 αὐτοῦ
1105 3208 1460 3263 πιστεύσασιν
1505 3209 1586 3273 είς
1627 3208 1718 3261 τὸν

1818 527 2024 598 gratias
2053 528 2289 598 agimus.
2325 527 2431 594 Qui
2476 533 2532 583 et
2567 541 2760 581 vocem
2805 525 3153 581 articulatam
3204 523 3403 581 dedisti

1820 622 1888 677 ad
1934 622 2374 687 confessionem;
2425 628 2481 675 et
2524 620 2769 691 linguam
2821 627 3036 688 aptam,
3082 616 3275 688 plectri
3326 616 3405 672 si-

1822 717 2039 781 milem,
2087 724 2349 787 tanquam
2394 728 2662 785 organum
2713 710 3035 782 subjecisti;
3083 716 3137 764 et
3184 716 3406 780 gustum

1820 809 2191 873 commodum,
2223 817 2277 863 et
2308 815 2518 861 tactum
2562 805 2999 867 convenientem,
3038 810 3093 858 et
3121 802 3298 858 visum
3336 800 3404 855 ad

1822 901 2206 973 spectandum,
2243 907 2300 955 et
2345 899 2593 953 auditum
2644 898 2713 952 ad
2746 894 3148 967 percipiendam
3190 908 3403 956 vocem.

1819 1001 1874 1049 et
1915 993 2202 1049 odoratum
2254 992 2320 1047 ad
2363 991 2561 1046 odores
2608 987 2965 1053 hauriendos,
3008 994 3066 1041 et
3095 1000 3292 1040 manus
3336 985 3405 1039 ad

1820 1101 1979 1156 opus,
2010 1093 2067 1141 et
2092 1085 2261 1157 pedes
2292 1084 2359 1138 ad
2392 1084 2838 1138 ambulationem.
2868 1080 3047 1152 Atque
3073 1079 3189 1133 haec
3222 1077 3406 1132 omnia

1819 1193 1885 1232 ex
1918 1192 2087 1248 parva
2118 1185 2275 1247 gutta
2320 1176 2526 1231 formas
2562 1175 2618 1230 in
2652 1182 2833 1238 utero,
2866 1188 2931 1228 ac
2958 1181 3083 1243 post
3126 1171 3407 1242 ﬁguratio-

1819 1285 1945 1325 nem
1979 1270 2219 1323 animam
2249 1268 2615 1324 immortalem
2642 1268 2816 1323 donas
2836 1307 2853 1333 ,
2885 1273 2939 1321 et
2978 1266 3036 1320 in
3072 1266 3249 1319 lucem
3278 1278 3410 1333 pro-

1821 1360 2002 1416 ducis.
2051 1361 2273 1415 Animal
2317 1361 2607 1425 rationale,
2646 1360 2946 1423 hominem,
2980 1358 3195 1429 legibus
3222 1358 3409 1413 erudi-

1819 1453 1971 1516 visti,
1996 1452 2492 1522 justiticationibus
2545 1452 2879 1507 illustrasti:
2922 1451 3191 1506 inducens
3229 1450 3404 1507 disso-

1820 1543 2089 1599 lutionem
2122 1544 2192 1599 ad
2220 1545 2386 1599 breve
2423 1552 2663 1613 tempus,
2708 1544 3171 1599 resurrectionem
3201 1542 3409 1613 promi-

1819 1636 1962 1692 sisti.
2022 1635 2157 1702 Quae
2235 1636 2400 1707 igitur
2459 1637 2570 1690 vita
2635 1635 2912 1692 sufﬁciens
2980 1642 3035 1690 et
3084 1638 3407 1691 saeculorum

1822 1736 2029 1798 quanta
2062 1728 2436 1798 longinquitas
2464 1728 2781 1783 hominibus
2807 1728 2942 1783 satis
2972 1727 3078 1782 erit
3108 1727 3175 1781 ad
3204 1726 3411 1798 gratia.

1822 1836 1946 1875 rum
1969 1820 2241 1875 actionem
2264 1820 2287 1874 3
2326 1818 2437 1875 Sed
2474 1820 2529 1874 id
2553 1821 2773 1891 quidem
2797 1835 2898 1891 pro
2927 1819 3194 1891 dignitate
3224 1834 3407 1889 agere.

1823 1912 2172 1984 impossibile
2202 1920 2287 1968 est
2311 1931 2326 1981 ;
2375 1928 2477 1984 pro
2501 1913 2716 1968 viribus
2756 1921 2940 1968 autem
2970 1920 3254 1982 praastare,
3282 1928 3411 1967 san-

1823 2015 1971 2062 ctum
2012 2022 2077 2061 ac
2113 2006 2285 2077 pium.
2319 2004 2367 2036 °‘
2406 2006 2542 2061 Nam
2584 2006 2837 2061 exemisti
2878 2020 2980 2060 nos
3021 2020 3088 2059 ex
3135 2006 3414 2074 impietate

1822 2113 2013 2154 eorum
2050 2099 2143 2170 qui
2184 2098 2376 2169 plures
2401 2097 2536 2155 deos
2573 2100 2787 2163 colunt,
2826 2105 2883 2154 et
2912 2098 3162 2167 eripuisti
3197 2112 3227 2150 a
3262 2104 3411 2151 secta

1824 2189 2044 2245 illorum
2082 2190 2179 2261 qui
2203 2189 2489 2246 Christum
2516 2190 2863 2256 occiderunt,
2891 2188 3136 2245 liherasti
3164 2189 3233 2243 ab
3260 2188 3415 2259 igno-

1822 2283 2016 2338 rantiae
2044 2298 2235 2338 errore
2269 2302 2285 2339 :
2326 2282 2609 2339 Christum
2641 2284 2709 2338 ad
2739 2282 3015 2347 homines,
3045 2281 3205 2352 quasi
3236 2280 3415 2335 homi—

1822 2390 1950 2430 nem
1984 2375 2206 2439 misisti,
2238 2375 2330 2443 qui
2369 2375 2535 2430 etiam
2570 2384 2656 2430 est
2678 2373 2824 2430 Deus
2851 2373 3172 2443 unigenitus
3205 2370 3415 2426 :Para-

1822 2468 2026 2523 oletum
2076 2469 2132 2521 in
2174 2467 2337 2523 nobis
2394 2466 2575 2522 fecisti
2627 2465 2919 2534 habitare;
2981 2464 3205 2535 angelos
3253 2463 3416 2518 nobis

1822 2559 2151 2631 praefecisti;
2180 2559 2461 2615 diabolum
2487 2558 2760 2615 dedecore
2787 2558 3097 2628 aspersisti;
3132 2570 3255 2622 nos,
3286 2570 3412 2609 cum

1822 2668 1933 2707 non
1961 2667 2237 2716 essemus,
2289 2651 2489 2717 fecisti,
2525 2651 2701 2707 factos
2741 2666 3073 2717 conservas;
3106 2650 3276 2704 vitam
3315 2650 3414 2702 ad-

1824 2743 2076 2809 metiris,
2142 2744 2463 2815 suppeditas
2522 2744 2965 2809 nutrimentum;
3032 2741 3410 2813 paenitentiam

1821 2837 2104 2908 pollicitus
2126 2852 2207 2893 es.
2242 2836 2350 2891 Pro
2375 2837 2635 2893 omnibus
2675 2837 2779 2892 tibi
2804 2837 2979 2909 gloria
3021 2844 3077 2892 et
3104 2834 3411 2897 veneratio,

1826 2947 1919 3001 per
1939 2929 2124 2987 Jesum
2147 2929 2451 2996 Christum,
2481 2946 2651 2997 nunc,
2682 2941 2736 2986 et
2763 2946 2999 3000 semper,
3024 2936 3079 2986 et
3108 2928 3165 2983 in
3190 2928 3389 2987 saecula

1775 3084 1785 3090 ,
1823 3024 2016 3080 Amen.
2078 3023 2205 3079 Haec.
2251 3023 2631 3090 meditamini,
2675 3022 2896 3089 fratres,
2942 3030 2999 3077 et
3049 3022 3121 3077 sit
3143 3020 3409 3075 Dominus

130 3117 339 3190 φθορᾶς
399 3118 480 3181 εἰς
532 3116 632 3190 τὴν
688 3115 1001 3189 ἐλευθερίαν
1051 3115 1154 3186 τῆς
1197 3112 1379 3184 δόξης,
1430 3115 1525 3168 καὶ
1575 3113 1719 3186 ζωὴν
1747 3152 1789 3209 C

1823 3120 2115 3174 vobiscum
2152 3119 2207 3172 in
2242 3124 2412 3185 terra,
2457 3124 2512 3171 et
2545 3116 2601 3170 in
2632 3131 2804 3187 regno
2834 3113 3016 3169 Patris
3062 3113 3205 3183 ejus,
3239 3112 3334 3183 qui
3361 3122 3417 3166 et

1825 3212 1977 3265 illum
2015 3210 2188 3274 misit,
2214 3217 2269 3266 et
2310 3225 2413 3265 nos
2451 3225 2547 3280 per
2577 3223 2702 3263 eum
2748 3208 3001 3263 liberavit
3051 3222 3119 3261 ex
3148 3207 3416 3262 servitute

129 3302 241 3358 τῶν
272 3304 410 3357 ὅλων
433 3303 587 3357 Θεόν.
613 3304 803 3367 Ὅπως
830 3302 930 3374 μὲν
952 3298 1045 3356 οῦν
1074 3300 1347 3371 ὀφείλουσι
1368 3299 1467 3372 ζῇν
1499 3301 1549 3353 οἱ
1578 3299 1719 3353 κατά
1824 3304 2116 3375 corruptiOI

1856 3304 2196 3375 orruptionis
2245 3303 2303 3357 in
2352 3302 2661 3357 libertatem
2709 3300 2899 3371 gloriae
2928 3302 2994 3365 ⁸⁷,
3048 3315 3115 3354 ac
3160 3299 3413 3369 promisit

129 3395 366 3468 Χριστὸν
386 3394 747 3467 μεμυημένοι,
766 3395 858 3448 καὶ
872 3395 989 3458 οἵας
1006 3393 1357 3465 εὐχαριστίας
1376 3392 1718 3463 ἀναπέμπειν
1823 3398 1989 3451 vitam
2033 3396 2103 3453 iis

1860 3398 1989 3451 itam
2033 3396 2103 3453 iis
2143 3396 2236 3467 qui
2288 3411 2384 3466 per
2414 3395 2669 3451 eumdem
2716 3394 2775 3448 in
2819 3393 2989 3448 Deum
3032 3390 3414 3447 universitatis

127 3488 207 3559 τῷ
238 3485 361 3558 Θεῷ
391 3487 480 3541 διὰ
508 3486 769 3559 Χριστοῦ,
799 3487 1015 3559 εἴρηται
1045 3485 1135 3539 διά
1169 3485 1278 3539 τῶν
1318 3484 1713 3557 προλαῶντων·
1820 3488 2109 3544 credideru

1856 3488 2199 3544 rediderunt.
2254 3486 2731 3555 Quemadmodum
2770 3486 2940 3556 igitur
2968 3486 3151 3540 vivere
3178 3483 3413 3540 debeant

126 3580 337 3633 δίκαιον
376 3579 455 3646 δὲ,
490 3580 628 3650 μηδέ
660 3581 787 3643 τοὺς
817 3580 1095 3650 ἀμυήτους
1130 3576 1448 3631 καταλιπεῖν
1478 3576 1719 3648 ἀὸοηθή-
1822 3583 1920 3651 qui
1953 3582 2009 3636 in
2032 3581 2114 3637 Ch

1856 3583 1920 3651 [ui
1953 3582 2009 3636 in
2032 3581 2239 3637 Christi
2270 3581 2535 3652 religione
2566 3586 2695 3635 sunt
2722 3577 2947 3641 initiati,
2971 3584 3026 3632 et
3049 3591 3187 3647 quas
3214 3574 3415 3648 gratia-

126 3689 272 3737 τουςο
1356 3700 1359 3705 ί
1824 3690 1949 3729 rum
1995 3675 2244 3731 actiones
2267 3673 2379 3729 Deo
2407 3690 2504 3745 per
2526 3670 2808 3729 Christum
2843 3670 3127 3726 destinare
3147 3708 3163 3734 ,
3200 3667 3410 3722 dictum

127 3778 211 3824 cst
251 3771 308 3824 in
352 3768 733 3840 superioribus
767 3782 1032 3838 :zequum
1063 3780 1195 3820 vero
1236 3772 1344 3829 est,
1400 3771 1460 3818 ut
1505 3770 1564 3819 et
1598 3779 1716 3831 eos,
1762 3769 1855 3838 qui
1892 3768 2095 3823 initiati
2134 3784 2244 3824 non
2304 3774 2456 3832 sunt,
2503 3765 2715 3821 auxilio
2754 3763 3049 3819 destitutos
3089 3777 3201 3817 non
3245 3759 3414 3816 retin-

125 3878 389 3934 quamus.

642 3976 1038 4035 ΚΕΦΑΛΔΙΟΝ
1075 3975 1176 4029 A9
1186 4014 1198 4027 .

128 4091 334 4156 Ὅπως
374 4088 493 4159 χρὴ
533 4089 675 4156 τοὺς
722 4090 1208 4160 κατηχουμέιὊυς
1252 4089 1718 4157 στοιχειοῦσθαι.

212 4184 273 4237 ὐ
312 4183 523 4255 μέλλων
570 4184 750 4238 τοίνυν
791 4183 1147 4256 κατηχείσθαι
1178 4183 1269 4236 τὸν
1302 4181 1459 4251 λόγον
1493 4182 1593 4251 τῆς
1630 4182 1723 4233 εὐ.

2359 3966 2592 4021 CAPUT
2631 3964 2878 4022 XXXIX.

2004 4082 2278 4150 Quomodo
2304 4090 2544 4151 oporteat
2574 4082 2970 4137 catechumenos
2994 4080 3231 4135 institui.

1899 4176 2003 4243 Qui
2033 4191 2163 4247 ergo
2200 4176 2268 4230 ad
2292 4176 2602 4231 doctrinam
2630 4174 2855 4247 pietatis
2904 4172 3269 4230 instruendus
3301 4184 3411 4237 est,

128 4276 373 4344 σεὸείας,
413 4276 753 4331 παιδευέσθω
791 4276 897 4349 πρὸ
929 4276 1024 4330 τοῦ
1060 4275 1436 4347 βαπτίσματος
1466 4273 1565 4345 τὴν
1595 4273 1725 4344 περὶ
1823 4268 2112 4325 erudiatur

1860 4268 2112 4324 rudiatur
2143 4276 2271 4324 ante
2289 4266 2626 4338 baptismum
2686 4268 2741 4322 in
2776 4266 3009 4323 scientia
3044 4265 3111 4322 de
3139 4266 3411 4336 lngenito,

126 4370 223 4423 τοῦ
282 4369 586 4441 ἀγεννήτου
633 4369 856 4438 γνῶσιν,
900 4369 1003 4441 τὴν
1050 4369 1182 4441 περὶ
1219 4366 1351 4421 Υίοῦ
1404 4366 1723 4439 μονογενοῦς
1829 4364 1887 4419 in
1929 4362 2113 4434 cognit

1856 4380 1887 4419 ιι
1929 4362 2242 4434 cognitione
2281 4361 2351 4417 de
2384 4359 2523 4416 Filio
2581 4360 2894 4432 unigenito,
2942 4358 2999 4413 in
3051 4358 3414 4429 persuasione

126 4464 452 4533 ἐπίγνωσιν,
480 4464 580 4535 τὴν
610 4463 739 4534 περὶ
766 4462 860 4516 τοῦ
902 4461 1060 4530 ἁγίου
1095 4460 1413 4532 Πνεῦματος
1446 4458 1723 4531 πληροφοο
1754 4486 1800 4541 D
1829 4465 1979 4513 certa
2006 4456 2075 4512 de
2100 4454 2116 4508 ξ

1856 4465 1979 4513 :erta
2006 4456 2075 4512 de
2100 4454 2309 4527 Spiritu
2352 4460 2563 4510 sancto.
2618 4453 2802 4509 Discat
2844 4452 3144 4508 creationis
3176 4451 3413 4507 diversae

126 4558 275 4630 ρίαν.
315 4556 653 4611 Μανθανέτω
692 4554 1053 4627 δημιουργίας
1077 4554 1341 4626 διαφόρου
1383 4550 1557 4618 τάξιν,
1589 4567 1723 4622 προ-
1830 4550 2111 4630 ordinem,

1856 4550 2111 4630 »rdinem,
2156 4547 2516 4620 providentiae
2567 4546 2802 4612 seriem,
2846 4546 3013 4600 varia:
3049 4544 3414 4615 legislationis

126 4625 281 4715 νοίας
310 4650 501 4722 εἱρμὸν
523 4692 538 4716 ,
572 4625 907 4719 νομοθεσίας
927 4648 1185 4721 διαφόρου
1216 4625 1559 4718 δικαστήρια.
1591 4645 1725 4697 Παι-
1830 4625 2116 4699 tribunalia

1856 4625 2147 4699 rihunalia.
2198 4641 2497 4696 Erudiatur
2523 4655 2696 4711 quare
2745 4638 2986 4694 mundus
3025 4637 3097 4691 sit
3127 4634 3328 4700 factus,
3358 4644 3415 4689 et

121 4742 371 4797 δευέσθω
406 4742 551 4797 διατί
591 4742 795 4814 κόσμος
832 4741 1053 4810 γέγονε,
1091 4740 1185 4794 καὶ
1228 4740 1295 4793 δι’
1331 4738 1360 4793 ὂ
1392 4737 1724 4809 κοσμοπολί-
1831 4753 1934 4792 cur
1976 4753 2116 4792 munt

1856 4753 1934 4792 :ur
1976 4736 2167 4792 mundi
2211 4733 2351 4791 civis
2392 4734 2558 4789 homo
2607 4732 2945 4789 constitutus
2996 4731 3091 4785 sit.
3136 4728 3414 4798 Agnoscat

126 4851 232 4908 της
259 4836 372 4908 (15)
403 4836 433 4889 ό
460 4834 743 4907 ἄνθρωπος
795 4833 1053 4906 κατέστη.
1122 4833 1565 4902 Ἐπιγινωσκέτω
1623 4831 1725 4903 τὴν
1836 4836 2092 4885 naturam

1856 4836 2092 4885 naturam
2135 4844 2290 4885 suam
2311 4868 2326 4895 ,
2366 4841 2618 4899 quaenam
2668 4825 2763 4881 sit.
2814 4823 3088 4879 Doceatur
3135 4818 3414 4892 quomodo

200 4992 249 5030 ⁸⁸
286 4992 326 5045 l.
356 4989 533 5063 ignat.
565 4991 819 5080 interpol.
856 4990 926 5046 ad
967 4989 1137 5045 Trall.
1172 4989 1228 5055 6,
1265 4989 1332 5044 ad
1366 4989 1580 5045 Philad.
1606 4989 1661 5043 6.
1738 4988 1781 5019 ⁸⁷
1804 4985 1962 5042 Rom.
1989 5001 2112 5055 vm,
2140 4984 2232 5043 2|.

1460 5142 1824 5199 VARIORUM
1860 5142 2091 5200 ΝΟΤᾹΞ.

227 5326 282 5395 8)
322 5326 501 5395 Πρός.
537 5324 674 5381 Cod.
710 5323 873 5381 Vind.
912 5327 1012 5389 εἰς.
1044 5324 1215 5381 Cum.

227 5395 283 5462 9)
322 5396 726 5462 Διαπλάττεις.
771 5396 905 5453 Cod.
940 5395 1104 5452 Vind.
1130 5395 1449 5461 διαπλάσας.
1494 5398 1578 5457 lo.

232 5466 321 5533 l0)
376 5468 492 5533 Ὧς.
535 5466 697 5522 Deest
726 5469 783 5522 in
812 5466 939 5523 cod.
966 5466 1131 5522 Vind.
1164 5466 1240 5523 In.

232 5528 319 5611 li)
360 5528 467 5611 Διᾷ
498 5538 701 5611 Ἰησοῦ
727 5539 1003 5611 Χριστοῦ.
1044 5538 1181 5611 Cod.
1216 5538 1381 5611 Vind.
1417 5538 1556 5611 μετά
1586 5540 1722 5611 Χριιο
1830 5528 1901 5611 ξεί
1936 5528 2116 5611 Sitiﬁm

1856 5528 1901 5611 id
1936 5528 2221 5611 Sabinum,
2248 5533 2422 5611 totius
2458 5535 2642 5611 mundi
2664 5534 2941 5611 "incolanet
2986 5534 3145 5611 cipis,-
3180 5532 3406 5611 κόσμιος

137 5597 268 5681 στοῦ
295 5597 393 5681 Stat
420 5597 933 5681 Πνεύξιατοςᾶγίου.
959 5608 1257 5681 Doxologia
1271 5597 1595 5676 orthodoxa,
1625 5597 1725 5681 pro
1826 5605 2037 5681 Socrati
2077 5621 2116 5671 at

1856 5606 2037 5681 iocrati
2077 5604 2219 5674 apud
2248 5600 2627 5681 Plutarchum,
2664 5598 3149 5681 Iibroﬁe‘eafsilio;
3180 5597 3410 5681 mund-a-

137 5676 422 5740 Arianica,
448 5687 507 5734 ut
537 5667 594 5734 et
623 5667 777 5735 alibi.
805 5667 892 5735 Ἰι).
1073 5667 1080 5670 ’
1170 5667 1199 5681 ν
1282 5744 1285 5745 ν
1582 5667 1594 5676 ’
1625 5667 1643 5681 ³
1822 5695 1943 5741 λιιι,
1965 5667 2261 5745 interprete
2280 5669 2469 5745 fullio
2499 5672 2588 5727 ubi
2608 5684 2796 5745 supra.
2816 5667 3189 5745 Tertullianus
3214 5669 3408 5745 Αροιο-

210 5737 616 5834 (βλ-Κοιὶιάεί.
659 5747 1018 5834 Qmittuntur,
1066 5757 1121 5807 et
1147 5744 1369 5834 quidem
1406 5752 1622 5834 merito,
1660 5753 1717 5807 in
1821 5737 1974 5819 gem:
2001 5737 2251 5834 cap;
2276 5741 2447 5834 gnem
2477 5737 2711 5799 omnium
2740 5739 3132 5811 Rempublicam
3162 5737 3401 5810 agnoui»

137 5812 264 5877 00d.
291 5812 741 5890 Vindobonensi;
774 5812 1057 5894 sequentia
1086 5812 1231 5879 enim
1259 5825 1424 5881 verba
1454 5825 1507 5880 id
1538 5812 1716 5895 ipsum
1821 5812 1942 5875 inus
1976 5812 2249 5871 mundum.
2282 5812 2418 5869 Cor.

1825 5326 2161 5388 exprimunt.
2198 5324 2272 5379 lo.
3022 5356 3027 5361 ρ

1906 5392 2019 5513 ᾳδ)
2065 5392 2539 5461 Κοσμοπολίτης.
2576 5391 2689 5447 Hoc
2730 5400 2850 5459 est,
2882 5394 3036 5475 juxta
3084 5391 3404 5474 Ciceronem

1964 5461 2378 5513 usculanarum.
2426 5472 2482 5513 et
2534 5461 2592 5513 S.
2656 5463 3001 5513 Amhrnsmm
3055 5461 3404 5513 hnarrattone

1830 5475 1868 5515 v
1919 5461 2378 5526 Tusculanarum,
2426 5472 2482 5519 et
2534 5461 2592 5518 S.
2656 5463 3001 5519 Ambrosium
3055 5461 3405 5515 Enarratione
