3812 6356
429 321 573 379 1043

1316 315 1374 370 S.
1407 311 1802 370 CLEMENTIS
1832 313 1849 366 Ι
1885 311 2051 368 ROM.
2082 310 2285 368 PONT.
2317 306 2548 365 OPERA
2582 306 2810 364 DUBIA.

3560 304 3705 356 ιιιιι

426 443 680 491 mortuus
720 440 805 491 est
846 447 947 503 pro
990 431 1182 495 nobis;
1227 438 1281 483 et
1326 436 1618 498 postquam
1659 444 1857 500 passus
1902 436 2006 492 est,
2041 438 2089 497 Α

2218 444 2240 489 ς
2272 424 2469 495 νόμους
2498 422 2593 475 τοῦ
2629 421 2766 475 Θεοῦ
2795 419 2891 474 καὶ
2926 417 3141 489 Πατρὸς
3172 411 3372 477 αὐτοῦ,
3415 416 3510 467 καὶ
3549 432 3709 467 σταυσ

426 528 588 584 tertia
618 526 709 581 die
738 524 1040 580 resurrexit
1072 535 1102 574 a
1132 522 1366 576 mortuis
1390 540 1404 586 ;
1448 522 1696 575 ascendit
1731 519 1799 574 ad
1823 521 2017 589 caelos,

427 628 482 676 et
514 619 667 675 sedet
693 619 760 673 ad
788 616 1069 671 dexteram
1099 612 1302 674 Patris,
1334 619 1386 668 et
1411 613 1610 668 iterum
1643 620 1909 667 venturus
1936 620 2021 667 est

428 711 486 766 in
519 708 991 771 consummatione
1014 706 1203 762 saeculi
1231 720 1357 759 cum
1384 705 1579 777 gloria,
1602 706 1669 759 ad
1691 704 2023 775 iudicandos

427 804 585 859 vivos
614 818 679 857 ac
707 805 978 865 mortuos,
1007 799 1168 869 cujus
1194 800 1347 870 regni
1372 815 1483 853 non
1505 799 1610 854 erit
1636 798 1759 853 ﬁnis
1794 814 1807 850 :
1842 798 2023 868 bapti-
2060 820 2065 827 ι

429 910 527 949 zor
552 894 715 950 etiam
747 893 803 947 in
837 891 1104 962 Spiritum
1134 898 1413 956 sanctum,
1449 891 1504 946 id
1535 897 1620 946 est
1648 888 2018 953 Paracletum,

429 988 525 1059 qui
560 985 799 1056 Spiritus
821 990 1081 1054 operatus
1100 990 1185 1038 est
1208 982 1264 1036 in
1284 982 1542 1037 omnibus
1562 981 1632 1035 ab
1654 981 1813 1035 initio
1834 980 2022 1034 mundi

432 1080 642 1134 sanctis
661 1118 676 1141 ,
713 1083 904 1148 postea
934 1090 1066 1131 vero
1098 1074 1305 1130 missus
1336 1088 1557 1147 quoque
1585 1080 1670 1127 est
1699 1072 1963 1142 apostolis
1992 1087 2022 1125 a

430 1171 614 1235 Patre,
661 1169 967 1225 secundum
1012 1167 1438 1239 promissionem
1494 1163 1799 1219 Salvatoris
1845 1164 2024 1220 nostri

432 1264 650 1319 Domini
680 1262 813 1317 Jesu
843 1260 1072 1325 Christi,
1106 1268 1161 1315 et
1193 1267 1317 1332 post
1349 1258 1633 1334 apostolos
1658 1257 1824 1313 etiam
1849 1258 2025 1311 omni-

433 1359 560 1423 bus,
608 1356 702 1428 qui
744 1357 802 1410 in
843 1361 1037 1409 sancta
1078 1352 1346 1407 catholica
1399 1351 1644 1406 Ecclesia
1692 1348 1923 1404 credunt
1968 1350 2025 1403 in

435 1450 622 1506 carnis
647 1447 1130 1511 resurrectionem,
1154 1445 1210 1500 in
1234 1443 1619 1500 remissionem
1648 1449 2022 1515 peccatorum,

434 1544 492 1598 in
526 1557 755 1615 regnum
784 1540 1076 1602 caelorum,
1103 1544 1157 1591 et
1182 1537 1237 1591 in
1260 1536 1427 1591 vitam
1459 1534 1630 1589 futuri
1663 1534 1869 1588 saeculi.
1894 1532 2025 1588 Post

435 1638 579 1691 hanc
617 1643 799 1689 autem
833 1630 1258 1704 professionem,
1290 1627 1484 1683 ordine
1508 1627 1659 1683 venit
1683 1628 1749 1681 ad
1780 1626 1887 1703 olei
1924 1641 2028 1680 un-

437 1728 697 1782 ctionem.

2124 516 2366 589 ρωθέντα
2398 517 2489 568 ἐπὶ
2519 513 2745 566 Ποντίου
2775 511 3031 573 Πιλάτου,
3070 510 3163 563 καὶ
3197 505 3537 561 ἀποθανόντα
3573 507 3720 577 ὑπὲρ

2122 608 2301 680 ἡμῶν,
2334 608 2427 660 καὶ
2456 606 2765 659 ἀναστάντα
2805 606 2870 657 ἐκ
2907 601 3118 674 νεκρῶν
3150 599 3289 671 μετά
3327 599 3391 652 τὸ
3427 598 3621 651 παθεῖν
3649 600 3719 669 τῇ

2121 700 2284 775 τρίτῃ
2311 699 2514 770 ἡμέρα,
2542 690 2655 765 ’καὶι
2677 695 2968 749 ἀνελθόντα
2990 696 3089 761 ,εἰς
3123 694 3251 754 τοὺς
3286 690 3584 761 οὐρανοὺς,
3626 691 3723 742 καὶ

2123 791 2461 846 καθεσθέντα
2484 791 2541 842 tv
2564 788 2715 859 δεξιᾷ
2742 787 2836 841 τοῦ
2857 784 3091 857 Πατρδς,
3114 784 3210 837 καὶ
3236 782 3400 836 πάλιν
3425 782 3723 853 ἐρχόμενον

2124 886 2218 939 ἐπὶ
2247 883 2528 955 συντελείᾳ
2554 882 2649 935 τοῦ
2682 881 2879 943 αἰῶνος
2920 878 3058 950 μετά
3097 875 3257 947 δόξης
3295 878 3479 945 κρῖναι
3509 873 3725 937 ζῶντας

2124 981 2219 1033 καὶ
2261 979 2514 1049 νεκροὺς,
2548 969 2610 1029 οῦ
2646 976 2745 1046 τῆς
2776 972 3053 1044 βασιλείας
3080 970 3182 1023 οὐκ
3219 968 3374 1020 ἔσται
3401 966 3553 1029 τέλος
3574 983 3591 997 ·
3621 965 3727 1035 βα-

2125 1071 2389 1142 πτίζομαι
2422 1070 2515 1123 καὶ
2548 1071 2628 1131 είς
2654 1068 2715 1120 τὸ
2754 1065 2979 1136 Πνεῦμα
3017 1063 3079 1117 τὸ
3115 1062 3296 1131 ἀγιον,
3334 1059 3584 1112 τουτέστι
3629 1056 3728 1110 τὸν

2125 1163 2506 1237 Παράκλητον,
2544 1161 2608 1213 τὸ
2638 1159 2943 1231 ὲνεργῆσαν
2971 1158 3028 1209 tv
3058 1156 3225 1208 πᾶσιν
3261 1155 3378 1214 τοῖς
3408 1151 3503 1204 ἀπ’
3531 1148 3730 1211 αἰῶνος

2126 1258 2323 1327 ἁγίοις,
2337 1255 2466 1309 ὐστε
2473 1272 2565 1326 ρον
2580 1254 2637 1307 δὲ
2655 1251 2959 1305 ἀποσταλὲν
2982 1249 3198 1310 καὶτοῖς
3213 1243 3537 1304 ἀποστόλοις
3552 1242 3663 1311 (28)
3676 1241 3727 1272 ⁷⁸

2127 1348 2280 1421 παρὰ
2307 1348 2402 1401 τοῦ
2434 1345 2647 1417 Πατρδς
2674 1343 2821 1398 κατὰ
2846 1343 2946 1414 τὴν
2979 1338 3310 1408 ἐπαγγελίαν
3338 1334 3433 1389 τοῦ
3472 1334 3727 1403 Σωτῆρος

2126 1441 2284 1513 ἡμῶν
2321 1440 2527 1512 Κυρίου
2584 1435 2760 1509 Ἰησοῦ
2798 1433 3073 1507 Χριστοῦ,
3113 1432 3207 1485 καὶ
3246 1430 3387 1502 μετά
3423 1428 3547 1491 τοὺς
3588 1427 3727 1479 ἀπο-

2130 1533 2348 1596 στόλους
2368 1532 2425 1585 δὲ
2446 1533 2578 1585 πᾶσι
2606 1532 2720 1592 τοῖς
2744 1526 3111 1590 πιστεύουσιν,
3135 1525 3192 1576 tv
3212 1526 3278 1593 τῇ
3306 1520 3439 1591 άγίᾳ
3464 1517 3729 1585 καθολικῇ

2144 1625 2441 1697 Ἐκκλησία
2470 1624 2604 1695 (29),
2644 1625 2725 1685 είς
2770 1621 2973 1693 σαρκὸς
3011 1618 3309 1672 ἀνάστασιν
3341 1614 3479 1684 (50),
3520 1611 3615 1665 καὶ
3648 1610 3731 1669 εις

2130 1720 2325 1793 ἄφεσιν
2356 1716 2660 1791 ἁμαρτιῶν,
2692 1714 2786 1769 καὶ
2819 1716 2900 1777 εἰς
2931 1710 3205 1783 βασιλείαν
3229 1706 3501 1780 οὐρανῶν,
3528 1704 3623 1757 καὶ
3650 1702 3732 1761 εἰς

438 1822 583 1893 ζωὴν
610 1822 704 1875 τοῦ
730 1821 1009 1893 μέλλοντος
1034 1817 1247 1882 αἰῶνος.
1278 1817 1390 1871 Καὶ
1434 1816 1571 1903 μετά
1600 1814 1699 1887 τὴν
1754 1812 2089 1887 ἐπαγγελίαν
2129 1813 2355 1885 ταύτην,
2404 1814 2526 1869 κατ’
2574 1809 2901 1865 ἀκολουθίαν
2950 1807 3170 1880 ἔρχεται
3214 1804 3311 1859 καὶ
3356 1805 3441 1866 είς
3488 1799 3588 1871 τὴν
3634 1794 3729 1851 τοῦ

440 1915 618 1969 ἐλαίου
647 1914 845 1986 χρίσιν.

1006 2001 1237 2058 CAPUT
1278 1999 1439 2053 XLII.

621 2100 699 2156 De
725 2100 971 2153 unctione
996 2097 1204 2169 mystici
1233 2097 1331 2149 olei
1362 2094 1500 2147 actio
1529 2092 1850 2162 gratiarum.

514 2193 865 2251 Benedicitur
892 2199 1075 2245 autem
1100 2190 1202 2242 hoc
1232 2203 1261 2241 a
1289 2185 1544 2257 pontiﬁce
1568 2186 1621 2239 in
1648 2182 2030 2239 remissionem

446 2294 818 2359 peccatorum,
868 2291 924 2339 et
964 2280 1417 2353 praeparationem
1449 2278 1725 2348 baptismi.
1757 2276 1850 2331 Sic
1881 2275 2027 2331 enim

446 2383 668 2438 invocat
716 2378 1021 2450 ingenitum
1070 2375 1276 2439 Deum,
1318 2371 1535 2427 Patrem
1576 2371 1803 2436 Christi,
1848 2382 2032 2441 regem

446 2473 628 2528 omnis
679 2480 891 2526 naturae
939 2470 996 2523 in
1056 2482 1277 2524 sensum
1338 2482 1405 2521 ac
1461 2465 1874 2536 intelligentiam
1942 2479 2035 2518 ca-

446 2566 668 2632 dentis;
713 2570 774 2618 ut
820 2561 1126 2618 sanctiticet
1160 2559 1341 2615 oleum
1371 2558 1594 2612 nomine
1638 2557 1850 2610 Domini
1881 2554 2032 2618 Jesu,

445 2668 503 2713 et
542 2658 636 2713 det
682 2655 917 2727 gratiam
962 2653 1327 2725 spiritualem,
1376 2660 1430 2707 et
1470 2651 1579 2706 vim
1625 2650 1921 2715 eﬁieacem,
1973 2662 2033 2701 ac

448 2749 831 2808 remissionem
859 2748 1208 2808 delictorum,
1236 2753 1398 2816 atque
1424 2742 1877 2814 praeparationem
1905 2755 2037 2793 con-

449 2844 713 2899 fessionis
742 2839 1037 2911 baptismi;
1073 2846 1133 2893 ut
1163 2837 1211 2894 is
1238 2837 1331 2908 qui
1359 2838 1605 2908 ungitur,
1647 2836 1859 2891 solutus
1889 2832 2038 2887 omni

450 2934 764 3004 impietate,
809 2932 902 2987 ﬁat
930 2931 1129 3003 dignus
1160 2930 1468 2985 initiatione
1500 2929 1803 2985 secundum
1838 2924 2038 2995 Unige—

451 3029 553 3084 niti
586 3036 938 3098 praeceptum.

1022 3116 1253 3173 CAPUT
1290 3116 1474 3170 XLIII.

743 3211 1055 3265 Gratiarum
1086 3212 1225 3264 actio
1250 3209 1314 3263 de
1345 3208 1569 3279 mystica
1598 3225 1756 3279 aqua.

526 3303 731 3359 Deinde
759 3304 909 3365 venit
950 3302 1018 3356 ad
1049 3316 1269 3373 aquam.
1301 3299 1574 3355 Sacerdos
1606 3307 1787 3354 autem
1820 3300 2044 3355 benedi-

458 3394 534 3450 cit
561 3410 625 3450 ac
655 3394 843 3449 laudat
885 3393 1179 3449 Dominum
1218 3392 1391 3448 Deum
1432 3393 1861 3463 omnipotentem
1884 3430 1900 3454 ,
1940 3390 2045 3444 Pa-

459 3496 599 3544 trem
624 3487 901 3558 Unigeniti
922 3487 1038 3553 Dei,
1059 3495 1113 3541 et
1135 3488 1342 3557 gratias
1362 3487 1501 3556 agit;
1524 3485 1653 3555 quia
1675 3485 1822 3538 misit
1844 3482 2043 3538 Filium

460 3595 644 3643 suum,
665 3579 759 3650 qui
785 3579 950 3634 homo
979 3578 1132 3634 ﬁeret
1162 3585 1384 3648 pr0pter
1412 3593 1533 3639 nos,
1560 3586 1621 3631 ut
1643 3594 1746 3633 nos
1772 3579 2042 3645 salvaret;

458 3672 590 3742 qula
613 3670 878 3729 sustinuit
902 3679 961 3725 ut
978 3672 1069 3726 ille
1089 3672 1143 3725 in
1162 3668 1545 3728 incarnatione
1568 3670 1719 3726 ﬁeret
1740 3686 1837 3740 per
1859 3670 2042 3725 omnia

460 3764 742 3828 obediens,
763 3764 1085 3834 praedicaret
1106 3779 1333 3834 regnum
1355 3764 1643 3827 caelorum,
1663 3765 2040 3819 remissionem

461 3864 834 3927 peccatorum,
889 3863 1231 3915 mortuorum
1283 3856 1765 3911 resurrectionem.
1807 3854 1887 3910 Ad
1931 3855 2044 3910 haec

461 3948 649 4002 adorat
684 3947 865 4018 ipsum
899 3948 1240 4019 unigenitum
1276 3947 1447 4006 Deum
1479 3958 1601 4019 post
1644 3964 1769 4004 eum
1790 3987 1806 4012 ,
1850 3956 1905 4003 et
1951 3963 2047 4017 per

461 4040 616 4095 illum
667 4041 876 4108 gratias
923 4040 1053 4095 huic
1100 4056 1291 4111 agens,
1340 4042 1488 4111 quod
1530 4042 1622 4095 ille
1668 4046 1899 4095 mortem
1948 4054 2049 4109 pro

462 4131 721 4219 ortinibus
749 4148 845 4202 per
870 4148 1089 4188 crucem
1121 4134 1374 4200 subierit,
1405 4135 1564 4204 cujus
1593 4136 1783 4190 mortis
1818 4132 2045 4204 ﬁguram

464 4221 615 4276 dedit
643 4224 974 4293 baptismum
1003 4228 1455 4297 regenerationis.
1488 4227 1694 4282 Laudat
1723 4226 1889 4283 etiam
1918 4228 2047 4297 quia

452 4306 522 4367 'in
568 4316 789 4371 nomine
824 4315 1065 4393 ﬁbristi,
1102 4318 1247 4374 Deus
1291 4329 1617 4379 cunctorum
1665 4320 1953 4385 Dominus,
1992 4318 2047 4373 in

467 4409 674 4478 Spiritu
721 4417 915 4465 sancto
958 4427 1071 4466 non
1114 4412 1318 4482 abiecit
1353 4414 1653 4468 humanum
1698 4429 1911 4487 genus;
1950 4412 2045 4470 sed

465 4502 635 4559 variis
674 4503 1015 4574 temporibus
1052 4506 1261 4560 variam
1306 4506 1709 4578 providentiam
1757 4506 2043 4565 adhibuit:

608 4663 656 4694 "
679 4663 749 4717 al.
777 4663 1073 4736 adddipiv.
1152 4664 1198 4695 "
1224 4662 1263 4718 Γ.
1295 4663 1409 4723 τόν,

2646 1995 3043 2056 ΚΕΦΑΛΑΙΟΝ
3062 1994 3211 2049 -ΜΒ’.

2064 2109 2107 2165 Β
2137 2096 2279 2165 Περὶ
2306 2095 2635 2164 χρίσματος
2664 2091 2770 2145 τοῦ
2794 2088 3092 2159 μυστικοῦ
3121 2085 3331 2139 ἐλαίου
3356 2081 3735 2151 εὐχαριστία.

2208 2188 2520 2257 Εὐλογεῖται
2547 2185 2602 2238 δὲ
2629 2183 2789 2237 τοῦτο
2822 2181 2971 2253 παρά
2990 2179 3084 2233 τοῦ
3108 2177 3417 2251 ἀρχιερέως
3440 2179 3525 2238 είς
3544 2176 3739 2243 ἄφεσιν

2137 2279 2444 2354 ἁμαρτιῶν,
2504 2278 2600 2335 καὶ
2661 2272 3113 2349 προκατασκευὴν
3168 2270 3263 2323 τοῦ
3332 2268 3734 2340 βαπτίσματος.

2152 2375 2518 2429 Ἐπικαλεῖται
2543 2371 2654 2443 γὰρ
2682 2369 2827 2424 οὕτω
2853 2368 2966 2440 (51)
2995 2367 3086 2420 τὸν
3125 2365 3426 2435 ἀγέννητον
3462 2360 3617 2421 Θεὸν,
3644 2360 3739 2411 τὸν

2138 2468 2358 2541 Πατέρα
2397 2467 2493 2521 τοῦ
2534 2463 2803 2538 Χριστοῦ,
2846 2461 2937 2515 τὸν
2987 2458 3211 2531 βασιλέα
3248 2456 3434 2527 πάσης
3473 2452 3739 2524 αἰσθητῆς

2139 2564 2234 2616 καὶ
2260 2561 2457 2633 νοητῆς
2489 2558 2723 2629 φύσεως,
2755 2557 2843 2609 ἵνα
2879 2553 3085 2631 ἁγιάσῃ
3111 2551 3171 2605 τὸ
3200 2549 3378 2603 ἔλαιον
3408 2546 3487 2617 τῷ
3515 2545 3740 2615 ὀνόματι

2138 2653 2233 2711 τοῦ
2264 2652 2470 2725 Κυρίου
2506 2649 2702 2722 Ἰησοῦ,
2726 2648 2821 2702 καὶ
2849 2646 3001 2720 δώσῃ
3024 2646 3183 2717 χάριν
3209 2639 3616 2713 πνευματικὴν,
3644 2638 3744 2691 καὶ.

2140 2747 2367 2818 δύναμιν
2399 2743 2782 2815 ὲνεργητικὴν,
2827 2740 3021 2809 ἄφεσίν
3048 2755 3110 2794 τε
3140 2734 3448 2808 ἁμαρτιῶν,
3480 2732 3575 2785 καὶ
3603 2746 3743 2801 προ-

2143 2837 2496 2912 παρασκευὴν
2515 2833 2806 2906 ὁμολογίας
2828 2830 3225 2903 βαπτίσματος,
3243 2828 3386 2881 ὥστε
3406 2825 3501 2879 τὸν
3522 2822 3745 2895 χριόμε⁹

2142 2928 2597 2990 νον,ἀπολυθέντα
2626 2926 2809 2997 πάσης
2845 2921 3125 2987 ἀσεϐείας,
3162 2921 3312 2985 ἄξιον
3352 2916 3612 2989 γενέσθαι
3642 2914 3747 2985 τῆς

2147 3024 2398 3095 μυήσεως
2426 3021 2546 3077 κατ’
2575 3018 2796 3089 ἐντολὴν
2824 3016 2919 3069 τοῦ
2948 3011 3315 3082 Μονογενοῦς.

2654 3108 3047 3169 ΚΕΦΑΛᾹΙΟΝ
3082 3105 3216 3161 Ml".

2310 3207 2450 3277 Περὶ
2482 3205 2588 3260 τοῦ
2612 3202 2911 3275 μυστικοῦ
2941 3201 3161 3267 ὕδατος
3187 3195 3572 3269 εὐχαριστία.

2216 3298 2348 3355 Εἶτα
2376 3300 2594 3372 ἔρχεται
2623 3300 2703 3361 εἰς
2738 3295 2801 3349 τὸ
2836 3294 3001 3365 ὕδωρ.
3036 3292 3265 3361 Εὐλογεῖ
3292 3292 3388 3344 καὶ
3413 3288 3628 3352 δοξάζει
3654 3285 3752 3339 τὸν

2146 3394 2424 3465 Δεσπότην
2470 3391 2604 3445 Θεὸν
2640 3390 2733 3443 τὸν
2768 3386 3209 3458 παντοκράτορα,
3247 3382 3339 3437 τὸν
3379 3380 3606 3449 Πατέρα
3648 3377 3752 3430 τοῦ

2146 3486 2484 3557 Μονογενοῦς
2526 3482 2664 3538 Θεοῦ
2708 3481 2843 3555 (52),
2896 3477 3255 3551 εὐχαριστῶν,
3306 3478 3335 3529 ὁ
3387 3472 3606 3544 ἱερεύς·
3662 3470 3752 3524 ὅτι

2148 3580 2465 3637 ἀπέστειλεν
2503 3559 2919 3649 ἐνανθρωπῆσαι
2956 3573 3048 3626 τὸν
3090 3570 3218 3624 Υἱὸν
3267 3565 3435 3622 αὐτοῦ
3476 3564 3542 3616 δι’
3577 3564 3751 3633 ἡμᾶς,

2149 3676 2236 3730 ἵνα
2271 3677 2419 3746 ἡμᾶς
2455 3671 2608 3746 σώσῃ
2632 3688 2644 3700 ·
2694 3671 2777 3722 ὅτι
2820 3667 3080 3738 ἠνέσχετο
3122 3664 3221 3734 τῆς
3275 3658 3755 3731 ὲνανθρωπήσειικ

2150 3771 2388 3841 ὑπήκοον
2416 3766 2578 3822 αὐτὸν
2607 3761 2861 3834 γενέσθαι
2894 3762 2952 3813 ὲν
2994 3760 3161 3821 πᾶσι,
3201 3752 3438 3827 κηρύξαι
3471 3748 3751 3822 βασιλείαν

2146 3860 2414 3933 οὐρανῶν,
2442 3860 2634 3928 ἄφεσιν
2669 3853 2982 3927 ἁμαρτιῶν,
3013 3847 3224 3921 νεκρῶν
3257 3846 3580 3900 ἀνάστασιν.
3628 3842 3751 3894 Ἐπὶ

2146 3955 2359 4016 τούτοις
2386 3952 2681 4023 προσκυνεῖ
2710 3946 2870 4001 αὐτὸν
2898 3945 2988 3997 τὸν
3028 3940 3291 4014 μονογενῆ
3322 3936 3458 3991 Θεδν
3502 3936 3619 4006 μετ’
3650 3935 3751 3987 ab.

2148 4048 2261 4111 τὸν,
2291 4046 2386 4103 καὶ
2412 4044 2477 4097 δι’
2510 4042 2668 4096 αὐτὸν
2698 4037 3034 4110 εὐχαριστῶν
3071 4031 3240 4104 αὐτῷ,
3271 4030 3348 4101 τῷ
3385 4024 3750 4091 ἀναδέξασθαι

2150 4139 2311 4193 αὐτὸν
2338 4136 2448 4193 τῶν
2465 4136 2510 4168 ’⁸
2538 4134 2679 4205 ὑπὲρ
2707 4132 2924 4185 πάντων
2962 4128 3190 4181 θάνατον
3222 4124 3310 4177 διὰ
3341 4121 3439 4175 τοῦ
3485 4119 3749 4189 σταυροῦ,

2147 4225 2210 4286 οὐ
2241 4232 2410 4285 τύπον
2442 4229 2608 4284 ἔδωκε
2638 4227 2700 4280 τὸ
2733 4225 3015 4297 βάπτισμα
3040 4222 3141 4292 τῆς
3174 4214 3626 4285 παλιγγενεσίας.
3657 4215 3752 4263 Δο-

2151 4323 2301 4390 ξάζει
2329 4340 2390 4377 τε
2417 4323 2501 4376 ὅτι
2531 4323 2588 4374 tv
2624 4319 2702 4391 τῷ
2732 4318 2957 4388 ὀνόματι
2986 4312 3083 4367 τοῦ
3118 4309 3382 4383 Χριστοῦ,
3416 4307 3551 4369 Θεὸς
3586 4307 3616 4357 ό
3644 4304 3752 4355 τῶν

2148 4417 2285 4471 ὅλων
2318 4414 2542 4487 Κύριος,
2565 4412 2622 4465 tv
2650 4411 2789 4482 ἁγίῳ
2818 4408 3097 4478 Πνεῦματι
3125 4405 3227 4457 οὐκ
3249 4399 3528 4472 ἀπέρριψε
3554 4397 3619 4449 τὸ
3642 4396 3749 4448 τῶν

2151 4508 2452 4581 ἀνθρώπων
2489 4506 2667 4575 γένος,
2713 4501 2848 4556 ἀλλὰ
2877 4498 3154 4571 διαφόροις
3197 4495 3413 4567 καιροῖς
3458 4488 3749 4558 διαφόρους

1794 4816 2156 4876 VARIORUM
2191 4815 2422 4873 NOTAE.

562 5007 652 5077 28)
697 5006 822 5077 Τοῖς
847 5006 1233 5069 ἀποστόλοις.
1272 5002 1431 5057 Deest
1457 5000 1514 5053 in
1556 5000 1732 5053 altero
1768 4998 1893 5054 cod.
1920 4998 2052 5053 Vin-
2088 5008 2107 5061 ι

2248 4996 2369 5077 ίῖὃ,
2402 4996 2494 5077 ἦ.)
2548 4991 2682 5077 Quae
2712 4992 2857 5077 enim
2893 4991 3209 5077 laudantur.
3243 4989 3381 5077 haec,
3418 4988 3510 5041 ῐνα
3532 4986 3627 5040 καὶ
3652 4986 3748 5065 τῂν

466 5076 672 5135 dobon.
700 5076 869 5130 Cum.

450 5184 453 5185 ν
541 5149 654 5219 (29)
691 5146 995 5215 Καθολικῇ
1037 5142 1387 5219 Ἑκκλησζᾳ.
1420 5141 2055 5219 Satis_constat_aposto-

459 5210 648 5287 dorum
680 5232 796 5272 aevo
827 5210 1087 5271 usitatum
1113 5231 1222 5270 non
1248 5210 1423 5287 fuisse
1447 5214 1549 5266 hoc
1570 5210 1840 5287 loquendi
1856 5226 2049 5279 genus.

454 5283 622 5345 "Alter
652 5289 825 5343 codex
860 5287 1023 5343 habet
1061 5303 1160 5357 pro
1191 5284 1474 5357 meam;
1499 5298 1654 5338 voces
1686 5283 1781 5357 καὶ
1818 5283 2052 5357 ἀποστο-

467 5359 617 5433 λικῇ.
656 5358 763 5433 Sed
800 5374 901 5413 nec
934 5350 1168 5433 apostoli
1204 5357 1310 5427 ipsi
1346 5350 1596 5411 solebant
1624 5352 1840 5433 suiaevi
1872 5350 2055 5433 Eccle-

469 5423 608 5555 siam
639 5430 719 5485 sic
752 5423 986 5485 vocare:
1019 5430 1096 5484 Ita
1132 5423 1311 5483 locuta
1345 5433 1473 5482 sunt
1508 5423 1793 5494 sequentia
1828 5423 2049 5476 saecula.

496 5518 549 5555 ν.

546 5570 655 5640 (50)
680 5574 783 5639 Εἰς
797 5570 1025 5641 σαρκὸς
1042 5568 1399 5641 ἀνάστασιν.
1414 5563 1649 5641 Frustra
1668 5564 1866 5641 assetjt
1884 5561 2051 5641 Fran-

472 5634 657 5696 ciscus
689 5634 1337 5709 Turria'nus'respexisse
1364 5638 1431 5692 ad
1463 5637 1781 5709 haecjerba
1806 5634 2049 5704 Sophro-

472 5713 625 5768 nium
645 5706 1196 5783 Hierosolymitamlm
1216 5750 1229 5768 .
1259 5708 1570 5783 inAepistola
1591 5706 1680 5759 illa
1700 5721 1798 5761 sua
1818 5719 1940 5783 quae
1964 5720 2049 5759 re-

472 5784 648 5840 fertur
657 5783 873 5837 actione
886 5778 937 5835 il
978 5789 1144 5835 sextae
1157 5779 1372 5851 synodi,
1387 5779 1479 5851 ubi
1495 5778 2047 5851 aliquemsapientum

471 5853 623 5913 citat.
645 5852 939 5923 (Editionis
964 5845 1203 5908 Binianai
1228 5865 1356 5907 ann.
1386 5847 1541 5917 1618,
1568 5855 1701 5904 tom.
1723 5845 1819 5915 lll,’
1838 5855 1979 5920 part.
2008 5862 2057 5911 ι,

2155 5056 2341 5121 εἰκόνα
2359 5056 2363 5058 γ
2545 5056 2691 5129 [καὶ
2716 5064 2817 5134 τὴν
2847 5061 3033 5134 σάρκα
3048 5059 3411 5134 ,ἀθανατίσῃι
3438 5056 3746 5134 exstantin

2154 5136 2419 5206 Gregorio
2443 5125 2791 5188 Na'iianzeno
2823 5125 2965 5187 ora't.
3005 5131 3096 5196 58,
3126 5147 3180 5202 p.
3217 5125 3442 5194 620,0;
3477 5136 3619 5182 orat.
3654 5125 3744 5191 ﬂ,

2155 5225 2210 5262 ο.
2242 5208 2371 5262 682.
2396 5206 2456 5261 C.
2492 5204 2630 5261 Cor.

2198 5251 2210 5264 .
2242 5221 2371 5268 682,
2396 5221 2456 5261 υ.
2492 5221 2630 5261 UOT.

2155 5225 2210 5279 p.
2242 5225 2371 5268 osz,
2396 5225 2456 5261 υ.
2492 5225 2630 5261 ιιοτ.

2228 5278 2346 5351 (⁸51)
2381 5277 2583 5351 Οῧτφ.-
2617 5275 2769 5331 Alter
2812 5274 2986 5351 codex
3017 5264 3205 5351 οὗτος...
3240 5268 3399 5351 Quod
3432 5268 3689 5351 sequitur
3716 5266 3746 5317 ό

2154 5339 2452 5421 ἀγέννητος
2483 5346 2616 5421 Θεός
2645 5355 2729 5400 est
2756 5345 2919 5421 etiam
2950 5342 3208 5421 loquendi
3229 5340 3484 5421 [formula
3513 5339 3747 5392 Ariano-

2156 5410 2300 5482 rum,
2334 5410 2914 5491 quamvisfaateroqui
2947 5410 3194 5491 sit—vera.
3223 5410 3397 5491 ςιειι.

2230 5481 2553 5569 (δῆγθεοῦ.
2583 5487 2757 5569 Etiam
2781 5481 2885 5569 hoc
2918 5484 3209 5566 μονογενὴς
3238 5481 3375 5569 eid;
3401 5482 3640 5535 alienum
3656 5484 3745 5569 est

2160 5578 2191 5615 a
2222 5552 2367 5633 styl'o
2400 5559 2739 5629 apostolico,
2782 5556 2876 5613 sed
2909 5552 3191 5627 proprium
3229 5552 3567 5606 Arianorum
3588 5590 3604 5610 ,
3652 5552 3743 5615 qui

2159 5631 2375 5687 Patrem
2398 5630 2692 5701 ἀγέννητον
2710 5628 3001 5701 vocabant,
3018 5634 3077 5681 ut
3096 5624 3343 5701 vidimus
3361 5623 3529 5701 paulo
3550 5626 3741 5701 antea;

2158 5701 2356 5757 Filium
2386 5690 2513 5755 vero
2551 5690 2805 5769 γεννητόν
2850 5704 2904 5751 et
2945 5696 3206 5769 μονογενῆ
3239 5690 3398 5769 Θεόν.
3428 5690 3587 5769 Ωιι-ρᾴ
3617 5701 3743 5769 cum

2156 5773 2452 5827 olfenderet
2468 5756 2791 5840 scriptorem
2811 5756 3098 5840 librarium
3113 5756 3347 5821 alterius.
3364 5756 3490 5823 cod.
3505 5756 3743 5816 Vinde.

2156 5859 2259 5914 pro
2278 5841 2414 5897 Θεοῦ
2446 5842 2532 5916 hic
2562 5838 2781 5912 scripsit
2812 5838 2965 5897 Υίοῦ.
