3812 6352
134 302 252 360 “illi

988 289 1591 348 CONSTITUTIONES
1628 284 2187 345 APOSTOLICAE.—
2204 285 2332 343 LIB.
2371 258 2480 341 vn.

3233 286 3371 342 {046

130 414 357 490 προνδίας
386 412 678 483 ἐποιήσατο
701 427 712 438 ·
747 409 869 462 τότε.
893 406 1004 479 (55)
1038 405 1208 476 ’Λδὰμ
1237 405 1385 476 αὐτῷ
1415 407 1471 458 ἐν
1502 421 1681 479 παρα-

1792 411 1918 457 tunc
1945 401 2050 472 ipsi
2074 400 2285 455 Adamo
2312 401 2368 455 in
2398 399 2689 471 paradiso;
2736 399 2971 470 primum
3019 400 3236 471 quidem
3284 419 3372 457 ra-

128 509 285 578 δείσῳ,
317 503 527 577 πρῶτον
560 502 658 573 μὲν
684 501 897 572 τρυφῆς
934 499 1077 569 λόγῳ
1109 498 1201 551 τὸν
1241 496 1571 568 παράδεισον
1603 496 1683 549 οξ-

129 600 359 672 κητήριον
382 597 522 659 δοὺς,
548 594 738 648 ἔπειτα
765 592 1022 664 προνοίας
1042 590 1186 661 λόγῳ
1208 589 1428 661 ἐντολὴν
1456 588 1686 659 ποιησά-

131 708 266 763 pavo;
285 707 297 720 °
332 687 639 760 ἁμαρτόντα
668 686 746 748 δὲ,
779 682 1095 755 δικαιοσύνῃ
1133 679 1358 746 ἐξώσας,
1389 680 1685 751 ἀγαθὸτητι

126 786 172 837 δὲ
200 784 265 855 μὴ
293 780 602 853 ἀπορρίψας
640 780 721 840 εἰς
759 776 822 830 τὸ
859 774 1140 837 παντελὲς,
1170 772 1306 827 ἀλλὰ
1334 774 1429 826 καὶ
1462 773 1590 834 τοὺς
1627 770 1687 835 ἐξ

127 873 270 930 αύτοῦ
298 873 439 927 κατὰ
464 870 711 942 διαδοχὴν
739 868 1011 940 διαφόρως
1049 864 1372 928 παιδεύσας·
1407 864 1472 918 δι’
1504 864 1562 917 ὃν
1594 864 1687 917 ἐπὶ

124 965 175 1018 τὸ
195 963 360 1034 τέρμα
372 960 466 1015 τοῦ
492 962 686 1024 αἰῶνος
716 959 1002 1014 ἀπέστειλε
1023 958 1114 1011 τὸν
1143 957 1270 1011 Υἰδν
1293 955 1458 1010 αὑτοῦ
1479 954 1686 1027 ἄνθρω-

126 1074 210 1109 πον
250 1053 497 1123 γενέσθαι
534 1052 599 1105 δι’
630 1051 971 1123 ἀνθρώπους,
1010 1051 1104 1104 καὶ
1139 1048 1317 1103 πάντα
1360 1047 1431 1101 τὰ
1478 1047 1687 1119 ἀνθρώ-

128 1165 237 1202 πινα
294 1145 438 1217 πάθη
495 1143 884 1208 ἀναδέξασθαι,
940 1143 1112 1214 χωρὶς
1165 1141 1461 1213 ἁμαρτίας.
1515 1142 1686 1194 Αὐτὸν

124 1235 203 1291 οὖν
240 1239 326 1291 καὶ
368 1236 463 1290 νῦν
518 1235 904 1307 παρακαλείτω
958 1237 986 1287 ὁ
1038 1235 1219 1307 ἱερεὺς
1271 1232 1409 1305 πρὸς
1457 1232 1535 1303 τῷ
1588 1232 1685 1303 βα-

126 1330 392 1400 πτίσματι,
433 1329 525 1381 καὶ
553 1329 787 1398 λεγέτω,
821 1328 1149 1382 ὅτι-Κάτιδε
1194 1327 1255 1392 ἐξ
1301 1325 1550 1398 ούρανοῦ,
1594 1326 1688 1379 καὶ

126 1421 325 1490 ἁγίασον
369 1420 431 1473 τὸ
471 1419 613 1492 ὕδωρ
662 1419 856 1473 τοῦτο·
899 1419 988 1484 δὸς
1022 1418 1078 1473 δὲ
1115 1419 1227 1490 (54)
1266 1420 1425 1491 χάριν
1460 1419 1554 1471 καὶ
1593 1417 1687 1470 δύ-

124 1512 438 1585 ναμιν,ῶστε
469 1513 559 1566 τὸν
590 1512 1001 1583 βαπτιζόμενον,
1034 1515 1153 1566 κατ’
1182 1511 1399 1582 ἐντολὴν
1426 1509 1521 1563 τοῦ
1550 1511 1594 1562 Χ
1603 1526 1686 1581 ρι-

126 1604 233 1658 στοῦ
278 1621 389 1671 σου,
431 1603 581 1675 αύτῷ
621 1604 1096 1675 συσταυρωθῆναι,
1146 1605 1226 1666 είς
1272 1601 1684 1666 συναποθανεῖν,

124 1697 203 1750 καὶ
229 1697 578 1766 συνταφῆναι,
611 1698 704 1749 καὶ
737 1698 1131 1768 συναναστῆναι
1153 1696 1236 1759 είς
1276 1696 1549 1750 υἱοθεσίαν
1585 1698 1685 1770 τὴν

125 1788 338 1859 ἐναὺτῷ,
367 1788 445 1859 τῷ
474 1787 812 1860 νεκρωθῆναι
835 1790 932 1861 μὲν
957 1790 1024 1859 τῇ
1054 1788 1316 1859 ἁμαρτίᾳ.
1347 1788 1508 1859 ζῆσαι
1531 1788 1587 1842 δὲ
1615 1793 1681 1861 τῇ

123 1881 425 1955 δικαιοσύνῃ.
474 1882 586 1934 Καὶ
626 1882 765 1952 μετὰ
790 1880 969 1944 τοῦτο,
1012 1880 1282 1951 βαπτίσας
1320 1882 1479 1935 αὐτὸν
1515 1882 1573 1933 ὲν
1611 1882 1687 1953 τῷ

124 1971 317 2043 ὀνόματι
347 1973 441 2026 τοῦ
486 1973 721 2046 Πατρὸς,
772 1973 867 2027 καὶ
912 1972 1007 2026 τοῦ
1052 1972 1207 2035 Υἱοῧ,
1258 1974 1350 2026 καὶ
1385 1974 1479 2027 τοῦ
1528 1976 1685 2042 ἁγίου

126 2062 430 2136 Πνεύματος,
464 2065 710 2137 χρισάτω
740 2065 916 2137 μύρῳ,
950 2065 1241 2133 ἐπιλέγων·

607 2158 1004 2211 ΚΕΦΑΛΑῙΟΝ
1038 2158 1170 2211 MA’.

278 2247 415 2317 Περὶ
446 2248 553 2303 τοῦ
579 2249 880 2319 μυστικοῦ
912 2252 1109 2319 μύρου
1137 2251 1505 2319 εὐχαριστία.

180 2339 339 2411 Κύριε
366 2342 394 2394 ὁ
421 2340 576 2405 Θεὸς,
606 2343 634 2395 ὸ
664 2342 957 2413 ἀγέννητος
970 2344 1036 2408 ⁷⁷,
1067 2343 1162 2397 καὶ
1181 2343 1493 2408 ἀδέσποτος,
1522 2344 1550 2397 ὀ
1579 2344 1687 2398 τῶν

123 2430 238 2484 ὂὶων
271 2432 491 2505 Κύριος,
522 2434 550 2486 ὁ
577 2434 676 2506 τὴν
704 2434 880 2505 ὀσμὴν
906 2432 1008 2505 τῆς
1035 2434 1290 2505 γνώσεως
1318 2435 1412 2489 τοῦ
1444 2436 1688 2506 Εὐαγγε-

123 2522 218 2577 llos
243 2525 294 2577 ὲν
322 2526 454 2579 πᾶσι
500 2528 613 2588 τοῖς
643 2524 852 2579 ἔθνεσιν
881 2524 1110 2597 εὔοσμον
1155 2527 1586 2598 παρασχόμενος·
1622 2529 1685 2582 σὺ

123 2616 202 2668 καὶ
225 2615 312 2669 νῦν
339 2617 498 2670 τοῦτο
524 2617 584 2670 τὸ
616 2618 786 2690 μύρον
815 2617 903 2682 δὸς
929 2619 1151 2690 ένεργὲς
1182 2619 1443 2688 γενέσθαι
1477 2621 1571 2673 ἐπὶ
1609 2621 1688 2692 τῷ

126 2706 498 2779 βαπτιζομένῳ,
529 2709 669 2763 ὥστε
698 2709 922 2780 βεϐαίαν
952 2710 1047 2764 καὶ
1090 2711 1287 2780 πάγιον
1325 2713 1384 2766 ὲν
1411 2713 1561 2783 αύτῷ
1588 2715 1687 2786 τὴν

124 2800 323 2853 εὐωδίαν
353 2805 537 2872 μεῖναι
564 2801 659 2855 τοῦ
690 2802 927 2874 Χριστοῦ
968 2820 1083 2867 σου,
1114 2804 1208 2857 καὶ
1255 2805 1687 2859 συναποθανόντα

123 2894 262 2947 αὑτὸν
289 2894 683 2965 συναναστῆναι
728 2896 823 2947 καὶ
857 2895 1088 2965 συζῆσαι
1130 2895 1280 2967 αύτῷ
1322 2896 1456 2967 (35).
1498 2896 1688 2952 Ταῦτα

125 2985 203 3035 καὶ
243 2985 307 3039 τὰ
348 2985 561 3049 τούτοις
604 2985 873 3040 ἀκόλουθα
916 2986 1141 3056 λεγέτω.
1184 2987 1445 3043 Ἐκάστου
1495 2989 1604 3061 γὰρ
1650 2993 1684 3062 ἡ

123 3073 321 3146 δύναμις
347 3078 446 3147 τῆς
475 3077 815 3148 χειροθεσίας
841 3079 987 3131 ἐστὶν
1017 3077 1177 3151 αὕτη·
1221 3080 1316 3133 ἐὰν
1345 3080 1455 3153 γὰρ
1503 3083 1576 3154 μὴ
1608 3084 1688 3147 εἰς

124 3164 325 3262 ἕκαστον
354 3168 466 3239 (56)
517 3169 722 3224 τούτων
768 3170 1058 3262 ἐπίκλησις
1104 3171 1329 3243 γένηται
1374 3173 1527 3245 παρὰ
1573 3172 1684 3245 (37)
1714 3206 1755 3262 Ο

123 3257 200 3309 τοῦ
227 3260 473 3324 εὐσεϐοῦς
507 3262 697 3332 ἱερέως
722 3260 945 3333 τοιαύτη
974 3279 1078 3325 τις,
1118 3264 1198 3326 εἰς
1225 3263 1369 3335 ὕδωρ
1410 3266 1569 3335 μόνον
1597 3283 1688 3319 κα-

123 3350 339 3404 ταδαίνει
367 3355 395 3406 ὁ
424 3352 839 3424 βαπτιζόμενος,
872 3355 947 3417 ὼς
987 3355 1229 3409 Ἰουδαῖοι
1260 3356 1393 3427 (58),
1425 3358 1519 3411 καὶ
1549 3359 1688 3412 ἁπο-

123 3441 301 3496 τίθεται
333 3444 494 3515 μόνον
525 3446 616 3498 τὸν
648 3445 817 3517 ῥύπον
846 3446 940 3499 τοῦ
974 3446 1243 3517 σώματος,
1289 3450 1351 3502 ού
1392 3450 1483 3504 τὸν
1516 3451 1687 3523 ῥύπον

124 3532 206 3601 τῆς
228 3534 417 3607 ψυχῆς.
450 3536 611 3591 Μετὰ
636 3536 813 3614 τοῦτο,
848 3537 1018 3602 ἑστὼς
1045 3539 1430 3611 προσευχέσθω
1475 3543 1573 3614 τὴν
1602 3544 1691 3597 εὑ·-

124 3624 206 3693 χὴν
235 3627 295 3697 ἢν
323 3627 562 3692 ἐδίδαξεν
594 3610 742 3700 ἡμᾶς
778 3632 806 3683 ὁ
852 3629 1056 3702 Κύριος
1094 3610 1229 3702 (59)·
1256 3610 1589 3701 νὰναγκαίως
1633 3635 1688 3688 δὲ

122 3714 197 3769 τὸν
221 3719 624 3773 ἀναστάνταδεί
653 3722 875 3775 ἑστάναι
905 3723 1002 3776 καὶ
1040 3723 1462 3795 προσεύχεσθαι,
1493 3724 1582 3778 διὰ
1628 3726 1690 3779 τὸ

121 3806 199 3859 τὸν
249 3810 590 3885 ἐγειρόμενον
634 3815 814 3887 ὄρθιον
858 3814 1016 3870 εἷναι·
1066 3817 1162 3869 καὶ
1218 3818 1380 3881 αὐτὸς
1424 3814 1516 3871 οὖν
1567 3835 1691 3871 συν-

122 3903 379 3960 αποθανὼν
394 3907 474 3979 τῷ
496 3907 717 3979 Χριστῷ
729 3911 822 3963 καὶ
844 3909 1208 3983 συνεγερθεὶς,
1233 3910 1495 3980 στηκέτω.
1522 3911 1690 3981 Προσ-

122 3996 334 4066 ευχέσθω
353 4001 408 4054 δὲ
429 4002 575 4056 κατὰ
603 4002 862 4065 ἀνατολάς
877 4002 1007 4075 (40)·
1032 4005 1125 4057 καὶ
1154 4002 1263 4075 γὰρ
1295 4003 1390 4057 καὶ
1417 4001 1573 4055 τοῦτο
1591 4002 1686 4071 γέ-

122 4100 335 4155 γραπται
357 4093 412 4145 ὲν
427 4097 499 4166 τῇ
515 4093 744 4166 δευτέρᾳ
770 4094 877 4150 τῶν
893 4094 1408 4166 Παραλειπομένων,
1433 4095 1515 4147 ὅτι
1549 4093 1686 4166 μετὰ

122 4177 172 4229 τὸ
190 4184 591 4256 συντελεσθῆναι
612 4186 704 4241 τὸν
724 4186 849 4240 ναὸν
871 4186 964 4240 τοῦ
985 4188 1189 4258 Κυρίου
1205 4185 1309 4240 ὑπὸ
1319 4185 1412 4239 τοῦ
1430 4185 1693 4257 βασιλέως

122 4268 455 4346 Σολομῶντος,
488 4280 549 4331 ἐν
577 4279 728 4350 αύτῷ
753 4279 830 4348 τῷ
859 4278 1199 4349 ὲγκαινισμῷ
1225 4279 1274 4331 οί
1306 4279 1490 4350 ἱερεῖς,
1520 4280 1614 4331 καὶ
1641 4279 1690 4329 οἱ

125 4363 333 4434 Λευῖται,
365 4372 459 4424 καὶ
488 4372 540 4424 οἱ
584 4371 874 4443 ψαλτῳδοὶ,
908 4370 1047 4442 μετὰ
1092 4370 1386 4443 κυμϐάλων
1415 4370 1511 4425 καὶ
1555 4370 1692 4439 ψαλ-

181 4504 219 4535 ⁷⁷
240 4506 308 4564 al.
325 4510 608 4581 ἀγένητος.
684 4510 731 4541 ⁷⁸
756 4507 947 4563 Matth.
976 4523 1051 4574 vn,
1068 4505 1123 4561 9.

1787 496 1935 549 tione
1964 493 2286 549 deliciarum
2312 493 2460 548 dedit
2503 491 2581 546 illi
2625 490 2946 561 paradisum
2990 491 3044 546 in
3076 491 3373 548 habitatio-

1788 601 1946 653 nem;
1977 583 2173 639 deinde
2201 583 2417 638 ratione
2447 580 2805 653 providentia:
2840 581 3158 637 mandatum
3203 584 3376 638 tradi-

1788 677 1904 743 dit;
1949 683 2075 747 post
2107 684 2393 746 peccatum
2424 682 2608 730 autem
2628 714 2644 739 ,
2692 690 2791 744 per
2819 674 3083 744 iustitiam
3110 690 3236 731 eum
3278 693 3373 732 ex—

1790 769 1949 839 pulit,
1982 784 2080 838 per
2108 769 2407 823 bonitatem
2442 783 2574 823 vero
2612 782 2724 822 non
2769 783 2837 823 ex
2881 776 2993 822 toto
3023 768 3243 839 abjecit,
3272 770 3373 827 sed

1788 866 1842 914 et
1873 869 2124 932 posteros
2152 861 2275 928 ejus
2316 860 2562 916 vicissim
2593 860 2829 915 erudivit
2873 860 3108 917 diversis
3149 861 3327 918 modis
3353 881 3372 920 ι

1788 963 2010 1024 pr0pter
2036 969 2197 1025 quem
2224 953 2281 1007 in
2302 960 2548 1009 extremo
2575 953 2759 1010 saeculi
2790 954 2941 1009 misit
2963 953 3161 1009 Filium
3186 972 3370 1023 suum,

1788 1054 1849 1102 ut
1874 1047 2040 1101 homo
2070 1046 2224 1101 ﬁeret
2257 1046 2539 1101 hominum
2571 1062 2759 1114 causa,
2801 1056 2854 1103 et
2883 1063 3074 1104 omnes
3102 1049 3375 1109 humanos

1789 1136 2039 1201 affectus,
2066 1146 2292 1208 excepto
2321 1146 2567 1208 peccato,
2603 1140 2929 1208 susciperet.
2959 1139 3142 1211 Ipsum
3169 1158 3299 1212 ergo
3319 1151 3374 1199 et

1788 1246 1939 1284 nunc
1962 1230 2179 1285 invocet
2210 1230 2469 1286 sacerdos
2513 1231 2617 1286 sub
2661 1232 2997 1302 baptismum
3025 1272 3040 1297 ,
3086 1247 3151 1287 ac
3182 1235 3369 1291 dicat:

1789 1320 2023 1393 Respice
2043 1321 2111 1378 de
2135 1322 2297 1387 caelo,
2322 1331 2376 1377 et
2406 1322 2689 1379 sanctiﬁca
2716 1324 2857 1377 hanc
2881 1340 3115 1395 aquam;
3144 1326 3211 1379 da
3244 1344 3373 1383 vero

1787 1415 2020 1485 gratiam
2061 1423 2116 1469 et
2155 1415 2433 1479 virtutem,
2468 1427 2527 1469 ut
2557 1415 2651 1486 qui
2685 1410 3019 1487 baptizatur,
3069 1420 3372 1474 secundum

1788 1505 2109 1561 mandatum
2149 1505 2352 1563 Christi
2384 1508 2496 1573 tui,
2534 1523 2659 1562 cum
2690 1509 2881 1564 eodem
2912 1510 3284 1580 cruciﬁgatur,
3318 1520 3373 1567 et

1789 1599 2206 1665 commoriatur,
2241 1608 2296 1655 et
2324 1602 2749 1672 consepeliatur,
2793 1610 2848 1658 et
2878 1605 3285 1659 consuscitetur
3314 1605 3369 1660 in

1791 1690 2139 1762 adoptionem
2181 1708 2302 1762 quae
2350 1693 2407 1748 in
2454 1709 2520 1750 eo
2566 1694 2644 1759 ﬁt,
2696 1702 2755 1748 ut
2801 1696 3102 1764 perimatur
3148 1696 3371 1767 quidem
3403 1709 3421 1727 ⁸

1792 1794 2040 1854 peccato,
2085 1786 2233 1839 vivat
2273 1793 2455 1843 autem
2499 1787 2748 1857 justitiaa.
2793 1788 2858 1842 Et
2905 1796 3030 1859 post
3062 1789 3199 1856 hoc,
3242 1805 3369 1846 cum

1718 1857 1760 1911 Β
1789 1878 2148 1950 baptizaverit
2175 1896 2300 1935 eum
2332 1880 2389 1934 in
2420 1881 2641 1935 nomine
2671 1879 2871 1945 Patris,
2900 1857 2955 1936 et
2984 1880 3132 1947 Filii,
3162 1890 3217 1939 et
3248 1882 3372 1954 Spi-

1789 1972 1929 2027 ritus
1956 1973 2154 2039 sancti,
2187 1972 2322 2027 linat
2347 1981 2651 2043 unguento,
2684 1988 2750 2028 ac
2777 1972 2944 2028 dicat:

2352 2151 2583 2208 CAPUT
2620 2152 2803 2208 XLIV.

2002 2244 2077 2301 De
2117 2247 2337 2317 mystico
2368 2255 2632 2317 unguento
2664 2247 2803 2300 actio
2831 2250 3155 2317 gratiarum.

1860 2335 2088 2392 Domine
2112 2337 2276 2402 Deus,
2311 2338 2404 2407 qui
2433 2337 2710 2408 ingenitus
2745 2355 2827 2404 es,
2859 2347 2911 2394 et
2942 2340 3221 2396 dominum
3260 2359 3371 2398 non

1790 2428 1982 2494 babes,
2015 2429 2133 2501 ipse
2178 2430 2423 2486 omnium
2466 2429 2764 2498 Dominus;
2796 2433 2888 2501 qui
2922 2433 3144 2489 odorem
3176 2436 3369 2506 cogni-

1791 2521 1958 2577 tionis
1979 2521 2255 2593 Evangelii
2284 2522 2341 2576 in
2372 2522 2629 2578 omnibus
2670 2524 2924 2594 gentibus
2968 2540 3188 2580 suavem
3232 2542 3367 2596 prm-

1790 2613 1958 2669 buisti
1992 2632 2006 2670 :
2039 2621 2096 2669 tu
2121 2623 2175 2669 et
2198 2629 2346 2669 nunc
2371 2622 2569 2684 praesta
2599 2622 2658 2669 ut
2687 2614 2790 2671 hoc
2814 2624 3149 2688 unguentum
3181 2618 3369 2674 ellicax

1792 2704 1886 2759 ﬁat
1912 2705 1967 2759 in
2004 2705 2312 2776 baptizato;
2348 2721 2457 2776 quo
2504 2706 2659 2761 ﬁrma
2698 2716 2753 2762 et
2793 2709 3008 2765 stabilis
3056 2719 3273 2765 maneat
3316 2713 3371 2770 in

1792 2796 1911 2867 ipso
1942 2798 2242 2868 fragrantia
2278 2798 2480 2854 Christi
2524 2798 2623 2865 tui,
2672 2801 2759 2854 cui
2818 2800 2935 2870 ipse
2972 2810 3367 2869 commortuus,

1792 2892 2198 2946 consuscitetur
2228 2905 2292 2944 ac
2323 2890 2598 2946 convivat.
2638 2889 2763 2946 Haec
2803 2899 2857 2947 et
2884 2892 2969 2948 bis
3006 2904 3371 2951 consentanea

1791 2982 2058 3054 proferat.
2099 2981 2237 3036 Nam
2278 2982 2395 3037 haec
2436 2990 2519 3037 est
2562 2989 2806 3053 potestas
2848 2985 3216 3055 impositionis
3254 3002 3373 3041 ma-

1791 3090 1963 3129 nuum
1994 3074 2292 3145 unicuique
2315 3074 2513 3129 facta};
2546 3075 2652 3131 nisi
2680 3076 2824 3130 enim
2858 3076 2914 3130 in
2947 3080 3377 3150 unumquodque

1791 3182 1981 3222 eorum
2008 3167 2135 3222 talis
2165 3167 2432 3237 quaepiam
2464 3167 2740 3221 invocatio
2771 3184 2801 3222 a
2835 3168 2925 3239 pio
2954 3171 3239 3227 sacerdote
3268 3172 3371 3227 ad-

1791 3258 2077 3325 hibeatur,
2112 3260 2205 3330 qui
2233 3259 2563 3329 baptizatur,
2590 3259 2644 3314 in
2680 3276 2875 3330 aquam
2908 3270 3115 3317 tantum
3145 3263 3367 3321 desceno-

1789 3349 1890 3415 dit,
1916 3361 1974 3405 ut
1999 3349 2195 3415 Judaei,
2221 3360 2275 3407 et
2298 3353 2545 3422 corporis
2574 3359 2785 3407 tantum
2817 3353 3030 3416 sordes,
3059 3371 3164 3409 non
3188 3364 3375 3412 autem

1789 3442 1989 3496 animae
2028 3442 2273 3513 deponit.
2304 3442 2436 3499 Post
2478 3444 2610 3508 hoc,
2645 3452 2799 3500 stans
2848 3445 2998 3500 dicat
3041 3446 3371 3513 orationem,

1790 3549 1954 3604 quam
1985 3533 2173 3588 docuit
2202 3550 2303 3590 nos
2335 3534 2600 3591 Dominus
2628 3536 2675 3567 ⁷⁸
2710 3536 2989 3601 ερεοίιίοοι,
3036 3538 3129 3607 qui
3160 3542 3369 3594 'resuru

1789 3625 1952 3691 rexit,
1997 3626 2310 3681 necessario
2353 3626 2516 3681 debet
2569 3636 2716 3682 stare
2765 3642 2829 3680 ac
2881 3642 3059 3694 orare,
3108 3630 3367 3698 quoniam

1792 3718 1887 3787 qui
1931 3718 2198 3790 exsurgit,
2232 3726 2452 3773 erectus
2492 3725 2576 3774 est
2606 3738 2618 3773 :
2657 3728 2710 3774 et
2746 3719 2863 3790 ipse
2908 3720 3096 3791 igitur,
3132 3722 3224 3791 qui
3258 3739 3371 3777 una

1791 3824 1915 3863 cum
1948 3809 2167 3869 Christo
2214 3816 2465 3866 mortuus
2493 3819 2578 3866 est
2620 3825 2684 3865 ac
2728 3814 3051 3878 resurrexit,
3082 3822 3206 3870 stet.
3236 3814 3369 3872 Pre-

1790 3910 1945 3957 cctur
1974 3918 2102 3958 vero
2129 3902 2198 3956 ad
2243 3904 2551 3966 orientem):
2584 3904 2785 3959 etenim
2823 3906 2927 3960 hoc
2973 3922 3190 3977 quoque
3229 3909 3376 3964 scri-

1791 4003 1944 4064 ptum
1976 4003 2061 4051 est
2101 3995 2156 4049 in
2195 3994 2438 4051 secundo
2478 3995 2962 4066 Paralipomenon,
3003 4000 3170 4070 quod,
3217 4008 3367 4071 post-

1788 4103 1952 4158 quam
1983 4088 2243 4158 templum
2276 4086 2491 4143 Domini
2532 4104 2563 4143 a
2608 4105 2735 4160 rege
2777 4089 3066 4148 Salomone
3105 4109 3366 4149 consum-

1789 4191 1994 4235 matum
2047 4181 2169 4248 fuit,
2234 4180 2290 4236 in
2343 4181 2463 4253 ipsa
2516 4182 2860 4239 dedicatione
2911 4186 3265 4255 sacerdotes,
3310 4196 3371 4242 et

1787 4272 1984 4337 levita),
2018 4280 2072 4327 et
2102 4280 2379 4341 cantores,
2414 4289 2538 4329 cum
2571 4275 2838 4346 cymbalis
2859 4284 2914 4332 et
2947 4278 3223 4348 psalteriis
3258 4289 3367 4335 ste-

1790 4373 1975 4421 terunt
2003 4366 2071 4420 ad
2108 4368 2401 4435 orientem,
2445 4367 2753 4432 laudantes,
2807 4381 2862 4425 et
2909 4372 3253 4442 conﬁtentes,
3299 4387 3372 4428 ac.

1402 4615 1765 4673 VARIORUM
1798 4616 2030 4674 NOTAE.
2413 4687 2416 4690 ρ

181 4733 279 4806 (55)
322 4735 476 4788 Τότε.
511 4731 660 4788 Alter
686 4730 810 4788 cod.
845 4729 1082 4785 Vindob.
1112 4730 1277 4786 habet
1309 4730 1387 4801 τῷ
1416 4730 1495 4797 δέ,
1522 4732 1667 4800 quod

1792 4730 1935 4803 ἡμῶν
1964 4734 1993 4785 ό
2026 4731 2083 4806 έν
2122 4736 2547 4806 τοῖς-οὐρανοῖς,
2583 4742 2713 4806 et‘c.,
2748 4734 2841 4789 ubi
2902 4735 3028 4806 (hoc
3076 4743 3133 4790 ut
3181 4738 3362 4794 obiter

120 4804 311 4858 melius.
340 4806 510 4858 CLsn.

180 4872 255 4940 (54
317 4874 405 4927 Δὲ.
446 4874 544 4928 Est
567 4874 622 4927 in
654 4874 825 4927 altero
854 4870 1020 4927 Vind.
1055 4870 1114 4925 τέ
1144 4872 1362 4927 melius.
1396 4869 1472 4925 lo.

180 4875 279 5016 (55)
313 4945 425 4997 Καὶ
454 4944 953 5016 συναποθανόντα
983 4944 1187 5016 αὐτόν,
1212 4951 1328 5016 etc.
1350 4940 1472 4997 Recl

178 4943 279 5016 (55)
313 4945 425 4997 Καὶ
454 4944 953 4998 συναποθανόντα
983 4944 1187 5005 αὐτόν,
1212 4951 1316 4997 etc.
1350 4943 1519 4997 Recte
1546 4956 1670 4995 cum

117 5008 210 5065 isto
241 5014 355 5069 loco
386 5014 690 5084 conjunges
710 5014 1215 5084 interpretationem
1238 5011 1581 5067 Balsamonis
1604 5010 1671 5065 ad

116 5094 358 5139 canonem
390 5082 759 5139 Laodicenum
790 5082 879 5137 48.
914 5082 1051 5138 Cor.

1782 4802 2059 4893 moneam)
2083 4875 2095 4893 .
2122 4804 2268 4893 quod
2324 4802 2750 4893 sequiturbzdmx
2913 4802 3054 4875 δψιν
3086 4806 3273 4860 πίπτει

317 4874 405 4927 Δὲ.
446 4874 544 4928 Est
567 4874 622 4927 in
654 4874 825 4927 altero
854 4873 1020 4927 Vind.
1055 4873 1114 4925 τέ
1144 4873 1362 4927 melius.
1396 4873 1472 4925 lo.
1782 4873 2012 4939 παιδίον,
2039 4873 2104 4928 οὐ
2136 4874 2288 4940 ξύλον
2322 4873 2474 4947 ὁρᾷς,
2508 4873 2632 4929 οὑδὲ
2664 4876 2865 4945 πηγήν,
2909 4873 3227 4946 corruptum
3277 4878 3362 4933 vi—

313 4945 425 4997 Kal
454 4944 966 5026 σρναποραγόντα
983 4944 1187 5026 (tutor,
1212 4951 1329 5026 e't‘c.‘
1350 4940 1519 4997 Recte
1535 4956 1670 5026 cum
1780 4944 1964 5026 detur,
1992 4953 2171 5026 atque_
2180 4945 2577 5026 corrigendum
2594 4944 2885 5026 scribendo
2914 4946 3267 5026 neafovkquia.
3290 4947 3360 5002 ad

1778 5013 2092 5139 Paradisum
2123 5016 2317 5100 alludit
2341 5013 2406 5070 VS.
2447 5016 2657 5097 doctor.
2693 5013 2756 5069 Et
2785 5029 2915 5069 vero
2946 5015 3081 5071 solis
3108 5013 3361 5099 fidelibus

1800 5087 1981 5139 icebat
2008 5094 2311 5139 orationem
2332 5087 2670 5139 Dominicam
2698 5084 2960 5139 proferre.
2982 5086 3221 5139 nondum
3253 5105 3361 5139 ini--

1822 5087 1981 5141 cebat
2008 5088 2311 5141 orationem
2332 5086 2670 5141 Dominicam
2696 5084 2960 5153 proferre,
2982 5086 3221 5140 nondum
3253 5088 3361 5141 ini--

180 5151 280 5225 (ὅθ)
330 5156 471 5209 Ἐὰν
500 5153 611 5225 γᾴρ
634 5155 719 5223 μὴ
746 5157 838 5225 εις
862 5154 1142 5217 ἕκαστον,
1174 5159 1290 5225 etc._
1314 5151 1579 5225 Loquitur
1603 5152 1671 5208 de

1792 5156 1928 5225 tiatis
1950 5172 2060 5211 non
2102 5157 2303 5211 licebat
2349 5176 2362 5212 :
2417 5162 2475 5209 ut
2518 5151 2732 5212 exserte
2774 5154 2932 5225 docet
2975 5154 3359 5225 Theodoritus,

116 5216 419 5296 baptismate
451 5216 733 5280 ordinario
775 5216 1118 5296 adulterum;
1149 5221 1295 5296 quod
1336 5216 1443 5277 nisi
1483 5223 1674 5296 sedulo
1785 5223 1937 5296 ζέων.
1967 5225 2103 5290 fab.,
2147 5226 2220 5280 lib
2247 5242 2303 5288 ν,
2351 5240 2471 5295 cap.
2518 5225 2611 5296 28,
2647 5232 2767 5295 post
2804 5224 3254 5296 Chrysostomuln
3288 5216 3355 5283 ad

118 5303 173 5344 ac
196 5293 466 5363 ritejuxta
495 5302 665 5349 totam
698 5294 1075 5348 caeremoniam
1109 5292 1354 5346 tradatur
1395 5307 1426 5346 a
1465 5292 1561 5363 pio,
1586 5308 1674 5348 sa-

118 5362 337 5435 cerdote,
364 5374 417 5421 et
450 5366 785 5435 suscipiatur
814 5379 842 5417 a
888 5365 977 5435 pio
1021 5363 1435 5435 catechumeno,
1478 5362 1674 5435 animae

118 5381 337 5430 cer00te,
364 5381 417 5421 et
450 5381 596 5420 susc:
642 5381 785 5418 tatur
814 5381 842 5417 a
888 5381 977 5435 pio
1021 5381 1435 5425 catecnumeno,
1478 5381 1670 5417 anima:

118 5433 287 5506 sordes
316 5450 423 5489 non
445 5381 687 5506 depelfit,
717 5450 817 5506 nec
849 5449 1009 5506 suum
1039 5434 1247 5506 obtinet
1274 5432 1546 5506 e_lleclu_m.
1593 5432 1670 5487 lo.

196 5502 279 5574 37)
312 5506 499 5574 Παρὰ.
519 5501 687 5559 Ἀιιει·
716 5504 951 5560 Vindob.
985 5503 1145 5574 habet
1174 5502 1414 5574 bicorni.
1450 5501 1617 5574 Cncn.

196 5572 276 5631 58)
327 5572 615 5630 Ἱοὺδαῖοι.
645 5574 868 5631 Rectius
896 5575 952 5629 in
980 5573 1170 5628 eodem
1196 5574 1246 5625 οἱ
1275 5572 1535 5626 Ἰουδαῖοι.
1562 5573 1634 5626 lo.

177 5642 278 5712 (39)
312 5645 473 5700 Μετὰ
502 5646 675 5700 τοῦτο
706 5645 913 5712 ἑστώς,
944 5651 1049 5701 etc.
1078 5642 1315 5698 Joannes
1338 5643 1670 5712 Chrysosto-

120 5702 423 5783 mus,'hom.
452 5715 488 5770 6
517 5718 569 5770 in
600 5702 991 5783 Epistolam'ad
1033 5712 1366 5769 Colossenses
1393 5728 1410 5764 :
1454 5702 1672 5774 Εὐθέως

119 5780 213 5853 γὰρ
252 5786 506 5853 ἀνελθὼν,
551 5780 721 5842 ταῦτα
771 5787 1061 5857 φθέγγεται
1110 5785 1175 5838 τὰ
1211 5784 1447 5855 ῥήματα·
1495 5783 1680 5856 Πάτερ

1782 5293 1974 5349 Matth.
2001 5296 2193 5362 vI,12,
2216 5305 2271 5350 et
2295 5293 2481 5349 homil.
2512 5294 2568 5359 2,
2601 5293 2660 5349 in
2680 5293 3032 5364 posteriorem
3065 5296 3130 5350 ad
3161 5295 3361 5353 Corin-

1786 5366 1953 5447 thios,
2004 5376 2197 5447 utque_
2218 5366 2493 5447 colligitur
2524 5381 2588 5420 ex
2620 5364 2932 5447 .Augustjni
2984 5368 3353 5447 sermonibus.

1784 5434 2111 5506 Quanquam
2147 5436 2198 5490 id
2226 5434 2492 5490 orationis
2524 5434 2808 5490 recitatum
2844 5434 3013 5491 fuisse
3038 5453 3067 5489 a
3099 5439 3357 5493 catechu-

1785 5506 2151 5630 inlenisgéaulo
2182 5515 2307 5560 ante
2329 5506 2684 5575 baptismum,
2712 5506 2941 5574 legimus
2969 5507 3023 5559 in
3044 5505 3353 5563 Rilualibus

1806 5592 1957 5630 uris.
2035 5592 2105 5630 o'r

1785 5575 1958 5719 illa?)
2181 5643 2505 5719 ᾀνᾳτολάς.
2543 5643 2619 5698 Ita
2661 5644 2718 5699 in
2760 5657 2862 5698 ms.
2889 5640 3278 5707 Alexandrino,
3313 5638 3356 5694 ll

1782 5714 2020 5788 I’a’ral'ip.
2056 5731 2109 5781 v,
2143 5714 2229 5771 12.
2266 5716 2338 5770 In.
