3812 6356
410 305 550 365 I059

409 424 480 482 Χ.
518 418 708 482 Oratio
736 436 830 492 pro
857 417 1125 486 ﬁdelibus.

408 521 501 577 XI.
549 517 820 573 Invocatio
846 527 941 579 pro
967 507 1227 578 ﬁdelibus.

409 612 526 669 XII.
565 609 886 667 Constitutio
915 602 1126 666 Jacobi,
1153 600 1342 669 fratris
1373 592 1603 648 Joannis
1626 586 1878 643 Zebedwi.

415 799 556 854 XIII.
596 797 786 852 Oratio
841 806 935 858 pro
984 784 1252 857 ﬁdelibus,
1310 790 1426 852 post
1473 776 1707 833 diuinam
1749 770 1981 827 oblatio-

482 907 620 946 nem.

414 983 555 1039 XIV.
589 979 777 1036 Oratio
800 982 917 1044 post
946 969 1385 1027 communionem.

415 1075 533 1131 XV.
579 1070 849 1128 Invocatio
877 1078 996 1136 post
1024 1063 1462 1119 communionem.

412 1168 555 1227 XVI.
595 1166 672 1220 De
741 1160 1074 1217 ordinatione
1136 1155 1597 1227 presbyterorum,

484 1261 712 1317 Joannis
743 1275 777 1311 a
802 1256 1026 1310 Domino
1050 1250 1248 1305 dilecti.

416 1354 582 1413 XVII.
623 1353 698 1407 De
727 1348 1069 1405 ordinatione
1099 1344 1470 1399 diaconorum,
1499 1334 1808 1393 constitutio
1855 1331 1986 1385 Phi-

489 1451 639 1517 lippi.

415 1540 608 1598 XVIII.
652 1533 925 1590 Invocatio
950 1526 1302 1586 ordinationis
1334 1522 1569 1577 diaconi.

412 1633 538 1692 XIX
607 1631 677 1685 De
693 1627 1015 1688 diaconissa,
1039 1619 1349 1677 constitutio
1374 1612 1774 1670 Bartltolotntei.

415 1731 537 1792 XX.
584 1723 854 1782 Invocatio
881 1721 937 1773 in
960 1715 1293 1773 ordinatione
1312 1708 1648 1765 diaconissw.

415 1825 559 1881 XXI.
605 1821 681 1875 De
705 1813 1066 1875 subdiaconis,
1090 1805 1398 1863 constitutio
1438 1800 1676 1855 Tltomtz.

419 1913 584 1973 XXII.
626 1912 703 1966 De
731 1906 1030 1967 lectoribus,
1072 1898 1380 1955 constitutio
1416 1892 1679 1948 Mattluei.

419 2006 612 2065 XXIII.
652 2003 687 2058 J
694 2001 841 2058 1cobi
873 1996 1076 2059 Alplta'i
1105 1990 1411 2048 constitutio
1443 1986 1506 2041 de
1528 1978 1939 2053 confessoribus.

1677 1149 1984 1206 constitutio

424 2189 614 2246 XXIV.
657 2183 909 2255 Ejusdem
938 2180 1001 2233 de
1030 2173 1339 2246 virginibus.

427 2283 591 2341 XXV.
637 2278 841 2337 Lebbwi
878 2279 1214 2344 cognomento
1272 2261 1528 2321 Thaddtei
1578 2256 1884 2315 constitutio
1930 2255 1995 2311 de

502 2375 693 2430 viduis.

422 2467 611 2526 XXVI.
657 2464 804 2521 Idem
839 2462 901 2514 de
930 2459 1215 2515 exorcista.

423 2558 636 2617 XXVII.
678 2556 863 2611 Simon
892 2551 1189 2615 Cananita,
1215 2545 1278 2601 de
1302 2544 1541 2615 episcopo
1558 2581 1572 2607 ,
1599 2556 1632 2595 a
1654 2547 1778 2611 quot
1815 2536 1997 2592 debeat

498 2650 760 2707 ordinari.

425 2743 667 2803 XXVIII.
711 2732 963 2810 Ejusdem
991 2750 1217 2791 canones
1257 2731 1322 2787 de
1357 2729 1633 2800 episcopis,
1656 2724 1995 2797 presbyteris,

498 2837 759 2900 diaconis,
786 2843 835 2887 et
858 2829 1071 2901 reliquis
1101 2827 1329 2882 clericis.

429 2930 624 2988 XXIX.
670 2929 743 2983 De
773 2924 1126 2981 benedictione
1160 2935 1313 2989 aquae
1337 2927 1387 2972 et
1422 2914 1556 2981 olei,
1599 2912 1843 2967 Mattluei
1873 2927 2000 2964 con-

497 3024 724 3079 stitutio.

434 3116 602 3174 XXX.
638 3113 912 3184 Ejusdem,
945 3111 1009 3165 de
1039 3108 1289 3179 primitiis
1317 3115 1367 3160 et
1393 3103 1632 3159 decimis.

432 3212 626 3268 XXXI.
670 3208 942 3279 Ejusdem,
976 3204 1041 3258 de
1068 3204 1134 3257 iis
1162 3217 1279 3273 qua:
1307 3205 1608 3268 supersunt.

438 3302 651 3361 XXXII.
707 3302 853 3355 Varii
878 3313 1103 3353 canones
1130 3293 1293 3348 Pauli
1326 3290 1573 3361 apostoli,
1598 3287 1662 3342 de
1690 3287 1755 3340 iis
1790 3285 1877 3355 qui
1911 3299 2000 3337 ac-

504 3396 694 3451 cedunt
726 3393 794 3446 ad
834 3391 1174 3459 baptismum,
1205 3401 1334 3457 quos
1365 3390 1602 3454 oporteat
1625 3378 1920 3441 admittere,
1950 3384 2000 3428 et

501 3505 632 3558 quos
658 3487 891 3552 reiicere.

434 3578 682 3635 XXXIII.
725 3574 926 3645 Quibus’
953 3573 1134 3629 diebus
1162 3570 1353 3643 famuli
1374 3568 1593 3624 debeant
1620 3565 1822 3637 feriari.

434 3668 918 3736 XXXIV.Quibus
940 3668 1107 3733 horis,
1158 3675 1209 3720 et
1259 3679 1421 3735 quare
1480 3662 1537 3715 in
1571 3660 1647 3714 eis
1687 3653 2004 3726 precandum

507 3766 598 3819 sit.

434 3854 653 3912 XXXV.
693 3852 882 3907 Jacobi
912 3854 1100 3923 fratris
1140 3851 1352 3905 Domini
1374 3848 1681 3903 constitutio
1702 3844 1766 3898 de
1790 3856 2007 3909 .vesper-

512 3951 620 4003 tino
649 3948 846 4017 ofﬁcio.

441 4041 682 4097 XXXVI.
724 4040 911 4095 Oratio
942 4039 1247 4096 lucernalis.

440 4133 706 4189 XXXVII.
751 4132 1059 4188 Gratiarum
1087 4135 1226 4189 actio
1256 4133 1559 4188 lucernalis.

440 4225 731 4281 XXXVIII.
775 4223 1082 4280 Gratiarum
1105 4227 1243 4280 actio
1266 4228 1547 4280 matutina.

442 4317 685 4374 XXXIX.
729 4317 1002 4389 Impositio
1032 4336 1220 4373 manus
1252 4321 1535 4374 matutina.

442 4411 558 4467 XL.
601 4411 873 4465 Invocotto
895 4427 990 4480 pro
1017 4412 1292 4480 primitiis.

440 4502 578 4561 XLI.
618 4504 807 4559 Oratio
839 4519 932 4572 pro
962 4504 1206 4559 mortuis.

444 4596 603 4653 XLII.
645 4597 919 4665 Quomodo
953 4607 1003 4652 et
1025 4597 1239 4667 quando
1288 4605 1527 4667 oporteat
1553 4593 1786 4665 ﬁdelium
1820 4592 2010 4663 defun-

511 4701 718 4745 ctorum
742 4692 857 4761 ﬁeri
891 4692 1195 4755 memorias,
1219 4700 1267 4745 et
1292 4689 1429 4760 quod
1450 4704 1515 4744 ea:
1533 4705 1713 4743 eorum
1734 4688 2009 4758 facultati-

514 4784 611 4839 bus
636 4786 708 4839 sit
731 4785 1047 4855 pauperibus
1081 4784 1430 4854 largiendum.

444 4877 627 4935 XLIII.
671 4879 823 4946 Quod
863 4881 1052 4951 impios
1092 4897 1157 4935 ea:
1191 4882 1299 4935 vita
1335 4879 1636 4935 decedentes
1674 4878 1805 4932 nihil
1826 4879 2009 4949 juvent

513 4975 803 5041 memorias,
830 4974 908 5029 vel
932 4974 1208 5029 mandata.

441 5062 630 5121 XLIV.
670 5067 747 5121 De
774 5067 1013 5125 ebriosis.

444 5160 604 5216 XLV.
639 5161 718 5216 De
750 5165 1056 5232 recipienais
1096 5164 1163 5219 tis
1215 5164 1303 5234 qui
1342 5173 1554 5231 propter
1599 5161 1867 5219 Christum
1912 5181 2010 5236 pa-

517 5254 721 5309 tiuntur
747 5256 1172 5324 persecutionem.
1950 5321 1953 5323 Α

449 5346 631 5403 XLVI.
667 5347 821 5414 Quod
838 5349 1210 5419 unusquisque,
1254 5350 1310 5403 in
1339 5366 1398 5404 eo
1442 5351 1611 5421 gradu
1653 5350 1802 5415 cleri,
1834 5352 1889 5404 in
1910 5367 2011 5420 quo

516 5448 594 5496 est
655 5442 969 5495 constitutus
996 5480 1011 5504 ,
1064 5439 1247 5495 debeat
1304 5458 1608 5511 permanere
1662 5453 1713 5496 et
1776 5444 2009 5499 ordinem

516 5546 723 5585 seruate
746 5548 765 5598 ;
789 5549 893 5589 non
918 5550 1036 5589 vero
1066 5538 1135 5589 ad
1162 5551 1219 5591 se
1250 5552 1433 5607 rapere
1460 5551 1577 5609 qute
1605 5538 1886 5593 commissa
1913 5554 2015 5593 non

515 5630 658 5675 sunt.

446 5715 650 5773 XLVII.
682 5716 917 5773 Canones
943 5718 1301 5773 ecclesiastici.

1340 291 1397 350 ς.
1429 286 1820 347 CLEMENTIS
1852 286 1873 339 ι
1905 285 2070 341 ROM.
2107 285 2311 342 PONT.
2348 286 2575 344 OPERA
2611 286 2839 344 DUBIA.

2010 402 2057 460 Δ
2086 406 2141 455 ι’.
2183 401 2624 471 Προσφώνησις
2648 402 2801 472 ὑπὲρ
2835 402 2957 457 τῶν
2986 401 3236 457 πιστῶν.

3515 290 3665 349 I060

2083 499 2176 546 ια’.
2232 494 2578 563 Ἐπίκλησις
2598 494 2716 549 τῶν
2737 494 2989 551 πιστῶν.

2080 586 2172 638 ιϐ’.
2213 584 2488 652 Διάταξις
2543 587 2838 653 Ἰακώϐου,
2894 588 3001 643 τοῦ
3057 588 3327 659 ἀδελφοῦ
3391 588 3670 647 Ἰωάννου

2150 678 2258 730 τοῦ
2284 678 2625 733 Ζεϐεδαίου.

2083 776 2171 838 ιγ’.
2200 771 2638 841 Προσφώνησις
2664 772 2763 827 ἐπὶ
2788 772 2907 828 τῶν
2928 775 3163 829 πιστῶν
3173 774 3329 843 μετὰ
3353 768 3467 845 τὴν
3498 778 3673 831 θείαν

2151 862 2481 931 ἀναφοράν.
2628 914 2631 917 .

2084 951 2175 1005 ιδ’.
2216 953 2660 1024 Προσφώνησις
2677 957 2830 1027 μετὰ
2857 956 2974 1027 τὴν
2994 958 3361 1029 μετάληψιν.

2086 1052 2170 1099 ιε’.
2226 1047 2573 1115 Ἐπίκλησις
2597 1050 2750 1119 μετὰ
2778 1051 2894 1119 τὴν
2911 1050 3274 1121 μετάληψιν.

2086 1146 2184 1204 ις’.
2259 1141 2401 1209 Περὶ
2459 1144 2827 1210 χειροτονίας
2895 1144 3337 1212 πρεσϐυτέρων,
3396 1144 3672 1214 διάταξις

2169 1232 2442 1287 Ἰωάννου
2478 1235 2584 1289 τοῦ
2616 1236 2984 1305 φιλουμένου
3014 1237 3132 1291 ὑπὸ
3160 1238 3408 1306 Κυρίου.

2086 1322 2172 1387 ιζ’.
2211 1326 2354 1393 Περὶ
2411 1330 2780 1396 χειροτονίας
2841 1328 3154 1394 διακόνων,
3211 1330 3320 1385 τοῦ
3367 1331 3673 1386 Φιλίππου

2156 1416 2445 1485 διάταξις.

2089 1517 2183 1581 ιη’.
2239 1512 2587 1581 Ἐπίκλησις
2609 1515 2974 1582 χειροτονίας
3001 1513 3303 1569 διακόνου.

2090 1609 2179 1659 ιθ.
2220 1605 2364 1673 Περὶ
2394 1605 2809 1675 διακονίσσης,
2838 1608 3289 1678 Βαρθολομαίου
3315 1607 3605 1675 διάταξις.

2017 1741 2062 1797 Β
2089 1704 2159 1750 κ’.
2215 1698 2565 1765 Ἑπίκλησις
2591 1698 2691 1751 ἐπὶ
2715 1700 3082 1767 χειροτονίας
3102 1700 3518 1768 διακονίσσης.

2093 1799 2204 1845 κα’.
2244 1791 2386 1860 Περὶ
2416 1792 2849 1861 ὺποδιακόνων,
2875 1794 3140 1862 διάταξις
3168 1796 3276 1850 τοῦ
3299 1792 3494 1864 Θωμᾶς

2090 1888 2198 1939 κδ’.
2240 1884 2383 1953 Περὶ
2415 1886 2838 1955 άναγνωστῶν,
2873 1888 2981 1944 τοῦ
3025 1889 3329 1944 Ματθαίου
3380 1886 3673 1955 διάταξις.

2091 1987 2200 2050 κγ’.
2256 1978 2523 2035 Ἰακώϐου
2556 1980 2661 2033 τοῦ
2699 1980 2976 2049 Ἁλφαίου
3004 1980 3137 2048 περὶ
3153 1978 3535 2050 όμολογητῶν
3556 1978 3678 2033 διά-

2160 2072 2273 2143 ταξ
2276 2091 2348 2138 ις.

2093 2169 2202 2240 κδ’.
2249 2169 2359 2224 Τοῦ
2388 2169 2575 2223 αὑτοῦ
2605 2169 2739 2238 περὶ
2766 2170 3093 2239 παρθένων.

2094 2270 2197 2318 κε’.
2238 2264 2525 2318 Λεϐϐαίου
2580 2264 2687 2318 τοῦ
2736 2265 3165 2333 ἐπικληθέντος
3208 2261 3509 2319 Θαδδαίου
3542 2260 3680 2331 περὶ

2164 2359 2365 2429 χηρῶν
2394 2359 2682 2426 διάταξις.

2096 2460 2215 2519 κς’.
2244 2453 2296 2506 '0
2326 2453 2509 2520 αὐτὸς
2538 2454 2674 2522 περὶ
2706 2452 3087 2521 ἐπορκιστοῦ.

2095 2544 2195 2609 κζ’.
2234 2548 2431 2618 Σίμων
2450 2552 2482 2602 ὀ
2505 2548 2833 2615 Κανανίτης
2846 2587 2859 2610 ,
2873 2548 3006 2614 περὶ
3026 2546 3131 2601 τοῦ
3150 2546 3273 2601 ὑπὸ
3289 2545 3504 2597 πόσων
3520 2544 3682 2613 ὀφεί-

2165 2645 2261 2697 λει
2289 2642 2753 2712 χειροτονεῖσθαι
2785 2645 2818 2696 ό
2842 2642 3195 2708 ἐπίσκοπος.

2097 2742 2208 2805 κη’.
2255 2736 2365 2790 Τοῦ
2388 2736 2575 2791 αὐτοῦ
2603 2737 2855 2803 κανόνες
2881 2737 3012 2806 περὶ
3035 2737 3404 2800 ἐπισκόπων,
3418 2738 3682 2805 πρεσϐυ-

2168 2828 2374 2896 τέρων,
2410 2828 2723 2893 διακόνων,
2754 2829 2850 2883 καὶ
2881 2820 3111 2885 λοιπῶν
3140 2831 3463 2898 κληρικῶν.

2101 2923 2208 2975 κθ’.
2247 2920 2389 2988 Περὶ
2414 2922 2695 2991 εὐλογίας
2721 2921 2941 2989 ὕδατος
2970 2921 3071 2977 καὶ
3104 2923 3335 2986 ἐλαίου,
3380 2922 3490 2976 τοῦ
3517 2925 3685 2977 Ματ-

2174 3013 2347 3067 θαίου
2374 3013 2661 3081 διάταξις.

2026 3096 2072 3160 α
2103 3108 2178 3161 λ’.
2228 3107 2339 3161 Τοῦ
2367 3108 2553 3161 αὑτοῦ
2579 3108 2713 3177 περὶ
2741 3108 3027 3178 ἀπαρχῶν
3050 3109 3151 3163 καὶ
3176 3108 3466 3164 δεκατῶν.

2100 3200 2216 3252 λα’.
2262 3198 2371 3253 Τοῦ
2394 3199 2581 3253 αὐτοῦ
2614 3201 2746 3268 περὶ
2776 3200 3288 3270 περισσευμάτων.

2102 3290 2214 3342 .16".
2254 3292 2520 3355 Κανόνες
2544 3288 2813 3359 διάφοροι
2860 3293 3105 3346 Παύλου
3154 3291 3261 3345 τοῦ
3305 3292 3687 3357 ἀποστόλου,

2173 3370 2307 3452 περὶ
2324 3383 2443 3437 τῶν
2469 3384 2839 3452 προσιόντων
2866 3383 2946 3449 τῷ
2968 3384 3362 3453 βαπτίσματι,
3393 3385 3563 3451 τίνας
3597 3384 3695 3438 δεῖ

2174 3475 2636 3545 προσδέχεσθαι,
2669 3476 2767 3530 καὶ
2792 3476 2959 3542 τίνας
2983 3474 3455 3530 ἀποϐάλλεσθαι.

2104 3571 2217 3638 λγ.
2252 3569 2394 3637 02a;-
2419 3569 2644 3638 ἡμέρας
2672 3568 2767 3622 δεῖ
2788 3569 2993 3637 ἀργεῖν
3019 3568 3162 3633 τοὺς
3186 3568 3439 3633 οἰκέτας.

2106 3662 2217 3719 λδ’.
2257 3664 2441 3729 Ποίας
2458 3662 2632 3732 ῶρας,
2671 3662 2767 3716 καὶ
2793 3664 2949 3717 διατί
2970 3664 3039 3716 ἐν
3059 3663 3302 3728 ταύταις
3319 3661 3416 3716 δεῖ
3430 3664 3694 3730 προσεύ-

2180 3759 2412 3823 χεσθαι.

2107 3853 2214 3904 λε’.
2267 3849 2531 3903 Ἰακώϐου
2561 3848 2665 3903 τοῦ
2687 3848 2952 3917 ἀδελφοῦ
2977 3847 3235 3916 Χριστοῦ
3258 3846 3527 3912 διάταξις
3551 3845 3691 3914 περὶ

2179 3942 2520 4010 ἑσπερινοῦ.

2110 4038 2228 4099 λς’.
2259 4031 2697 4102 Προσφώνησις
2724 4034 3092 4102 ἐπιλύχνιος.

2109 4126 2219 4187 λζ’.
2258 4128 2630 4195 Εὐχαριστία
2654 4127 3023 4194 ἐπιλύχνιος.

2112 4221 2230 4286 λη’.
2275 4221 2645 4287 Εὑχαριστία
2675 4219 2933 4287 όρθρινή.

2111 4311 2221 4365 λθ.
2262 4313 2605 4379 Χειροθεσία
2625 4310 2883 4379 ὀρθρινή.

2033 4447 2086 4507 D
2107 4410 2188 4473 μ’.
2241 4402 2593 4471 Ἑπίκλησις
2621 4404 2720 4457 ἐπὶ
2750 4404 3057 4474 ἀπαρχῶν.

2105 4504 2224 4567 μα’.
2256 4496 2692 4567 Προσφώνησις
2718 4497 2869 4565 ὑπὲρ
2891 4497 3008 4551 τῶν
3036 4495 3497 4566 κεκοιμημένον.

2104 4592 2220 4659 μϐ.
2248 4590 2381 4656 Πῶς
2400 4589 2495 4643 δεῖ
2517 4590 2616 4643 καὶ
2634 4589 2779 4643 πότε
2808 4591 3078 4658 γίνεσθαι
3105 4592 3211 4655 τὰς
3235 4588 3355 4642 τῶν
3386 4589 3692 4659 κοιμηθέν-

2179 4700 2298 4736 των
2317 4681 2547 4736 πιστῶν
2558 4682 2791 4752 μνείας·
2821 4681 2919 4736 καὶ
2941 4681 3030 4735 ὅτι
3051 4682 3121 4735 ἐκ
3147 4680 3267 4736 τῶν
3293 4683 3692 4750 ὑπαρχόντων

2180 4775 2384 4842 αὐτοῖς
2411 4774 2507 4829 δεῖ
2527 4774 2891 4844 παρέχεσθαι
2920 4774 3161 4843 πένησι.

2104 4874 2220 4936 μγ.
2264 4868 2385 4922 Ὅτι
2423 4868 2563 4935 τοὺς
2590 4867 2829 4935 ἀσεϐεῖς
2874 4867 3278 4937 τελευτῶντας
3321 4866 3504 4927 οὐδὲν

2178 4961 2359 5016 λοῦσι
2379 4961 2599 5033 μνεῒαι,
2626 4962 2664 5033 ἣ
2698 4964 2959 5019 ἐντολαί.

2107 5063 2221 5134 μδ.
2246 5063 2388 5131 Περὶ
2408 5062 2709 5132 μεθύσων.
3716 5094 3723 5121 ξ

2104 5170 2213 5229 με’.
2245 5161 2385 5230 Περὶ
2412 5160 2516 5215 τοῦ
2554 5158 2953 5226 ὑποδέχεσθαι
2983 5155 3124 5221 τοὺς
3150 5155 3249 5210 διὰ
3273 5153 3529 5224 Χριστὸν
3556 5153 3694 5207 διω-
3711 5198 3724 5221 ,

2180 5256 2487 5325 κομένους.
3622 5288 3631 5295 .

2106 5350 2229 5417 μς’.
2268 5349 2393 5401 Ὅτι
2417 5348 2671 5414 ἕκαστος
2687 5344 3050 5414 ἐνῷἐτάχθη
3083 5344 3307 5414 κλήρῳ,
3332 5345 3557 5414 ὀφείλει
3588 5343 3693 5411 ἑμ-

2174 5442 2403 5514 μὲνειν,
2460 5442 2558 5497 καὶ
2604 5438 2931 5511 φυλάττειν
2982 5437 3097 5506 τὴν
3149 5437 3347 5502 τάξιν,
3390 5436 3549 5495 ἀλλὰ
3597 5435 3689 5505 μὴ

2174 5534 2366 5602 ἑαυτῷ
2393 5532 2671 5603 ἁρπάζειν
2700 5533 2773 5586 τὰ
2794 5531 2881 5601 μὴ
2911 5529 3381 5601 ἐτχειρισθέντα.

2108 5722 2212 5795 μζ.
2244 5724 2507 5788 Κανόνες
2533 5718 3041 5789 ἐκκλησιαστικοί.
