3812 6384
1044 319 1647 377 CONSTITUTIONES
1677 319 2150 379 APOSTOLICE.
2185 350 2257 362 —
2289 318 2419 376 LIB.
2454 315 2587 373 VIII.
3259 314 3400 373 1062

435 444 874 533 ΒΙΒΛΙΟΝ
930 446 1411 533 ΟΓΔΟΟΝ.

1789 488 1792 501 ι
2108 452 2469 540 LIBER
2546 446 3125 541 OCTAVUS.

127 590 316 644 ΠΕΡΙ
334 589 828 649 ΧΑΡΙΣΜΑΤΩΝ,
863 589 998 640 ΚΑΙ
1024 587 1541 650 ΧΕΙΡΟΤΟΝΙΩΝ,
1584 589 1680 640 ΚΑ

1820 591 1922 648 DE
1937 587 2572 651 CHARISMATIBUS,
2599 587 2694 643 ET
2713 584 3397 654 0RDINATIONIBUS,

396 659 747 712 ΚΑΝΟΝΩΝ
767 659 1447 711 ἘΚΚΛΗΣῙΑΣΤΙΚΩΝ.

1991 662 2086 719 ΕΤ
2112 658 2718 717 ECCLESIASTICIS
2758 655 3218 712 CANONIBUS.
3390 666 3395 669 ‘

880 801 952 812 ι..
2565 802 2637 814 ’-

674 886 1072 939 ΚΕΦΑΛΑΙΟΝ
1101 887 1179 938 Δ’.

2322 886 2552 943 CAPUT
2602 886 2895 942 PRIMUM.

129 982 315 1041 Τινων
360 979 534 1049 χάριν
575 978 689 1050 (71)
732 978 1145 1100 ὲὲτιτεᾳοῦινται
1187 980 1247 1031 αἱ
1287 978 1407 1030 τῶν
1449 977 1684 1047 σημείιιη

644 1072 657 1085 ο
802 1062 1068 1103 υνααειρ.

1820 983 2001 1049 Quare
2054 992 2103 1036 et
2131 992 2343 1052 propter
2374 996 2629 1103 quosnam
2658 980 2885 1033 edantur
2934 981 3085 1050 signa
3130 989 3180 1033 et
3228 980 3396 1034 mira-

2522 1067 2583 1103 cu
2612 1069 2664 1103 a.

644 1072 657 1085 ο
763 1064 1068 1117 συναμεις.

2522 1064 2664 1105 ιἰιια.

188 1142 299 1196 Τοῦ
323 1140 461 1196 Θεοῦ
499 1142 594 1195 καὶ
624 1141 880 1213 Σωτῆρος
922 1140 1080 1212 ἡμῶν
1141 1138 1316 1211 Ἰησοῦ
1356 1138 1594 1210 Χριστοῦ
1649 1156 1684 1191 τι

1883 1147 2022 1203 Cum
2070 1143 2216 1200 Deus
2288 1152 2345 1200 et
2398 1143 2647 1199 Salvator
2694 1151 2881 1200 noster
2931 1142 3089 1198 Jesus
3134 1142 3394 1197 Christus

126 1237 266 1306 μέγα
298 1234 404 1305 τῆς
431 1233 717 1297 εὐσεϐείας
755 1235 891 1304 ⁴ἡμῖν
938 1232 1328 1304 παραδιδόντος
1386 1235 1684 1305 μυστήριον

1810 1253 2067 1309 magnum
2102 1236 2320 1308 pietatis
2353 1243 2757 1292 sacramentum
2789 1235 2947 1289 nobis
2979 1234 3179 1297 tradat,
3213 1242 3266 1288 et
3294 1233 3394 1287 Ju-

122 1330 211 1381 καὶ
241 1326 734 1400 προσκαλουμένου
779 1324 1066 1389 Ἰουδαίους
1110 1343 1170 1378 τε
1204 1328 1298 1379 καὶ
1331 1326 1600 1398 Ἕλληνας
1629 1329 1684 1381 et.

1809 1332 1956 1385 deos
1990 1329 2333 1403 gentilesque
2386 1331 2577 1385 invitet
2615 1329 2681 1383 ad
2736 1328 3068 1399 agnitionem
3131 1326 3294 1382 unius
3326 1342 3392 1383 ac

121 1423 420 1491 ἐπίγνωσιν
452 1420 547 1473 τοῦ
576 1420 695 1483 ἑνὸς
726 1420 821 1473 καὶ
856 1418 1018 1489 μόνου
1050 1418 1305 1490 ἀληθινοῦ
1325 1417 1460 1471 Θεοῦ
1492 1420 1684 1491 Πατρὸ.

1809 1422 1981 1478 solius
2010 1422 2128 1477 veri
2155 1421 2251 1477 Dei
2298 1420 2479 1476 Patris
2508 1422 2592 1477 s‘ui
2626 1421 2671 1452 “
2704 1437 2720 1487 ;
2757 1418 3214 1490 quemadmodum
3273 1418 3393 1489 ipse

121 1515 282 1569 αὐτοῦ
314 1514 430 1584 (72)
451 1554 466 1577 ,
496 1512 679 1577 καθὼς
707 1513 870 1577 αὐτός
901 1514 1005 1566 πού
1037 1530 1202 1584 φησιν
1243 1512 1580 1584 εὐχαριστῶν
1612 1513 1684 1565 ἐπ

1808 1515 2032 1578 alicubi,
2076 1515 2281 1585 gratias
2316 1514 2382 1569 de
2413 1515 2588 1569 salute
2641 1513 2982 1567 credentium
3043 1526 3230 1581 agens,
3263 1510 3340 1562 ait
3370 1524 3387 1564 :

120 1611 181 1678 τῇ
204 1607 455 1678 σωτηρίᾳ
481 1604 588 1660 τῶν
616 1605 1039 1660 πιστευσάντων·
1078 1624 1096 1656 ι
1138 1605 1493 1677 Ἐφανέρωσά
1522 1623 1615 1659 σου
1644 1605 1684 1658 τὲ

1813 1626 1831 1658 ι
1861 1584 2200 1663 Manifesta“
2236 1623 2435 1662 nomen
2480 1614 2632 1661 tuum
2672 1607 3024 1670 hominibus;
3065 1618 3203 1672 opus
3241 1601 3389 1672 quod

119 1698 283 1769 ὄνομα
314 1701 431 1762 τοῖς
455 1696 782 1775 ἀνθρώποις,
816 1698 877 1751 τὸ
902 1697 1062 1769 ἔργον
1090 1698 1118 1751 ὃ
1174 1697 1380 1760 ἔδωκάς
1441 1714 1553 1768 μοι,
1587 1699 1684 1749 ἐτε-

1806 1700 2003 1755 dedisti
2041 1699 2196 1765 mihi,
2238 1698 2614 1755 consummavi
2661 1700 2726 1767 ";
2763 1719 2781 1750 ι
2828 1711 3063 1767 cumque
3109 1695 3177 1750 de
3225 1694 3388 1752 nobis

120 1790 331 1843 λείωσα·
362 1809 381 1841 ι
418 1790 513 1843 καὶ
542 1790 671 1862 περὶ
715 1789 872 1860 ἡμῶν
902 1790 1153 1858 λέγοντος
1200 1788 1279 1859 τῷ
1313 1789 1505 1861 Πατρί·
1546 1808 1563 1839 ι
1592 1789 1684 1842 Πά¹

1806 1792 1951 1845 dicat
1985 1790 2130 1845 Patri
2157 1810 2169 1846 :
2196 1810 2215 1842 ι
2243 1790 2405 1846 Pater
2434 1799 2624 1847 sancte
2644 1832 2659 1856 ,
2693 1790 2797 1847 etsi
2822 1790 3059 1845 mundus
3087 1794 3139 1843 te
3164 1802 3275 1841 non
3294 1801 3388 1841 co-

120 1901 209 1957 τερ
228 1884 380 1953 ἅγιε,
410 1886 459 1936 εἰ
488 1884 627 1936 καὶὸ
656 1882 861 1954 κόσμος
905 1898 965 1935 σε
1009 1883 1110 1935 οὐκ
1155 1880 1316 1950 ἔγνω,
1349 1880 1462 1934 ἀλλ’
1496 1880 1608 1950 ἐγὼ
1640 1899 1684 1933 σε

1803 1884 1991 1955 gnovit
2017 1902 2032 1951 ;
2066 1893 2122 1938 at
2146 1900 2247 1955 ego
2272 1892 2327 1940 te
2348 1885 2601 1955 cognovi,
2623 1892 2677 1940 et
2699 1885 2752 1938 hi
2773 1892 2825 1939 te
2848 1887 3226 1950 cognoverunt
3246 1880 3292 1912 "
3316 1896 3335 1947 ;
3356 1898 3379 1932 ι

139 319 268 377 1081

119 1978 303 2046 ἔγνων,
334 1978 431 2030 καὶ
448 1969 594 2029 οὗτοί
626 1993 687 2029 σε
733 1975 978 2044 ἔγνωσαν
1011 1976 1178 2047 (75)·›
1232 1974 1479 2038 εἰκότως,
1524 1974 1599 2037 ὡς
1632 1973 1699 2027 ἂν

118 2070 546 2140 τετελειωμένων
574 2067 753 2139 ἡμῶν,
785 2068 918 2138 φησὶ
949 2068 1115 2119 πᾶσιν
1154 2066 1292 2137 ἅμα,
1328 2067 1457 2138 περὶ
1486 2065 1592 2119 τῶν
1638 2064 1699 2130 ἐξ

116 2160 274 2214 αὐτοῦ
300 2160 400 2214 διὰ
446 2159 541 2212 τοῦ
588 2158 908 2229 Πνεύματος
971 2158 1260 2228 διδομένων
1320 2157 1692 2229 χαρισμάτων·

122 2254 355 2325 ιΣημεία
385 2252 443 2306 δὲ
460 2255 571 2316 τοῖς
600 2251 975 2314 πιστεύσασιν,
1006 2250 1178 2302 ταῦτα
1199 2249 1692 2322 παρακολουθήσει·

115 2345 168 2397 ιν
208 2343 286 2415 τῷ
332 2343 561 2415 ὀνόματί
621 2361 723 2414 μου
759 2342 1009 2414 δαιμόνια
1066 2342 1374 2396 ἐκϐαλοῦσι·
1424 2341 1697 2410 γλώσσαις

117 2439 316 2499 καιναῖς
333 2435 682 2507 λαλήσουσιν·
744 2435 897 2505 ὄφεις
931 2433 1144 2507 ἀροῦσι·
1180 2433 1282 2489 κᾶν
1316 2434 1614 2507 θανάσιμόν
1641 2453 1695 2489 τι

116 2530 325 2592 πίωσιν,
356 2531 421 2582 οὐ
455 2528 529 2601 μὴ
549 2530 748 2592 αὐτοὺς
778 2527 989 2599 βλάψει·
1028 2529 1121 2581 ἐπὶ
1158 2526 1477 2599 ἀρῤὡστους
1504 2531 1695 2601 χεῖρας

117 2622 455 2694 ἐπιθήσουσι,
479 2623 573 2675 καὶ
603 2602 1002 2686 καλῶς’έξουσι.
1030 2640 1047 2672 ι
1068 2620 1285 2675 Τούτων
1303 2621 1409 2673 τῶν
1428 2621 1695 2693 χαρισμά-

115 2732 214 2768 των
239 2715 509 2787 πρότερον
535 2715 631 2785 μὲν
650 2716 782 2786 ἡμῖν
801 2713 1061 2768 δοθέντων
1079 2716 1189 2777 τοῖς
1208 2713 1545 2781 ἀποστόλοις,
1574 2713 1695 2784 μέλ-

114 2804 253 2860 λουσι
280 2806 343 2859 τὸ
367 2803 696 2874 Εὐαγγέλιον
743 2804 1129 2874 καταγγέλλειν
1172 2804 1322 2878 πάσῃ
1370 2807 1435 2876 τῇ
1495 2806 1688 2858 κτίσει·

116 2898 291 2953 ἔπειτα
318 2900 377 2953 δὲ
412 2902 525 2962 τοῖς
579 2899 645 2951 δι’
685 2901 718 2970 ὴ
730 2898 843 2971 μῶν
877 2898 1226 2951 πιστεύσασιν
1249 2898 1563 2966 ἀναγκαίως
1601 2916 1693 2969 χο-

118 2992 481 3063 ρηγουμένων·
522 2994 623 3046 οὐκ
639 2994 718 3056 είς
741 2991 842 3063 τὴν
873 2990 979 3044 τῶν
996 2990 1360 3062 ἐνεργούντων
1381 2990 1649 3061 ὠφέλειαν
1672 3031 1687 3054 ,

117 3082 216 3135 ἀλλ’
249 3086 327 3148 είς
344 3084 447 3155 τὴν
473 3084 580 3138 τῶν
613 3084 857 3137 ἀπίστων
892 3082 1308 3152 συγκατάθεσιν,
1350 3083 1436 3135 ἵνα
1464 3081 1558 3145 οὒς
1590 3083 1690 3136 οὐκ

1804 1978 1995 2030 merito
2044 1977 2302 2031 omnibus
2366 1977 2552 2042 simul,
2621 1983 2809 2046 utpote
2872 1976 2967 2046 qui
3024 1976 3198 2042 simus
3249 1990 3384 2029 con-

1802 2070 2075 2135 summati,
2107 2070 2185 2123 ait
2215 2070 2282 2125 de
2320 2070 2767 2134 cliarismatibus,
2807 2086 2929 2140 qua:
2959 2069 3075 2140 ipse
3097 2074 3221 2139 ‘per
3258 2066 3387 2139 Spi-

1798 2162 1962 2214 ritum
2024 2160 2172 2215 dedit
2225 2181 2239 2216 :
2292 2178 2312 2214 ι
2367 2160 2533 2232 Signa
2602 2169 2783 2217 autem
2835 2178 2930 2217 eos
2976 2162 3069 2232 qui
3128 2162 3382 2219 credide-

1798 2252 1930 2318 rint,
1995 2252 2110 2308 haec
2166 2261 2507 2324 sequentur:
2542 2254 2599 2308 In
2655 2254 2875 2308 nomine
2932 2270 3052 2310 meo
3112 2254 3381 2313 dtemonia

1797 2345 2052 2414 ejicient;
2083 2346 2285 2416 linguis
2302 2347 2463 2401 novis
2490 2349 2782 2417 loquentur
2805 2365 2820 2414 ;
2850 2354 3129 2416 serpentes
3154 2348 3377 2414 tollent;

1795 2442 1849 2491 et
1879 2437 1924 2491 si
1949 2438 2292 2492 mortiferum
2339 2438 2473 2509 quid
2505 2440 2766 2502 biberint,
2814 2455 2920 2493 non
2965 2440 3048 2495 eis
3112 2440 3372 2505 nocebit;

1791 2539 1956 2596 super
1976 2542 2150 2598 aegros
2172 2544 2370 2585 manus
2392 2531 2696 2601 imponent,
2720 2539 2775 2588 et
2794 2533 2930 2589 bene
2953 2534 3228 2588 habebunt
3246 2534 3312 2585 ’⁵.
3343 2548 3362 2581 ι

1795 2615 1926 2683 Quae
1949 2620 2279 2677 charismata
2306 2637 2405 2677 seu
2433 2623 2581 2679 dona
2610 2625 2762 2696 prius
2792 2626 3009 2695 quidem
3050 2626 3208 2680 nobis
3234 2637 3370 2693 apo-

1795 2711 1949 2766 stolis
1994 2709 2194 2765 tradita
2234 2723 2381 2775 sunt,
2412 2714 2503 2783 qui
2530 2714 2678 2767 omni
2714 2720 2984 2767 creaturae
3015 2712 3369 2783 praedicaturi

1794 2820 2015 2860 eramus
2060 2804 2454 2876 Evangelium;
2496 2816 2683 2876 postea
2722 2820 2854 2859 vero
2925 2805 3241 2860 necessario
3280 2804 3375 2868 iis,

1792 2898 1885 2967 qui
1926 2913 2023 2968 per
2050 2912 2154 2953 nos
2185 2897 2564 2961 crediderunt,
2596 2897 2951 2966 praebentur;
2983 2912 3093 2951 non
3120 2896 3189 2951 ad
3222 2896 3375 2950 utili-

1792 3000 1957 3045 tatem
1990 3006 2054 3045 ea
2087 2991 2452 3061 operantium,
2489 2989 2585 3045 sed
2640 2989 2709 3043 ad
2744 2988 3046 3043 inﬁdelium
3092 2989 3376 3044 assensio—

1791 3099 1913 3139 nem
1941 3102 1955 3151 ;
1982 3092 2042 3137 ut
2072 3083 2272 3153 quibus
2294 3098 2403 3136 non
2430 3082 2704 3152 persuasit
2737 3096 2939 3142 sermo,
2968 3082 3066 3136 hos
3096 3082 3272 3136 virtus
3297 3080 3375 3138 si-

116 3173 315 3228 ιπεισεν
330 3177 361 3229 ὁ
389 3175 566 3244 λόγος,
593 3174 815 3239 τούτους
832 3178 866 3246 ὴ
901 3174 1009 3229 τῶν
1038 3175 1276 3246 σημείων
1293 3174 1511 3245 δυσωπή
1520 3189 1588 3248 σῃ
1602 3174 1684 3227 δύ-

1792 3191 2023 3248 gnorum
2050 3174 2233 3231 ﬂectat
2257 3191 2322 3230 ac
2346 3174 2556 3245 pudore
2585 3173 2803 3228 aIIiciat.
2859 3171 3025 3243 Signa
3077 3173 3224 3227 enim
3260 3187 3373 3227 non

118 3285 279 3338 ναμις·
312 3268 385 3321 τὰ
412 3268 520 3340 γὰρ
549 3271 748 3340 σημεῖα
776 3268 837 3320 ού
861 3270 973 3331 τοῖς
1002 3270 1212 3331 πιστοῖς
1232 3269 1388 3338 ἡμῖν.
1408 3265 1543 3321 ἀλλά
1572 3269 1687 3325 τοῖς

116 3359 373 3425 ἀπίστοις,
423 3359 688 3413 Ἰουδαίων
728 3376 789 3412 τε
819 3360 912 3413 καὶ
970 3358 1254 3431 Ἑλλήνων·
1302 3356 1424 3411 οὔτε
1458 3356 1568 3429 γὰρ
1626 3360 1687 3412 τδ

117 3450 359 3522 δαίμονας
391 3452 671 3506 ἐκϐάλλειν
702 3452 971 3524 ἡμέτερον
998 3451 1207 3522 κέρδος,
1240 3450 1374 3504 ἀλλὰ
1399 3450 1504 3504 τῶν
1544 3452 1688 3522 ἐνερ-

118 3542 227 3614 γείᾳ
256 3545 466 3616 Κυρίου
498 3544 930 3617 καθαιρομένων·
979 3542 1161 3608 καθὼς
1194 3543 1357 3607 αὐτός
1409 3561 1511 3597 που
1553 3560 1683 3596 παι-

116 3632 269 3690 δεύων
292 3639 443 3709 ἡμᾶς
482 3639 512 3690 ὁ
555 3638 756 3710 Κύριος
796 3637 1031 3690 δείκνυσι
1062 3636 1254 3706 λέγων·
1293 3656 1312 3689 ι
1352 3636 1443 3709 Μὴ
1464 3638 1683 3709 χαίρετε

118 3724 189 3780 ὅτι
215 3729 280 3783 τὰ
308 3730 599 3802 πνεύματα
651 3732 781 3801 ὑμῖν
810 3729 1164 3793 ὑπακούεται,
1198 3730 1333 3784 ἀλλὰ
1364 3732 1581 3804 χαίρετε
1601 3732 1683 3786 ὅτι

118 3820 176 3873 τὰ
202 3822 439 3895 ὀνόματα
466 3822 618 3894 ὑμῶν
656 3822 972 3893 γέγραπται
999 3823 1059 3877 ὲν
1089 3821 1169 3894 τῷ
1197 3822 1464 3895 οὐρανῷη
1496 3824 1682 3897 ἐπειδὴ

117 3912 169 3965 τὸ
200 3916 288 3985 μὲν
321 3915 492 3969 αὐτοῦ
524 3916 747 3986 δυνάμει
777 3915 1007 3984 γίνεται,
1039 3915 1100 3968 τὸ
1133 3915 1189 3968 δὲ
1214 3916 1465 3988 ἡμετέρᾳ
1497 3918 1681 3989 εὐνοίᾳ

117 4006 199 4057 καὶ
225 4008 451 4079 σπουδῇ,
483 4008 638 4079 δῆλον
670 4008 749 4063 ὅτι
794 4006 1177 4078 βοηθουμένοις
1231 4008 1321 4060 ὑπ’
1347 4006 1534 4061 αὐτοῦ.
1567 4010 1681 4063 Οὐκ

118 4095 412 4167 ἐπάναγκες
440 4095 533 4152 οὖν
567 4099 745 4152 πάντα
780 4098 969 4151 πιστὸν
1002 4098 1263 4168 δαίμονας
1308 4098 1609 4162 ἐκϐάλλειν,
1644 4101 1677 4172 ἢ

116 4192 321 4260 νεκροὺς
355 4192 600 4262 ἀνιστᾷν,
630 4191 663 4260 ἢ
692 4189 964 4259 γλώσσαις
989 4189 1187 4244 λαλεῖν·
1213 4189 1348 4243 ἀλλὰ
1393 4190 1483 4244 τὸν
1516 4190 1678 4256 ἀξιω-

116 4277 258 4334 θέντα
286 4284 631 4355 χαρίσματος
662 4284 754 4335 ὲπί
782 4300 887 4336 τινι
914 4282 1069 4354 αἰτίᾳ
1101 4283 1369 4355 χρησίμῃ,
1397 4284 1476 4346 είς
1505 4300 1680 4355 σωτη-

118 4372 224 4442 ρίαν
247 4376 353 4429 τῶν
375 4377 639 4438 ἀπίστων,
662 4375 1089 4447 δυσωπουμένων
1117 4374 1374 4439 πολλάκις
1393 4376 1454 4428 οὐ
1482 4378 1547 4447 τῇ
1565 4376 1676 4447 (74)

115 4464 209 4517 τῶν
234 4466 405 4537 λόγων
428 4466 721 4533 ἀποδείξει,
740 4468 874 4521 ἀλλὰ
898 4470 965 4539 τῇ
994 4467 1102 4521 τῶν
1132 4468 1374 4539 σημείων
1401 4470 1673 4541 ἐνεργείᾳ,

1792 3268 1951 3323 nobis
1984 3267 2234 3325 ﬁdelibus
2279 3269 2539 3332 eduntur,
2575 3266 2671 3322 sed
2712 3265 3042 3330 inﬁdelibus,
3099 3280 3224 3320 cum
3278 3264 3376 3319 Ju-

1789 3360 2053 3426 dzeorum,
2106 3368 2220 3415 tum
2252 3359 2586 3415 Graecorum.
2654 3358 2842 3429 Neque
2892 3360 3037 3414 enim
3096 3358 3373 3413 daemones

1787 3453 1987 3523 ejicere
2018 3461 2265 3508 nostrum
2296 3454 2726 3508 emolumentum
2748 3458 2853 3518 est,
2896 3450 2992 3507 sed
3032 3466 3222 3505 eorum
3276 3452 3371 3521 qui

1787 3560 1885 3614 per
1936 3544 2151 3598 Domini
2199 3547 2576 3614 operationem
2659 3555 3013 3614 purgantur;
3064 3543 3208 3599 sicut
3254 3543 3372 3613 ipse

1788 3635 2072 3700 Dominus,
2105 3652 2206 3690 nos
2234 3636 2512 3701 erudiens,
2540 3635 2802 3697 ostendit,
2837 3635 3070 3689 dicendo
3095 3652 3109 3689 :
3145 3654 3163 3685 ι
3190 3633 3371 3690 Nolite

1786 3729 2043 3799 gaudere,
2070 3730 2197 3799 quia
2229 3729 2458 3799 spiritus
2488 3729 2650 3783 vobis
2683 3726 2968 3791 obediunt;
3000 3726 3094 3781 sed
3113 3726 3366 3796 gaudete,

1784 3820 1928 3890 quod
1982 3821 2204 3875 nomina
2271 3828 2454 3876 vestra
2510 3820 2717 3890 scripta
2767 3826 2895 3874 sunt
2950 3819 3006 3872 in
3060 3819 3201 3872 cmlo
3243 3818 3365 3883 ’νυ

1785 3912 2007 3982 quando
2033 3911 2167 3966 illud
2195 3912 2414 3984 quidem
2457 3912 2631 3983 ipsius
2658 3912 2857 3965 virtute
2885 3909 2984 3977 ﬁt;
3031 3910 3135 3964 hoc
3184 3917 3367 3965 autem

1782 4014 1974 4061 nostro
2012 4005 2208 4061 aﬂ‘ectu
2259 4021 2323 4059 ac
2379 4005 2585 4068 studio,
2646 4002 2831 4067 nobis,
2862 4002 3149 4066 videlicet,
3206 4000 3366 4057 abeo

1782 4100 2008 4170 adjutis.
2032 4098 2153 4155 Non
2178 4114 2308 4170 ergo
2338 4113 2566 4153 necesse
2613 4105 2698 4154 est
2726 4105 2786 4151 ut
2837 4096 3019 4151 omnis
3049 4095 3226 4151 ﬁdelis
3254 4094 3364 4149 da:-

1782 4208 1974 4247 mones
2003 4192 2259 4262 expellat,
2301 4200 2394 4245 aut
2424 4192 2652 4247 suscitet
2700 4198 2948 4245 mortuos
2972 4229 2987 4254 ,
3022 4198 3114 4243 aut
3164 4189 3362 4259 linguis

1780 4287 2057 4357 loquatur,
2078 4285 2175 4341 sed
2208 4286 2256 4339 is
2284 4285 2377 4355 qui
2401 4285 2730 4339 charismate
2753 4283 3008 4353 dignatus
3031 4288 3115 4337 est
3143 4288 3364 4352 propter

1780 4381 2019 4451 aliquam
2051 4395 2275 4434 causam
2304 4379 2515 4441 utilem,
2547 4376 2616 4430 ad
2644 4376 2875 4431 salutem
2908 4373 3229 4437 inﬁdelium,
3266 4373 3361 4444 qui

1781 4490 1924 4544 saepe
1945 4489 2053 4527 non
2084 4487 2400 4529 sermonum
2422 4471 2918 4535 demonstratione,
2948 4467 3043 4525 sed
3076 4467 3360 4538 signorum

114 4555 263 4623 ἀξίων
291 4562 461 4616 ὄντων
497 4562 785 4634 σωτηρίας·
835 4560 953 4614 οὐδὲ
987 4560 1095 4632 γὰρ
1127 4561 1328 4625 πάντες
1380 4562 1429 4615 οἱ
1462 4562 1677 4627 ἀσεϐεῖς

1789 4568 2096 4636 operatione
2124 4576 2557 4629 commoventur,
2583 4565 2787 4635 quique
2808 4562 2958 4631 digni
2989 4571 3116 4617 sunt
3144 4561 3356 4625 salute;

119 4647 207 4703 ὕπὸ
235 4654 339 4708 τῶν
373 4653 663 4725 θαυμάτων
691 4653 1059 4726 ὲντρέπονται·
1106 4655 1200 4708 καὶ
1230 4654 1417 4708 τούτου
1465 4655 1677 4727 μάρτυς

177 4811 215 4845 ’³
252 4811 437 4867 ITim.
478 4814 656 4877 "1,16
752 4817 797 4848 "
834 4815 992 4873 Joan.
1026 4833 1163 4885 xvn,
1195 4818 1251 4882 6,
1274 4820 1330 4875 4.

1444 4820 1490 4853 ³³
1525 4820 1661 4877 Ibid.
1683 4823 1765 4886 II,
1791 4822 1881 4879 25.

1782 4674 1891 4713 non
1922 4658 2070 4714 enim
2126 4673 2321 4715 omnes
2371 4657 2528 4730 impii
2586 4657 2868 4712 miraculis
2921 4658 3353 4709 convertuntur:

1993 4818 2041 4852 ”
2067 4819 2235 4876 Marc.
2272 4837 2384 4883 xvr,
2421 4820 2508 4881 I7,
2542 4821 2629 4875 18.
2663 4822 2743 4854 ’δ’
2770 4786 2903 4875 ἰλυοῖ
2937 4835 2991 4885 x,
3015 4816 3105 4872 20.

1413 4973 1773 5033 VARIORUM
1808 4976 2034 5030 NOTAE.

177 5106 282 5177 (7i)
316 5109 505 5180 Timor
532 5109 726 5180 χάριν,
750 5118 858 5165 etc.
892 5111 1104 5167 Habent
1126 5115 1328 5180 gemini
1359 5114 1522 5169 codd.
1550 5130 1564 5167 :
1595 5115 1678 5169 ὅτι

116 5176 176 5255 τᾲ
192 5176 510 5255 χαρίσματα
532 5176 650 5233 τῶν
661 5184 724 5255 ia
732 5183 936 5254 μάτων,
962 5185 1065 5255 καὶ
1084 5176 1192 5237 τῶν
1210 5184 1409 5239 λοιπῶν
1434 5185 1681 5255 σημείων

118 5204 176 5264 ττι
202 5204 510 5300 χαρισματα
542 5204 650 5233 των
672 5204 936 5254 ιαματων,
970 5204 1065 5236 και
1084 5204 1192 5237 των
1211 5204 1409 5239 Λοιπων
1439 5204 1470 5236 σ
1514 5204 1681 5255 μειων

118 5262 202 5329 oux
240 5250 301 5303 δι’
322 5250 588 5329 ὠφέλειαν
616 5252 724 5329 τῷν
741 5253 1117 5329 Δἐνεργούντων
1144 5254 1364 5329 δίδοται,
1549 5255 1683 5329 πρὸς

120 5320 470 5396 πληροφορίαν
515 5321 622 5373 τῶν
652 5320 914 5386 ἀπίστων,
950 5326 1043 5396 καὶ
1074 5326 1155 5378 ὅτι
1192 5325 1293 5378 οὐκ
1312 5324 1525 5396 ἀνάγκη
1546 5320 1684 5379 πάν-

117 5392 393 5463 ταπιστὸν
427 5395 650 5463 σημεῖον
680 5398 872 5447 ποιεῖν.
942 5394 1110 5449 Cum.

181 5460 282 5531 (72)
315 5460 542 5530 Πατιῦς
597 5464 803 5518 αὐτοῦ.
855 5464 1063 5531 Desunt
1118 5465 1173 5519 in
1206 5465 1376 5519 altero
1398 5464 1547 5527 cod.,
1576 5480 1677 5519 nec

122 5530 408 5606 ueceSSaria
470 5541 636 5606 sunt»,
683 5550 809 5606 nam
863 5536 891 5587 ὁ
942 5530 1023 5598 εἷς
1074 5536 1167 5588 καὶ
1228 5534 1385 5606 μόνος
1424 5534 1674 5606 ἀληθινὸς

120 5597 234 5720 ἓῗός
266 5619 333 5723 te:
358 5604 650 5725 lsententia
684 5597 1013 5660 Arianorum?
1052 5607 1202 5662 solus
1228 5597 1323 5660 'est
1347 5597 1522 5660 Pater'
1545 5597 1673 5661 Iesu

178 5686 262 5725 ms
288 5690 324 5725 ι.
380 5689 436 5725 ι).

178 5673 324 5726 ιιίεῑί.
358 5673 436 5726 In.

184 5739 416 5813 (ἵὸὶΚαὶ
444 5742 612 5796 οὗτοί
653 5758 727 5797 σε
773 5744 1069 5813 ἔγνωσαν.
1126 5745 1353 5801 Joannis
1402 5762 1536 5806 xvu,
1578 5746 1671 5801 ‘25!

126 5806 220 5862 Kal
244 5807 384 5867 οὗτοι
412 5813 751 5881 ἐγνωσανὸτι
778 5806 840 5868 σῦ
876 5833 940 5886 με
982 5817 1322 5880 ἀπέστειλας.
1381 5816 1446 5870 Et
1479 5819 1531 5871 Iri
1584 5834 1674 5871 co-

1787 5124 2077 5238 gitaverunt
2098 5116 2223 5184 quia
2262 5123 2317 5167 tu
2364 5129 2443 5167 me
2473 5113 2685 5168 misisti.
2718 5110 2787 5165 At
2808 5110 2953 5166 enim
2982 5104 3159 5161 Nonni
3189 5101 3350 5157 Para-

1787 5201 2001 5238 mrasns
2030 5204 2043 5238 :

1837 5201 2001 5239 “'3818
2030 5204 2043 5240 ζ

1784 5201 2013 5307 pale-38.08%
2030 5204 2207 5324 ζσοφὸς
2235 5254 2395 5325 χορδς
2426 5249 2580 5317 05104
2591 5248 3308 5325 _ép£w4838§qa_cev§caip_tov.

1780 5313 2222 5396 Chrysostomus
2237 5313 2313 5382 ἷη⁸
2331 5313 2530 5396 Catena
2561 5313 2835 5396 dormitis:
2855 5313 3257 5396 .Kdtl.__o_B-:o_t_'8é
3284 5338 3345 5396 σε

1782 5389 2142 5463 ἔγνωσαν,ὃτι
2165 5394 2228 5447 σύ
2266 5411 2331 5465 με
2365 5394 2707 5456 ἀπέστειλας,
2736 5392 2826 5465 ubi
2853 5391 2907 5443 in
2926 5389 3259 5448 editionibus
3282 5394 3338 5448 S.

1783 5465 2046 5527 doctoris,
2071 5465 2134 5518 σέ
2163 5464 2292 5519 illud
2318 5480 2426 5518 non
2452 5472 2750 5533 comparet.
2784 5464 2919 5517 (101'.

1848 5535 1959 5607 (74)
1998 5535 2092 5607 Τῇ.
2140 5535 2431 5607 Alter_cod.
2481 5532 2587 5607 τήν
2634 5543 2688 5589 et
2746 5539 2930 5607 postea
2964 5532 3232 5607 ἀπόδειξιν
3281 5546 3346 5587 ac

1775 5604 1872 5675 τὴν
1926 5606 2254 5678 ἐνέργειανη
2290 5604 2501 5660 Revera
2538 5604 2906 5678 δυσωπέομαι
2975 5604 3343 5678 accusativum

1778 5672 1968 5751 regere
2019 5672 2179 5745 apud
2242 5676 2416 5731 bonos
2471 5675 2772 5745 scriptorcs
2809 5672 2988 5751 solet.
3228 5673 3342 5751 ele-

1779 5744 2086 5817 gahtiorum
2134 5761 2291 5802 usum
2354 5762 2466 5802 non
2526 5760 2741 5814 semper
2779 5745 3026 5816 sequitur
3072 5744 3162 5798 hic
3202 5744 3345 5798 scri-

1777 5825 1919 5888 ptor.
1955 5819 2120 5873 Casa.
