3812 6376
457 308 598 365 ιυιε

1379 304 1433 359 S.
1472 303 1865 364 CLEMENTIS
1901 307 1915 361 Ι
1950 302 2116 361 ROM.
2154 302 2354 359 PONT.
2390 301 2620 359 OPERA
2653 301 2880 359 DUBIA.

3581 307 3715 362 ιοίῑὶ

453 426 615 495 cujus
644 425 723 481 rei
752 426 931 481 testis
961 426 1078 497 ipse
1111 422 1295 493 Deus;
1338 435 1397 480 ut
1425 426 1555 483 dum
1590 425 1723 481 dicit
1775 425 1831 478 in
1878 423 2028 495 lege:

2138 419 2300 484 αὐτὸς
2329 420 2359 472 ὁ
2385 418 2538 484 Θεὸς,
2587 419 2665 482 ὡς
2691 418 2821 473 ὅταν
2866 416 3002 491 λέγῃ
3029 416 3086 470 ἐν
3112 415 3192 488 τῷ
3221 414 3391 488 νόμῳ·
3457 434 3477 467 ι
3509 416 3631 469 Ὅτι
3663 421 3719 469 ὲν

459 538 478 569 ι
505 518 774 585 Quoniam
802 518 856 572 in
886 518 1009 572 aliis
1049 518 1253 588 linguis
1282 518 1476 588 loquar
1524 519 1728 590 populo
1785 517 1934 579 huic,
1977 524 2032 573 et

452 610 507 666 in
547 610 707 665 labiis
737 609 898 672 aliis;
931 617 987 663 et
1019 625 1124 664 non
1156 611 1384 667 credent
1411 612 1480 666 ".
1512 631 1530 663 ›
1561 610 1672 666 Nec
1698 611 1848 666 enim
1876 606 2033 678 Egi-

2139 513 2561 585 ἐτερογλώσσοις
2587 511 2807 584 λαλήσω
2829 510 2908 584 τῷ
2928 509 3045 581 λαῷ
3064 510 3259 581 τούτῳ,
3285 510 3382 563 καὶ
3402 508 3462 563 ἐν
3489 510 3718 580 χείλεσιν

2136 606 2363 677 ἑτέροις,
2399 607 2494 659 καὶ
2520 605 2582 659 οὐ
2620 605 2695 677 μὴ
2723 604 3107 658 πιστεύσωσιν.
3146 623 3164 655 ι
3199 602 3338 658 Οὔτε
3387 602 3499 674 γὰρ
3529 604 3581 656 oi
3629 604 3721 656 Ai-

451 702 546 772 ptii
597 701 948 757 crediderunt
986 701 1133 766 Deo,
1193 719 1318 757 cum
1376 703 1588 775 Moyses
1632 711 1714 757 tot
1771 711 2035 771 tantaque

2138 699 2353 769 γύπτιοι
2415 700 2740 754 ἐπίστευσαν
2789 696 2869 769 τῷ
2927 682 3068 769 Θεῷ,
3132 696 3417 759 Μωῦσέως
3480 694 3718 748 τοσαῦτα

454 796 612 865 signa
642 802 697 849 et
737 794 980 864 prodigia
1012 791 1215 847 faceret
1241 810 1257 850 :
1286 808 1462 863 neque
1497 792 1789 849 multitudo
1816 790 2034 849 Iudaeo-

2138 794 2335 863 σημεῖα
2360 793 2456 845 καὶ
2486 792 2690 863 τέρατα
2717 789 3103 861 πεποιηκότος·
3142 787 3268 841 οὕτε
3295 788 3366 842 τὰ
3399 786 3582 859 πλήθη
3610 787 3717 841 τῶν

453 904 575 942 rum
603 886 833 941 credidit
860 885 1101 950 Christo,
1132 885 1336 958 Moysis
1362 885 1528 939 simili
1556 886 1623 949 ⁸⁸,
1654 901 1777 940 cum
1811 900 2029 941 omnem

451 980 699 1031 morbum
732 993 1059 1047 omnemque
1082 977 1452 1033 inﬁmitatem
1475 985 1731 1032 curaret:
1765 986 1820 1032 et
1852 991 2031 1047 neque

448 1067 572 1122 illos
610 1069 877 1138 permovit
915 1069 1065 1140 virga
1096 1070 1152 1123 in
1176 1078 1484 1139 serpentem
1512 1070 1775 1135 animata,
1804 1075 1859 1124 et
1910 1084 2032 1124 ma-

447 1176 556 1217 nus
580 1162 704 1216 alba
726 1162 891 1225 facta,
922 1162 1080 1218 Nilus
1102 1163 1156 1217 in
1173 1164 1496 1234 sanguinem
1520 1178 1715 1219 versus
1737 1163 1781 1196 ⁸⁷
1809 1180 1824 1231 ;
1852 1178 2031 1234 neque

448 1253 549 1309 hos
582 1254 712 1309 caeci
747 1255 1017 1319 videntes,
1070 1256 1252 1311 claudi
1296 1257 1663 1323 ambulantes,
1712 1264 1767 1311 et
1824 1257 2028 1311 mortui

448 1346 801 1402 suscitanti”:
835 1362 901 1402 ac
954 1348 1031 1401 illi
1065 1348 1285 1419 quidem
1340 1348 1670 1404 resistebant
1698 1336 1929 1404 'Jannes
1974 1357 2029 1402 et

448 1436 722 1493 Mambres
774 1440 857 1507 9’;
920 1439 1049 1494 huic
1095 1456 1226 1496 vero
1281 1439 1469 1496 Annas
1517 1449 1571 1497 et
1627 1442 1884 1512 Caiphas.
1935 1439 2027 1496 Sic

447 1545 557 1585 non
590 1532 846 1587 omnibus
896 1533 1053 1603 signa
1097 1533 1463 1604 persuadent,
1515 1534 1610 1590 sed
1637 1535 1705 1590 iis
1757 1535 2027 1590 duntaxat

445 1625 541 1693 qui
579 1626 814 1681 candide
855 1625 924 1681 de
983 1627 1148 1682 rebus
1176 1627 1431 1696 judicant
1458 1646 1473 1695 ;
1504 1643 1737 1698 quorum
1768 1636 1823 1683 et
1854 1644 2024 1683 causa

444 1714 555 1771 Deo
588 1724 847 1787 tanquam
879 1718 1111 1788 sapienti
1158 1719 1486 1774 moderatori
1542 1719 1721 1790 placet
1766 1727 1823 1774 ut
1851 1720 2020 1773 mira-

441 1810 565 1862 cula
586 1818 1004 1881 perpetrentur;
1038 1827 1148 1866 non
1172 1812 1456 1866 hominum
1486 1811 1720 1875 viribus,
1754 1811 1849 1867 sed
1922 1824 2021 1864 sua

442 1905 742 1959 voluntate.
770 1905 787 1936 ¹
818 1903 944 1959 Haec
971 1911 1152 1958 autem
1200 1903 1325 1958 ideo
1387 1918 1782 1967 memoramus,
1815 1912 1876 1957 ut
1928 1903 2023 1973 qui

439 1996 774 2052 charismata
812 1996 1130 2066 huiusmodi
1163 2004 1525 2067 acceperunt,
1557 2010 1667 2050 non
1714 2011 1773 2051 se
1822 1995 1880 2050 in
1925 2011 2022 2052 eos

440 2089 534 2159 qui
560 2104 673 2145 non
720 2096 1049 2159 acceperunt
1077 2088 1342 2155 ell‘erant;
1396 2086 1729 2142 charismata
1762 2087 2020 2152 dicimus.

439 2196 561 2251 qua:
588 2197 684 2251 per
706 2181 973 2237 miracula
1008 2200 1020 2235 ε
1056 2181 1314 2251 quoniam
1339 2196 1499 2236 nemo
1521 2191 1605 2238 est
1623 2198 1719 2252 per
1739 2180 2021 2238 Christum

438 2273 495 2328 in
530 2272 695 2327 Deum
728 2274 981 2339 credens,
1005 2273 1099 2343 qui
1141 2290 1251 2329 non
1281 2274 1552 2345 acceperit
1584 2273 1859 2328 charisma
1910 2275 2023 2346 spi-

437 2366 683 2421 rituale:
724 2366 902 2437 ipsum
943 2366 1146 2421 etenim
1190 2366 1314 2434 hoc,
1358 2367 1646 2422 liberatum
1677 2382 1802 2425 esse
1854 2367 2023 2439 impio

436 2458 735 2514 multorum
755 2459 980 2514 deorum
1005 2459 1179 2522 cultu,
1206 2470 1260 2514 et
1287 2459 1588 2517 credidisse
1610 2460 1718 2515 Deo
1749 2459 1894 2516 Patri
1926 2478 2023 2533 per

433 2549 1026 2615 Christum,charisma
1046 2551 1137 2608 Dei
1158 2561 1263 2619 est;
1281 2560 1339 2606 ut
1356 2560 1432 2617 et,
1452 2552 2021 2622 abjecisseJudaicum

435 2645 708 2708 velamen,
732 2659 796 2698 ac
820 2643 1120 2701 credidisse
1142 2645 1288 2716 quod
1311 2645 1405 2700 Dei
1438 2646 1782 2717 beneplacito
1822 2646 2023 2720 Unige—

433 2737 585 2793 nitus
622 2738 717 2807 qui
740 2746 868 2794 ante
903 2739 1105 2795 saecula
1148 2739 1473 2798 etsistebat.
1518 2740 1573 2793 in
1608 2749 1853 2796 extremo
1882 2749 2022 2795 tem-

432 2822 567 2900 pore
593 2845 661 2885 ex
704 2831 919 2903 virgine
970 2839 1135 2887 natus
1180 2839 1287 2893 est.
1321 2833 1443 2887 sine
1466 2830 1569 2886 viri
1603 2834 1936 2901 concubitu;
1965 2843 2021 2889 et

432 2922 578 2993 quod
612 2923 668 2977 in
709 2924 822 2979 vita
865 2932 1125 2995 tanquam
1174 2923 1341 2979 homo
1390 2932 1645 2981 versatus
1674 2932 1781 2990 est,
1810 2928 2019 2998 absque

432 3022 682 3085 moesto,
717 3016 939 3086 impleta
975 3020 1123 3071 omni
1150 3017 1367 3087 justitia
1405 3017 1579 3088 legis;
1620 3020 1877 3091 quodque
1902 3037 2019 3092 per-

2145 884 2412 940 Ἱουδαίων
2438 884 2518 956 τῷ
2551 885 2627 948 ὡς
2660 883 2885 938 Μωῠσεῖ
2916 882 3160 955 Χριστῷ,
3208 882 3392 935 πᾶσαν
3436 880 3595 934 νόσον
3626 881 3719 935 καὶ

2133 980 2314 1032 πᾶσαν
2350 977 2622 1048 μαλακίαν
2649 978 2709 1030 ἐν
2751 976 2937 1039 αὐτοῖς
2965 974 3386 1047 θεραπεύσαντι·
3451 975 3551 1027 καὶ
3593 973 3717 1029 οὔτε

2129 1070 2373 1135 ἐκείνους
2432 1069 2750 1141 ἐδυσώπησε
2790 1068 2997 1141 ’ῥάϐδος
3040 1067 3432 1139 ἐμψυχουμένη
3479 1066 3596 1137 (75)
3642 1070 3719 1131 εἰς

2127 1162 2272 1235 ὅφιν,
2303 1164 2398 1217 καὶ
2425 1162 2548 1236 χεὶρ
2589 1162 3003 1234 λευκαινομένη,
3048 1162 3143 1215 καὶ
3168 1161 3361 1225 Νεῖλος
3379 1161 3721 1232 αἱματούμε-

2129 1273 2239 1321 νος·
2298 1255 2422 1309 οὔτε
2445 1256 2669 1318 τούτους
2699 1253 2896 1324 τυφλοὶ
2937 1252 3357 1316 ἀναϐλέποντες,
3416 1254 3514 1306 καὶ
3554 1252 3717 1323 χωλοὶ

2128 1348 2578 1421 περιπατοῦντες,
2613 1350 2707 1401 καὶ
2726 1346 2912 1419 νεκροὶ
2960 1345 3308 1416 ἀνιστάμενοι
3336 1344 3475 1417 (76),
3513 1346 3611 1399 καὶ
3640 1346 3719 1417 τῷ

2130 1444 2227 1514 μὲν
2258 1441 2576 1496 ἀνθίσταντο
2630 1441 2835 1511 Ἰαννής
2864 1440 2933 1471 ¹⁰⁹
2953 1440 3047 1493 καὶ
3068 1438 3348 1509 Μαμϐρῆς
3376 1438 3516 1508 (77)·
3555 1437 3639 1509 τῷ
3663 1439 3719 1495 δὲ

2130 1534 2328 1598 Ἀννας
2361 1533 2455 1588 καὶ
2486 1534 2764 1603 Καϊάφας·
2796 1531 2972 1596 οὕτως
3026 1532 3089 1584 ού
3123 1531 3336 1595 πάντας
3364 1531 3613 1585 δυσωπεῖ
3653 1534 3718 1587 τὰ

2128 1630 2349 1700 σημεῖα,
2371 1625 2506 1680 ἀλλὰ
2542 1625 2737 1698 μόνους
2768 1626 2895 1689 τοὺς
2914 1622 3285 1695 εὐγνώμονας,
3319 1617 3397 1678 ὧν
3428 1626 3527 1678 καὶ
3558 1625 3717 1696 χάριν

2124 1718 2334 1772 εὐδοκεῖ
2363 1720 2392 1771 ὁ
2424 1718 2558 1782 Θεὸς
2602 1717 2969 1772 ἐπιτελεῖσθαι
3010 1716 3287 1788 δυνάμεις,
3322 1717 3401 1781 ὡς
3449 1717 3616 1787 σοφὸς
3646 1721 3719 1771 oi-

2126 1810 2373 1881 κονόμος·
2405 1812 2468 1864 ού
2497 1814 2563 1883 τῇ
2599 1812 2708 1864 τῶν
2737 1808 3040 1881 ἀνθρώπιον
3073 1810 3239 1881 ἰσχύϊ,
3260 1810 3398 1864 ἀλλά
3417 1815 3485 1884 τῇ
3523 1814 3716 1866 ἑαυτοῦ

2126 1900 2396 1975 βουλήσει.
2429 1904 2617 1958 Ταῦτα
2636 1904 2692 1957 δέ
2715 1921 2916 1975 φαμεν,
2936 1903 3028 1956 ἐπὶ
3053 1903 3115 1956 τὸ
3140 1904 3215 1975 μὴ
3242 1904 3579 1975 ἐπαίρεσθαι
3593 1908 3717 1971 τοὺς

2122 1994 2386 2061 λαϐόντας
2410 1998 2726 2070 χαρίσματα
2760 1996 2959 2061 τοιάδε,
2988 1996 3128 2050 κατά
3159 1997 3267 2050 τῶν
3305 1998 3380 2069 μὴ
3414 1997 3713 2051 λαϐόντων·

2122 2091 2441 2163 χαρίσματα
2470 2090 2526 2144 δὲ
2577 2090 2831 2161 λέγομεν,
2892 2088 2961 2142 τά
2992 2088 3080 2142 διὰ
3121 2090 3230 2142 τῶν
3290 2089 3559 2159 σημείων·
3598 2093 3719 2144 ἐπεὶ

2123 2186 2224 2251 οὐκ
2256 2184 2405 2237 ἔστιν
2433 2182 2722 2254 ἄνθρωπος
2773 2181 3073 2245 πιστεύσας
3096 2180 3183 2234 διὰ
3224 2181 3466 2252 Χριστοῦ
3498 2185 3582 2246 είς
3625 2184 3719 2238 τὸν

2121 2275 2276 2341 Θεὸν,
2308 2273 2368 2338 ὃς
2398 2276 2499 2328 οὑκ
2528 2274 2719 2345 εἴληφε
2780 2273 3025 2345 χάρισμα
3059 2272 3453 2343 πνευματικόν·
3492 2276 3633 2328 αὐτό
3661 2292 3719 2330 τε

2120 2366 2229 2439 γὰρ
2256 2367 2316 2421 τὸ
2345 2365 2725 2436 ἀπαλλαγῆναι
2760 2365 3022 2425 πολυθέου
3055 2364 3330 2429 ἀσεϐείας,
3350 2367 3447 2419 καὶ
3482 2367 3719 2422 πιστεῦ-

2122 2477 2213 2515 σαι
2244 2459 2363 2533 Θεῷ
2386 2461 2562 2534 Πατρὶ
2595 2459 2681 2515 διὰ
2707 2457 2970 2533 Χριστοῦ,
2997 2453 3246 2530 χάρισμά
3292 2460 3412 2511 ἐστι
3454 2459 3623 2512 Θεοῦ·
3660 2461 3719 2515 τό

2119 2570 2177 2607 τε
2211 2554 2516 2627 ἀπορῤίψαι
2545 2553 2606 2607 τὸ
2646 2552 2938 2607 Ἰουδαϊκὸν
2970 2550 3257 2622 κάλυμμα,
3288 2550 3387 2605 καὶ
3418 2552 3716 2607 πιστεῦσαι

2119 2645 2201 2698 ὃτι
2232 2645 2449 2716 εὐδοκία
2476 2642 2611 2698 Θεοῦ
2644 2645 2673 2697 ὁ
2701 2645 2808 2717 πρὸ
2852 2643 3063 2697 αἰώνων
3102 2644 3435 2715 Μονογενὴς,
3471 2646 3533 2698 ἐν
3562 2648 3719 2700 ὑστέ-

2123 2753 2200 2809 ρῳ
2230 2736 2410 2809 καιρῷ
2439 2738 2505 2791 ἐκ
2546 2736 2818 2809 παρθένου
2854 2736 3168 2807 γεγένηται,
3198 2734 3322 2807 δίχα
3348 2736 3573 2809 ὁμιλίας
3619 2739 3718 2791 ἀν-

2117 2827 2261 2901 δρός·
2293 2831 2389 2883 καὶ
2416 2828 2497 2882 ὅτι
2526 2828 2909 2881 ἐπολιτεύσατο
2938 2829 3014 2892 ὡς
3046 2826 3335 2901 ἄνθρωπος
3364 2829 3497 2886 ἄνευ
3532 2831 3720 2903 ἀμαρ-

2118 2920 2259 2986 τίας,
2290 2921 2587 2993 πληρώσας
2641 2924 2822 2975 πᾶσαν
2850 2920 3198 2993 δικαιοσύνην
3237 2922 3337 2994 τὴν
3369 2921 3469 2978 τοῦ
3516 2924 3711 2995 νόμου·

2119 3015 2213 3067 καὶ
2240 3015 2320 3068 ὅτι
2352 3014 2698 3086 συγχωρήσει
2728 3012 2864 3066 Θεοῦ
2901 3015 3135 3086 σταυρὸν
3166 3014 3481 3086 ὑπέμεινεν,
3516 3017 3719 3087 αἰσχύ-

431 3108 696 3164 missione
717 3107 809 3164 Dei
846 3108 987 3167 Deus
1004 3108 1266 3175 Verbum,
1306 3119 1493 3181 spreto
1542 3112 1830 3177 dedecore,
1884 3130 2013 3169 cru-

2138 3124 2216 3179 ρης
2246 3108 2671 3180 καταφρονήσας
2699 3107 2727 3159 ό
2761 3106 2895 3171 Θεὸς
2939 3107 3133 3175 Λόγος·
3180 3109 3276 3161 καὶ
3316 3109 3402 3162 ὅτι
3442 3109 3717 3175 ἀπέθανε,

432 3215 550 3257 cem
588 3202 883 3268 sustinuit;
915 3210 970 3257 et
1016 3203 1162 3272 quod
1210 3211 1459 3259 mortuus
1500 3211 1586 3259 est
1628 3220 1693 3258 ac
1738 3206 2008 3276 sepultus,

430 3304 485 3350 ct
514 3296 816 3351 resurrexit
853 3297 908 3350 in
944 3295 1146 3360 triduo,
1182 3303 1346 3367 atque
1377 3305 1501 3367 post
1550 3300 2013 3355 resurrectionem

431 3401 558 3440 cum
579 3388 845 3457 apostolis
871 3388 1066 3443 diebus
1089 3388 1456 3459 quadraginta
1502 3390 1823 3459 permansit,
1856 3406 2009 3446 com-

432 3479 688 3549 pletaque
717 3480 865 3534 omni
893 3481 1292 3536 constitutione
1311 3521 1325 3544 ,
1361 3491 1680 3553 assumptus
1702 3490 1787 3537 est
1830 3484 1884 3536 in
1914 3498 2011 3538 eo-

431 3585 555 3624 rum
585 3579 883 3642 conspectu
912 3573 978 3627 ad
1015 3571 1181 3628 Deum
1230 3581 1284 3628 et
1316 3572 1537 3629 Patrem
1559 3574 1651 3645 qui
1690 3590 1814 3629 eum
1848 3574 2015 3630 mise-

430 3670 538 3719 rat.
587 3662 692 3730 Qui
722 3665 839 3720 haec
870 3665 1123 3731 credidit,
1154 3681 1264 3723 non
1311 3667 1509 3723 stolide
1534 3681 1600 3720 ac
1653 3668 1793 3721 citra
1844 3668 2013 3721 ratio-

431 3772 576 3823 nem,
600 3757 699 3814 sed
742 3774 866 3814 cum
911 3759 1122 3829 judicio
1174 3775 1237 3814 ac
1267 3760 1619 3824 certitudine,
1659 3760 1706 3816 is
1737 3759 2011 3815 charisma

430 3867 462 3904 a
492 3849 604 3907 Deo
634 3861 962 3908 consecutus
993 3860 1115 3908 est:
1150 3852 1403 3907 similiter
1436 3853 1599 3907 etiam
1632 3853 1727 3923 qui
1762 3853 1831 3907 ab
1859 3853 2009 3908 omni

432 3942 627 3999 haresi
653 3954 905 3999 servatus
935 3943 1058 3999 fuit.
1092 3943 1210 3999 Non
1231 3960 1361 4015 ergo
1390 3944 1662 4015 quispiam
1699 3960 1890 4001 eorum
1914 3948 2009 4018 qui

431 4036 586 4105 signa
609 4043 665 4091 et
692 4044 947 4106 portenta
975 4036 1202 4101 faciunt,
1226 4035 1438 4106 judicet
1471 4052 1536 4091 ac
1566 4037 1787 4094 damnet
1813 4056 2005 4110 quem-

430 4144 596 4197 quam
628 4128 889 4194 ﬁdelium,
920 4131 1017 4201 qui
1046 4130 1251 4185 donum
1277 4147 1340 4187 ea
1362 4130 1625 4202 nperandi
1654 4148 1765 4188 non
1789 4133 1860 4188 sit
1881 4131 2013 4187 ade-

433 4226 560 4288 ptus
586 4235 599 4271 :
632 4219 850 4276 diversa
875 4223 1078 4293 quippe
1102 4230 1232 4279 sunt
1270 4221 1364 4278 Dei
1393 4222 1755 4287 charismata,
1789 4224 1857 4278 ab
1888 4225 2008 4294 ipso

434 4326 531 4380 per
560 4310 843 4367 Christum
872 4315 1081 4369 tributa
1115 4333 1128 4369 :
1162 4329 1225 4369 ac
1252 4322 1309 4368 tu
1331 4315 1551 4385 quidem
1571 4315 1834 4385 accepisti
1866 4316 1967 4371 hoc
1992 4334 2005 4384 ;

2121 3198 2215 3253 καὶ
2234 3199 2430 3271 ἐτάφη,
2457 3200 2552 3253 καὶ
2592 3198 2791 3272 ἀνέστη
2823 3198 2911 3253 διὰ
2935 3198 3101 3271 τριῶν
3142 3201 3394 3272 ήμερῶν,
3430 3202 3528 3255 καὶ
3575 3203 3719 3273 μετά

2119 3304 2218 3361 την
2263 3290 2558 3345 ἀνάστασιν
2615 3292 3026 3364 τεσσαράκοντα
3086 3292 3302 3364 ἡμέρας
3358 3295 3719 3365 παραμείνας

2116 3388 2231 3451 τοῖς
2262 3384 2604 3449 ἀποστόλοις,
2635 3385 2730 3438 καὶ
2757 3383 3055 3456 πληρώσας
3086 3387 3266 3438 πᾶσαν
3312 3384 3559 3450 διάταξιν
3592 3389 3720 3440 ἀνε-

2117 3478 2297 3557 λήφθη
2330 3482 2418 3533 ἐπ’
2464 3480 2651 3551 ὄψεσιν
2680 3478 2861 3532 αὐτῶν
2895 3480 3032 3551 πρὸς
3066 3480 3158 3533 τὸν
3188 3479 3597 3534 ἀποστείλαντα
3626 3483 3723 3535 αὑ-

2115 3573 2207 3626 τὸν
2246 3571 2378 3626 Θεὸν
2436 3572 2530 3628 καὶ
2576 3572 2819 3644 Πατέρα.
2875 3572 2934 3626 Ὀ
2991 3571 3165 3626 ταῦτα
3215 3573 3522 3637 πιστεύσας
3550 3614 3565 3637 ,
3616 3576 3719 3644 οὐχ

2118 3663 2323 3731 ἁπλῶς,
2360 3666 2481 3720 οὐδὲ
2534 3665 2765 3735 ἀλόγως,
2802 3664 2937 3719 ἀλλά
2972 3667 3151 3738 κρίσει
3179 3667 3273 3720 καὶ
3334 3666 3716 3739 πληροφορίᾳ,

2115 3757 2360 3830 χάρισμα
2386 3759 2607 3831 εἴληφεν
2640 3760 2705 3812 ἐκ
2733 3757 2889 3811 Θεοῦ·
2941 3759 3201 3822 ὡσαύτως
3233 3758 3289 3811 δὲ
3323 3759 3421 3811 καὶ
3448 3761 3478 3811 ό
3528 3760 3720 3829 πάσης

2118 3852 2383 3923 αἱρέσεως
2411 3852 2765 3921 ἀπαλλαγείς.
2802 3850 2894 3923 Μὴ
2920 3849 3013 3905 οὖν
3044 3869 3127 3914 τις
3156 3850 3265 3903 τῶν
3282 3851 3594 3904 ποιούντων
3628 3868 3720 3923 ση-

2116 3947 2265 4015 μεῖα,
2299 3945 2394 3998 καὶ
2418 3944 2642 4017 τέρατα,
2676 3946 2908 4017 κρινέτω
2926 3944 3048 3998 τινὰ
3066 3944 3175 3998 τῶν
3206 3944 3416 3996 πιστῶν
3432 3952 3437 3957 ‘
3454 3944 3529 4015 μὴ
3548 3942 3719 4009 ἀξιω-

2117 4036 2275 4090 θέντα
2308 4038 2570 4111 ἐνεργεῖν·
2606 4038 2838 4111 διάφορα
2866 4038 2977 4111 γάρ
3011 4040 3127 4091 ἐστι
3156 4036 3224 4090 τὰ
3252 4037 3350 4090 τοῦ
3379 4036 3517 4091 Θεοῦ
3547 4037 3719 4109 χαρί-

2115 4144 2318 4200 σματα,
2362 4131 2493 4203 παρ’
2540 4129 2707 4184 αὐτοῦ
2754 4131 2843 4185 διὰ
2888 4127 3127 4203 Χριστοῦ
3186 4129 3460 4200 διδόμενα·
3510 4130 3616 4182 καὶ
3652 4128 3716 4182 σὺ

2117 4223 2216 4294 μὲν
2247 4222 2475 4295 εἴληφας
2502 4221 2682 4276 τοῦτο·
2728 4223 2936 4286 ἐκεῖνος
2965 4222 3021 4276 δὲ
3063 4220 3190 4276 ἄλλο
3209 4239 3281 4274 τι·
3338 4220 3373 4292 ἢ
3402 4220 3511 4293 γὰρ
3543 4218 3717 4288 λόγον

2116 4316 2325 4387 σοφίας,
2360 4315 2393 4386 ἢ
2428 4315 2702 4385 γνώσεως,
2727 4315 3104 4390 ἢδιακρίσεως
3124 4314 3531 4385 πνευμάτων,ῆ
3569 4312 3714 4383 πρό-

432 4404 526 4460 ille
559 4421 690 4462 vero
727 4407 877 4463 aliud
907 4408 1225 4478 quoddam;
1267 4416 1361 4463 aut
1391 4409 1537 4464 enim
1577 4424 1887 4465 sermonem
1919 4425 2008 4466 sa-

2138 4426 2313 4477 τνωσιν
2343 4410 2452 4465 τῶν
2487 4408 2806 4483 μελλόντων,
2846 4408 2880 4482 ἢ
2909 4408 3065 4479 λόγον
3097 4406 3426 4471 διδακτικὸν,
3465 4404 3497 4460 ἦ
3524 4403 3715 4467 ἀνεξι-

539 4588 583 4619 "
622 4586 727 4643 lsa.
788 4605 976 4655 xxvm,
1011 4590 1097 4655 ll;
1135 4589 1300 4646 lCor.
1334 4606 1447 4654 xw,
1477 4592 1567 4647 21.

1667 4592 1711 4624 ⁹⁶
1752 4590 1911 4652 Deut.
1956 4611 2110 4651 XVIII.

3392 4594 3440 4626 ”
3478 4590 3523 4646 ll
3553 4591 3703 4647 Tim.

2215 4595 2262 4628 ”
2298 4594 2473 4653 Exod.
2504 4611 2605 4657 vu.
2639 4594 2697 4649 4.
2800 4591 2848 4626 ⁸⁸
2880 4591 3074 4650 Matth.
3107 4606 3190 4659 ιι,
3231 4593 3286 4649 5.

436 4672 519 4721 Ill,
551 4660 604 4714 8.
687 4660 756 4691 '°"
797 4660 890 4755 ιιι..
916 4662 1193 4733 Ἰαμϐρῆς.
1228 4660 1319 4717 Sic
1348 4669 1402 4717 el
1425 4662 1563 4719 alter
1600 4662 1760 4718 Vind.
1844 4664 1860 4694 ¹
1903 4667 1939 4720 l.
1977 4664 2039 4738 lg!

2138 4708 2150 4723 .
2188 4665 2446 4737 interpol.
2468 4667 2548 4732 ad
2581 4665 2763 4735 Magn.
2794 4664 2882 4721 11.

1733 4842 2094 4900 VARIORUM
2127 4807 2359 4899 Nom.

500 5031 615 5105 (75)
635 5027 1146 5105 ΔἙδιιψυχουμςένη.
1180 5026 1241 5083 In
1265 5028 1438 5083 altero
1476 5025 1601 5083 cod.
1639 5025 2007 5099 “adduxeri-

428 5100 1076 5251 “zizdﬁkiliotdysmt.
1126 5167 1315 5251 Idem:
1357 5169 1717 5241 ἐγειρόμενοι,
1776 5169 2012 5225 solemni

426 5239 854 5318 synonymorum
887 5242 1134 5318 mistura.
1159 5239 1234 5318 In:

499 5309 624 5393 (ΖΠ
647 5312 900 5393 -Ἶαννὴς
929 5310 1360 5393 καὶιξιαμβρήςῄ.
1394 5311 1557 5393 Apud
1603 5309 1867 5393 Niconem
1901 5327 2004 5367 ms.

428 5385 483 5440 in
507 5381 768 5441 Pandecte
810 5398 974 5437 serm.
1016 5382 1114 5445 45,
1151 5383 1240 5436 ubi
1282 5383 1413 5437 citat
1454 5381 1619 5436 is'tum
1662 5381 1837 5435 locum
1878 5398 2002 5435 cum

426 5455 532 5510 hoc
563 5457 721 5510 titulo
749 5473 761 5508 :
815 5456 908 5508 Ἐκ
952 5452 1059 5505 τῶν
1089 5452 1383 5518 διατάξεων
1434 5452 1539 5505 τῶν
1570 5451 1741 5519 ἁγίων
1769 5451 2000 5503 ἀποστό-

424 5525 552 5587 λων,
581 5526 668 5579 διά
695 5526 1037 5595 Κλήμεντος,
1065 5524 1192 5595 περὶ
1223 5523 1597 5595 χαρισμάτων,
1634 5522 1835 5595 legitur
1872 5522 1997 5573 Ἰαν-

425 5596 525 5676 νῆς
541 5598 634 5650 καὶ
668 5590 962 5675 Ἰαμϐρῆς..
992 5590 1184 5676 Magno
1205 5590 1352 5676 certe
1375 5590 1500 5676 cum
1528 5590 1867 5676 discrimine,
1897 5607 1996 5643 no-

427 5662 571 5721 mina
609 5662 894 5734 magorum
950 5662 1179 5734 istorum
1219 5664 1448 5718 efferunt
1497 5662 1856 5734 scribuntque
1885 5676 1993 5734 au-

424 5746 611 5793 rtores
631 5778 645 5801 ,
689 5731 922 5797 Hebrmi,
956 5733 1129 5787 Graeci
1194 5743 1248 5786 ct
1271 5734 1448 5787 Latini
1478 5750 1492 5798 ;
1531 5733 1615 5787 his
1640 5732 1751 5786 fere
1774 5731 1991 5794 modis;

422 5807 630 5865 Joanne
655 5848 670 5875 ,
710 5806 885 5861 Janne
920 5813 974 5860 et
1011 5804 1234 5873 Mamre,
1255 5804 1455 5860 Jamre.
1496 5802 1717 5874 Ἰαννῆς,
1767 5802 1988 5869 Ἱὰννης,

2130 5031 2357 5105 Ἰαννῆς)
2392 5030 2600 5105 huic,
2619 5029 2890 5105 'Isaévync.
2909 5031 3199 5105 "demet
3230 5031 3513 5105 Ἰαμϐρῆς.
3548 5034 3708 5105 Wde—

2112 5102 2269 5223 ϐἰης,
2298 5100 2596 5172 Ἰαμϐρῆς,
2633 5100 2909 5223 Ἰαμϐ⁴ρ⁶ις,
2940 5101 3219 5223 Μαμϐρές
3248 5100 3697 5185 ἱίθὶίςίιι”.³οοείι-

2112 5179 2147 5223 ιι
2194 5188 2295 5223 us.
2336 5170 2616 5223 Μαμϐοίς.
2665 5188 2771 5223 anu
2870 5171 3095 5223 lecam
3190 5171 3418 5223 αιιϐοτις
3470 5190 3697 5223 ηινρι-ςι

2109 5170 2295 5234 tibus,
2336 5170 2616 5242 Μαμϐρίς,
2665 5170 2810 5243 apud
2856 5170 3418 5243 rGlycam‘Zap‘Sp-ig
3470 5173 3702 5231 inversa

2109 5189 2295 5234 tinus,
2336 5189 2616 5242 Μαμορις,
2665 5189 2810 5241 apud
2870 5189 3095 5242 uiycam
3147 5189 3418 5294 ιαμορτῗ
3470 5190 3701 5231 inversa

2108 5243 2247 5312 forte
2286 5243 2461 5312 prima
2503 5243 2681 5298 littera
2716 5241 2786 5307 M,
2822 5242 3012 5311 sicque
3048 5248 3256 5312 mutata
3288 5244 3344 5296 in
3423 5286 3435 5297 .
3462 5243 3701 5308 Jannes,

2102 5309 2345 5375 Jarnnes,
2375 5311 2634 5375 Joannes,
2657 5321 2711 5365 et
2738 5309 3029 5374 Mambres,
3067 5309 3339 5368 Jambres.
3381 5312 3703 5371 Emendan—

2102 5384 2232 5438 dum
2272 5384 2456 5438 forsan
2497 5383 2709 5437 initium
2752 5382 3038 5437 conﬂictus
3075 5382 3306 5437 Arnobii
3346 5399 3473 5438 cum
3526 5384 3700 5441 Sera-

2105 5454 2313 5538 pioned:
2358 5452 2787 5535 Supervenientes
2834 5449 3096 5523 ﬁgyptii,
3120 5454 3229 5538 qui
3261 5464 3317 5506 ut
3358 5456 3699 5538 ostenderent

2104 5541 2159 5577 se
2187 5526 2525 5595 antiquorum
2556 5525 2834 5591 provincia!
2876 5541 2989 5577 sua:
3040 5525 3419 5593 magistrorum
3446 5525 3690 5595 discipn.

2101 5597 2202 5657 los,
2228 5594 2422 5647 Janm's
2445 5593 2680 5648 videlicet
2707 5605 2757 5648 et
2786 5592 3047 5647 Mambn’s
3081 5600 3212 5662 (non
3262 5593 3465 5650 Jannes
3508 5595 3689 5650 llam-

2099 5664 2237 5733 bras)
2269 5681 2399 5731 quos
2447 5674 2703 5718 memorat
2747 5664 3031 5733 Apostolus
3086 5665 3290 5725 famqu
3344 5666 3441 5720 Dei
3490 5664 3685 5729 Nam

2091 5736 2401 5805 quibusdam
2432 5736 2713 5805 prasligiis
2746 5736 3016 5795 restitisse,
3049 5745 3154 5789 etc.
3188 5736 3324 5790 Cor.
