  <div class='ocr_page' id='page_1' title='image "/cluster/home/n/w/nwhite01/storage/ocr_20150623/1 (St. Clemens; pt. 1)/nyp.33433019854052/542.png"; bbox 0 0 3812 6392; ppageno 0'>
   <div class='ocr_carea' id='block_1_1' title="bbox 92 305 232 365">
    <p class='ocr_par' dir='ltr' id='par_1_1' title="bbox 92 305 232 365">
     <span class='ocr_line' id='line_1_1' title="bbox 92 305 232 365; baseline 0.014 -2"><span class='ocrx_word' id='word_1_1' title='bbox 92 305 232 365; x_wconf 71' lang='grc'><strong>1065</strong></span> 
     </span>
    </p>
   </div>
   <div class='ocr_carea' id='block_1_2' title="bbox 818 308 2535 383">
    <p class='ocr_par' dir='ltr' id='par_1_2' title="bbox 818 308 2535 383">
     <span class='ocr_line' id='line_1_2' title="bbox 818 308 2535 383; baseline 0.008 -20"><span class='ocrx_word' id='word_1_2' title='bbox 818 360 821 363; x_wconf 37' lang='grc' dir='ltr'><strong><em>λ</em></strong></span> <span class='ocrx_word' id='word_1_3' title='bbox 934 380 937 383; x_wconf 8' lang='grc' dir='ltr'><strong>ἢ</strong></span> <span class='ocrx_word' id='word_1_4' title='bbox 979 308 1573 370; x_wconf 82' lang='lat' dir='ltr'><strong>CONSTITUTIONES</strong></span> <span class='ocrx_word' id='word_1_5' title='bbox 1623 314 2098 383; x_wconf 64' lang='lat' dir='ltr'><strong>APOSTOLICIE.</strong></span> <span class='ocrx_word' id='word_1_6' title='bbox 2133 353 2202 362; x_wconf 88' lang='lat'><strong>—-</strong></span> <span class='ocrx_word' id='word_1_7' title='bbox 2235 321 2360 375; x_wconf 88' lang='lat' dir='ltr'><strong>LIB.</strong></span> <span class='ocrx_word' id='word_1_8' title='bbox 2403 320 2535 377; x_wconf 85' lang='lat' dir='ltr'><strong>Vlll.</strong></span> 
     </span>
    </p>
   </div>
   <div class='ocr_carea' id='block_1_3' title="bbox 3213 328 3354 385">
    <p class='ocr_par' dir='ltr' id='par_1_3' title="bbox 3213 328 3354 385">
     <span class='ocr_line' id='line_1_3' title="bbox 3213 328 3354 385; baseline 0.014 -2"><span class='ocrx_word' id='word_1_9' title='bbox 3213 328 3354 385; x_wconf 62' lang='lat'><strong>{066</strong></span> 
     </span>
    </p>
   </div>
   <div class='ocr_carea' id='block_1_4' title="bbox 93 420 1638 503">
    <p class='ocr_par' dir='ltr' id='par_1_4' title="bbox 93 420 1638 501">
     <span class='ocr_line' id='line_1_4' title="bbox 93 420 1638 501; baseline 0.004 -24"><span class='ocrx_word' id='word_1_10' title='bbox 93 420 321 486; x_wconf 80' lang='grc' dir='ltr'>κακίαν,</span> <span class='ocrx_word' id='word_1_11' title='bbox 358 421 391 494; x_wconf 80' lang='grc' dir='ltr'>ἢ</span> <span class='ocrx_word' id='word_1_12' title='bbox 417 422 743 495; x_wconf 80' lang='grc' dir='ltr'><strong>ἐγκράτειαν</strong></span> <span class='ocrx_word' id='word_1_13' title='bbox 769 423 1013 496; x_wconf 73' lang='grc' dir='ltr'>ἔννομον.</span> <span class='ocrx_word' id='word_1_14' title='bbox 1043 428 1153 481; x_wconf 76' lang='grc' dir='ltr'><strong>Καὶ</strong></span> <span class='ocrx_word' id='word_1_15' title='bbox 1178 428 1287 500; x_wconf 81' lang='grc' dir='ltr'><strong>γὰρ</strong></span> <span class='ocrx_word' id='word_1_16' title='bbox 1316 430 1411 482; x_wconf 74' lang='grc' dir='ltr'>καὶ</span> <span class='ocrx_word' id='word_1_17' title='bbox 1434 430 1638 501; x_wconf 81' lang='grc' dir='ltr'>Μωυσῆ</span> 
     </span>
    </p>
   </div>
   <div class='ocr_carea' id='block_1_5' title="bbox 1786 420 3354 503">
    <p class='ocr_par' dir='ltr' id='par_1_5' title="bbox 1786 434 3354 503">
     <span class='ocr_line' id='line_1_5' title="bbox 1786 434 3354 503; baseline 0.007 -15"><span class='ocrx_word' id='word_1_18' title='bbox 1786 434 2013 503; x_wconf 67' lang='grc' dir='ltr'>ρίοηιὶω,</span> <span class='ocrx_word' id='word_1_19' title='bbox 2045 437 2129 492; x_wconf 86' lang='lat' dir='ltr'><strong>vel</strong></span> <span class='ocrx_word' id='word_1_20' title='bbox 2157 437 2402 492; x_wconf 69' lang='lat' dir='ltr'><strong>scientia:</strong></span> <span class='ocrx_word' id='word_1_21' title='bbox 2430 439 2473 502; x_wconf 76' lang='lat'><strong>‘,</strong></span> <span class='ocrx_word' id='word_1_22' title='bbox 2505 445 2600 491; x_wconf 81' lang='lat' dir='ltr'><strong>aut</strong></span> <span class='ocrx_word' id='word_1_23' title='bbox 2654 438 2921 498; x_wconf 84' lang='lat' dir='ltr'><strong>rationem</strong></span> <span class='ocrx_word' id='word_1_24' title='bbox 2960 440 3354 499; x_wconf 84' lang='lat' dir='ltr'><strong>discernendo—</strong></span> 
     </span>
    </p>
   </div>
   <div class='ocr_carea' id='block_1_6' title="bbox 88 512 1679 592">
    <p class='ocr_par' dir='ltr' id='par_1_6' title="bbox 88 512 1679 592">
     <span class='ocr_line' id='line_1_6' title="bbox 88 512 1679 592; baseline 0.004 -24"><span class='ocrx_word' id='word_1_25' title='bbox 88 514 117 568; x_wconf 91' lang='lat'><strong>6</strong></span> <span class='ocrx_word' id='word_1_26' title='bbox 152 512 251 567; x_wconf 74' lang='grc' dir='ltr'><strong>τοῦ</strong></span> <span class='ocrx_word' id='word_1_27' title='bbox 286 514 425 567; x_wconf 82' lang='grc' dir='ltr'><strong>Θεοῦ</strong></span> <span class='ocrx_word' id='word_1_28' title='bbox 447 515 763 588; x_wconf 73' lang='grc' dir='ltr'>ἄνθρωπος,</span> <span class='ocrx_word' id='word_1_29' title='bbox 794 518 853 569; x_wconf 81' lang='grc' dir='ltr'>ὲν</span> <span class='ocrx_word' id='word_1_30' title='bbox 889 516 1148 590; x_wconf 76' lang='grc' dir='ltr'>Αἰγύπτῳ</span> <span class='ocrx_word' id='word_1_31' title='bbox 1205 520 1464 573; x_wconf 79' lang='grc' dir='ltr'><strong>ἐπιτελῶν</strong></span> <span class='ocrx_word' id='word_1_32' title='bbox 1495 521 1564 574; x_wconf 81' lang='grc' dir='ltr'>τὰ</span> <span class='ocrx_word' id='word_1_33' title='bbox 1582 539 1679 592; x_wconf 82' lang='grc' dir='ltr'>ση-</span> 
     </span>
    </p>
   </div>
   <div class='ocr_carea' id='block_1_7' title="bbox 90 607 1676 686">
    <p class='ocr_par' dir='ltr' id='par_1_7' title="bbox 90 607 1676 686">
     <span class='ocr_line' id='line_1_7' title="bbox 90 607 1676 686; baseline 0.006 -27"><span class='ocrx_word' id='word_1_34' title='bbox 90 611 249 677; x_wconf 82' lang='grc' dir='ltr'>μεία,</span> <span class='ocrx_word' id='word_1_35' title='bbox 279 607 344 660; x_wconf 82' lang='grc' dir='ltr'>οὐ</span> <span class='ocrx_word' id='word_1_36' title='bbox 364 608 680 681; x_wconf 85' lang='grc' dir='ltr'>κατεπήρθη</span> <span class='ocrx_word' id='word_1_37' title='bbox 711 608 819 662; x_wconf 83' lang='grc' dir='ltr'><strong>τῶν</strong></span> <span class='ocrx_word' id='word_1_38' title='bbox 834 611 1143 681; x_wconf 71' lang='grc' dir='ltr'>-όμοφύλωψ</span> <span class='ocrx_word' id='word_1_39' title='bbox 1168 614 1262 666; x_wconf 75' lang='grc' dir='ltr'>καὶ</span> <span class='ocrx_word' id='word_1_40' title='bbox 1290 612 1410 676; x_wconf 82' lang='grc' dir='ltr'>θεὸς</span> <span class='ocrx_word' id='word_1_41' title='bbox 1437 614 1676 686; x_wconf 69' lang='grc' dir='ltr'>κληθεὶς,</span> 
     </span>
    </p>
   </div>
   <div class='ocr_carea' id='block_1_8' title="bbox 86 700 1673 778">
    <p class='ocr_par' dir='ltr' id='par_1_8' title="bbox 86 700 1673 778">
     <span class='ocr_line' id='line_1_8' title="bbox 86 700 1673 778; baseline 0.006 -26"><span class='ocrx_word' id='word_1_42' title='bbox 86 701 195 753; x_wconf 72' lang='grc' dir='ltr'>οὐκ</span> <span class='ocrx_word' id='word_1_43' title='bbox 225 700 625 771; x_wconf 78' lang='grc' dir='ltr'>ἡλαζονεύσατο</span> <span class='ocrx_word' id='word_1_44' title='bbox 658 702 796 773; x_wconf 85' lang='grc' dir='ltr'>μετὰ</span> <span class='ocrx_word' id='word_1_45' title='bbox 821 700 916 755; x_wconf 79' lang='grc' dir='ltr'><strong>τοῦ</strong></span> <span class='ocrx_word' id='word_1_46' title='bbox 953 703 1081 756; x_wconf 74' lang='grc' dir='ltr'>ἰδίου</span> <span class='ocrx_word' id='word_1_47' title='bbox 1123 706 1403 775; x_wconf 84' lang='grc' dir='ltr'><strong>προφήτου</strong></span> <span class='ocrx_word' id='word_1_48' title='bbox 1446 706 1673 778; x_wconf 86' lang='grc' dir='ltr'>Ἀαρών.</span> 
     </span>
    </p>
   </div>
   <div class='ocr_carea' id='block_1_9' title="bbox 101 791 1678 870">
    <p class='ocr_par' dir='ltr' id='par_1_9' title="bbox 101 791 1678 870">
     <span class='ocr_line' id='line_1_9' title="bbox 101 791 1678 870; baseline 0.004 -26"><span class='ocrx_word' id='word_1_49' title='bbox 101 791 250 844; x_wconf 83' lang='grc' dir='ltr'>Ἀλλ’</span> <span class='ocrx_word' id='word_1_50' title='bbox 270 791 397 845; x_wconf 79' lang='grc' dir='ltr'>οὔτε</span> <span class='ocrx_word' id='word_1_51' title='bbox 451 794 481 845; x_wconf 86' lang='lat'><strong>6</strong></span> <span class='ocrx_word' id='word_1_52' title='bbox 514 792 610 846; x_wconf 77' lang='grc' dir='ltr'>τοῦ</span> <span class='ocrx_word' id='word_1_53' title='bbox 666 794 822 865; x_wconf 87' lang='grc' dir='ltr'><strong>Ναυῆ</strong></span> <span class='ocrx_word' id='word_1_54' title='bbox 866 793 1098 866; x_wconf 80' lang='grc' dir='ltr'>Ἰησοῦς,</span> <span class='ocrx_word' id='word_1_55' title='bbox 1156 797 1506 867; x_wconf 79' lang='grc' dir='ltr'><strong>ἡγησάμενος</strong></span> <span class='ocrx_word' id='word_1_56' title='bbox 1536 801 1678 870; x_wconf 42' lang='grc' dir='ltr'>,μετ’</span> 
     </span>
    </p>
   </div>
   <div class='ocr_carea' id='block_1_10' title="bbox 87 884 1680 957">
    <p class='ocr_par' dir='ltr' id='par_1_10' title="bbox 87 884 1680 957">
     <span class='ocr_line' id='line_1_10' title="bbox 87 884 1680 957; baseline 0.003 -20"><span class='ocrx_word' id='word_1_57' title='bbox 87 884 262 938; x_wconf 74' lang='grc' dir='ltr'>αὐτὸν</span> <span class='ocrx_word' id='word_1_58' title='bbox 295 885 390 938; x_wconf 83' lang='grc' dir='ltr'>τοῦ</span> <span class='ocrx_word' id='word_1_59' title='bbox 416 884 569 949; x_wconf 83' lang='grc' dir='ltr'>λαοῦ,</span> <span class='ocrx_word' id='word_1_60' title='bbox 599 885 702 939; x_wconf 77' lang='grc' dir='ltr'>κᾶν</span> <span class='ocrx_word' id='word_1_61' title='bbox 730 885 809 956; x_wconf 82' lang='grc' dir='ltr'>τῷ</span> <span class='ocrx_word' id='word_1_62' title='bbox 835 887 970 957; x_wconf 82' lang='grc' dir='ltr'>πρὸς</span> <span class='ocrx_word' id='word_1_63' title='bbox 1000 888 1126 949; x_wconf 81' lang='grc' dir='ltr'>τοὺς</span> <span class='ocrx_word' id='word_1_64' title='bbox 1171 887 1489 952; x_wconf 80' lang='grc' dir='ltr'>ἰεϐουσίους</span> <span class='ocrx_word' id='word_1_65' title='bbox 1520 888 1680 942; x_wconf 87' lang='grc' dir='ltr'>πολέ-</span> 
     </span>
    </p>
   </div>
   <div class='ocr_carea' id='block_1_11' title="bbox 88 977 1678 1053">
    <p class='ocr_par' dir='ltr' id='par_1_11' title="bbox 88 977 1678 1053">
     <span class='ocr_line' id='line_1_11' title="bbox 88 977 1678 1053; baseline 0.003 -22"><span class='ocrx_word' id='word_1_66' title='bbox 88 996 181 1049; x_wconf 77' lang='grc' dir='ltr'>μῳ</span> <span class='ocrx_word' id='word_1_67' title='bbox 216 980 425 1049; x_wconf 80' lang='grc' dir='ltr'><strong>στήσας</strong></span> <span class='ocrx_word' id='word_1_68' title='bbox 443 979 535 1033; x_wconf 87' lang='grc' dir='ltr'>τὸν</span> <span class='ocrx_word' id='word_1_69' title='bbox 566 977 715 1050; x_wconf 79' lang='grc' dir='ltr'>ἥλιον</span> <span class='ocrx_word' id='word_1_70' title='bbox 748 978 891 1033; x_wconf 83' lang='grc' dir='ltr'>κατὰ</span> <span class='ocrx_word' id='word_1_71' title='bbox 917 979 1144 1032; x_wconf 88' lang='grc' dir='ltr'>Γαϐαὼν</span> <span class='ocrx_word' id='word_1_72' title='bbox 1164 1018 1179 1043; x_wconf 94' lang='grc'><strong>,</strong></span> <span class='ocrx_word' id='word_1_73' title='bbox 1211 982 1305 1034; x_wconf 87' lang='grc' dir='ltr'><strong>καί</strong></span> <span class='ocrx_word' id='word_1_74' title='bbox 1324 980 1420 1052; x_wconf 80' lang='grc' dir='ltr'><strong>τὴν</strong></span> <span class='ocrx_word' id='word_1_75' title='bbox 1449 981 1678 1053; x_wconf 80' lang='grc' dir='ltr'><strong>σελήνην</strong></span> 
     </span>
    </p>
   </div>
   <div class='ocr_carea' id='block_1_12' title="bbox 74 1070 1679 1146">
    <p class='ocr_par' dir='ltr' id='par_1_12' title="bbox 74 1070 1679 1146">
     <span class='ocr_line' id='line_1_12' title="bbox 74 1070 1679 1146; baseline 0.002 -22"><span class='ocrx_word' id='word_1_76' title='bbox 74 1072 239 1139; x_wconf 81' lang='grc' dir='ltr'>κατὰ</span> <span class='ocrx_word' id='word_1_77' title='bbox 272 1074 534 1146; x_wconf 73' lang='grc' dir='ltr'>φάραγγα</span> <span class='ocrx_word' id='word_1_78' title='bbox 566 1070 761 1135; x_wconf 81' lang='grc' dir='ltr'>Αίλὼν,</span> <span class='ocrx_word' id='word_1_79' title='bbox 792 1071 878 1125; x_wconf 79' lang='grc' dir='ltr'><strong>διὰ</strong></span> <span class='ocrx_word' id='word_1_80' title='bbox 906 1072 968 1125; x_wconf 84' lang='grc' dir='ltr'>τὸ</span> <span class='ocrx_word' id='word_1_81' title='bbox 992 1071 1066 1143; x_wconf 78' lang='grc' dir='ltr'>μὴ</span> <span class='ocrx_word' id='word_1_82' title='bbox 1092 1074 1386 1144; x_wconf 80' lang='grc' dir='ltr'>αὐταρκεῖν</span> <span class='ocrx_word' id='word_1_83' title='bbox 1412 1074 1550 1145; x_wconf 79' lang='grc' dir='ltr'>πρὸς</span> <span class='ocrx_word' id='word_1_84' title='bbox 1580 1074 1679 1145; x_wconf 80' lang='grc' dir='ltr'>τὴν</span> 
     </span>
    </p>
   </div>
   <div class='ocr_carea' id='block_1_13' title="bbox 86 1163 1676 1237">
    <p class='ocr_par' dir='ltr' id='par_1_13' title="bbox 86 1163 1676 1237">
     <span class='ocr_line' id='line_1_13' title="bbox 86 1163 1676 1237; baseline 0.003 -21"><span class='ocrx_word' id='word_1_85' title='bbox 86 1164 256 1236; x_wconf 86' lang='grc' dir='ltr'>νίκην</span> <span class='ocrx_word' id='word_1_86' title='bbox 287 1163 389 1236; x_wconf 76' lang='grc' dir='ltr'>τὴν</span> <span class='ocrx_word' id='word_1_87' title='bbox 419 1163 653 1236; x_wconf 76' lang='grc' dir='ltr'>ἡμέραν,</span> <span class='ocrx_word' id='word_1_88' title='bbox 712 1163 927 1237; x_wconf 80' lang='grc' dir='ltr'>ἐπήρθη</span> <span class='ocrx_word' id='word_1_89' title='bbox 966 1165 1107 1218; x_wconf 87' lang='grc' dir='ltr'><strong>κατά</strong></span> <span class='ocrx_word' id='word_1_90' title='bbox 1138 1164 1234 1218; x_wconf 80' lang='grc' dir='ltr'>τοῦ</span> <span class='ocrx_word' id='word_1_91' title='bbox 1281 1167 1484 1231; x_wconf 81' lang='grc' dir='ltr'>Φινεὲς,</span> <span class='ocrx_word' id='word_1_92' title='bbox 1515 1167 1549 1237; x_wconf 80' lang='grc' dir='ltr'><strong>ἢ</strong></span> <span class='ocrx_word' id='word_1_93' title='bbox 1582 1166 1676 1221; x_wconf 77' lang='grc' dir='ltr'><strong>τοῦ</strong></span> 
     </span>
    </p>
   </div>
   <div class='ocr_carea' id='block_1_14' title="bbox 87 1255 1676 1331">
    <p class='ocr_par' dir='ltr' id='par_1_14' title="bbox 87 1255 1676 1331">
     <span class='ocr_line' id='line_1_14' title="bbox 87 1255 1676 1331; baseline 0.004 -23"><span class='ocrx_word' id='word_1_94' title='bbox 87 1255 300 1309; x_wconf 78' lang='grc' dir='ltr'>Χαλέϐ.</span> <span class='ocrx_word' id='word_1_95' title='bbox 333 1255 470 1309; x_wconf 76' lang='grc' dir='ltr'>Οὔτε</span> <span class='ocrx_word' id='word_1_96' title='bbox 520 1255 791 1327; x_wconf 83' lang='grc' dir='ltr'><strong>Σαμουὴλ,</strong></span> <span class='ocrx_word' id='word_1_97' title='bbox 823 1255 1062 1310; x_wconf 80' lang='grc' dir='ltr'>τοσαῦτα</span> <span class='ocrx_word' id='word_1_98' title='bbox 1114 1258 1392 1329; x_wconf 77' lang='grc' dir='ltr'><strong>παράδοξα</strong></span> <span class='ocrx_word' id='word_1_99' title='bbox 1423 1261 1676 1331; x_wconf 82' lang='grc' dir='ltr'><strong>ποιήσας,</strong></span> 
     </span>
    </p>
   </div>
   <div class='ocr_carea' id='block_1_15' title="bbox 88 1349 1679 1423">
    <p class='ocr_par' dir='ltr' id='par_1_15' title="bbox 88 1349 1679 1423">
     <span class='ocr_line' id='line_1_15' title="bbox 88 1349 1679 1423; baseline 0.003 -20"><span class='ocrx_word' id='word_1_100' title='bbox 88 1352 228 1421; x_wconf 72' lang='grc' dir='ltr'>παρ’</span> <span class='ocrx_word' id='word_1_101' title='bbox 262 1350 417 1403; x_wconf 81' lang='grc' dir='ltr'>οὐδὲν</span> <span class='ocrx_word' id='word_1_102' title='bbox 437 1350 683 1421; x_wconf 84' lang='grc' dir='ltr'>ήγήσατο</span> <span class='ocrx_word' id='word_1_103' title='bbox 709 1349 800 1402; x_wconf 86' lang='grc' dir='ltr'>τὸν</span> <span class='ocrx_word' id='word_1_104' title='bbox 834 1349 1056 1420; x_wconf 83' lang='grc' dir='ltr'>θεοφιλῆ</span> <span class='ocrx_word' id='word_1_105' title='bbox 1100 1350 1282 1404; x_wconf 81' lang='grc' dir='ltr'>Δαϐίδ’</span> <span class='ocrx_word' id='word_1_106' title='bbox 1331 1353 1425 1406; x_wconf 86' lang='grc' dir='ltr'><strong>καί</strong></span> <span class='ocrx_word' id='word_1_107' title='bbox 1456 1371 1538 1407; x_wconf 93' lang='grc' dir='ltr'><strong>τοι</strong></span> <span class='ocrx_word' id='word_1_108' title='bbox 1571 1353 1679 1423; x_wconf 86' lang='grc' dir='ltr'>ἀμ-</span> 
     </span>
    </p>
   </div>
   <div class='ocr_carea' id='block_1_16' title="bbox 88 1440 1674 1517">
    <p class='ocr_par' dir='ltr' id='par_1_16' title="bbox 88 1440 1674 1517">
     <span class='ocr_line' id='line_1_16' title="bbox 88 1440 1674 1517; baseline 0.002 -22"><span class='ocrx_word' id='word_1_109' title='bbox 88 1441 319 1514; x_wconf 77' lang='grc' dir='ltr'>φότεροι</span> <span class='ocrx_word' id='word_1_110' title='bbox 351 1441 647 1512; x_wconf 74' lang='grc' dir='ltr'>προφῆταιο</span> <span class='ocrx_word' id='word_1_111' title='bbox 707 1441 802 1495; x_wconf 77' lang='grc' dir='ltr'>καὶ</span> <span class='ocrx_word' id='word_1_112' title='bbox 833 1440 862 1492; x_wconf 89' lang='grc' dir='ltr'>ὁ</span> <span class='ocrx_word' id='word_1_113' title='bbox 894 1444 990 1513; x_wconf 86' lang='grc' dir='ltr'>μὲν</span> <span class='ocrx_word' id='word_1_114' title='bbox 1009 1483 1024 1508; x_wconf 91' lang='grc'><strong>,</strong></span> <span class='ocrx_word' id='word_1_115' title='bbox 1052 1444 1345 1515; x_wconf 79' lang='grc' dir='ltr'>ἀρχιερεὺς</span> <span class='ocrx_word' id='word_1_116' title='bbox 1372 1444 1504 1517; x_wconf 82' lang='grc'>(78),</span> <span class='ocrx_word' id='word_1_117' title='bbox 1527 1447 1557 1497; x_wconf 95' lang='lat'><strong>6</strong></span> <span class='ocrx_word' id='word_1_118' title='bbox 1598 1443 1674 1506; x_wconf 82' lang='grc' dir='ltr'>δὲ,</span> 
     </span>
    </p>
   </div>
   <div class='ocr_carea' id='block_1_17' title="bbox 88 1533 1679 1609">
    <p class='ocr_par' dir='ltr' id='par_1_17' title="bbox 88 1533 1679 1609">
     <span class='ocr_line' id='line_1_17' title="bbox 88 1533 1679 1609; baseline 0.002 -22"><span class='ocrx_word' id='word_1_119' title='bbox 88 1534 377 1605; x_wconf 81' lang='grc' dir='ltr'>βασιλεύς.</span> <span class='ocrx_word' id='word_1_120' title='bbox 413 1534 522 1586; x_wconf 79' lang='grc' dir='ltr'><strong>Καὶ</strong></span> <span class='ocrx_word' id='word_1_121' title='bbox 545 1533 684 1588; x_wconf 81' lang='grc' dir='ltr'>ἑπτα</span> <span class='ocrx_word' id='word_1_122' title='bbox 709 1533 961 1605; x_wconf 80' lang='grc' dir='ltr'><strong>χιλιάδων</strong></span> <span class='ocrx_word' id='word_1_123' title='bbox 991 1536 1352 1607; x_wconf 80' lang='grc' dir='ltr'>ὑπαρχουσῶν</span> <span class='ocrx_word' id='word_1_124' title='bbox 1387 1538 1443 1590; x_wconf 84' lang='grc' dir='ltr'>ὲν</span> <span class='ocrx_word' id='word_1_125' title='bbox 1462 1536 1679 1609; x_wconf 79' lang='grc' dir='ltr'>Ἰσραὴλ</span> 
     </span>
    </p>
   </div>
   <div class='ocr_carea' id='block_1_18' title="bbox 89 1625 1679 1700">
    <p class='ocr_par' dir='ltr' id='par_1_18' title="bbox 89 1625 1679 1700">
     <span class='ocr_line' id='line_1_18' title="bbox 89 1625 1679 1700; baseline 0.001 -21"><span class='ocrx_word' id='word_1_126' title='bbox 89 1628 292 1695; x_wconf 81' lang='grc' dir='ltr'>ἁγίων,</span> <span class='ocrx_word' id='word_1_127' title='bbox 340 1626 451 1679; x_wconf 79' lang='grc' dir='ltr'>τῶν</span> <span class='ocrx_word' id='word_1_128' title='bbox 486 1625 561 1697; x_wconf 83' lang='grc' dir='ltr'>μὴ</span> <span class='ocrx_word' id='word_1_129' title='bbox 599 1627 932 1697; x_wconf 73' lang='grc' dir='ltr'>καμψάντων</span> <span class='ocrx_word' id='word_1_130' title='bbox 990 1627 1117 1695; x_wconf 87' lang='grc' dir='ltr'>γόνυ</span> <span class='ocrx_word' id='word_1_131' title='bbox 1176 1632 1242 1700; x_wconf 78' lang='grc' dir='ltr'>τῇ</span> <span class='ocrx_word' id='word_1_132' title='bbox 1304 1628 1469 1692; x_wconf 82' lang='grc' dir='ltr'>Βάαλ,</span> <span class='ocrx_word' id='word_1_133' title='bbox 1519 1629 1679 1700; x_wconf 83' lang='grc' dir='ltr'><strong>μόνος</strong></span> 
     </span>
    </p>
   </div>
   <div class='ocr_carea' id='block_1_19' title="bbox 98 1712 1677 1793">
    <p class='ocr_par' dir='ltr' id='par_1_19' title="bbox 98 1712 1677 1793">
     <span class='ocr_line' id='line_1_19' title="bbox 98 1712 1677 1793; baseline -0.001 -19"><span class='ocrx_word' id='word_1_134' title='bbox 98 1720 298 1784; x_wconf 82' lang='grc' dir='ltr'>Ἠλίας</span> <span class='ocrx_word' id='word_1_135' title='bbox 355 1721 417 1772; x_wconf 83' lang='grc' dir='ltr'>ὲν</span> <span class='ocrx_word' id='word_1_136' title='bbox 472 1720 688 1785; x_wconf 79' lang='grc' dir='ltr'>αὐτοῖς,</span> <span class='ocrx_word' id='word_1_137' title='bbox 735 1721 829 1774; x_wconf 75' lang='grc' dir='ltr'>καὶ</span> <span class='ocrx_word' id='word_1_138' title='bbox 883 1721 911 1772; x_wconf 89' lang='lat'><strong>6</strong></span> <span class='ocrx_word' id='word_1_139' title='bbox 955 1720 1144 1774; x_wconf 85' lang='grc' dir='ltr'>τούτου</span> <span class='ocrx_word' id='word_1_140' title='bbox 1202 1720 1448 1793; x_wconf 79' lang='grc' dir='ltr'>μαθητὴς</span> <span class='ocrx_word' id='word_1_141' title='bbox 1499 1712 1677 1775; x_wconf 82' lang='grc' dir='ltr'>Ἐλισ-</span> 
     </span>
    </p>
   </div>
   <div class='ocr_carea' id='block_1_20' title="bbox 89 1789 1750 1884">
    <p class='ocr_par' dir='ltr' id='par_1_20' title="bbox 89 1789 1750 1884">
     <span class='ocr_line' id='line_1_20' title="bbox 89 1789 1750 1884; baseline 0.001 -19"><span class='ocrx_word' id='word_1_142' title='bbox 89 1816 251 1875; x_wconf 84' lang='grc' dir='ltr'>σαῖος</span> <span class='ocrx_word' id='word_1_143' title='bbox 317 1811 716 1883; x_wconf 77' lang='grc' dir='ltr'>θαυματοποιοὶ</span> <span class='ocrx_word' id='word_1_144' title='bbox 762 1812 1099 1884; x_wconf 83' lang='grc' dir='ltr'>γεγένηνται·</span> <span class='ocrx_word' id='word_1_145' title='bbox 1134 1789 1245 1864; x_wconf 85' lang='grc' dir='ltr'>ἀλλ’</span> <span class='ocrx_word' id='word_1_146' title='bbox 1304 1789 1427 1865; x_wconf 61' lang='lat' dir='ltr'><strong>abte</strong></span> <span class='ocrx_word' id='word_1_147' title='bbox 1488 1812 1672 1877; x_wconf 82' lang='grc' dir='ltr'>Ἠλίας</span> <span class='ocrx_word' id='word_1_148' title='bbox 1706 1789 1750 1845; x_wconf 76' lang='grc' dir='ltr'>Β</span> 
     </span>
    </p>
   </div>
   <div class='ocr_carea' id='block_1_21' title="bbox 83 1903 1675 1976">
    <p class='ocr_par' dir='ltr' id='par_1_21' title="bbox 83 1903 1675 1976">
     <span class='ocr_line' id='line_1_21' title="bbox 83 1903 1675 1976; baseline 0.002 -21"><span class='ocrx_word' id='word_1_149' title='bbox 83 1904 182 1959; x_wconf 80' lang='grc' dir='ltr'>τὸν</span> <span class='ocrx_word' id='word_1_150' title='bbox 250 1904 543 1975; x_wconf 80' lang='grc' dir='ltr'><strong>οἰκονόμον</strong></span> <span class='ocrx_word' id='word_1_151' title='bbox 609 1903 816 1957; x_wconf 81' lang='grc' dir='ltr'>’Λϐδιοὺ</span> <span class='ocrx_word' id='word_1_152' title='bbox 896 1904 1296 1975; x_wconf 77' lang='grc' dir='ltr'>ὲξεμυκτήρισε</span> <span class='ocrx_word' id='word_1_153' title='bbox 1328 1944 1343 1968; x_wconf 95' lang='grc'><strong>,</strong></span> <span class='ocrx_word' id='word_1_154' title='bbox 1402 1903 1675 1976; x_wconf 58' lang='grc' dir='ltr'>φοϐούμεε</span> 
     </span>
    </p>
   </div>
   <div class='ocr_carea' id='block_1_22' title="bbox 86 1992 1676 2069">
    <p class='ocr_par' dir='ltr' id='par_1_22' title="bbox 86 1992 1676 2069">
     <span class='ocr_line' id='line_1_22' title="bbox 86 1992 1676 2069; baseline -0.002 -17"><span class='ocrx_word' id='word_1_155' title='bbox 86 2014 181 2052; x_wconf 71' lang='grc' dir='ltr'><strong>νον</strong></span> <span class='ocrx_word' id='word_1_156' title='bbox 234 1998 335 2069; x_wconf 83' lang='grc' dir='ltr'>μὲν</span> <span class='ocrx_word' id='word_1_157' title='bbox 372 1996 481 2065; x_wconf 83' lang='grc' dir='ltr'>τὸν</span> <span class='ocrx_word' id='word_1_158' title='bbox 531 1995 700 2059; x_wconf 83' lang='grc' dir='ltr'><strong>Θεὸν,</strong></span> <span class='ocrx_word' id='word_1_159' title='bbox 757 1996 819 2047; x_wconf 86' lang='grc' dir='ltr'><strong>ού</strong></span> <span class='ocrx_word' id='word_1_160' title='bbox 856 1992 1112 2048; x_wconf 76' lang='grc' dir='ltr'>ποιοῦντα</span> <span class='ocrx_word' id='word_1_161' title='bbox 1166 1993 1224 2047; x_wconf 83' lang='grc' dir='ltr'>δὲ</span> <span class='ocrx_word' id='word_1_162' title='bbox 1277 1998 1495 2065; x_wconf 73' lang='grc' dir='ltr'>σημείαο</span> <span class='ocrx_word' id='word_1_163' title='bbox 1552 1995 1676 2049; x_wconf 78' lang='grc' dir='ltr'>οὔτε</span> 
     </span>
    </p>
   </div>
   <div class='ocr_carea' id='block_1_23' title="bbox 101 2085 1678 2159">
    <p class='ocr_par' dir='ltr' id='par_1_23' title="bbox 101 2085 1678 2159">
     <span class='ocr_line' id='line_1_23' title="bbox 101 2085 1678 2159; baseline -0.003 -14"><span class='ocrx_word' id='word_1_164' title='bbox 101 2089 413 2153; x_wconf 82' lang='grc' dir='ltr'>Ἐλισσαῖος</span> <span class='ocrx_word' id='word_1_165' title='bbox 437 2088 529 2141; x_wconf 85' lang='grc' dir='ltr'>τὸν</span> <span class='ocrx_word' id='word_1_166' title='bbox 562 2085 756 2141; x_wconf 79' lang='grc' dir='ltr'>ἑαυτοῦ</span> <span class='ocrx_word' id='word_1_167' title='bbox 788 2086 1039 2158; x_wconf 81' lang='grc' dir='ltr'>μαθητὴν</span> <span class='ocrx_word' id='word_1_168' title='bbox 1087 2087 1377 2159; x_wconf 80' lang='grc' dir='ltr'>φρίττοντα</span> <span class='ocrx_word' id='word_1_169' title='bbox 1399 2089 1526 2151; x_wconf 85' lang='grc' dir='ltr'>τοὺς</span> <span class='ocrx_word' id='word_1_170' title='bbox 1579 2106 1678 2142; x_wconf 87' lang='grc' dir='ltr'>πο-</span> 
     </span>
    </p>
   </div>
   <div class='ocr_carea' id='block_1_24' title="bbox 88 2179 1679 2253">
    <p class='ocr_par' dir='ltr' id='par_1_24' title="bbox 88 2179 1679 2253">
     <span class='ocr_line' id='line_1_24' title="bbox 88 2179 1679 2253; baseline -0.001 -18"><span class='ocrx_word' id='word_1_171' title='bbox 88 2181 318 2253; x_wconf 82' lang='grc' dir='ltr'>λεμίους</span> <span class='ocrx_word' id='word_1_172' title='bbox 382 2181 678 2252; x_wconf 81' lang='grc' dir='ltr'><strong>ὑπερεῖδεν.</strong></span> <span class='ocrx_word' id='word_1_173' title='bbox 746 2180 905 2233; x_wconf 80' lang='grc' dir='ltr'>Ἀλλά</span> <span class='ocrx_word' id='word_1_174' title='bbox 953 2179 1064 2252; x_wconf 82' lang='grc' dir='ltr'><strong>γὰρ</strong></span> <span class='ocrx_word' id='word_1_175' title='bbox 1110 2179 1235 2232; x_wconf 76' lang='grc' dir='ltr'>οὒτε</span> <span class='ocrx_word' id='word_1_176' title='bbox 1284 2179 1480 2250; x_wconf 84' lang='grc' dir='ltr'>Δανιὴλ</span> <span class='ocrx_word' id='word_1_177' title='bbox 1526 2182 1555 2233; x_wconf 92' lang='lat'><strong>6</strong></span> <span class='ocrx_word' id='word_1_178' title='bbox 1597 2199 1679 2234; x_wconf 93' lang='grc' dir='ltr'><strong>σο-</strong></span> 
     </span>
    </p>
   </div>
   <div class='ocr_carea' id='block_1_25' title="bbox 87 2272 1677 2346">
    <p class='ocr_par' dir='ltr' id='par_1_25' title="bbox 87 2272 1677 2346">
     <span class='ocr_line' id='line_1_25' title="bbox 87 2272 1677 2346; baseline -0.001 -18"><span class='ocrx_word' id='word_1_179' title='bbox 87 2276 191 2344; x_wconf 78' lang='grc' dir='ltr'><strong>φὸς</strong></span> <span class='ocrx_word' id='word_1_180' title='bbox 217 2314 233 2339; x_wconf 94' lang='grc'><strong>,</strong></span> <span class='ocrx_word' id='word_1_181' title='bbox 281 2272 500 2346; x_wconf 79' lang='grc' dir='ltr'>ρυσθεὶς</span> <span class='ocrx_word' id='word_1_182' title='bbox 543 2272 792 2344; x_wconf 87' lang='grc' dir='ltr'>δεύτερον</span> <span class='ocrx_word' id='word_1_183' title='bbox 840 2274 904 2325; x_wconf 83' lang='grc' dir='ltr'>ἐκ</span> <span class='ocrx_word' id='word_1_184' title='bbox 938 2272 1206 2342; x_wconf 84' lang='grc' dir='ltr'>στόματος</span> <span class='ocrx_word' id='word_1_185' title='bbox 1257 2274 1507 2339; x_wconf 85' lang='grc' dir='ltr'><strong>λεόντων,</strong></span> <span class='ocrx_word' id='word_1_186' title='bbox 1552 2273 1677 2327; x_wconf 79' lang='grc' dir='ltr'>οὔτε</span> 
     </span>
    </p>
   </div>
   <div class='ocr_carea' id='block_1_26' title="bbox 85 2366 1679 2438">
    <p class='ocr_par' dir='ltr' id='par_1_26' title="bbox 85 2366 1679 2438">
     <span class='ocr_line' id='line_1_26' title="bbox 85 2366 1679 2438; baseline -0.001 -16"><span class='ocrx_word' id='word_1_187' title='bbox 85 2369 135 2422; x_wconf 70' lang='grc' dir='ltr'><strong>οἱ</strong></span> <span class='ocrx_word' id='word_1_188' title='bbox 162 2371 324 2438; x_wconf 80' lang='grc' dir='ltr'>τρεῖς</span> <span class='ocrx_word' id='word_1_189' title='bbox 351 2367 538 2429; x_wconf 84' lang='grc' dir='ltr'>παῖδες</span> <span class='ocrx_word' id='word_1_190' title='bbox 567 2368 632 2420; x_wconf 81' lang='grc' dir='ltr'>ἐκ</span> <span class='ocrx_word' id='word_1_191' title='bbox 658 2367 890 2437; x_wconf 78' lang='grc' dir='ltr'><strong>καμίνου</strong></span> <span class='ocrx_word' id='word_1_192' title='bbox 934 2366 1104 2437; x_wconf 80' lang='grc' dir='ltr'>πυρὸς</span> <span class='ocrx_word' id='word_1_193' title='bbox 1122 2405 1136 2430; x_wconf 92' lang='grc'><strong>,</strong></span> <span class='ocrx_word' id='word_1_194' title='bbox 1168 2366 1529 2430; x_wconf 80' lang='grc' dir='ltr'>ὲξουδένωσαν</span> <span class='ocrx_word' id='word_1_195' title='bbox 1551 2370 1679 2433; x_wconf 82' lang='grc' dir='ltr'>τοὺς</span> 
     </span>
    </p>
   </div>
   <div class='ocr_carea' id='block_1_27' title="bbox 86 2458 1676 2531">
    <p class='ocr_par' dir='ltr' id='par_1_27' title="bbox 86 2458 1676 2531">
     <span class='ocr_line' id='line_1_27' title="bbox 86 2458 1676 2531; baseline -0.001 -17"><span class='ocrx_word' id='word_1_196' title='bbox 86 2461 318 2524; x_wconf 78' lang='grc' dir='ltr'>λοιποὺς</span> <span class='ocrx_word' id='word_1_197' title='bbox 343 2459 454 2513; x_wconf 81' lang='grc' dir='ltr'><strong>τῶν</strong></span> <span class='ocrx_word' id='word_1_198' title='bbox 485 2459 787 2530; x_wconf 83' lang='grc' dir='ltr'><strong>ὁμοφύλων.</strong></span> <span class='ocrx_word' id='word_1_199' title='bbox 860 2458 1184 2512; x_wconf 78' lang='grc' dir='ltr'>Ἠπίσταντο</span> <span class='ocrx_word' id='word_1_200' title='bbox 1224 2458 1331 2530; x_wconf 84' lang='grc' dir='ltr'><strong>γὰρ</strong></span> <span class='ocrx_word' id='word_1_201' title='bbox 1377 2460 1459 2513; x_wconf 83' lang='grc' dir='ltr'>ὅτι</span> <span class='ocrx_word' id='word_1_202' title='bbox 1504 2461 1566 2513; x_wconf 82' lang='grc' dir='ltr'>οὐ</span> <span class='ocrx_word' id='word_1_203' title='bbox 1608 2462 1676 2531; x_wconf 78' lang='grc' dir='ltr'>τῇ</span> 
     </span>
    </p>
   </div>
   <div class='ocr_carea' id='block_1_28' title="bbox 84 2533 1680 2624">
    <p class='ocr_par' dir='ltr' id='par_1_28' title="bbox 84 2533 1680 2624">
     <span class='ocr_line' id='line_1_28' title="bbox 84 2533 1680 2624; baseline -0.001 -17"><span class='ocrx_word' id='word_1_204' title='bbox 84 2552 272 2624; x_wconf 79' lang='grc' dir='ltr'><strong>οἰκείᾳ</strong></span> <span class='ocrx_word' id='word_1_205' title='bbox 291 2551 525 2623; x_wconf 84' lang='grc' dir='ltr'>δυνάμει</span> <span class='ocrx_word' id='word_1_206' title='bbox 560 2551 932 2623; x_wconf 83' lang='grc' dir='ltr'>περιεγένοντο</span> <span class='ocrx_word' id='word_1_207' title='bbox 958 2550 1067 2605; x_wconf 83' lang='grc' dir='ltr'><strong>τῶν</strong></span> <span class='ocrx_word' id='word_1_208' title='bbox 1097 2551 1304 2615; x_wconf 85' lang='grc' dir='ltr'>δεινῶν,</span> <span class='ocrx_word' id='word_1_209' title='bbox 1329 2550 1465 2606; x_wconf 85' lang='grc' dir='ltr'>ἀλλὰ</span> <span class='ocrx_word' id='word_1_210' title='bbox 1489 2555 1557 2624; x_wconf 79' lang='grc' dir='ltr'><strong>τῇ</strong></span> <span class='ocrx_word' id='word_1_211' title='bbox 1582 2533 1680 2605; x_wconf 66' lang='grc' dir='ltr'><strong>τού</strong></span> 
     </span>
    </p>
   </div>
   <div class='ocr_carea' id='block_1_29' title="bbox 89 2642 1680 2715">
    <p class='ocr_par' dir='ltr' id='par_1_29' title="bbox 89 2642 1680 2715">
     <span class='ocr_line' id='line_1_29' title="bbox 89 2642 1680 2715; baseline -0.001 -16"><span class='ocrx_word' id='word_1_212' title='bbox 89 2644 236 2699; x_wconf 78' lang='grc' dir='ltr'><strong>Θεοῦ</strong></span> <span class='ocrx_word' id='word_1_213' title='bbox 269 2643 441 2714; x_wconf 76' lang='grc' dir='ltr'>ἰσχύϊ,</span> <span class='ocrx_word' id='word_1_214' title='bbox 475 2643 569 2697; x_wconf 79' lang='grc' dir='ltr'>καὶ</span> <span class='ocrx_word' id='word_1_215' title='bbox 620 2645 821 2715; x_wconf 85' lang='grc' dir='ltr'>σημεῖα</span> <span class='ocrx_word' id='word_1_216' title='bbox 866 2642 1174 2707; x_wconf 80' lang='grc' dir='ltr'>ἐπετέλουν,</span> <span class='ocrx_word' id='word_1_217' title='bbox 1213 2643 1308 2696; x_wconf 81' lang='grc' dir='ltr'>καὶ</span> <span class='ocrx_word' id='word_1_218' title='bbox 1337 2642 1445 2697; x_wconf 83' lang='grc' dir='ltr'><strong>τῶν</strong></span> <span class='ocrx_word' id='word_1_219' title='bbox 1487 2643 1680 2715; x_wconf 89' lang='grc' dir='ltr'>δυσχε-</span> 
     </span>
    </p>
   </div>
   <div class='ocr_carea' id='block_1_30' title="bbox 86 2734 1680 2808">
    <p class='ocr_par' dir='ltr' id='par_1_30' title="bbox 86 2734 1680 2808">
     <span class='ocr_line' id='line_1_30' title="bbox 86 2734 1680 2808; baseline -0.001 -18"><span class='ocrx_word' id='word_1_220' title='bbox 86 2737 206 2808; x_wconf 85' lang='grc' dir='ltr'>ρῶν</span> <span class='ocrx_word' id='word_1_221' title='bbox 260 2734 689 2805; x_wconf 83' lang='grc' dir='ltr'><strong>ἀπηλλάττοντο.</strong></span> <span class='ocrx_word' id='word_1_222' title='bbox 721 2734 928 2788; x_wconf 82' lang='grc' dir='ltr'><strong>Οὺκοῦν</strong></span> <span class='ocrx_word' id='word_1_223' title='bbox 962 2734 1149 2806; x_wconf 71' lang='grc' dir='ltr'>μηδεὶς</span> <span class='ocrx_word' id='word_1_224' title='bbox 1190 2734 1343 2806; x_wconf 82' lang='grc' dir='ltr'>ὑμῶν</span> <span class='ocrx_word' id='word_1_225' title='bbox 1374 2734 1680 2805; x_wconf 83' lang='grc' dir='ltr'>ὲπαιρέσθω</span> 
     </span>
    </p>
   </div>
   <div class='ocr_carea' id='block_1_31' title="bbox 87 2823 1679 2902">
    <p class='ocr_par' dir='ltr' id='par_1_31' title="bbox 87 2823 1679 2902">
     <span class='ocr_line' id='line_1_31' title="bbox 87 2823 1679 2902; baseline 0 -21"><span class='ocrx_word' id='word_1_226' title='bbox 87 2828 239 2882; x_wconf 88' lang='grc' dir='ltr'><strong>κατά</strong></span> <span class='ocrx_word' id='word_1_227' title='bbox 281 2827 380 2881; x_wconf 79' lang='grc' dir='ltr'>τοῦ</span> <span class='ocrx_word' id='word_1_228' title='bbox 424 2826 686 2897; x_wconf 79' lang='grc' dir='ltr'>ἀδελφοῦ,</span> <span class='ocrx_word' id='word_1_229' title='bbox 721 2827 823 2881; x_wconf 80' lang='grc' dir='ltr'>κᾶν</span> <span class='ocrx_word' id='word_1_230' title='bbox 849 2827 1134 2899; x_wconf 77' lang='grc' dir='ltr'>προφήτης</span> <span class='ocrx_word' id='word_1_231' title='bbox 1164 2823 1234 2902; x_wconf 79' lang='grc' dir='ltr'>ᾖ,</span> <span class='ocrx_word' id='word_1_232' title='bbox 1267 2827 1370 2882; x_wconf 78' lang='grc' dir='ltr'>κᾶν</span> <span class='ocrx_word' id='word_1_233' title='bbox 1404 2826 1679 2899; x_wconf 87' lang='grc' dir='ltr'>θαυματο-</span> 
     </span>
    </p>
   </div>
   <div class='ocr_carea' id='block_1_32' title="bbox 87 2913 1680 2991">
    <p class='ocr_par' dir='ltr' id='par_1_32' title="bbox 87 2913 1680 2991">
     <span class='ocr_line' id='line_1_32' title="bbox 87 2913 1680 2991; baseline 0 -18"><span class='ocrx_word' id='word_1_234' title='bbox 87 2919 270 2985; x_wconf 84' lang='grc' dir='ltr'>ποιός.</span> <span class='ocrx_word' id='word_1_235' title='bbox 319 2920 384 2972; x_wconf 81' lang='grc' dir='ltr'><strong>Εἰ</strong></span> <span class='ocrx_word' id='word_1_236' title='bbox 416 2919 525 2991; x_wconf 78' lang='grc' dir='ltr'><strong>γὰρ</strong></span> <span class='ocrx_word' id='word_1_237' title='bbox 553 2919 679 2990; x_wconf 83' lang='grc' dir='ltr'>δοθῇ</span> <span class='ocrx_word' id='word_1_238' title='bbox 725 2919 919 2991; x_wconf 80' lang='grc' dir='ltr'>μηκέτι</span> <span class='ocrx_word' id='word_1_239' title='bbox 965 2913 1103 2973; x_wconf 80' lang='grc' dir='ltr'>εἶναι</span> <span class='ocrx_word' id='word_1_240' title='bbox 1145 2937 1247 2974; x_wconf 88' lang='grc' dir='ltr'><strong>που</strong></span> <span class='ocrx_word' id='word_1_241' title='bbox 1292 2922 1539 2983; x_wconf 79' lang='grc' dir='ltr'>ἄπιστον,</span> <span class='ocrx_word' id='word_1_242' title='bbox 1583 2936 1680 2973; x_wconf 65' lang='grc' dir='ltr'>πει-</span> 
     </span>
    </p>
   </div>
   <div class='ocr_carea' id='block_1_33' title="bbox 80 3010 1681 3083">
    <p class='ocr_par' dir='ltr' id='par_1_33' title="bbox 80 3010 1681 3083">
     <span class='ocr_line' id='line_1_33' title="bbox 80 3010 1681 3083; baseline -0.001 -18"><span class='ocrx_word' id='word_1_243' title='bbox 80 3011 257 3083; x_wconf 77' lang='grc' dir='ltr'>ριττὴ</span> <span class='ocrx_word' id='word_1_244' title='bbox 296 3010 485 3064; x_wconf 79' lang='grc' dir='ltr'>λοιπὸν</span> <span class='ocrx_word' id='word_1_245' title='bbox 516 3010 667 3065; x_wconf 76' lang='grc' dir='ltr'>ἔσται</span> <span class='ocrx_word' id='word_1_246' title='bbox 699 3012 851 3065; x_wconf 80' lang='grc' dir='ltr'>πᾶσα</span> <span class='ocrx_word' id='word_1_247' title='bbox 898 3012 1139 3083; x_wconf 84' lang='grc' dir='ltr'>σημείων</span> <span class='ocrx_word' id='word_1_248' title='bbox 1185 3010 1451 3083; x_wconf 76' lang='grc' dir='ltr'>ἐνέργεια.</span> <span class='ocrx_word' id='word_1_249' title='bbox 1482 3010 1555 3064; x_wconf 84' lang='grc' dir='ltr'><strong>Τὸ</strong></span> <span class='ocrx_word' id='word_1_250' title='bbox 1583 3011 1681 3081; x_wconf 81' lang='grc' dir='ltr'>μὲν</span> 
     </span>
    </p>
   </div>
   <div class='ocr_carea' id='block_1_34' title="bbox 1779 528 3356 602">
    <p class='ocr_par' dir='ltr' id='par_1_34' title="bbox 1779 528 3356 602">
     <span class='ocr_line' id='line_1_34' title="bbox 1779 528 3356 602; baseline 0.008 -23"><span class='ocrx_word' id='word_1_251' title='bbox 1779 541 1902 582; x_wconf 86' lang='lat' dir='ltr'><strong>rum</strong></span> <span class='ocrx_word' id='word_1_252' title='bbox 1936 529 2251 599; x_wconf 77' lang='lat' dir='ltr'><strong>spirituum,</strong></span> <span class='ocrx_word' id='word_1_253' title='bbox 2269 528 2363 586; x_wconf 90' lang='lat' dir='ltr'><strong>aut</strong></span> <span class='ocrx_word' id='word_1_254' title='bbox 2391 532 2875 602; x_wconf 75' lang='lat' dir='ltr'><strong>praecognitionem</strong></span> <span class='ocrx_word' id='word_1_255' title='bbox 2901 532 3233 601; x_wconf 88' lang='lat' dir='ltr'><strong>futurorum,</strong></span> <span class='ocrx_word' id='word_1_256' title='bbox 3259 544 3356 593; x_wconf 86' lang='lat' dir='ltr'><strong>aut</strong></span> 
     </span>
    </p>
   </div>
   <div class='ocr_carea' id='block_1_35' title="bbox 1779 622 3358 696">
    <p class='ocr_par' dir='ltr' id='par_1_35' title="bbox 1779 622 3358 696">
     <span class='ocr_line' id='line_1_35' title="bbox 1779 622 3358 696; baseline 0.007 -22"><span class='ocrx_word' id='word_1_257' title='bbox 1779 635 2086 677; x_wconf 84' lang='lat' dir='ltr'><strong>sermonem</strong></span> <span class='ocrx_word' id='word_1_258' title='bbox 2112 630 2298 691; x_wconf 85' lang='lat' dir='ltr'><strong>aptum</strong></span> <span class='ocrx_word' id='word_1_259' title='bbox 2325 622 2391 677; x_wconf 88' lang='lat' dir='ltr'><strong>ad</strong></span> <span class='ocrx_word' id='word_1_260' title='bbox 2419 624 2748 689; x_wconf 88' lang='lat' dir='ltr'><strong>docendum,</strong></span> <span class='ocrx_word' id='word_1_261' title='bbox 2775 634 2871 681; x_wconf 82' lang='lat' dir='ltr'><strong>aut</strong></span> <span class='ocrx_word' id='word_1_262' title='bbox 2900 627 3236 696; x_wconf 71' lang='lat' dir='ltr'><strong>patientiam,</strong></span> <span class='ocrx_word' id='word_1_263' title='bbox 3260 635 3358 688; x_wconf 86' lang='lat' dir='ltr'><strong>aut</strong></span> 
     </span>
    </p>
   </div>
   <div class='ocr_carea' id='block_1_36' title="bbox 1779 713 3352 792">
    <p class='ocr_par' dir='ltr' id='par_1_36' title="bbox 1779 713 3352 792">
     <span class='ocr_line' id='line_1_36' title="bbox 1779 713 3352 792; baseline 0.008 -27"><span class='ocrx_word' id='word_1_264' title='bbox 1779 713 2171 767; x_wconf 75' lang='lat' dir='ltr'><strong>continentiam</strong></span> <span class='ocrx_word' id='word_1_265' title='bbox 2200 715 2518 786; x_wconf 77' lang='lat' dir='ltr'><strong>legitimam.</strong></span> <span class='ocrx_word' id='word_1_266' title='bbox 2570 714 2782 772; x_wconf 87' lang='lat' dir='ltr'><strong>Etenim</strong></span> <span class='ocrx_word' id='word_1_267' title='bbox 2811 717 3026 790; x_wconf 77' lang='lat' dir='ltr'><strong>Moyses</strong></span> <span class='ocrx_word' id='word_1_268' title='bbox 3053 721 3215 777; x_wconf 87' lang='lat' dir='ltr'><strong>homo</strong></span> <span class='ocrx_word' id='word_1_269' title='bbox 3234 721 3352 792; x_wconf 86' lang='lat' dir='ltr'><strong>Dei,</strong></span> 
     </span>
    </p>
   </div>
   <div class='ocr_carea' id='block_1_37' title="bbox 1779 805 3357 886">
    <p class='ocr_par' dir='ltr' id='par_1_37' title="bbox 1779 805 3357 886">
     <span class='ocr_line' id='line_1_37' title="bbox 1779 805 3357 886; baseline 0.007 -27"><span class='ocrx_word' id='word_1_270' title='bbox 1779 819 1905 859; x_wconf 89' lang='lat' dir='ltr'><strong>cum</strong></span> <span class='ocrx_word' id='word_1_271' title='bbox 1931 806 1986 860; x_wconf 90' lang='lat' dir='ltr'><strong>in</strong></span> <span class='ocrx_word' id='word_1_272' title='bbox 2022 805 2259 878; x_wconf 67' lang='lat' dir='ltr'><strong>Egypto</strong></span> <span class='ocrx_word' id='word_1_273' title='bbox 2301 808 2455 879; x_wconf 88' lang='lat' dir='ltr'><strong>signa</strong></span> <span class='ocrx_word' id='word_1_274' title='bbox 2489 808 2793 879; x_wconf 83' lang='lat' dir='ltr'><strong>perﬁceret,</strong></span> <span class='ocrx_word' id='word_1_275' title='bbox 2824 827 2935 867; x_wconf 91' lang='lat' dir='ltr'><strong>non</strong></span> <span class='ocrx_word' id='word_1_276' title='bbox 2974 828 3033 867; x_wconf 91' lang='lat' dir='ltr'><strong>se</strong></span> <span class='ocrx_word' id='word_1_277' title='bbox 3083 815 3139 868; x_wconf 89' lang='lat' dir='ltr'><strong>in</strong></span> <span class='ocrx_word' id='word_1_278' title='bbox 3181 831 3357 886; x_wconf 85' lang='lat' dir='ltr'><strong>popu-</strong></span> 
     </span>
    </p>
   </div>
   <div class='ocr_carea' id='block_1_38' title="bbox 1780 899 3352 976">
    <p class='ocr_par' dir='ltr' id='par_1_38' title="bbox 1780 899 3352 976">
     <span class='ocr_line' id='line_1_38' title="bbox 1780 899 3352 976; baseline 0.006 -24"><span class='ocrx_word' id='word_1_279' title='bbox 1780 899 1923 955; x_wconf 86' lang='lat' dir='ltr'><strong>lares</strong></span> <span class='ocrx_word' id='word_1_280' title='bbox 1955 915 2084 956; x_wconf 88' lang='lat' dir='ltr'><strong>suos</strong></span> <span class='ocrx_word' id='word_1_281' title='bbox 2114 900 2336 966; x_wconf 79' lang='lat' dir='ltr'><strong>extulit;</strong></span> <span class='ocrx_word' id='word_1_282' title='bbox 2360 916 2594 971; x_wconf 84' lang='lat' dir='ltr'><strong>cumque</strong></span> <span class='ocrx_word' id='word_1_283' title='bbox 2622 902 2759 958; x_wconf 91' lang='lat' dir='ltr'><strong>deus</strong></span> <span class='ocrx_word' id='word_1_284' title='bbox 2789 904 3095 974; x_wconf 89' lang='lat' dir='ltr'><strong>appellatus</strong></span> <span class='ocrx_word' id='word_1_285' title='bbox 3123 905 3352 976; x_wconf 82' lang='lat' dir='ltr'><strong>fuisset;</strong></span> 
     </span>
    </p>
   </div>
   <div class='ocr_carea' id='block_1_39' title="bbox 1780 992 3355 1065">
    <p class='ocr_par' dir='ltr' id='par_1_39' title="bbox 1780 992 3355 1065">
     <span class='ocr_line' id='line_1_39' title="bbox 1780 992 3355 1065; baseline 0.006 -19"><span class='ocrx_word' id='word_1_286' title='bbox 1780 1007 1891 1046; x_wconf 92' lang='lat' dir='ltr'><strong>non</strong></span> <span class='ocrx_word' id='word_1_287' title='bbox 1921 992 2221 1062; x_wconf 88' lang='lat' dir='ltr'><strong>superbivit</strong></span> <span class='ocrx_word' id='word_1_288' title='bbox 2244 993 2299 1046; x_wconf 84' lang='lat' dir='ltr'><strong>iu</strong></span> <span class='ocrx_word' id='word_1_289' title='bbox 2334 1009 2495 1049; x_wconf 89' lang='lat' dir='ltr'><strong>suum</strong></span> <span class='ocrx_word' id='word_1_290' title='bbox 2526 995 2848 1065; x_wconf 87' lang='lat' dir='ltr'><strong>pr0pbetam</strong></span> <span class='ocrx_word' id='word_1_291' title='bbox 2871 996 3147 1052; x_wconf 83' lang='lat' dir='ltr'><strong>Aaronem</strong></span> <span class='ocrx_word' id='word_1_292' title='bbox 3168 992 3210 1054; x_wconf 79' lang='grc'>³.</span> <span class='ocrx_word' id='word_1_293' title='bbox 3245 997 3355 1056; x_wconf 82' lang='lat' dir='ltr'><strong>Sed</strong></span> 
     </span>
    </p>
   </div>
   <div class='ocr_carea' id='block_1_40' title="bbox 1779 1083 3357 1159">
    <p class='ocr_par' dir='ltr' id='par_1_40' title="bbox 1779 1083 3357 1159">
     <span class='ocr_line' id='line_1_40' title="bbox 1779 1083 3357 1159; baseline 0.004 -20"><span class='ocrx_word' id='word_1_294' title='bbox 1779 1092 1833 1139; x_wconf 90' lang='lat' dir='ltr'><strong>et</strong></span> <span class='ocrx_word' id='word_1_295' title='bbox 1853 1083 2014 1139; x_wconf 87' lang='lat' dir='ltr'><strong>Jesus</strong></span> <span class='ocrx_word' id='word_1_296' title='bbox 2043 1083 2205 1140; x_wconf 64' lang='lat' dir='ltr'><strong>Navae</strong></span> <span class='ocrx_word' id='word_1_297' title='bbox 2232 1085 2399 1150; x_wconf 85' lang='lat' dir='ltr'><strong>ﬁlius,</strong></span> <span class='ocrx_word' id='word_1_298' title='bbox 2430 1088 2526 1156; x_wconf 92' lang='lat' dir='ltr'><strong>qui</strong></span> <span class='ocrx_word' id='word_1_299' title='bbox 2570 1094 2694 1156; x_wconf 87' lang='lat' dir='ltr'><strong>post</strong></span> <span class='ocrx_word' id='word_1_300' title='bbox 2726 1086 2966 1159; x_wconf 83' lang='lat' dir='ltr'><strong>Moysem</strong></span> <span class='ocrx_word' id='word_1_301' title='bbox 2997 1087 3195 1143; x_wconf 87' lang='lat' dir='ltr'><strong>ductor</strong></span> <span class='ocrx_word' id='word_1_302' title='bbox 3250 1089 3357 1145; x_wconf 87' lang='lat' dir='ltr'><strong>fuit</strong></span> 
     </span>
    </p>
   </div>
   <div class='ocr_carea' id='block_1_41' title="bbox 1780 1175 3356 1252">
    <p class='ocr_par' dir='ltr' id='par_1_41' title="bbox 1780 1175 3356 1252">
     <span class='ocr_line' id='line_1_41' title="bbox 1780 1175 3356 1252; baseline 0.007 -24"><span class='ocrx_word' id='word_1_303' title='bbox 1780 1175 1989 1244; x_wconf 87' lang='lat' dir='ltr'><strong>populi,</strong></span> <span class='ocrx_word' id='word_1_304' title='bbox 2014 1177 2267 1246; x_wconf 85' lang='lat' dir='ltr'><strong>quamvis</strong></span> <span class='ocrx_word' id='word_1_305' title='bbox 2291 1178 2345 1231; x_wconf 91' lang='lat' dir='ltr'><strong>in</strong></span> <span class='ocrx_word' id='word_1_306' title='bbox 2378 1178 2521 1234; x_wconf 90' lang='lat' dir='ltr'><strong>bello</strong></span> <span class='ocrx_word' id='word_1_307' title='bbox 2563 1178 2855 1235; x_wconf 88' lang='lat' dir='ltr'><strong>adversum</strong></span> <span class='ocrx_word' id='word_1_308' title='bbox 2881 1178 3182 1245; x_wconf 84' lang='lat' dir='ltr'><strong>Jebusaeos,</strong></span> <span class='ocrx_word' id='word_1_309' title='bbox 3207 1184 3356 1252; x_wconf 92' lang='lat' dir='ltr'><strong>quod</strong></span> 
     </span>
    </p>
   </div>
   <div class='ocr_carea' id='block_1_42' title="bbox 1778 1269 3355 1337">
    <p class='ocr_par' dir='ltr' id='par_1_42' title="bbox 1778 1269 3355 1337">
     <span class='ocr_line' id='line_1_42' title="bbox 1778 1269 3355 1337; baseline 0.003 -14"><span class='ocrx_word' id='word_1_310' title='bbox 1778 1284 1889 1323; x_wconf 89' lang='lat' dir='ltr'><strong>non</strong></span> <span class='ocrx_word' id='word_1_311' title='bbox 1918 1269 2190 1326; x_wconf 84' lang='lat' dir='ltr'><strong>sulliceret</strong></span> <span class='ocrx_word' id='word_1_312' title='bbox 2217 1270 2336 1327; x_wconf 87' lang='lat' dir='ltr'><strong>dies</strong></span> <span class='ocrx_word' id='word_1_313' title='bbox 2360 1270 2427 1324; x_wconf 86' lang='lat' dir='ltr'><strong>ad</strong></span> <span class='ocrx_word' id='word_1_314' title='bbox 2455 1272 2763 1337; x_wconf 84' lang='lat' dir='ltr'><strong>victoriam,</strong></span> <span class='ocrx_word' id='word_1_315' title='bbox 2822 1272 2991 1327; x_wconf 91' lang='lat' dir='ltr'><strong>solem</strong></span> <span class='ocrx_word' id='word_1_316' title='bbox 3024 1274 3257 1330; x_wconf 88' lang='lat' dir='ltr'><strong>stitissct</strong></span> <span class='ocrx_word' id='word_1_317' title='bbox 3285 1275 3355 1335; x_wconf 87' lang='lat' dir='ltr'><strong>ad</strong></span> 
     </span>
    </p>
   </div>
   <div class='ocr_carea' id='block_1_43' title="bbox 1779 1360 3357 1431">
    <p class='ocr_par' dir='ltr' id='par_1_43' title="bbox 1779 1360 3357 1431">
     <span class='ocr_line' id='line_1_43' title="bbox 1779 1360 3357 1431; baseline 0.005 -17"><span class='ocrx_word' id='word_1_318' title='bbox 1779 1360 2116 1425; x_wconf 81' lang='lat' dir='ltr'><strong>Gabaonem,</strong></span> <span class='ocrx_word' id='word_1_319' title='bbox 2145 1370 2201 1418; x_wconf 93' lang='lat' dir='ltr'><strong>et</strong></span> <span class='ocrx_word' id='word_1_320' title='bbox 2232 1363 2416 1417; x_wconf 86' lang='lat' dir='ltr'><strong>lunam</strong></span> <span class='ocrx_word' id='word_1_321' title='bbox 2439 1363 2507 1417; x_wconf 90' lang='lat' dir='ltr'><strong>ad</strong></span> <span class='ocrx_word' id='word_1_322' title='bbox 2529 1364 2723 1427; x_wconf 74' lang='lat' dir='ltr'><strong>vallem</strong></span> <span class='ocrx_word' id='word_1_323' title='bbox 2754 1364 3035 1420; x_wconf 85' lang='lat' dir='ltr'><strong>Aialonem</strong></span> <span class='ocrx_word' id='word_1_324' title='bbox 3063 1384 3076 1431; x_wconf 91' lang='lat'><strong>;</strong></span> <span class='ocrx_word' id='word_1_325' title='bbox 3112 1383 3220 1420; x_wconf 90' lang='lat' dir='ltr'><strong>non</strong></span> <span class='ocrx_word' id='word_1_326' title='bbox 3273 1378 3357 1422; x_wconf 85' lang='lat' dir='ltr'><strong>ta-</strong></span> 
     </span>
    </p>
   </div>
   <div class='ocr_carea' id='block_1_44' title="bbox 1780 1453 3357 1528">
    <p class='ocr_par' dir='ltr' id='par_1_44' title="bbox 1780 1453 3357 1528">
     <span class='ocr_line' id='line_1_44' title="bbox 1780 1453 3357 1528; baseline 0.005 -20"><span class='ocrx_word' id='word_1_327' title='bbox 1780 1470 1902 1509; x_wconf 89' lang='lat' dir='ltr'><strong>men</strong></span> <span class='ocrx_word' id='word_1_328' title='bbox 1938 1455 1995 1508; x_wconf 94' lang='lat' dir='ltr'><strong>in</strong></span> <span class='ocrx_word' id='word_1_329' title='bbox 2022 1453 2281 1511; x_wconf 87' lang='lat' dir='ltr'><strong>Phineem</strong></span> <span class='ocrx_word' id='word_1_330' title='bbox 2315 1464 2410 1510; x_wconf 89' lang='lat' dir='ltr'><strong>aut</strong></span> <span class='ocrx_word' id='word_1_331' title='bbox 2458 1455 2757 1512; x_wconf 88' lang='lat' dir='ltr'><strong>Chalebum</strong></span> <span class='ocrx_word' id='word_1_332' title='bbox 2813 1459 3125 1528; x_wconf 75' lang='lat' dir='ltr'><strong>arrogantia</strong></span> <span class='ocrx_word' id='word_1_333' title='bbox 3178 1460 3357 1516; x_wconf 82' lang='lat' dir='ltr'><strong>elatus</strong></span> 
     </span>
    </p>
   </div>
   <div class='ocr_carea' id='block_1_45' title="bbox 1777 1546 3355 1620">
    <p class='ocr_par' dir='ltr' id='par_1_45' title="bbox 1777 1546 3355 1620">
     <span class='ocr_line' id='line_1_45' title="bbox 1777 1546 3355 1620; baseline 0.002 -18"><span class='ocrx_word' id='word_1_334' title='bbox 1777 1557 1861 1602; x_wconf 89' lang='lat' dir='ltr'><strong>est</strong></span> <span class='ocrx_word' id='word_1_335' title='bbox 1875 1546 1915 1602; x_wconf 71' lang='lat'><strong>‘.</strong></span> <span class='ocrx_word' id='word_1_336' title='bbox 1942 1547 2130 1617; x_wconf 87' lang='lat' dir='ltr'><strong>Neque</strong></span> <span class='ocrx_word' id='word_1_337' title='bbox 2160 1547 2400 1614; x_wconf 88' lang='lat' dir='ltr'><strong>Samuel,</strong></span> <span class='ocrx_word' id='word_1_338' title='bbox 2427 1550 2520 1618; x_wconf 92' lang='lat' dir='ltr'><strong>qui</strong></span> <span class='ocrx_word' id='word_1_339' title='bbox 2546 1556 2623 1603; x_wconf 92' lang='lat' dir='ltr'><strong>tot</strong></span> <span class='ocrx_word' id='word_1_340' title='bbox 2648 1550 2783 1603; x_wconf 90' lang='lat' dir='ltr'><strong>mira</strong></span> <span class='ocrx_word' id='word_1_341' title='bbox 2814 1557 2869 1604; x_wconf 89' lang='lat' dir='ltr'><strong>et</strong></span> <span class='ocrx_word' id='word_1_342' title='bbox 2904 1550 3355 1620; x_wconf 84' lang='lat' dir='ltr'><strong>inopinatafecit,</strong></span> 
     </span>
    </p>
   </div>
   <div class='ocr_carea' id='block_1_46' title="bbox 1778 1639 3357 1709">
    <p class='ocr_par' dir='ltr' id='par_1_46' title="bbox 1778 1639 3357 1709">
     <span class='ocr_line' id='line_1_46' title="bbox 1778 1639 3357 1709; baseline 0.007 -17"><span class='ocrx_word' id='word_1_343' title='bbox 1778 1639 1928 1709; x_wconf 88' lang='lat' dir='ltr'><strong>pium</strong></span> <span class='ocrx_word' id='word_1_344' title='bbox 1973 1654 2037 1693; x_wconf 90' lang='lat' dir='ltr'><strong>ac</strong></span> <span class='ocrx_word' id='word_1_345' title='bbox 2068 1639 2180 1695; x_wconf 92' lang='lat' dir='ltr'><strong>Deo</strong></span> <span class='ocrx_word' id='word_1_346' title='bbox 2235 1640 2465 1694; x_wconf 89' lang='lat' dir='ltr'><strong>charum</strong></span> <span class='ocrx_word' id='word_1_347' title='bbox 2522 1640 2782 1697; x_wconf 85' lang='lat' dir='ltr'><strong>Davidem</strong></span> <span class='ocrx_word' id='word_1_348' title='bbox 2826 1644 2984 1698; x_wconf 85' lang='lat' dir='ltr'><strong>nihili</strong></span> <span class='ocrx_word' id='word_1_349' title='bbox 3021 1645 3217 1700; x_wconf 84' lang='lat' dir='ltr'><strong>duxit:</strong></span> <span class='ocrx_word' id='word_1_350' title='bbox 3259 1648 3357 1704; x_wconf 85' lang='lat' dir='ltr'><strong>sed</strong></span> 
     </span>
    </p>
   </div>
   <div class='ocr_carea' id='block_1_47' title="bbox 1764 1732 3360 1806">
    <p class='ocr_par' dir='ltr' id='par_1_47' title="bbox 1764 1732 3360 1806">
     <span class='ocr_line' id='line_1_47' title="bbox 1764 1732 3360 1806; baseline 0.009 -26"><span class='ocrx_word' id='word_1_351' title='bbox 1764 1732 1941 1786; x_wconf 83' lang='lat' dir='ltr'><strong>ambo</strong></span> <span class='ocrx_word' id='word_1_352' title='bbox 1964 1741 2122 1787; x_wconf 90' lang='lat' dir='ltr'><strong>erant</strong></span> <span class='ocrx_word' id='word_1_353' title='bbox 2155 1733 2431 1802; x_wconf 65' lang='lat' dir='ltr'><strong>prophetat</strong></span> <span class='ocrx_word' id='word_1_354' title='bbox 2458 1750 2473 1799; x_wconf 89' lang='lat'><strong>;</strong></span> <span class='ocrx_word' id='word_1_355' title='bbox 2506 1742 2559 1788; x_wconf 94' lang='lat' dir='ltr'><strong>et</strong></span> <span class='ocrx_word' id='word_1_356' title='bbox 2584 1734 2675 1790; x_wconf 90' lang='lat' dir='ltr'><strong>ille</strong></span> <span class='ocrx_word' id='word_1_357' title='bbox 2708 1736 2927 1804; x_wconf 86' lang='lat' dir='ltr'><strong>quidem</strong></span> <span class='ocrx_word' id='word_1_358' title='bbox 2961 1737 3229 1806; x_wconf 77' lang='lat' dir='ltr'><strong>pontifex,</strong></span> <span class='ocrx_word' id='word_1_359' title='bbox 3266 1739 3360 1795; x_wconf 83' lang='lat' dir='ltr'><strong>hic</strong></span> 
     </span>
    </p>
   </div>
   <div class='ocr_carea' id='block_1_48' title="bbox 1780 1823 3356 1899">
    <p class='ocr_par' dir='ltr' id='par_1_48' title="bbox 1780 1823 3356 1899">
     <span class='ocr_line' id='line_1_48' title="bbox 1780 1823 3356 1899; baseline 0.004 -20"><span class='ocrx_word' id='word_1_360' title='bbox 1780 1840 1908 1881; x_wconf 86' lang='lat' dir='ltr'><strong>vero</strong></span> <span class='ocrx_word' id='word_1_361' title='bbox 1942 1841 2062 1881; x_wconf 80' lang='lat' dir='ltr'><strong>rex.</strong></span> <span class='ocrx_word' id='word_1_362' title='bbox 2120 1825 2330 1881; x_wconf 89' lang='lat' dir='ltr'><strong>Etcum</strong></span> <span class='ocrx_word' id='word_1_363' title='bbox 2373 1826 2431 1880; x_wconf 89' lang='lat' dir='ltr'><strong>in</strong></span> <span class='ocrx_word' id='word_1_364' title='bbox 2468 1823 2667 1881; x_wconf 89' lang='lat' dir='ltr'><strong>lsraele</strong></span> <span class='ocrx_word' id='word_1_365' title='bbox 2714 1837 2898 1883; x_wconf 86' lang='lat' dir='ltr'><strong>essent</strong></span> <span class='ocrx_word' id='word_1_366' title='bbox 2940 1837 3147 1899; x_wconf 87' lang='lat' dir='ltr'><strong>septem</strong></span> <span class='ocrx_word' id='word_1_367' title='bbox 3178 1831 3356 1885; x_wconf 87' lang='lat' dir='ltr'><strong>millia</strong></span> 
     </span>
    </p>
   </div>
   <div class='ocr_carea' id='block_1_49' title="bbox 1778 1919 3357 1990">
    <p class='ocr_par' dir='ltr' id='par_1_49' title="bbox 1778 1919 3357 1990">
     <span class='ocr_line' id='line_1_49' title="bbox 1778 1919 3357 1990; baseline 0.003 -17"><span class='ocrx_word' id='word_1_368' title='bbox 1778 1926 2114 1983; x_wconf 87' lang='lat' dir='ltr'><strong>sanctorum,</strong></span> <span class='ocrx_word' id='word_1_369' title='bbox 2152 1919 2247 1988; x_wconf 90' lang='lat' dir='ltr'><strong>qui</strong></span> <span class='ocrx_word' id='word_1_370' title='bbox 2272 1933 2383 1974; x_wconf 88' lang='lat' dir='ltr'><strong>non</strong></span> <span class='ocrx_word' id='word_1_371' title='bbox 2410 1927 2773 1974; x_wconf 79' lang='lat' dir='ltr'><strong>curvaverant</strong></span> <span class='ocrx_word' id='word_1_372' title='bbox 2808 1935 2945 1990; x_wconf 85' lang='lat' dir='ltr'><strong>genu</strong></span> <span class='ocrx_word' id='word_1_373' title='bbox 2979 1920 3124 1974; x_wconf 76' lang='lat' dir='ltr'><strong>Baali</strong></span> <span class='ocrx_word' id='word_1_374' title='bbox 3152 1920 3260 1982; x_wconf 62' lang='lat'><strong>5-“;</strong></span> <span class='ocrx_word' id='word_1_375' title='bbox 3288 1938 3357 1979; x_wconf 76' lang='lat' dir='ltr'><strong>ex</strong></span> 
     </span>
    </p>
   </div>
   <div class='ocr_carea' id='block_1_50' title="bbox 1766 2009 3356 2082">
    <p class='ocr_par' dir='ltr' id='par_1_50' title="bbox 1766 2009 3356 2082">
     <span class='ocr_line' id='line_1_50' title="bbox 1766 2009 3356 2082; baseline 0.001 -17"><span class='ocrx_word' id='word_1_376' title='bbox 1766 2009 1913 2081; x_wconf 83' lang='lat' dir='ltr'><strong>ipsis</strong></span> <span class='ocrx_word' id='word_1_377' title='bbox 1945 2012 2096 2067; x_wconf 88' lang='lat' dir='ltr'><strong>solus</strong></span> <span class='ocrx_word' id='word_1_378' title='bbox 2119 2011 2286 2076; x_wconf 86' lang='lat' dir='ltr'><strong>Elias,</strong></span> <span class='ocrx_word' id='word_1_379' title='bbox 2327 2012 2558 2082; x_wconf 82' lang='lat' dir='ltr'><strong>ejusque</strong></span> <span class='ocrx_word' id='word_1_380' title='bbox 2597 2012 2901 2081; x_wconf 83' lang='lat' dir='ltr'><strong>discipulus</strong></span> <span class='ocrx_word' id='word_1_381' title='bbox 2931 2011 3158 2069; x_wconf 74' lang='lat' dir='ltr'><strong>Elisazus</strong></span> <span class='ocrx_word' id='word_1_382' title='bbox 3184 2016 3356 2068; x_wconf 90' lang='lat' dir='ltr'><strong>mira-</strong></span> 
     </span>
    </p>
   </div>
   <div class='ocr_carea' id='block_1_51' title="bbox 1779 2103 3353 2173">
    <p class='ocr_par' dir='ltr' id='par_1_51' title="bbox 1779 2103 3353 2173">
     <span class='ocr_line' id='line_1_51' title="bbox 1779 2103 3353 2173; baseline 0.003 -16"><span class='ocrx_word' id='word_1_383' title='bbox 1779 2104 2026 2157; x_wconf 86' lang='lat' dir='ltr'><strong>culorum</strong></span> <span class='ocrx_word' id='word_1_384' title='bbox 2068 2103 2355 2160; x_wconf 84' lang='lat' dir='ltr'><strong>efl‘ectores</strong></span> <span class='ocrx_word' id='word_1_385' title='bbox 2411 2104 2634 2160; x_wconf 89' lang='lat' dir='ltr'><strong>fuerunt</strong></span> <span class='ocrx_word' id='word_1_386' title='bbox 2673 2124 2685 2159; x_wconf 95' lang='lat'><strong>:</strong></span> <span class='ocrx_word' id='word_1_387' title='bbox 2719 2120 2830 2159; x_wconf 91' lang='lat' dir='ltr'><strong>non</strong></span> <span class='ocrx_word' id='word_1_388' title='bbox 2863 2112 3042 2159; x_wconf 86' lang='lat' dir='ltr'><strong>tamen</strong></span> <span class='ocrx_word' id='word_1_389' title='bbox 3072 2104 3221 2160; x_wconf 86' lang='lat' dir='ltr'><strong>Elias</strong></span> <span class='ocrx_word' id='word_1_390' title='bbox 3258 2106 3353 2173; x_wconf 16' lang='lat' dir='ltr'><strong>Ade-</strong></span> 
     </span>
    </p>
   </div>
   <div class='ocr_carea' id='block_1_52' title="bbox 1779 2194 3355 2266">
    <p class='ocr_par' dir='ltr' id='par_1_52' title="bbox 1779 2194 3355 2266">
     <span class='ocr_line' id='line_1_52' title="bbox 1779 2194 3355 2266; baseline 0.004 -18"><span class='ocrx_word' id='word_1_391' title='bbox 1779 2194 1902 2250; x_wconf 84' lang='lat' dir='ltr'><strong>risit</strong></span> <span class='ocrx_word' id='word_1_392' title='bbox 1946 2195 2175 2251; x_wconf 83' lang='lat' dir='ltr'><strong>Abdiam</strong></span> <span class='ocrx_word' id='word_1_393' title='bbox 2205 2208 2573 2261; x_wconf 73' lang='lat' dir='ltr'><strong>(economum,</strong></span> <span class='ocrx_word' id='word_1_394' title='bbox 2607 2197 2887 2252; x_wconf 89' lang='lat' dir='ltr'><strong>timentem</strong></span> <span class='ocrx_word' id='word_1_395' title='bbox 2918 2198 3136 2266; x_wconf 88' lang='lat' dir='ltr'><strong>quidem</strong></span> <span class='ocrx_word' id='word_1_396' title='bbox 3162 2197 3355 2266; x_wconf 84' lang='lat' dir='ltr'><strong>Deum,</strong></span> 
     </span>
    </p>
   </div>
   <div class='ocr_carea' id='block_1_53' title="bbox 1780 2288 3357 2360">
    <p class='ocr_par' dir='ltr' id='par_1_53' title="bbox 1780 2288 3357 2360">
     <span class='ocr_line' id='line_1_53' title="bbox 1780 2288 3357 2360; baseline 0.004 -20"><span class='ocrx_word' id='word_1_397' title='bbox 1780 2296 1834 2342; x_wconf 89' lang='lat' dir='ltr'><strong>at</strong></span> <span class='ocrx_word' id='word_1_398' title='bbox 1865 2288 2019 2358; x_wconf 86' lang='lat' dir='ltr'><strong>signa</strong></span> <span class='ocrx_word' id='word_1_399' title='bbox 2053 2304 2165 2343; x_wconf 88' lang='lat' dir='ltr'><strong>non</strong></span> <span class='ocrx_word' id='word_1_400' title='bbox 2202 2288 2531 2357; x_wconf 81' lang='lat' dir='ltr'><strong>facientem;</strong></span> <span class='ocrx_word' id='word_1_401' title='bbox 2564 2306 2741 2359; x_wconf 90' lang='lat' dir='ltr'><strong>neque</strong></span> <span class='ocrx_word' id='word_1_402' title='bbox 2768 2289 2995 2345; x_wconf 67' lang='lat' dir='ltr'><strong>Elisaaus</strong></span> <span class='ocrx_word' id='word_1_403' title='bbox 3028 2290 3357 2360; x_wconf 89' lang='lat' dir='ltr'><strong>discipulum</strong></span> 
     </span>
    </p>
   </div>
   <div class='ocr_carea' id='block_1_54' title="bbox 1780 2381 3358 2453">
    <p class='ocr_par' dir='ltr' id='par_1_54' title="bbox 1780 2381 3358 2453">
     <span class='ocr_line' id='line_1_54' title="bbox 1780 2381 3358 2453; baseline 0.001 -17"><span class='ocrx_word' id='word_1_404' title='bbox 1780 2396 1941 2436; x_wconf 89' lang='lat' dir='ltr'><strong>suum</strong></span> <span class='ocrx_word' id='word_1_405' title='bbox 1970 2382 2157 2438; x_wconf 84' lang='lat' dir='ltr'><strong>hostes</strong></span> <span class='ocrx_word' id='word_1_406' title='bbox 2178 2383 2685 2453; x_wconf 86' lang='lat' dir='ltr'><strong>perhorrescentem</strong></span> <span class='ocrx_word' id='word_1_407' title='bbox 2709 2382 2959 2453; x_wconf 80' lang='lat' dir='ltr'><strong>deSpcxit</strong></span> <span class='ocrx_word' id='word_1_408' title='bbox 2978 2384 3015 2437; x_wconf 80' lang='grc'>⁷.</span> <span class='ocrx_word' id='word_1_409' title='bbox 3082 2381 3186 2437; x_wconf 90' lang='lat' dir='ltr'><strong>Sed</strong></span> <span class='ocrx_word' id='word_1_410' title='bbox 3210 2385 3358 2438; x_wconf 90' lang='lat' dir='ltr'><strong>enim</strong></span> 
     </span>
    </p>
   </div>
   <div class='ocr_carea' id='block_1_55' title="bbox 1781 2474 3355 2545">
    <p class='ocr_par' dir='ltr' id='par_1_55' title="bbox 1781 2474 3355 2545">
     <span class='ocr_line' id='line_1_55' title="bbox 1781 2474 3355 2545; baseline 0.001 -18"><span class='ocrx_word' id='word_1_411' title='bbox 1781 2488 1958 2544; x_wconf 88' lang='lat' dir='ltr'><strong>neque</strong></span> <span class='ocrx_word' id='word_1_412' title='bbox 1989 2475 2209 2545; x_wconf 88' lang='lat' dir='ltr'><strong>sapiens</strong></span> <span class='ocrx_word' id='word_1_413' title='bbox 2233 2474 2446 2541; x_wconf 82' lang='lat' dir='ltr'><strong>Daniel,</strong></span> <span class='ocrx_word' id='word_1_414' title='bbox 2496 2474 2584 2530; x_wconf 89' lang='lat' dir='ltr'><strong>bis</strong></span> <span class='ocrx_word' id='word_1_415' title='bbox 2611 2490 2681 2531; x_wconf 79' lang='lat' dir='ltr'><strong>ex</strong></span> <span class='ocrx_word' id='word_1_416' title='bbox 2721 2490 2816 2529; x_wconf 90' lang='lat' dir='ltr'><strong>ore</strong></span> <span class='ocrx_word' id='word_1_417' title='bbox 2851 2475 3069 2529; x_wconf 89' lang='lat' dir='ltr'><strong>leonum</strong></span> <span class='ocrx_word' id='word_1_418' title='bbox 3113 2482 3355 2544; x_wconf 85' lang='lat' dir='ltr'><strong>ereptus,</strong></span> 
     </span>
    </p>
   </div>
   <div class='ocr_carea' id='block_1_56' title="bbox 1780 2566 3354 2639">
    <p class='ocr_par' dir='ltr' id='par_1_56' title="bbox 1780 2566 3354 2639">
     <span class='ocr_line' id='line_1_56' title="bbox 1780 2566 3354 2639; baseline 0.003 -19"><span class='ocrx_word' id='word_1_419' title='bbox 1780 2580 1959 2635; x_wconf 91' lang='lat' dir='ltr'><strong>neque</strong></span> <span class='ocrx_word' id='word_1_420' title='bbox 1998 2574 2113 2623; x_wconf 90' lang='lat' dir='ltr'><strong>tres</strong></span> <span class='ocrx_word' id='word_1_421' title='bbox 2156 2568 2311 2637; x_wconf 89' lang='lat' dir='ltr'><strong>pueri</strong></span> <span class='ocrx_word' id='word_1_422' title='bbox 2344 2584 2412 2624; x_wconf 83' lang='lat' dir='ltr'><strong>ex</strong></span> <span class='ocrx_word' id='word_1_423' title='bbox 2442 2568 2586 2639; x_wconf 83' lang='lat' dir='ltr'><strong>ignis</strong></span> <span class='ocrx_word' id='word_1_424' title='bbox 2623 2566 2848 2623; x_wconf 81' lang='lat' dir='ltr'><strong>fornace</strong></span> <span class='ocrx_word' id='word_1_425' title='bbox 2889 2567 3159 2631; x_wconf 64' lang='lat' dir='ltr'><strong>liberati“.</strong></span> <span class='ocrx_word' id='word_1_426' title='bbox 3191 2569 3354 2624; x_wconf 88' lang='lat' dir='ltr'><strong>nihili</strong></span> 
     </span>
    </p>
   </div>
   <div class='ocr_carea' id='block_1_57' title="bbox 1779 2655 3356 2731">
    <p class='ocr_par' dir='ltr' id='par_1_57' title="bbox 1779 2655 3356 2731">
     <span class='ocr_line' id='line_1_57' title="bbox 1779 2655 3356 2731; baseline 0.003 -20"><span class='ocrx_word' id='word_1_427' title='bbox 1779 2655 2027 2713; x_wconf 86' lang='lat' dir='ltr'><strong>fecerunt</strong></span> <span class='ocrx_word' id='word_1_428' title='bbox 2044 2659 2283 2729; x_wconf 89' lang='lat' dir='ltr'><strong>reliquos</strong></span> <span class='ocrx_word' id='word_1_429' title='bbox 2305 2675 2417 2715; x_wconf 64' lang='lat' dir='ltr'><strong>suae</strong></span> <span class='ocrx_word' id='word_1_430' title='bbox 2433 2660 2610 2731; x_wconf 87' lang='lat' dir='ltr'><strong>gentis</strong></span> <span class='ocrx_word' id='word_1_431' title='bbox 2633 2660 2904 2715; x_wconf 89' lang='lat' dir='ltr'><strong>homines.</strong></span> <span class='ocrx_word' id='word_1_432' title='bbox 2925 2659 3184 2715; x_wconf 87' lang='lat' dir='ltr'><strong>Sciebant</strong></span> <span class='ocrx_word' id='word_1_433' title='bbox 3203 2660 3356 2716; x_wconf 89' lang='lat' dir='ltr'><strong>enim</strong></span> 
     </span>
    </p>
   </div>
   <div class='ocr_carea' id='block_1_58' title="bbox 1781 2749 3356 2822">
    <p class='ocr_par' dir='ltr' id='par_1_58' title="bbox 1781 2749 3356 2822">
     <span class='ocr_line' id='line_1_58' title="bbox 1781 2749 3356 2822; baseline 0 -17"><span class='ocrx_word' id='word_1_434' title='bbox 1781 2764 1843 2806; x_wconf 88' lang='lat' dir='ltr'><strong>se</strong></span> <span class='ocrx_word' id='word_1_435' title='bbox 1869 2765 1981 2805; x_wconf 92' lang='lat' dir='ltr'><strong>non</strong></span> <span class='ocrx_word' id='word_1_436' title='bbox 2018 2750 2136 2806; x_wconf 87' lang='lat' dir='ltr'><strong>suis</strong></span> <span class='ocrx_word' id='word_1_437' title='bbox 2162 2749 2374 2807; x_wconf 86' lang='lat' dir='ltr'><strong>viribus</strong></span> <span class='ocrx_word' id='word_1_438' title='bbox 2413 2752 2657 2822; x_wconf 88' lang='lat' dir='ltr'><strong>pericula</strong></span> <span class='ocrx_word' id='word_1_439' title='bbox 2699 2751 2962 2816; x_wconf 87' lang='lat' dir='ltr'><strong>evasisse,</strong></span> <span class='ocrx_word' id='word_1_440' title='bbox 2992 2751 3089 2807; x_wconf 85' lang='lat' dir='ltr'><strong>sed</strong></span> <span class='ocrx_word' id='word_1_441' title='bbox 3119 2750 3216 2807; x_wconf 91' lang='lat' dir='ltr'><strong>Dei</strong></span> <span class='ocrx_word' id='word_1_442' title='bbox 3239 2751 3356 2806; x_wconf 67' lang='lat' dir='ltr'><strong>vira-</strong></span> 
     </span>
    </p>
   </div>
   <div class='ocr_carea' id='block_1_59' title="bbox 1781 2842 3358 2914">
    <p class='ocr_par' dir='ltr' id='par_1_59' title="bbox 1781 2842 3358 2914">
     <span class='ocr_line' id='line_1_59' title="bbox 1781 2842 3358 2914; baseline 0.002 -18"><span class='ocrx_word' id='word_1_443' title='bbox 1781 2849 1897 2897; x_wconf 87' lang='lat' dir='ltr'><strong>tute</strong></span> <span class='ocrx_word' id='word_1_444' title='bbox 1918 2858 2045 2898; x_wconf 91' lang='lat' dir='ltr'><strong>cum</strong></span> <span class='ocrx_word' id='word_1_445' title='bbox 2073 2843 2230 2914; x_wconf 86' lang='lat' dir='ltr'><strong>signa</strong></span> <span class='ocrx_word' id='word_1_446' title='bbox 2264 2844 2577 2914; x_wconf 82' lang='lat' dir='ltr'><strong>peregisse,</strong></span> <span class='ocrx_word' id='word_1_447' title='bbox 2610 2851 2723 2897; x_wconf 91' lang='lat' dir='ltr'><strong>tum</strong></span> <span class='ocrx_word' id='word_1_448' title='bbox 2771 2844 2838 2899; x_wconf 87' lang='lat' dir='ltr'><strong>ah</strong></span> <span class='ocrx_word' id='word_1_449' title='bbox 2872 2844 3143 2913; x_wconf 89' lang='lat' dir='ltr'><strong>angustiis</strong></span> <span class='ocrx_word' id='word_1_450' title='bbox 3185 2842 3358 2899; x_wconf 76' lang='lat' dir='ltr'><strong>fuisse</strong></span> 
     </span>
    </p>
   </div>
   <div class='ocr_carea' id='block_1_60' title="bbox 1783 2934 3357 3005">
    <p class='ocr_par' dir='ltr' id='par_1_60' title="bbox 1783 2934 3357 3005">
     <span class='ocr_line' id='line_1_60' title="bbox 1783 2934 3357 3005; baseline 0 -16"><span class='ocrx_word' id='word_1_451' title='bbox 1783 2942 2051 2990; x_wconf 86' lang='lat' dir='ltr'><strong>servatos.</strong></span> <span class='ocrx_word' id='word_1_452' title='bbox 2080 2934 2269 3005; x_wconf 84' lang='lat' dir='ltr'><strong>Itaque</strong></span> <span class='ocrx_word' id='word_1_453' title='bbox 2296 2950 2457 2990; x_wconf 88' lang='lat' dir='ltr'><strong>nemo</strong></span> <span class='ocrx_word' id='word_1_454' title='bbox 2500 2943 2739 2990; x_wconf 81' lang='lat' dir='ltr'><strong>vestrum</strong></span> <span class='ocrx_word' id='word_1_455' title='bbox 2763 2976 2777 3000; x_wconf 90' lang='lat'><strong>,</strong></span> <span class='ocrx_word' id='word_1_456' title='bbox 2806 2936 2931 2991; x_wconf 88' lang='lat' dir='ltr'><strong>licet</strong></span> <span class='ocrx_word' id='word_1_457' title='bbox 2959 2937 3029 2991; x_wconf 91' lang='lat' dir='ltr'><strong>sit</strong></span> <span class='ocrx_word' id='word_1_458' title='bbox 3069 2935 3357 3005; x_wconf 83' lang='lat' dir='ltr'><strong>propheta,</strong></span> 
     </span>
    </p>
   </div>
   <div class='ocr_carea' id='block_1_61' title="bbox 1783 3025 3359 3097">
    <p class='ocr_par' dir='ltr' id='par_1_61' title="bbox 1783 3025 3359 3097">
     <span class='ocr_line' id='line_1_61' title="bbox 1783 3025 3359 3097; baseline -0.001 -16"><span class='ocrx_word' id='word_1_459' title='bbox 1783 3027 1910 3082; x_wconf 92' lang='lat' dir='ltr'><strong>licet</strong></span> <span class='ocrx_word' id='word_1_460' title='bbox 1966 3027 2360 3081; x_wconf 87' lang='lat' dir='ltr'><strong>miraculorum</strong></span> <span class='ocrx_word' id='word_1_461' title='bbox 2400 3036 2692 3097; x_wconf 85' lang='lat' dir='ltr'><strong>cperator,</strong></span> <span class='ocrx_word' id='word_1_462' title='bbox 2723 3042 2782 3083; x_wconf 84' lang='lat' dir='ltr'><strong>se</strong></span> <span class='ocrx_word' id='word_1_463' title='bbox 2822 3028 3087 3083; x_wconf 85' lang='lat' dir='ltr'><strong>adversus</strong></span> <span class='ocrx_word' id='word_1_464' title='bbox 3134 3025 3359 3082; x_wconf 86' lang='lat' dir='ltr'><strong>fratrem</strong></span> 
     </span>
    </p>
   </div>
   <div class='ocr_carea' id='block_1_62' title="bbox 86 3099 1638 3193">
    <p class='ocr_par' dir='ltr' id='par_1_62' title="bbox 86 3099 1638 3193">
     <span class='ocr_line' id='line_1_62' title="bbox 86 3099 1638 3193; baseline -0.002 -33"><span class='ocrx_word' id='word_1_465' title='bbox 86 3106 204 3177; x_wconf 82' lang='grc' dir='ltr'>γὰρ</span> <span class='ocrx_word' id='word_1_466' title='bbox 231 3099 373 3158; x_wconf 81' lang='grc' dir='ltr'>εἶναι</span> <span class='ocrx_word' id='word_1_467' title='bbox 408 3103 625 3177; x_wconf 79' lang='grc' dir='ltr'>εὐσεϐῆ,</span> <span class='ocrx_word' id='word_1_468' title='bbox 649 3107 713 3159; x_wconf 82' lang='grc' dir='ltr'>ὲκ</span> <span class='ocrx_word' id='word_1_469' title='bbox 730 3106 828 3177; x_wconf 82' lang='grc' dir='ltr'><strong>τῆς</strong></span> <span class='ocrx_word' id='word_1_470' title='bbox 845 3104 940 3158; x_wconf 82' lang='grc' dir='ltr'><strong>τοῦ</strong></span> <span class='ocrx_word' id='word_1_471' title='bbox 962 3122 1105 3168; x_wconf 87' lang='grc' dir='ltr'>τινος</span> <span class='ocrx_word' id='word_1_472' title='bbox 1127 3104 1337 3168; x_wconf 79' lang='grc' dir='ltr'>εὐνοίας</span> <span class='ocrx_word' id='word_1_473' title='bbox 1359 3122 1373 3135; x_wconf 88' lang='grc'><strong>·</strong></span> <span class='ocrx_word' id='word_1_474' title='bbox 1402 3104 1533 3158; x_wconf 77' lang='grc' dir='ltr'>τὸδὲ</span> <span class='ocrx_word' id='word_1_475' title='bbox 1552 3104 1638 3193; x_wconf 46' lang='grc' dir='ltr'><strong>θαι</strong></span> 
     </span>
    </p>
   </div>
   <div class='ocr_carea' id='block_1_63' title="bbox 1786 3099 3359 3193">
    <p class='ocr_par' dir='ltr' id='par_1_63' title="bbox 1786 3117 3359 3189">
     <span class='ocr_line' id='line_1_63' title="bbox 1786 3117 3359 3189; baseline -0.003 -15"><span class='ocrx_word' id='word_1_476' title='bbox 1786 3119 2029 3174; x_wconf 77' lang='lat' dir='ltr'><strong>extollat.</strong></span> <span class='ocrx_word' id='word_1_477' title='bbox 2061 3118 2118 3172; x_wconf 87' lang='lat' dir='ltr'><strong>Si</strong></span> <span class='ocrx_word' id='word_1_478' title='bbox 2140 3118 2286 3173; x_wconf 89' lang='lat' dir='ltr'><strong>enim</strong></span> <span class='ocrx_word' id='word_1_479' title='bbox 2317 3118 2368 3173; x_wconf 92' lang='lat' dir='ltr'><strong>id</strong></span> <span class='ocrx_word' id='word_1_480' title='bbox 2394 3119 2573 3185; x_wconf 87' lang='lat' dir='ltr'><strong>detur,</strong></span> <span class='ocrx_word' id='word_1_481' title='bbox 2600 3127 2660 3173; x_wconf 92' lang='lat' dir='ltr'><strong>ut</strong></span> <span class='ocrx_word' id='word_1_482' title='bbox 2687 3119 2873 3174; x_wconf 89' lang='lat' dir='ltr'><strong>nullus</strong></span> <span class='ocrx_word' id='word_1_483' title='bbox 2904 3118 3140 3189; x_wconf 80' lang='lat' dir='ltr'><strong>amplius</strong></span> <span class='ocrx_word' id='word_1_484' title='bbox 3169 3118 3241 3173; x_wconf 88' lang='lat' dir='ltr'><strong>sit</strong></span> <span class='ocrx_word' id='word_1_485' title='bbox 3270 3117 3359 3171; x_wconf 49' lang='lat' dir='ltr'><strong>in.</strong></span> 
     </span>
    </p>
   </div>
   <div class='ocr_carea' id='block_1_64' title="bbox 91 3186 1638 3282">
    <p class='ocr_par' dir='ltr' id='par_1_64' title="bbox 91 3186 1638 3270">
     <span class='ocr_line' id='line_1_64' title="bbox 91 3186 1638 3270; baseline -0.003 -19"><span class='ocrx_word' id='word_1_486' title='bbox 91 3200 435 3270; x_wconf 84' lang='grc' dir='ltr'>ματοποιεῖν,</span> <span class='ocrx_word' id='word_1_487' title='bbox 464 3200 531 3251; x_wconf 81' lang='grc' dir='ltr'>ἐκ</span> <span class='ocrx_word' id='word_1_488' title='bbox 557 3198 656 3270; x_wconf 86' lang='grc' dir='ltr'><strong>τῆς</strong></span> <span class='ocrx_word' id='word_1_489' title='bbox 697 3197 790 3251; x_wconf 79' lang='grc' dir='ltr'>τοῦ</span> <span class='ocrx_word' id='word_1_490' title='bbox 832 3197 1179 3270; x_wconf 75' lang='grc' dir='ltr'>ἐνεργοῦντος</span> <span class='ocrx_word' id='word_1_491' title='bbox 1219 3196 1535 3268; x_wconf 85' lang='grc' dir='ltr'>δυνάμεως·</span> <span class='ocrx_word' id='word_1_492' title='bbox 1604 3186 1638 3247; x_wconf 76' lang='grc' dir='ltr'>ιῖ</span> 
     </span>
    </p>
   </div>
   <div class='ocr_carea' id='block_1_65' title="bbox 1786 3186 3354 3282">
    <p class='ocr_par' dir='ltr' id='par_1_65' title="bbox 1789 3186 3354 3282">
     <span class='ocr_line' id='line_1_65' title="bbox 1789 3186 3354 3282; baseline -0.001 -17"><span class='ocrx_word' id='word_1_493' title='bbox 1789 3210 1984 3276; x_wconf 82' lang='lat' dir='ltr'><strong>fidelis,</strong></span> <span class='ocrx_word' id='word_1_494' title='bbox 2007 3210 2281 3281; x_wconf 85' lang='lat' dir='ltr'><strong>superflua</strong></span> <span class='ocrx_word' id='word_1_495' title='bbox 2302 3211 2564 3282; x_wconf 83' lang='lat' dir='ltr'><strong>deinceps</strong></span> <span class='ocrx_word' id='word_1_496' title='bbox 2587 3212 2693 3267; x_wconf 92' lang='lat' dir='ltr'><strong>erit</strong></span> <span class='ocrx_word' id='word_1_497' title='bbox 2716 3212 2896 3266; x_wconf 90' lang='lat' dir='ltr'><strong>omnis</strong></span> <span class='ocrx_word' id='word_1_498' title='bbox 2924 3186 3204 3282; x_wconf 78' lang='lat' dir='ltr'><strong>signorum</strong></span> <span class='ocrx_word' id='word_1_499' title='bbox 3228 3223 3354 3279; x_wconf 41' lang='lat' dir='ltr'><strong>opes</strong></span> 
     </span>
    </p>
   </div>
   <div class='ocr_carea' id='block_1_66' title="bbox 98 3287 1683 3364">
    <p class='ocr_par' dir='ltr' id='par_1_66' title="bbox 98 3287 1683 3364">
     <span class='ocr_line' id='line_1_66' title="bbox 98 3287 1683 3364; baseline -0.001 -18"><span class='ocrx_word' id='word_1_500' title='bbox 98 3292 150 3346; x_wconf 75' lang='grc' dir='ltr'>τὸ</span> <span class='ocrx_word' id='word_1_501' title='bbox 175 3292 532 3364; x_wconf 66' lang='grc' dir='ltr'>μὲνσπρῶτον</span> <span class='ocrx_word' id='word_1_502' title='bbox 560 3292 705 3363; x_wconf 80' lang='grc' dir='ltr'>ἡμᾶς</span> <span class='ocrx_word' id='word_1_503' title='bbox 733 3292 931 3355; x_wconf 80' lang='grc' dir='ltr'>αὐτοὺς</span> <span class='ocrx_word' id='word_1_504' title='bbox 953 3292 1075 3363; x_wconf 80' lang='grc' dir='ltr'>ὁρᾷ,</span> <span class='ocrx_word' id='word_1_505' title='bbox 1098 3289 1161 3344; x_wconf 83' lang='grc' dir='ltr'><strong>τδ</strong></span> <span class='ocrx_word' id='word_1_506' title='bbox 1191 3290 1249 3344; x_wconf 78' lang='grc' dir='ltr'>δὲ</span> <span class='ocrx_word' id='word_1_507' title='bbox 1282 3289 1531 3362; x_wconf 87' lang='grc' dir='ltr'>δεύτερον</span> <span class='ocrx_word' id='word_1_508' title='bbox 1550 3287 1683 3345; x_wconf 80' lang='grc' dir='ltr'><strong>Θεὸν</strong></span> 
     </span>
    </p>
   </div>
   <div class='ocr_carea' id='block_1_67' title="bbox 93 3376 1684 3455">
    <p class='ocr_par' dir='ltr' id='par_1_67' title="bbox 93 3376 1684 3455">
     <span class='ocr_line' id='line_1_67' title="bbox 93 3376 1684 3455; baseline -0.001 -19"><span class='ocrx_word' id='word_1_509' title='bbox 93 3384 183 3438; x_wconf 79' lang='grc' dir='ltr'>τὸν</span> <span class='ocrx_word' id='word_1_510' title='bbox 229 3382 596 3455; x_wconf 68' lang='grc' dir='ltr'>ἐνεργοῦντα,</span> <span class='ocrx_word' id='word_1_511' title='bbox 653 3382 721 3435; x_wconf 87' lang='grc' dir='ltr'><strong>δι’</strong></span> <span class='ocrx_word' id='word_1_512' title='bbox 764 3382 832 3446; x_wconf 81' lang='grc' dir='ltr'><strong>ἃς</strong></span> <span class='ocrx_word' id='word_1_513' title='bbox 862 3380 1196 3453; x_wconf 82' lang='grc' dir='ltr'>προείπομεν</span> <span class='ocrx_word' id='word_1_514' title='bbox 1235 3381 1431 3446; x_wconf 76' lang='grc' dir='ltr'>αἰτίας.</span> <span class='ocrx_word' id='word_1_515' title='bbox 1476 3376 1684 3436; x_wconf 77' lang='grc' dir='ltr'>Οὐκοῦν</span> 
     </span>
    </p>
   </div>
   <div class='ocr_carea' id='block_1_68' title="bbox 91 3475 1685 3548">
    <p class='ocr_par' dir='ltr' id='par_1_68' title="bbox 91 3475 1685 3548">
     <span class='ocr_line' id='line_1_68' title="bbox 91 3475 1685 3548; baseline -0.016 1"><span class='ocrx_word' id='word_1_516' title='bbox 91 3478 239 3548; x_wconf 71' lang='grc' dir='ltr'><strong>μήτε</strong></span> <span class='ocrx_word' id='word_1_517' title='bbox 272 3476 530 3548; x_wconf 83' lang='grc' dir='ltr'>βασιλεὺς</span> <span class='ocrx_word' id='word_1_518' title='bbox 565 3476 912 3543; x_wconf 76' lang='grc' dir='ltr'>ἐξουθενείτω</span> <span class='ocrx_word' id='word_1_519' title='bbox 948 3476 1075 3538; x_wconf 80' lang='grc' dir='ltr'>τοὺς</span> <span class='ocrx_word' id='word_1_520' title='bbox 1117 3475 1224 3528; x_wconf 84' lang='grc' dir='ltr'><strong>ὑπ’</strong></span> <span class='ocrx_word' id='word_1_521' title='bbox 1255 3475 1415 3528; x_wconf 79' lang='grc' dir='ltr'>αὐτὸν</span> <span class='ocrx_word' id='word_1_522' title='bbox 1460 3492 1685 3547; x_wconf 84' lang='grc' dir='ltr'>στρατη-</span> 
     </span>
    </p>
   </div>
   <div class='ocr_carea' id='block_1_69' title="bbox 89 3567 1686 3642">
    <p class='ocr_par' dir='ltr' id='par_1_69' title="bbox 89 3567 1686 3642">
     <span class='ocr_line' id='line_1_69' title="bbox 89 3567 1686 3642; baseline -0.001 -19"><span class='ocrx_word' id='word_1_523' title='bbox 89 3570 260 3639; x_wconf 86' lang='grc' dir='ltr'>γούς·</span> <span class='ocrx_word' id='word_1_524' title='bbox 309 3571 449 3642; x_wconf 86' lang='grc' dir='ltr'>μήτε</span> <span class='ocrx_word' id='word_1_525' title='bbox 473 3570 733 3641; x_wconf 78' lang='grc' dir='ltr'>ἄρχοντες</span> <span class='ocrx_word' id='word_1_526' title='bbox 760 3568 886 3631; x_wconf 78' lang='grc' dir='ltr'>τοὺς</span> <span class='ocrx_word' id='word_1_527' title='bbox 916 3567 1209 3639; x_wconf 82' lang='grc' dir='ltr'>ὑπηκόους.</span> <span class='ocrx_word' id='word_1_528' title='bbox 1240 3568 1332 3638; x_wconf 84' lang='grc' dir='ltr'><strong>Μὴ</strong></span> <span class='ocrx_word' id='word_1_529' title='bbox 1371 3568 1538 3622; x_wconf 73' lang='grc' dir='ltr'>ὄντων</span> <span class='ocrx_word' id='word_1_530' title='bbox 1576 3568 1686 3640; x_wconf 83' lang='grc' dir='ltr'><strong>γὰρ</strong></span> 
     </span>
    </p>
   </div>
   <div class='ocr_carea' id='block_1_70' title="bbox 89 3660 1686 3734">
    <p class='ocr_par' dir='ltr' id='par_1_70' title="bbox 89 3660 1686 3734">
     <span class='ocr_line' id='line_1_70' title="bbox 89 3660 1686 3734; baseline 0 -19"><span class='ocrx_word' id='word_1_531' title='bbox 89 3663 201 3717; x_wconf 84' lang='grc' dir='ltr'><strong>τῶν</strong></span> <span class='ocrx_word' id='word_1_532' title='bbox 235 3661 579 3734; x_wconf 83' lang='grc' dir='ltr'>ἀρχομένων,</span> <span class='ocrx_word' id='word_1_533' title='bbox 614 3661 859 3733; x_wconf 75' lang='grc' dir='ltr'>περιττοὶ</span> <span class='ocrx_word' id='word_1_534' title='bbox 882 3661 930 3712; x_wconf 76' lang='grc' dir='ltr'>οἱ</span> <span class='ocrx_word' id='word_1_535' title='bbox 948 3660 1208 3731; x_wconf 81' lang='grc' dir='ltr'>ἄρχοντες</span> <span class='ocrx_word' id='word_1_536' title='bbox 1231 3677 1244 3690; x_wconf 81' lang='grc'><em>’</em></span> <span class='ocrx_word' id='word_1_537' title='bbox 1285 3662 1380 3714; x_wconf 77' lang='grc' dir='ltr'>καὶ</span> <span class='ocrx_word' id='word_1_538' title='bbox 1405 3661 1479 3733; x_wconf 79' lang='grc' dir='ltr'>μὴ</span> <span class='ocrx_word' id='word_1_539' title='bbox 1516 3662 1686 3715; x_wconf 76' lang='grc' dir='ltr'>ὄντων</span> 
     </span>
    </p>
   </div>
   <div class='ocr_carea' id='block_1_71' title="bbox 91 3750 1687 3827">
    <p class='ocr_par' dir='ltr' id='par_1_71' title="bbox 91 3750 1687 3827">
     <span class='ocr_line' id='line_1_71' title="bbox 91 3750 1687 3827; baseline -0.001 -20"><span class='ocrx_word' id='word_1_540' title='bbox 91 3754 449 3827; x_wconf 82' lang='grc' dir='ltr'>στρατηγῶν,</span> <span class='ocrx_word' id='word_1_541' title='bbox 490 3754 552 3807; x_wconf 85' lang='grc' dir='ltr'><strong>ού</strong></span> <span class='ocrx_word' id='word_1_542' title='bbox 596 3754 851 3824; x_wconf 86' lang='grc' dir='ltr'>στήσεται</span> <span class='ocrx_word' id='word_1_543' title='bbox 888 3750 1152 3821; x_wconf 84' lang='grc' dir='ltr'>βασιλεία.</span> <span class='ocrx_word' id='word_1_544' title='bbox 1190 3751 1349 3805; x_wconf 82' lang='grc' dir='ltr'>Ἀλλὰ</span> <span class='ocrx_word' id='word_1_545' title='bbox 1393 3752 1528 3823; x_wconf 74' lang='grc' dir='ltr'>μηδὲ</span> <span class='ocrx_word' id='word_1_546' title='bbox 1568 3754 1687 3806; x_wconf 77' lang='grc' dir='ltr'>ἐπί-</span> 
     </span>
    </p>
   </div>
   <div class='ocr_carea' id='block_1_72' title="bbox 90 3842 1688 3916">
    <p class='ocr_par' dir='ltr' id='par_1_72' title="bbox 90 3842 1688 3916">
     <span class='ocr_line' id='line_1_72' title="bbox 90 3842 1688 3916; baseline -0.003 -16"><span class='ocrx_word' id='word_1_547' title='bbox 90 3862 305 3908; x_wconf 76' lang='grc' dir='ltr'>σκοπος</span> <span class='ocrx_word' id='word_1_548' title='bbox 337 3842 653 3916; x_wconf 81' lang='grc' dir='ltr'>ὲπαιρέσθω</span> <span class='ocrx_word' id='word_1_549' title='bbox 685 3843 826 3898; x_wconf 81' lang='grc' dir='ltr'>κατὰ</span> <span class='ocrx_word' id='word_1_550' title='bbox 854 3843 961 3897; x_wconf 83' lang='grc' dir='ltr'><strong>τῶν</strong></span> <span class='ocrx_word' id='word_1_551' title='bbox 1003 3844 1267 3897; x_wconf 87' lang='grc' dir='ltr'>διακόνων</span> <span class='ocrx_word' id='word_1_552' title='bbox 1292 3883 1307 3907; x_wconf 90' lang='grc'><strong>,</strong></span> <span class='ocrx_word' id='word_1_553' title='bbox 1353 3843 1387 3912; x_wconf 79' lang='grc' dir='ltr'><strong>ἢ</strong></span> <span class='ocrx_word' id='word_1_554' title='bbox 1417 3843 1522 3896; x_wconf 81' lang='grc' dir='ltr'>τῶν</span> <span class='ocrx_word' id='word_1_555' title='bbox 1557 3860 1688 3915; x_wconf 85' lang='grc' dir='ltr'>πρε-</span> 
     </span>
    </p>
   </div>
   <div class='ocr_carea' id='block_1_73' title="bbox 91 3924 1684 4010">
    <p class='ocr_par' dir='ltr' id='par_1_73' title="bbox 91 3924 1684 4010">
     <span class='ocr_line' id='line_1_73' title="bbox 91 3924 1684 4010; baseline 0.001 -20"><span class='ocrx_word' id='word_1_556' title='bbox 91 3937 414 4010; x_wconf 80' lang='grc' dir='ltr'>σϐυτέρων·</span> <span class='ocrx_word' id='word_1_557' title='bbox 454 3937 590 4008; x_wconf 87' lang='grc' dir='ltr'>μήτε</span> <span class='ocrx_word' id='word_1_558' title='bbox 621 3937 726 4007; x_wconf 84' lang='grc' dir='ltr'><strong>μὴν</strong></span> <span class='ocrx_word' id='word_1_559' title='bbox 767 3938 815 3989; x_wconf 86' lang='grc' dir='ltr'>οἱ</span> <span class='ocrx_word' id='word_1_560' title='bbox 847 3936 1203 4009; x_wconf 84' lang='grc' dir='ltr'>πρεσϐύτεροι</span> <span class='ocrx_word' id='word_1_561' title='bbox 1232 3936 1373 3991; x_wconf 87' lang='grc' dir='ltr'><strong>κατά</strong></span> <span class='ocrx_word' id='word_1_562' title='bbox 1397 3924 1489 3990; x_wconf 79' lang='grc' dir='ltr'>τοῦ</span> <span class='ocrx_word' id='word_1_563' title='bbox 1516 3937 1645 3991; x_wconf 81' lang='grc' dir='ltr'>λαοῦ</span> <span class='ocrx_word' id='word_1_564' title='bbox 1670 3956 1684 3968; x_wconf 87' lang='grc'>·</span> 
     </span>
    </p>
   </div>
   <div class='ocr_carea' id='block_1_74' title="bbox 90 4028 1689 4102">
    <p class='ocr_par' dir='ltr' id='par_1_74' title="bbox 90 4028 1689 4102">
     <span class='ocr_line' id='line_1_74' title="bbox 90 4028 1689 4102; baseline -0.003 -17"><span class='ocrx_word' id='word_1_565' title='bbox 90 4031 154 4097; x_wconf 71' lang='grc' dir='ltr'>ἐξ</span> <span class='ocrx_word' id='word_1_566' title='bbox 186 4030 442 4101; x_wconf 83' lang='grc' dir='ltr'>ἀλλήλων</span> <span class='ocrx_word' id='word_1_567' title='bbox 469 4030 579 4102; x_wconf 80' lang='grc' dir='ltr'>γάρ</span> <span class='ocrx_word' id='word_1_568' title='bbox 605 4029 752 4083; x_wconf 77' lang='grc' dir='ltr'>ἐστιν</span> <span class='ocrx_word' id='word_1_569' title='bbox 790 4030 824 4100; x_wconf 90' lang='grc' dir='ltr'><strong>ή</strong></span> <span class='ocrx_word' id='word_1_570' title='bbox 867 4028 1123 4088; x_wconf 87' lang='grc' dir='ltr'>σύστασις</span> <span class='ocrx_word' id='word_1_571' title='bbox 1161 4028 1256 4082; x_wconf 80' lang='grc' dir='ltr'>τοῦ</span> <span class='ocrx_word' id='word_1_572' title='bbox 1297 4028 1689 4101; x_wconf 82' lang='grc' dir='ltr'>συναθροίσμα-</span> 
     </span>
    </p>
   </div>
   <div class='ocr_carea' id='block_1_75' title="bbox 89 4120 1689 4194">
    <p class='ocr_par' dir='ltr' id='par_1_75' title="bbox 89 4120 1689 4194">
     <span class='ocr_line' id='line_1_75' title="bbox 89 4120 1689 4194; baseline -0.002 -17"><span class='ocrx_word' id='word_1_573' title='bbox 89 4141 207 4188; x_wconf 89' lang='grc' dir='ltr'>τος.</span> <span class='ocrx_word' id='word_1_574' title='bbox 243 4123 317 4177; x_wconf 80' lang='grc' dir='ltr'><strong>Οἵ</strong></span> <span class='ocrx_word' id='word_1_575' title='bbox 338 4140 401 4175; x_wconf 91' lang='grc' dir='ltr'><strong>τε</strong></span> <span class='ocrx_word' id='word_1_576' title='bbox 433 4122 880 4194; x_wconf 20' lang='grc' dir='ltr'>γάρδὲπίσκοποι,</span> <span class='ocrx_word' id='word_1_577' title='bbox 910 4122 1003 4174; x_wconf 69' lang='grc' dir='ltr'>καὶ</span> <span class='ocrx_word' id='word_1_578' title='bbox 1033 4122 1082 4174; x_wconf 85' lang='grc' dir='ltr'><strong>οί</strong></span> <span class='ocrx_word' id='word_1_579' title='bbox 1124 4121 1499 4193; x_wconf 88' lang='grc' dir='ltr'>πρεσϐύτεροι,</span> <span class='ocrx_word' id='word_1_580' title='bbox 1527 4120 1689 4175; x_wconf 87' lang='grc' dir='ltr'>τινῶν</span> 
     </span>
    </p>
   </div>
   <div class='ocr_carea' id='block_1_76' title="bbox 91 4208 1690 4287">
    <p class='ocr_par' dir='ltr' id='par_1_76' title="bbox 91 4208 1690 4287">
     <span class='ocr_line' id='line_1_76' title="bbox 91 4208 1690 4287; baseline 0 -19"><span class='ocrx_word' id='word_1_581' title='bbox 91 4218 236 4268; x_wconf 73' lang='grc' dir='ltr'>εἰσιν</span> <span class='ocrx_word' id='word_1_582' title='bbox 274 4216 446 4287; x_wconf 81' lang='grc' dir='ltr'>ἱερεῖς</span> <span class='ocrx_word' id='word_1_583' title='bbox 475 4230 490 4244; x_wconf 87' lang='grc'><strong>·</strong></span> <span class='ocrx_word' id='word_1_584' title='bbox 524 4214 619 4267; x_wconf 76' lang='grc' dir='ltr'><strong>καὶ</strong></span> <span class='ocrx_word' id='word_1_585' title='bbox 661 4215 710 4267; x_wconf 80' lang='grc' dir='ltr'><strong>οἱ</strong></span> <span class='ocrx_word' id='word_1_586' title='bbox 750 4208 947 4277; x_wconf 77' lang='grc' dir='ltr'>λαῖκοὶ,</span> <span class='ocrx_word' id='word_1_587' title='bbox 987 4215 1149 4268; x_wconf 86' lang='grc' dir='ltr'>τινῶν</span> <span class='ocrx_word' id='word_1_588' title='bbox 1197 4216 1301 4267; x_wconf 73' lang='grc' dir='ltr'>εἰσι</span> <span class='ocrx_word' id='word_1_589' title='bbox 1345 4213 1521 4267; x_wconf 86' lang='grc' dir='ltr'>λαῖκοί</span> <span class='ocrx_word' id='word_1_590' title='bbox 1548 4232 1560 4244; x_wconf 87' lang='grc'>·</span> <span class='ocrx_word' id='word_1_591' title='bbox 1597 4215 1690 4268; x_wconf 78' lang='grc' dir='ltr'>καὶ</span> 
     </span>
    </p>
   </div>
   <div class='ocr_carea' id='block_1_77' title="bbox 88 4295 1686 4378">
    <p class='ocr_par' dir='ltr' id='par_1_77' title="bbox 88 4295 1686 4378">
     <span class='ocr_line' id='line_1_77' title="bbox 88 4295 1686 4378; baseline -0.001 -19"><span class='ocrx_word' id='word_1_592' title='bbox 88 4307 153 4361; x_wconf 82' lang='grc' dir='ltr'>τὸ</span> <span class='ocrx_word' id='word_1_593' title='bbox 185 4307 295 4378; x_wconf 78' lang='grc' dir='ltr'>μὲν</span> <span class='ocrx_word' id='word_1_594' title='bbox 326 4300 467 4359; x_wconf 80' lang='grc' dir='ltr'>εἶναι</span> <span class='ocrx_word' id='word_1_595' title='bbox 496 4306 842 4376; x_wconf 83' lang='grc' dir='ltr'>Χριστιανὸν,</span> <span class='ocrx_word' id='word_1_596' title='bbox 875 4306 969 4375; x_wconf 78' lang='grc' dir='ltr'><strong>ἐφ’</strong></span> <span class='ocrx_word' id='word_1_597' title='bbox 1005 4305 1164 4376; x_wconf 77' lang='grc' dir='ltr'>ἡμῖν·</span> <span class='ocrx_word' id='word_1_598' title='bbox 1204 4305 1266 4358; x_wconf 84' lang='grc' dir='ltr'>τὸ</span> <span class='ocrx_word' id='word_1_599' title='bbox 1293 4305 1350 4359; x_wconf 78' lang='grc' dir='ltr'>δὲ</span> <span class='ocrx_word' id='word_1_600' title='bbox 1371 4295 1686 4367; x_wconf 82' lang='grc' dir='ltr'>ἀπόστολον,</span> 
     </span>
    </p>
   </div>
   <div class='ocr_carea' id='block_1_78' title="bbox 89 4395 1689 4470">
    <p class='ocr_par' dir='ltr' id='par_1_78' title="bbox 89 4395 1689 4470">
     <span class='ocr_line' id='line_1_78' title="bbox 89 4395 1689 4470; baseline -0.002 -18"><span class='ocrx_word' id='word_1_601' title='bbox 89 4399 126 4470; x_wconf 69' lang='grc' dir='ltr'>ἢ</span> <span class='ocrx_word' id='word_1_602' title='bbox 139 4400 477 4460; x_wconf 76' lang='grc' dir='ltr'>ἐπίσκοπον,</span> <span class='ocrx_word' id='word_1_603' title='bbox 497 4397 670 4468; x_wconf 80' lang='grc' dir='ltr'>ἢάλλο</span> <span class='ocrx_word' id='word_1_604' title='bbox 688 4414 760 4459; x_wconf 92' lang='grc' dir='ltr'><strong>τι,</strong></span> <span class='ocrx_word' id='word_1_605' title='bbox 773 4398 872 4451; x_wconf 85' lang='grc' dir='ltr'>οὐκ</span> <span class='ocrx_word' id='word_1_606' title='bbox 887 4398 970 4466; x_wconf 78' lang='grc' dir='ltr'><strong>ἐφ’</strong></span> <span class='ocrx_word' id='word_1_607' title='bbox 992 4398 1143 4468; x_wconf 83' lang='grc' dir='ltr'>ἡμῖν,</span> <span class='ocrx_word' id='word_1_608' title='bbox 1158 4396 1270 4449; x_wconf 87' lang='grc' dir='ltr'>ἀλλ’</span> <span class='ocrx_word' id='word_1_609' title='bbox 1286 4396 1378 4449; x_wconf 73' lang='grc' dir='ltr'><strong>ἐπὶ</strong></span> <span class='ocrx_word' id='word_1_610' title='bbox 1400 4395 1477 4466; x_wconf 85' lang='grc' dir='ltr'>τῷ</span> <span class='ocrx_word' id='word_1_611' title='bbox 1496 4395 1689 4449; x_wconf 82' lang='grc' dir='ltr'>διδόντι</span> 
     </span>
    </p>
   </div>
   <div class='ocr_carea' id='block_1_79' title="bbox 1786 3302 3354 3374">
    <p class='ocr_par' dir='ltr' id='par_1_79' title="bbox 1786 3302 3354 3374">
     <span class='ocr_line' id='line_1_79' title="bbox 1786 3302 3354 3374; baseline -0.004 -14"><span class='ocrx_word' id='word_1_612' title='bbox 1786 3304 1948 3360; x_wconf 86' lang='lat' dir='ltr'><strong>ratio.</strong></span> <span class='ocrx_word' id='word_1_613' title='bbox 1970 3303 2181 3359; x_wconf 79' lang='lat' dir='ltr'><strong>Etenim</strong></span> <span class='ocrx_word' id='word_1_614' title='bbox 2213 3320 2338 3361; x_wconf 90' lang='lat' dir='ltr'><strong>esse</strong></span> <span class='ocrx_word' id='word_1_615' title='bbox 2368 3306 2539 3374; x_wconf 86' lang='lat' dir='ltr'><strong>pium,</strong></span> <span class='ocrx_word' id='word_1_616' title='bbox 2564 3320 2633 3359; x_wconf 81' lang='lat' dir='ltr'><strong>ex</strong></span> <span class='ocrx_word' id='word_1_617' title='bbox 2659 3305 2801 3358; x_wconf 87' lang='lat' dir='ltr'><strong>bona</strong></span> <span class='ocrx_word' id='word_1_618' title='bbox 2826 3302 3135 3372; x_wconf 71' lang='lat' dir='ltr'><strong>cuiuspiam</strong></span> <span class='ocrx_word' id='word_1_619' title='bbox 3163 3302 3354 3355; x_wconf 69' lang='lat' dir='ltr'><strong>volun~</strong></span> 
     </span>
    </p>
   </div>
   <div class='ocr_carea' id='block_1_80' title="bbox 1766 3393 3360 3465">
    <p class='ocr_par' dir='ltr' id='par_1_80' title="bbox 1766 3393 3360 3465">
     <span class='ocr_line' id='line_1_80' title="bbox 1766 3393 3360 3465; baseline 0.002 -17"><span class='ocrx_word' id='word_1_620' title='bbox 1766 3401 1897 3450; x_wconf 40' lang='lat' dir='ltr'><strong>otate</strong></span> <span class='ocrx_word' id='word_1_621' title='bbox 1936 3396 2146 3462; x_wconf 90' lang='lat' dir='ltr'><strong>oritur;</strong></span> <span class='ocrx_word' id='word_1_622' title='bbox 2185 3402 2242 3448; x_wconf 87' lang='lat' dir='ltr'><strong>at</strong></span> <span class='ocrx_word' id='word_1_623' title='bbox 2288 3396 2551 3449; x_wconf 90' lang='lat' dir='ltr'><strong>miracula</strong></span> <span class='ocrx_word' id='word_1_624' title='bbox 2595 3402 2837 3465; x_wconf 86' lang='lat' dir='ltr'><strong>patrare,</strong></span> <span class='ocrx_word' id='word_1_625' title='bbox 2880 3409 2948 3448; x_wconf 79' lang='lat' dir='ltr'><strong>ex</strong></span> <span class='ocrx_word' id='word_1_626' title='bbox 2982 3394 3183 3448; x_wconf 90' lang='lat' dir='ltr'><strong>virtute</strong></span> <span class='ocrx_word' id='word_1_627' title='bbox 3212 3393 3360 3450; x_wconf 77' lang='lat' dir='ltr'><strong>illius</strong></span> 
     </span>
    </p>
   </div>
   <div class='ocr_carea' id='block_1_81' title="bbox 1785 3484 3359 3556">
    <p class='ocr_par' dir='ltr' id='par_1_81' title="bbox 1785 3484 3359 3556">
     <span class='ocr_line' id='line_1_81' title="bbox 1785 3484 3359 3556; baseline -0.001 -16"><span class='ocrx_word' id='word_1_628' title='bbox 1785 3485 1881 3556; x_wconf 89' lang='lat' dir='ltr'><strong>qui</strong></span> <span class='ocrx_word' id='word_1_629' title='bbox 1922 3494 2179 3546; x_wconf 82' lang='lat' dir='ltr'><strong>operatur</strong></span> <span class='ocrx_word' id='word_1_630' title='bbox 2213 3506 2226 3540; x_wconf 90' lang='lat'><strong>:</strong></span> <span class='ocrx_word' id='word_1_631' title='bbox 2261 3500 2496 3555; x_wconf 86' lang='lat' dir='ltr'><strong>quorum</strong></span> <span class='ocrx_word' id='word_1_632' title='bbox 2542 3486 2779 3555; x_wconf 90' lang='lat' dir='ltr'><strong>primum</strong></span> <span class='ocrx_word' id='word_1_633' title='bbox 2810 3484 3033 3555; x_wconf 88' lang='lat' dir='ltr'><strong>quidem</strong></span> <span class='ocrx_word' id='word_1_634' title='bbox 3062 3499 3164 3538; x_wconf 91' lang='lat' dir='ltr'><strong>nos</strong></span> <span class='ocrx_word' id='word_1_635' title='bbox 3208 3485 3359 3554; x_wconf 85' lang='lat' dir='ltr'><strong>ipsos</strong></span> 
     </span>
    </p>
   </div>
   <div class='ocr_carea' id='block_1_82' title="bbox 1786 3571 3359 3646">
    <p class='ocr_par' dir='ltr' id='par_1_82' title="bbox 1786 3571 3359 3646">
     <span class='ocr_line' id='line_1_82' title="bbox 1786 3571 3359 3646; baseline -0.004 -15"><span class='ocrx_word' id='word_1_636' title='bbox 1786 3576 2028 3646; x_wconf 85' lang='lat' dir='ltr'><strong>respicit,</strong></span> <span class='ocrx_word' id='word_1_637' title='bbox 2054 3576 2352 3631; x_wconf 89' lang='lat' dir='ltr'><strong>secundum</strong></span> <span class='ocrx_word' id='word_1_638' title='bbox 2376 3590 2506 3630; x_wconf 87' lang='lat' dir='ltr'><strong>vero</strong></span> <span class='ocrx_word' id='word_1_639' title='bbox 2537 3574 2727 3638; x_wconf 89' lang='lat' dir='ltr'><strong>Deum,</strong></span> <span class='ocrx_word' id='word_1_640' title='bbox 2754 3575 2826 3629; x_wconf 87' lang='lat' dir='ltr'><strong>ob</strong></span> <span class='ocrx_word' id='word_1_641' title='bbox 2854 3588 3050 3629; x_wconf 84' lang='lat' dir='ltr'><strong>causas</strong></span> <span class='ocrx_word' id='word_1_642' title='bbox 3082 3588 3246 3643; x_wconf 85' lang='lat' dir='ltr'><strong>supra</strong></span> <span class='ocrx_word' id='word_1_643' title='bbox 3274 3571 3359 3626; x_wconf 78' lang='lat' dir='ltr'><strong>di-</strong></span> 
     </span>
    </p>
   </div>
   <div class='ocr_carea' id='block_1_83' title="bbox 1785 3664 3357 3737">
    <p class='ocr_par' dir='ltr' id='par_1_83' title="bbox 1785 3664 3357 3737">
     <span class='ocr_line' id='line_1_83' title="bbox 1785 3664 3357 3737; baseline -0.003 -15"><span class='ocrx_word' id='word_1_644' title='bbox 1785 3674 1906 3722; x_wconf 88' lang='lat' dir='ltr'><strong>ctas</strong></span> <span class='ocrx_word' id='word_1_645' title='bbox 1925 3676 2264 3736; x_wconf 84' lang='lat' dir='ltr'><strong>operantem.</strong></span> <span class='ocrx_word' id='word_1_646' title='bbox 2297 3667 2465 3737; x_wconf 90' lang='lat' dir='ltr'><strong>Igitur</strong></span> <span class='ocrx_word' id='word_1_647' title='bbox 2494 3682 2672 3737; x_wconf 89' lang='lat' dir='ltr'><strong>neque</strong></span> <span class='ocrx_word' id='word_1_648' title='bbox 2699 3666 2998 3736; x_wconf 88' lang='lat' dir='ltr'><strong>imperator</strong></span> <span class='ocrx_word' id='word_1_649' title='bbox 3026 3664 3182 3719; x_wconf 87' lang='lat' dir='ltr'><strong>nihili</strong></span> <span class='ocrx_word' id='word_1_650' title='bbox 3218 3680 3357 3734; x_wconf 82' lang='lat' dir='ltr'><strong>pen-</strong></span> 
     </span>
    </p>
   </div>
   <div class='ocr_carea' id='block_1_84' title="bbox 1787 3752 3359 3825">
    <p class='ocr_par' dir='ltr' id='par_1_84' title="bbox 1787 3752 3359 3825">
     <span class='ocr_line' id='line_1_84' title="bbox 1787 3752 3359 3825; baseline 0.003 -19"><span class='ocrx_word' id='word_1_651' title='bbox 1787 3752 1881 3806; x_wconf 87' lang='lat' dir='ltr'><strong>dat</strong></span> <span class='ocrx_word' id='word_1_652' title='bbox 1905 3755 2182 3809; x_wconf 79' lang='lat' dir='ltr'><strong>exercitus</strong></span> <span class='ocrx_word' id='word_1_653' title='bbox 2207 3753 2376 3810; x_wconf 89' lang='lat' dir='ltr'><strong>duces</strong></span> <span class='ocrx_word' id='word_1_654' title='bbox 2403 3756 2497 3825; x_wconf 90' lang='lat' dir='ltr'><strong>qui</strong></span> <span class='ocrx_word' id='word_1_655' title='bbox 2530 3756 2634 3809; x_wconf 86' lang='lat' dir='ltr'><strong>sub</strong></span> <span class='ocrx_word' id='word_1_656' title='bbox 2658 3756 2780 3825; x_wconf 86' lang='lat' dir='ltr'><strong>ipse</strong></span> <span class='ocrx_word' id='word_1_657' title='bbox 2814 3763 2981 3821; x_wconf 84' lang='lat' dir='ltr'><strong>sunt;</strong></span> <span class='ocrx_word' id='word_1_658' title='bbox 3011 3769 3189 3824; x_wconf 90' lang='lat' dir='ltr'><strong>neque</strong></span> <span class='ocrx_word' id='word_1_659' title='bbox 3219 3769 3359 3823; x_wconf 52' lang='lat' dir='ltr'><strong>praea-</strong></span> 
     </span>
    </p>
   </div>
   <div class='ocr_carea' id='block_1_85' title="bbox 1787 3843 3357 3917">
    <p class='ocr_par' dir='ltr' id='par_1_85' title="bbox 1787 3843 3357 3917">
     <span class='ocr_line' id='line_1_85' title="bbox 1787 3843 3357 3917; baseline 0.001 -18"><span class='ocrx_word' id='word_1_660' title='bbox 1787 3843 1916 3900; x_wconf 91' lang='lat' dir='ltr'><strong>fecti</strong></span> <span class='ocrx_word' id='word_1_661' title='bbox 1942 3860 2038 3901; x_wconf 90' lang='lat' dir='ltr'><strong>eos</strong></span> <span class='ocrx_word' id='word_1_662' title='bbox 2071 3846 2164 3915; x_wconf 87' lang='lat' dir='ltr'><strong>qui</strong></span> <span class='ocrx_word' id='word_1_663' title='bbox 2192 3846 2324 3916; x_wconf 91' lang='lat' dir='ltr'><strong>ipsis</strong></span> <span class='ocrx_word' id='word_1_664' title='bbox 2356 3856 2568 3917; x_wconf 90' lang='lat' dir='ltr'><strong>parent.</strong></span> <span class='ocrx_word' id='word_1_665' title='bbox 2602 3845 2737 3900; x_wconf 88' lang='lat' dir='ltr'><strong>Nam</strong></span> <span class='ocrx_word' id='word_1_666' title='bbox 2768 3845 2815 3901; x_wconf 86' lang='lat' dir='ltr'><strong>si</strong></span> <span class='ocrx_word' id='word_1_667' title='bbox 2858 3861 2966 3899; x_wconf 90' lang='lat' dir='ltr'><strong>non</strong></span> <span class='ocrx_word' id='word_1_668' title='bbox 2998 3846 3110 3900; x_wconf 90' lang='lat' dir='ltr'><strong>sint</strong></span> <span class='ocrx_word' id='word_1_669' title='bbox 3158 3846 3357 3913; x_wconf 88' lang='lat' dir='ltr'><strong>quibus</strong></span> 
     </span>
    </p>
   </div>
   <div class='ocr_carea' id='block_1_86' title="bbox 1787 3934 3348 4010">
    <p class='ocr_par' dir='ltr' id='par_1_86' title="bbox 1787 3934 3348 4010">
     <span class='ocr_line' id='line_1_86' title="bbox 1787 3934 3348 4010; baseline -0.006 -15"><span class='ocrx_word' id='word_1_670' title='bbox 1787 3940 2171 4010; x_wconf 80' lang='lat' dir='ltr'><strong>praeticiantur,</strong></span> <span class='ocrx_word' id='word_1_671' title='bbox 2203 3936 2529 4007; x_wconf 84' lang='lat' dir='ltr'><strong>supervacui</strong></span> <span class='ocrx_word' id='word_1_672' title='bbox 2567 3942 2729 3989; x_wconf 84' lang='lat' dir='ltr'><strong>erunt</strong></span> <span class='ocrx_word' id='word_1_673' title='bbox 2760 3934 3034 4004; x_wconf 64' lang='lat' dir='ltr'><strong>praefecti;</strong></span> <span class='ocrx_word' id='word_1_674' title='bbox 3071 3940 3127 3989; x_wconf 88' lang='lat' dir='ltr'><strong>et</strong></span> <span class='ocrx_word' id='word_1_675' title='bbox 3158 3934 3203 3988; x_wconf 89' lang='lat' dir='ltr'><strong>si</strong></span> <span class='ocrx_word' id='word_1_676' title='bbox 3239 3948 3348 3987; x_wconf 87' lang='lat' dir='ltr'><strong>non</strong></span> 
     </span>
    </p>
   </div>
   <div class='ocr_carea' id='block_1_87' title="bbox 1788 4025 3351 4096">
    <p class='ocr_par' dir='ltr' id='par_1_87' title="bbox 1788 4025 3351 4096">
     <span class='ocr_line' id='line_1_87' title="bbox 1788 4025 3351 4096; baseline -0.005 -10"><span class='ocrx_word' id='word_1_677' title='bbox 1788 4032 1898 4087; x_wconf 82' lang='lat' dir='ltr'><strong>sint</strong></span> <span class='ocrx_word' id='word_1_678' title='bbox 1943 4031 2111 4085; x_wconf 91' lang='lat' dir='ltr'><strong>duces</strong></span> <span class='ocrx_word' id='word_1_679' title='bbox 2153 4025 2445 4092; x_wconf 77' lang='lat' dir='ltr'><strong>exercitus,</strong></span> <span class='ocrx_word' id='word_1_680' title='bbox 2478 4042 2588 4082; x_wconf 91' lang='lat' dir='ltr'><strong>non</strong></span> <span class='ocrx_word' id='word_1_681' title='bbox 2632 4026 2799 4082; x_wconf 87' lang='lat' dir='ltr'><strong>stabit</strong></span> <span class='ocrx_word' id='word_1_682' title='bbox 2850 4026 3160 4096; x_wconf 89' lang='lat' dir='ltr'><strong>imperium.</strong></span> <span class='ocrx_word' id='word_1_683' title='bbox 3208 4025 3351 4091; x_wconf 87' lang='lat' dir='ltr'><strong>Quin</strong></span> 
     </span>
    </p>
   </div>
   <div class='ocr_carea' id='block_1_88' title="bbox 1790 4117 3353 4193">
    <p class='ocr_par' dir='ltr' id='par_1_88' title="bbox 1790 4117 3353 4193">
     <span class='ocr_line' id='line_1_88' title="bbox 1790 4117 3353 4193; baseline -0.004 -15"><span class='ocrx_word' id='word_1_684' title='bbox 1790 4124 1951 4178; x_wconf 87' lang='lat' dir='ltr'><strong>etiam</strong></span> <span class='ocrx_word' id='word_1_685' title='bbox 1985 4138 2086 4177; x_wconf 90' lang='lat' dir='ltr'><strong>nec</strong></span> <span class='ocrx_word' id='word_1_686' title='bbox 2127 4122 2413 4193; x_wconf 81' lang='lat' dir='ltr'><strong>episcopus</strong></span> <span class='ocrx_word' id='word_1_687' title='bbox 2460 4120 2516 4174; x_wconf 91' lang='lat' dir='ltr'><strong>in</strong></span> <span class='ocrx_word' id='word_1_688' title='bbox 2564 4119 2823 4174; x_wconf 88' lang='lat' dir='ltr'><strong>diaconos</strong></span> <span class='ocrx_word' id='word_1_689' title='bbox 2865 4118 2950 4172; x_wconf 88' lang='lat' dir='ltr'><strong>vel</strong></span> <span class='ocrx_word' id='word_1_690' title='bbox 3007 4117 3353 4187; x_wconf 85' lang='lat' dir='ltr'><strong>presbyteros</strong></span> 
     </span>
    </p>
   </div>
   <div class='ocr_carea' id='block_1_89' title="bbox 1790 4208 3352 4284">
    <p class='ocr_par' dir='ltr' id='par_1_89' title="bbox 1790 4208 3352 4284">
     <span class='ocr_line' id='line_1_89' title="bbox 1790 4208 3352 4284; baseline -0.004 -15"><span class='ocrx_word' id='word_1_691' title='bbox 1790 4216 2011 4271; x_wconf 85' lang='lat' dir='ltr'><strong>extollat</strong></span> <span class='ocrx_word' id='word_1_692' title='bbox 2027 4231 2118 4281; x_wconf 91' lang='lat' dir='ltr'><strong>se,</strong></span> <span class='ocrx_word' id='word_1_693' title='bbox 2151 4230 2249 4270; x_wconf 91' lang='lat' dir='ltr'><strong>nec</strong></span> <span class='ocrx_word' id='word_1_694' title='bbox 2268 4212 2566 4284; x_wconf 84' lang='lat' dir='ltr'><strong>presbyteri</strong></span> <span class='ocrx_word' id='word_1_695' title='bbox 2591 4208 2643 4267; x_wconf 92' lang='lat' dir='ltr'><strong>in</strong></span> <span class='ocrx_word' id='word_1_696' title='bbox 2677 4211 2885 4281; x_wconf 88' lang='lat' dir='ltr'><strong>plebem</strong></span> <span class='ocrx_word' id='word_1_697' title='bbox 2916 4228 2931 4265; x_wconf 87' lang='lat'><strong>:</strong></span> <span class='ocrx_word' id='word_1_698' title='bbox 2968 4225 3035 4264; x_wconf 79' lang='lat' dir='ltr'><strong>ex</strong></span> <span class='ocrx_word' id='word_1_699' title='bbox 3104 4210 3352 4279; x_wconf 87' lang='lat' dir='ltr'><strong>utrisque</strong></span> 
     </span>
    </p>
   </div>
   <div class='ocr_carea' id='block_1_90' title="bbox 1790 4299 3353 4371">
    <p class='ocr_par' dir='ltr' id='par_1_90' title="bbox 1790 4299 3353 4371">
     <span class='ocr_line' id='line_1_90' title="bbox 1790 4299 3353 4371; baseline -0.004 -12"><span class='ocrx_word' id='word_1_700' title='bbox 1790 4306 1934 4359; x_wconf 86' lang='lat' dir='ltr'><strong>enim</strong></span> <span class='ocrx_word' id='word_1_701' title='bbox 1969 4314 2142 4360; x_wconf 67' lang='lat' dir='ltr'><strong>coetus</strong></span> <span class='ocrx_word' id='word_1_702' title='bbox 2181 4302 2503 4371; x_wconf 90' lang='lat' dir='ltr'><strong>compositio</strong></span> <span class='ocrx_word' id='word_1_703' title='bbox 2542 4310 2737 4356; x_wconf 84' lang='lat' dir='ltr'><strong>exstat.</strong></span> <span class='ocrx_word' id='word_1_704' title='bbox 2775 4299 3027 4370; x_wconf 84' lang='lat' dir='ltr'><strong>EpiscOpi</strong></span> <span class='ocrx_word' id='word_1_705' title='bbox 3055 4299 3256 4371; x_wconf 89' lang='lat' dir='ltr'><strong>quippe</strong></span> <span class='ocrx_word' id='word_1_706' title='bbox 3287 4313 3353 4353; x_wconf 89' lang='lat' dir='ltr'><strong>ac</strong></span> 
     </span>
    </p>
   </div>
   <div class='ocr_carea' id='block_1_91' title="bbox 1791 4391 3353 4469">
    <p class='ocr_par' dir='ltr' id='par_1_91' title="bbox 1791 4391 3353 4469">
     <span class='ocr_line' id='line_1_91' title="bbox 1791 4391 3353 4469; baseline -0.006 -16"><span class='ocrx_word' id='word_1_707' title='bbox 1791 4397 2109 4469; x_wconf 74' lang='lat' dir='ltr'><strong>presbyteri,</strong></span> <span class='ocrx_word' id='word_1_708' title='bbox 2157 4394 2519 4466; x_wconf 86' lang='lat' dir='ltr'><strong>quorumdam</strong></span> <span class='ocrx_word' id='word_1_709' title='bbox 2569 4404 2697 4449; x_wconf 91' lang='lat' dir='ltr'><strong>sunt</strong></span> <span class='ocrx_word' id='word_1_710' title='bbox 2737 4393 3067 4457; x_wconf 80' lang='lat' dir='ltr'><strong>sacerdotes,</strong></span> <span class='ocrx_word' id='word_1_711' title='bbox 3117 4400 3172 4447; x_wconf 86' lang='lat' dir='ltr'><strong>et</strong></span> <span class='ocrx_word' id='word_1_712' title='bbox 3208 4391 3353 4452; x_wconf 90' lang='lat' dir='ltr'><strong>laici,</strong></span> 
     </span>
    </p>
   </div>
   <div class='ocr_carea' id='block_1_92' title="bbox 88 4474 1638 4562">
    <p class='ocr_par' dir='ltr' id='par_1_92' title="bbox 88 4482 1635 4562">
     <span class='ocr_line' id='line_1_92' title="bbox 88 4482 1635 4562; baseline -0.001 -18"><span class='ocrx_word' id='word_1_713' title='bbox 88 4491 219 4562; x_wconf 76' lang='grc' dir='ltr'><strong>θεῷ</strong></span> <span class='ocrx_word' id='word_1_714' title='bbox 243 4486 317 4543; x_wconf 80' lang='grc' dir='ltr'><strong>τὰ</strong></span> <span class='ocrx_word' id='word_1_715' title='bbox 344 4489 678 4562; x_wconf 82' lang='grc' dir='ltr'>χαρίσματα.</span> <span class='ocrx_word' id='word_1_716' title='bbox 710 4488 894 4541; x_wconf 78' lang='grc' dir='ltr'>Ταῦτα</span> <span class='ocrx_word' id='word_1_717' title='bbox 928 4488 1024 4560; x_wconf 78' lang='grc' dir='ltr'>μὲν</span> <span class='ocrx_word' id='word_1_718' title='bbox 1075 4486 1169 4544; x_wconf 82' lang='grc' dir='ltr'><strong>οὖν</strong></span> <span class='ocrx_word' id='word_1_719' title='bbox 1208 4482 1300 4543; x_wconf 71' lang='grc' dir='ltr'><strong>ἐπὶ</strong></span> <span class='ocrx_word' id='word_1_720' title='bbox 1331 4488 1578 4542; x_wconf 79' lang='grc' dir='ltr'>τοσοῦτον</span> <span class='ocrx_word' id='word_1_721' title='bbox 1609 4506 1635 4542; x_wconf 89' lang='grc' dir='ltr'>ε</span> 
     </span>
    </p>
   </div>
   <div class='ocr_carea' id='block_1_93' title="bbox 1786 4474 3352 4562">
    <p class='ocr_par' dir='ltr' id='par_1_93' title="bbox 1790 4485 3352 4557">
     <span class='ocr_line' id='line_1_93' title="bbox 1790 4485 3352 4557; baseline -0.008 -11"><span class='ocrx_word' id='word_1_722' title='bbox 1790 4491 2151 4555; x_wconf 84' lang='lat' dir='ltr'><strong>quorumdam</strong></span> <span class='ocrx_word' id='word_1_723' title='bbox 2171 4498 2298 4545; x_wconf 89' lang='lat' dir='ltr'><strong>sunt</strong></span> <span class='ocrx_word' id='word_1_724' title='bbox 2315 4489 2438 4546; x_wconf 87' lang='lat' dir='ltr'><strong>laici</strong></span> <span class='ocrx_word' id='word_1_725' title='bbox 2457 4504 2471 4554; x_wconf 90' lang='lat'><strong>;</strong></span> <span class='ocrx_word' id='word_1_726' title='bbox 2490 4502 2555 4543; x_wconf 88' lang='lat' dir='ltr'><strong>ac</strong></span> <span class='ocrx_word' id='word_1_727' title='bbox 2578 4502 2699 4543; x_wconf 89' lang='lat' dir='ltr'><strong>esse</strong></span> <span class='ocrx_word' id='word_1_728' title='bbox 2717 4487 2937 4557; x_wconf 88' lang='lat' dir='ltr'><strong>quidem</strong></span> <span class='ocrx_word' id='word_1_729' title='bbox 2960 4485 3352 4545; x_wconf 85' lang='lat' dir='ltr'><strong>Christianum,</strong></span> 
     </span>
    </p>
   </div>
   <div class='ocr_carea' id='block_1_94' title="bbox 87 4574 1681 4656">
    <p class='ocr_par' dir='ltr' id='par_1_94' title="bbox 87 4574 1681 4656">
     <span class='ocr_line' id='line_1_94' title="bbox 87 4574 1681 4656; baseline -0.001 -19"><span class='ocrx_word' id='word_1_730' title='bbox 87 4583 293 4656; x_wconf 84' lang='grc' dir='ltr'>ρήσθω</span> <span class='ocrx_word' id='word_1_731' title='bbox 315 4582 405 4636; x_wconf 82' lang='grc' dir='ltr'><strong>διὰ</strong></span> <span class='ocrx_word' id='word_1_732' title='bbox 421 4581 549 4645; x_wconf 77' lang='grc' dir='ltr'>τοὺς</span> <span class='ocrx_word' id='word_1_733' title='bbox 576 4581 906 4648; x_wconf 83' lang='grc' dir='ltr'>ἀξιωθέντας</span> <span class='ocrx_word' id='word_1_734' title='bbox 925 4581 1321 4653; x_wconf 82' lang='grc' dir='ltr'>χαρισμάτωνῆ</span> <span class='ocrx_word' id='word_1_735' title='bbox 1337 4574 1681 4653; x_wconf 76' lang='grc' dir='ltr'>ἀξιωμάτων.</span> 
     </span>
    </p>
   </div>
   <div class='ocr_carea' id='block_1_95' title="bbox 1790 4567 3357 4645">
    <p class='ocr_par' dir='ltr' id='par_1_95' title="bbox 1790 4567 3357 4645">
     <span class='ocr_line' id='line_1_95' title="bbox 1790 4567 3357 4645; baseline -0.011 -9"><span class='ocrx_word' id='word_1_736' title='bbox 1790 4581 1845 4636; x_wconf 90' lang='lat' dir='ltr'><strong>in</strong></span> <span class='ocrx_word' id='word_1_737' title='bbox 1885 4588 2071 4636; x_wconf 89' lang='lat' dir='ltr'><strong>nostra</strong></span> <span class='ocrx_word' id='word_1_738' title='bbox 2117 4575 2372 4633; x_wconf 87' lang='lat' dir='ltr'><strong>consistit</strong></span> <span class='ocrx_word' id='word_1_739' title='bbox 2410 4575 2718 4645; x_wconf 83' lang='lat' dir='ltr'><strong>potestate;</strong></span> <span class='ocrx_word' id='word_1_740' title='bbox 2768 4576 2825 4626; x_wconf 88' lang='lat' dir='ltr'><strong>at</strong></span> <span class='ocrx_word' id='word_1_741' title='bbox 2855 4584 2979 4627; x_wconf 89' lang='lat' dir='ltr'><strong>esse</strong></span> <span class='ocrx_word' id='word_1_742' title='bbox 3009 4567 3357 4640; x_wconf 88' lang='lat' dir='ltr'><strong>apostolum,</strong></span> 
     </span>
    </p>
   </div>
   <div class='ocr_carea' id='block_1_96' title="bbox 88 4662 3359 4755">
    <p class='ocr_par' dir='ltr' id='par_1_96' title="bbox 88 4662 3359 4755">
     <span class='ocr_line' id='line_1_96' title="bbox 88 4662 3359 4755; baseline -0.005 -26"><span class='ocrx_word' id='word_1_743' title='bbox 88 4684 189 4730; x_wconf 88' lang='lat' dir='ltr'><strong>aut</strong></span> <span class='ocrx_word' id='word_1_744' title='bbox 222 4676 570 4746; x_wconf 88' lang='lat' dir='ltr'><strong>episcopum,</strong></span> <span class='ocrx_word' id='word_1_745' title='bbox 626 4682 720 4728; x_wconf 86' lang='lat' dir='ltr'><strong>aut</strong></span> <span class='ocrx_word' id='word_1_746' title='bbox 748 4674 879 4744; x_wconf 88' lang='lat' dir='ltr'><strong>quid</strong></span> <span class='ocrx_word' id='word_1_747' title='bbox 906 4673 1104 4737; x_wconf 88' lang='lat' dir='ltr'><strong>simile,</strong></span> <span class='ocrx_word' id='word_1_748' title='bbox 1153 4682 1356 4729; x_wconf 65' lang='lat' dir='ltr'><strong>nostra:</strong></span> <span class='ocrx_word' id='word_1_749' title='bbox 1414 4684 1523 4729; x_wconf 83' lang='lat' dir='ltr'><strong>n0n</strong></span> <span class='ocrx_word' id='word_1_750' title='bbox 1571 4681 1656 4731; x_wconf 87' lang='lat' dir='ltr'><strong>est</strong></span> <span class='ocrx_word' id='word_1_751' title='bbox 1700 4673 2008 4744; x_wconf 86' lang='lat' dir='ltr'><strong>potestatis,</strong></span> <span class='ocrx_word' id='word_1_752' title='bbox 2048 4683 2239 4755; x_wconf 83' lang='lat' dir='ltr'><strong>verum</strong></span> <span class='ocrx_word' id='word_1_753' title='bbox 2281 4668 2350 4723; x_wconf 90' lang='lat' dir='ltr'><strong>ad</strong></span> <span class='ocrx_word' id='word_1_754' title='bbox 2387 4668 2559 4722; x_wconf 88' lang='lat' dir='ltr'><strong>Deum</strong></span> <span class='ocrx_word' id='word_1_755' title='bbox 2599 4665 2912 4736; x_wconf 82' lang='lat' dir='ltr'><strong>largitorem</strong></span> <span class='ocrx_word' id='word_1_756' title='bbox 2963 4662 3359 4755; x_wconf 76' lang='lat' dir='ltr'><strong>charismatum</strong></span> 
     </span>
    </p>
   </div>
   <div class='ocr_carea' id='block_1_97' title="bbox 85 4752 3361 4839">
    <p class='ocr_par' dir='ltr' id='par_1_97' title="bbox 85 4752 3361 4839">
     <span class='ocr_line' id='line_1_97' title="bbox 85 4752 3361 4839; baseline -0.005 -17"><span class='ocrx_word' id='word_1_757' title='bbox 85 4769 357 4839; x_wconf 88' lang='lat' dir='ltr'><strong>pertinet.</strong></span> <span class='ocrx_word' id='word_1_758' title='bbox 383 4765 509 4821; x_wconf 60' lang='lat' dir='ltr'><strong>llaec</strong></span> <span class='ocrx_word' id='word_1_759' title='bbox 527 4765 691 4836; x_wconf 84' lang='lat' dir='ltr'><strong>igitur</strong></span> <span class='ocrx_word' id='word_1_760' title='bbox 708 4766 971 4822; x_wconf 89' lang='lat' dir='ltr'><strong>hactenus</strong></span> <span class='ocrx_word' id='word_1_761' title='bbox 1001 4766 1148 4821; x_wconf 87' lang='lat' dir='ltr'><strong>dicta</strong></span> <span class='ocrx_word' id='word_1_762' title='bbox 1200 4765 1334 4831; x_wconf 92' lang='lat' dir='ltr'><strong>sint,</strong></span> <span class='ocrx_word' id='word_1_763' title='bbox 1378 4773 1598 4837; x_wconf 87' lang='lat' dir='ltr'><strong>propter</strong></span> <span class='ocrx_word' id='word_1_764' title='bbox 1646 4782 1740 4823; x_wconf 90' lang='lat' dir='ltr'><strong>eos</strong></span> <span class='ocrx_word' id='word_1_765' title='bbox 1790 4767 1883 4839; x_wconf 90' lang='lat' dir='ltr'><strong>qui</strong></span> <span class='ocrx_word' id='word_1_766' title='bbox 1914 4764 2065 4836; x_wconf 87' lang='lat' dir='ltr'><strong>digni</strong></span> <span class='ocrx_word' id='word_1_767' title='bbox 2102 4752 2274 4817; x_wconf 86' lang='lat' dir='ltr'><strong>habiti</strong></span> <span class='ocrx_word' id='word_1_768' title='bbox 2307 4768 2435 4816; x_wconf 87' lang='lat' dir='ltr'><strong>sunt</strong></span> <span class='ocrx_word' id='word_1_769' title='bbox 2486 4766 2546 4814; x_wconf 89' lang='lat' dir='ltr'><strong>ut</strong></span> <span class='ocrx_word' id='word_1_770' title='bbox 2600 4756 2930 4812; x_wconf 81' lang='lat' dir='ltr'><strong>charismata</strong></span> <span class='ocrx_word' id='word_1_771' title='bbox 2956 4753 3041 4810; x_wconf 88' lang='lat' dir='ltr'><strong>vel</strong></span> <span class='ocrx_word' id='word_1_772' title='bbox 3070 4752 3361 4822; x_wconf 81' lang='lat' dir='ltr'><strong>dignitates</strong></span> 
     </span>
    </p>
   </div>
   <div class='ocr_carea' id='block_1_98' title="bbox 85 4861 440 4930">
    <p class='ocr_par' dir='ltr' id='par_1_98' title="bbox 85 4861 440 4930">
     <span class='ocr_line' id='line_1_98' title="bbox 85 4861 440 4930; baseline 0.008 -16"><span class='ocrx_word' id='word_1_773' title='bbox 85 4861 440 4930; x_wconf 86' lang='lat' dir='ltr'><strong>acciperent.</strong></span> 
     </span>
    </p>
   </div>
   <div class='ocr_carea' id='block_1_99' title="bbox 638 4942 1148 5001">
    <p class='ocr_par' dir='ltr' id='par_1_99' title="bbox 638 4942 1148 5001">
     <span class='ocr_line' id='line_1_99' title="bbox 638 4942 1148 5001; baseline -0.004 0"><span class='ocrx_word' id='word_1_774' title='bbox 638 4942 1035 5001; x_wconf 77' lang='grc' dir='ltr'><strong>ΚΕΦΑΛΑΙΟΝ</strong></span> <span class='ocrx_word' id='word_1_775' title='bbox 1073 4948 1148 5000; x_wconf 84' lang='grc' dir='ltr'><strong>Β’.</strong></span> 
     </span>
    </p>
   </div>
   <div class='ocr_carea' id='block_1_100' title="bbox 266 5038 1517 5109">
    <p class='ocr_par' dir='ltr' id='par_1_100' title="bbox 266 5038 1517 5109">
     <span class='ocr_line' id='line_1_100' title="bbox 266 5038 1517 5109; baseline -0.002 -14"><span class='ocrx_word' id='word_1_776' title='bbox 266 5038 410 5109; x_wconf 77' lang='grc' dir='ltr'><strong>Περὶ</strong></span> <span class='ocrx_word' id='word_1_777' title='bbox 442 5039 561 5094; x_wconf 77' lang='grc' dir='ltr'>τῶν</span> <span class='ocrx_word' id='word_1_778' title='bbox 590 5039 936 5093; x_wconf 77' lang='grc' dir='ltr'>ἐπισκόπων</span> <span class='ocrx_word' id='word_1_779' title='bbox 967 5040 1065 5091; x_wconf 72' lang='grc' dir='ltr'>καὶ</span> <span class='ocrx_word' id='word_1_780' title='bbox 1103 5038 1517 5108; x_wconf 75' lang='grc' dir='ltr'>πρεσϐυτέρων</span> 
     </span>
    </p>
   </div>
   <div class='ocr_carea' id='block_1_101' title="bbox 686 5108 1108 5191">
    <p class='ocr_par' dir='ltr' id='par_1_101' title="bbox 686 5108 1108 5191">
     <span class='ocr_line' id='line_1_101' title="bbox 686 5108 1108 5191; baseline -0.005 -27"><span class='ocrx_word' id='word_1_781' title='bbox 686 5110 950 5175; x_wconf 72' lang='grc' dir='ltr'>ἀναξίων</span> <span class='ocrx_word' id='word_1_782' title='bbox 978 5108 1108 5191; x_wconf 78' lang='lat'><strong>(79).</strong></span> 
     </span>
    </p>
   </div>
   <div class='ocr_carea' id='block_1_102' title="bbox 92 5164 1678 5275">
    <p class='ocr_par' dir='ltr' id='par_1_102' title="bbox 92 5164 1678 5275">
     <span class='ocr_line' id='line_1_102' title="bbox 92 5164 1678 5275; baseline -0.005 -13"><span class='ocrx_word' id='word_1_783' title='bbox 92 5204 325 5261; x_wconf 74' lang='grc' dir='ltr'>Ἐκεῖνο</span> <span class='ocrx_word' id='word_1_784' title='bbox 342 5164 402 5258; x_wconf 68' lang='grc' dir='ltr'>δὲ</span> <span class='ocrx_word' id='word_1_785' title='bbox 431 5202 791 5275; x_wconf 82' lang='grc' dir='ltr'>προστίθεμεν</span> <span class='ocrx_word' id='word_1_786' title='bbox 819 5164 898 5272; x_wconf 75' lang='grc' dir='ltr'>τῷ</span> <span class='ocrx_word' id='word_1_787' title='bbox 920 5164 1083 5272; x_wconf 65' lang='grc' dir='ltr'>λόγῳ,</span> <span class='ocrx_word' id='word_1_788' title='bbox 1104 5203 1186 5255; x_wconf 82' lang='grc' dir='ltr'>ὅτι</span> <span class='ocrx_word' id='word_1_789' title='bbox 1218 5170 1341 5255; x_wconf 71' lang='grc' dir='ltr'>ούτε</span> <span class='ocrx_word' id='word_1_790' title='bbox 1365 5203 1471 5266; x_wconf 78' lang='grc' dir='ltr'>πᾶς</span> <span class='ocrx_word' id='word_1_791' title='bbox 1497 5204 1525 5256; x_wconf 90' lang='lat'><strong>6</strong></span> <span class='ocrx_word' id='word_1_792' title='bbox 1542 5211 1678 5273; x_wconf 65' lang='grc' dir='ltr'>προι</span> 
     </span>
    </p>
   </div>
   <div class='ocr_carea' id='block_1_103' title="bbox 163 5306 1638 5387">
    <p class='ocr_par' dir='ltr' id='par_1_103' title="bbox 163 5313 1638 5387">
     <span class='ocr_line' id='line_1_103' title="bbox 163 5313 1638 5387; baseline -0.003 -15"><span class='ocrx_word' id='word_1_793' title='bbox 163 5324 185 5352; x_wconf 78' lang='grc'><strong><em>⁸</em></strong></span> <span class='ocrx_word' id='word_1_794' title='bbox 222 5318 400 5374; x_wconf 85' lang='lat' dir='ltr'><strong>lCor.</strong></span> <span class='ocrx_word' id='word_1_795' title='bbox 424 5334 525 5387; x_wconf 81' lang='lat' dir='ltr'><strong>xu,</strong></span> <span class='ocrx_word' id='word_1_796' title='bbox 542 5318 596 5373; x_wconf 87' lang='lat'><strong>8.</strong></span> <span class='ocrx_word' id='word_1_797' title='bbox 671 5315 693 5348; x_wconf 84' lang='grc'>³</span> <span class='ocrx_word' id='word_1_798' title='bbox 722 5315 895 5371; x_wconf 76' lang='lat' dir='ltr'><strong>Exod.</strong></span> <span class='ocrx_word' id='word_1_799' title='bbox 929 5316 1095 5381; x_wconf 78' lang='lat' dir='ltr'><strong>vn,‘l.</strong></span> <span class='ocrx_word' id='word_1_800' title='bbox 1172 5314 1324 5371; x_wconf 68' lang='lat' dir='ltr'><strong>‘Jos.</strong></span> <span class='ocrx_word' id='word_1_801' title='bbox 1359 5330 1413 5370; x_wconf 74' lang='grc' dir='ltr'>ι.</span> <span class='ocrx_word' id='word_1_802' title='bbox 1500 5313 1638 5367; x_wconf 45' lang='grc' dir='ltr'>ι-ιιιι</span> 
     </span>
    </p>
   </div>
   <div class='ocr_carea' id='block_1_104' title="bbox 1786 5306 2476 5387">
    <p class='ocr_par' dir='ltr' id='par_1_104' title="bbox 1786 5306 2476 5382">
     <span class='ocr_line' id='line_1_104' title="bbox 1786 5306 2476 5382; baseline -0.009 -15"><span class='ocrx_word' id='word_1_803' title='bbox 1786 5326 1814 5382; x_wconf 71' lang='grc' dir='ltr'>ς.</span> <span class='ocrx_word' id='word_1_804' title='bbox 1843 5327 1959 5374; x_wconf 76' lang='lat' dir='ltr'><strong>xu,</strong></span> <span class='ocrx_word' id='word_1_805' title='bbox 1987 5311 2085 5375; x_wconf 78' lang='lat'><strong>18;</strong></span> <span class='ocrx_word' id='word_1_806' title='bbox 2140 5308 2296 5363; x_wconf 80' lang='lat' dir='ltr'><strong>Rom.</strong></span> <span class='ocrx_word' id='word_1_807' title='bbox 2322 5323 2398 5371; x_wconf 71' lang='lat' dir='ltr'><strong>at,</strong></span> <span class='ocrx_word' id='word_1_808' title='bbox 2422 5306 2476 5362; x_wconf 78' lang='grc' dir='ltr'><strong>ιι.</strong></span> 
     </span>
    </p>
   </div>
   <div class='ocr_carea' id='block_1_105' title="bbox 81 5405 346 5455">
    <p class='ocr_par' dir='ltr' id='par_1_105' title="bbox 81 5405 346 5455">
     <span class='ocr_line' id='line_1_105' title="bbox 81 5405 346 5455; baseline 0 -8"><span class='ocrx_word' id='word_1_809' title='bbox 81 5405 211 5455; x_wconf 70' lang='lat' dir='ltr'><strong>xxv.</strong></span> <span class='ocrx_word' id='word_1_810' title='bbox 253 5405 346 5447; x_wconf 86' lang='grc' dir='ltr'>ιιι.</span> 
     </span>
    </p>
   </div>
   <div class='ocr_carea' id='block_1_106' title="bbox 2391 4937 2740 4997">
    <p class='ocr_par' dir='ltr' id='par_1_106' title="bbox 2391 4937 2740 4997">
     <span class='ocr_line' id='line_1_106' title="bbox 2391 4937 2740 4997; baseline -0.009 -1"><span class='ocrx_word' id='word_1_811' title='bbox 2391 4939 2621 4997; x_wconf 84' lang='lat' dir='ltr'><strong>CAPUT</strong></span> <span class='ocrx_word' id='word_1_812' title='bbox 2679 4937 2740 4993; x_wconf 94' lang='lat' dir='ltr'><strong>ll.</strong></span> 
     </span>
    </p>
   </div>
   <div class='ocr_carea' id='block_1_107' title="bbox 2044 5025 3097 5105">
    <p class='ocr_par' dir='ltr' id='par_1_107' title="bbox 2044 5025 3097 5105">
     <span class='ocr_line' id='line_1_107' title="bbox 2044 5025 3097 5105; baseline -0.011 -16"><span class='ocrx_word' id='word_1_813' title='bbox 2044 5036 2120 5091; x_wconf 82' lang='lat' dir='ltr'><strong>De</strong></span> <span class='ocrx_word' id='word_1_814' title='bbox 2139 5034 2396 5105; x_wconf 80' lang='lat' dir='ltr'><strong>episcopis</strong></span> <span class='ocrx_word' id='word_1_815' title='bbox 2426 5042 2476 5086; x_wconf 89' lang='lat' dir='ltr'><strong>et</strong></span> <span class='ocrx_word' id='word_1_816' title='bbox 2498 5029 2816 5101; x_wconf 80' lang='lat' dir='ltr'><strong>presbyteris</strong></span> <span class='ocrx_word' id='word_1_817' title='bbox 2846 5025 3097 5095; x_wconf 70' lang='lat' dir='ltr'><strong>indignas.</strong></span> 
     </span>
    </p>
   </div>
   <div class='ocr_carea' id='block_1_108' title="bbox 1852 5184 3363 5259">
    <p class='ocr_par' dir='ltr' id='par_1_108' title="bbox 1852 5184 3363 5259">
     <span class='ocr_line' id='line_1_108' title="bbox 1852 5184 3363 5259; baseline -0.006 -8"><span class='ocrx_word' id='word_1_818' title='bbox 1852 5192 1986 5251; x_wconf 86' lang='lat' dir='ltr'><strong>Illud</strong></span> <span class='ocrx_word' id='word_1_819' title='bbox 2004 5212 2132 5254; x_wconf 85' lang='lat' dir='ltr'><strong>vero</strong></span> <span class='ocrx_word' id='word_1_820' title='bbox 2158 5193 2395 5250; x_wconf 85' lang='lat' dir='ltr'><strong>sermoni</strong></span> <span class='ocrx_word' id='word_1_821' title='bbox 2418 5188 2857 5259; x_wconf 88' lang='lat' dir='ltr'><strong>addlmus;quod</strong></span> <span class='ocrx_word' id='word_1_822' title='bbox 2886 5202 2987 5241; x_wconf 88' lang='lat' dir='ltr'><strong>nec</strong></span> <span class='ocrx_word' id='word_1_823' title='bbox 3010 5186 3187 5242; x_wconf 83' lang='lat' dir='ltr'><strong>omnis</strong></span> <span class='ocrx_word' id='word_1_824' title='bbox 3247 5184 3363 5253; x_wconf 83' lang='lat' dir='ltr'><strong>qui.</strong></span> 
     </span>
    </p>
   </div>
   <div class='ocr_carea' id='block_1_109' title="bbox 2577 5291 3361 5373">
    <p class='ocr_par' dir='ltr' id='par_1_109' title="bbox 2577 5291 3361 5373">
     <span class='ocr_line' id='line_1_109' title="bbox 2577 5291 3361 5373; baseline -0.004 -14"><span class='ocrx_word' id='word_1_825' title='bbox 2577 5292 2685 5359; x_wconf 64' lang='grc' dir='ltr'><strong>’Ν</strong></span> <span class='ocrx_word' id='word_1_826' title='bbox 2715 5302 2850 5373; x_wconf 77' lang='lat' dir='ltr'><strong>Reg.</strong></span> <span class='ocrx_word' id='word_1_827' title='bbox 2880 5318 2951 5357; x_wconf 81' lang='lat' dir='ltr'><strong>vt.</strong></span> <span class='ocrx_word' id='word_1_828' title='bbox 3058 5294 3081 5333; x_wconf 71' lang='grc'><strong><em>⁸</em></strong></span> <span class='ocrx_word' id='word_1_829' title='bbox 3116 5291 3255 5357; x_wconf 84' lang='lat' dir='ltr'><strong>Dan.</strong></span> <span class='ocrx_word' id='word_1_830' title='bbox 3286 5317 3361 5368; x_wconf 75' lang='lat' dir='ltr'><strong>vr,</strong></span> 
     </span>
    </p>
   </div>
   <div class='ocr_carea' id='block_1_110' title="bbox 1412 5478 2037 5553">
    <p class='ocr_par' dir='ltr' id='par_1_110' title="bbox 1412 5478 2037 5553">
     <span class='ocr_line' id='line_1_110' title="bbox 1412 5478 2037 5553; baseline 0 -3"><span class='ocrx_word' id='word_1_831' title='bbox 1412 5487 1774 5552; x_wconf 79' lang='lat' dir='ltr'><strong>VARIORUM</strong></span> <span class='ocrx_word' id='word_1_832' title='bbox 1790 5478 2037 5553; x_wconf 68' lang='lat' dir='ltr'><strong>Nom.</strong></span> 
     </span>
    </p>
   </div>
   <div class='ocr_carea' id='block_1_111' title="bbox 72 5591 1683 5668">
    <p class='ocr_par' dir='ltr' id='par_1_111' title="bbox 72 5591 1683 5668">
     <span class='ocr_line' id='line_1_111' title="bbox 72 5591 1683 5668; baseline -0.004 -18"><span class='ocrx_word' id='word_1_833' title='bbox 72 5612 83 5619; x_wconf 71' lang='grc'><strong>’</strong></span> <span class='ocrx_word' id='word_1_834' title='bbox 161 5591 293 5668; x_wconf 78' lang='grc' dir='ltr'>(τε)</span> <span class='ocrx_word' id='word_1_835' title='bbox 321 5592 437 5668; x_wconf 69' lang='grc' dir='ltr'>ιςαι</span> <span class='ocrx_word' id='word_1_836' title='bbox 467 5595 499 5668; x_wconf 71' lang='lat' dir='ltr'><strong>d</strong></span> <span class='ocrx_word' id='word_1_837' title='bbox 523 5593 664 5668; x_wconf 57' lang='grc' dir='ltr'>μὲν,</span> <span class='ocrx_word' id='word_1_838' title='bbox 688 5594 1015 5668; x_wconf 58' lang='grc' dir='ltr'>ἀρχιερεύςι</span> <span class='ocrx_word' id='word_1_839' title='bbox 1079 5591 1255 5660; x_wconf 82' lang='lat' dir='ltr'><strong>Super</strong></span> <span class='ocrx_word' id='word_1_840' title='bbox 1292 5591 1493 5668; x_wconf 76' lang='lat' dir='ltr'><strong>celebri</strong></span> <span class='ocrx_word' id='word_1_841' title='bbox 1534 5607 1683 5661; x_wconf 73' lang='lat' dir='ltr'><strong>qua:-</strong></span> 
     </span>
    </p>
   </div>
   <div class='ocr_carea' id='block_1_112' title="bbox 86 5662 1682 5732">
    <p class='ocr_par' dir='ltr' id='par_1_112' title="bbox 86 5662 1682 5732">
     <span class='ocr_line' id='line_1_112' title="bbox 86 5662 1682 5732; baseline -0.004 -9"><span class='ocrx_word' id='word_1_842' title='bbox 86 5662 313 5727; x_wconf 78' lang='lat' dir='ltr'><strong>atione,</strong></span> <span class='ocrx_word' id='word_1_843' title='bbox 351 5663 591 5720; x_wconf 79' lang='lat' dir='ltr'><strong>fueritne</strong></span> <span class='ocrx_word' id='word_1_844' title='bbox 632 5662 850 5718; x_wconf 86' lang='lat' dir='ltr'><strong>Samuel</strong></span> <span class='ocrx_word' id='word_1_845' title='bbox 890 5678 1138 5719; x_wconf 85' lang='lat' dir='ltr'><strong>summus</strong></span> <span class='ocrx_word' id='word_1_846' title='bbox 1192 5662 1455 5732; x_wconf 83' lang='lat' dir='ltr'><strong>pontifex.</strong></span> <span class='ocrx_word' id='word_1_847' title='bbox 1498 5676 1682 5717; x_wconf 72' lang='lat' dir='ltr'><strong>sacer-</strong></span> 
     </span>
    </p>
   </div>
   <div class='ocr_carea' id='block_1_113' title="bbox 87 5733 1682 5797">
    <p class='ocr_par' dir='ltr' id='par_1_113' title="bbox 87 5733 1682 5797">
     <span class='ocr_line' id='line_1_113' title="bbox 87 5733 1682 5797; baseline -0.001 -7"><span class='ocrx_word' id='word_1_848' title='bbox 87 5739 198 5793; x_wconf 76' lang='lat' dir='ltr'><strong>dos</strong></span> <span class='ocrx_word' id='word_1_849' title='bbox 236 5741 483 5790; x_wconf 85' lang='lat' dir='ltr'><strong>tantum.</strong></span> <span class='ocrx_word' id='word_1_850' title='bbox 525 5748 593 5786; x_wconf 89' lang='lat' dir='ltr'><strong>an</strong></span> <span class='ocrx_word' id='word_1_851' title='bbox 630 5734 794 5787; x_wconf 86' lang='lat' dir='ltr'><strong>levita</strong></span> <span class='ocrx_word' id='word_1_852' title='bbox 834 5748 1043 5797; x_wconf 87' lang='lat' dir='ltr'><strong>merus,</strong></span> <span class='ocrx_word' id='word_1_853' title='bbox 1077 5733 1247 5787; x_wconf 90' lang='lat' dir='ltr'><strong>multa</strong></span> <span class='ocrx_word' id='word_1_854' title='bbox 1275 5749 1305 5787; x_wconf 90' lang='lat' dir='ltr'><strong>a</strong></span> <span class='ocrx_word' id='word_1_855' title='bbox 1336 5734 1523 5788; x_wconf 90' lang='lat' dir='ltr'><strong>multis</strong></span> <span class='ocrx_word' id='word_1_856' title='bbox 1545 5734 1682 5788; x_wconf 68' lang='lat' dir='ltr'><strong>seri-</strong></span> 
     </span>
    </p>
   </div>
   <div class='ocr_carea' id='block_1_114' title="bbox 84 5803 1519 5873">
    <p class='ocr_par' dir='ltr' id='par_1_114' title="bbox 84 5803 1519 5873">
     <span class='ocr_line' id='line_1_114' title="bbox 84 5803 1519 5873; baseline -0.007 -5"><span class='ocrx_word' id='word_1_857' title='bbox 84 5828 140 5868; x_wconf 87' lang='lat' dir='ltr'><strong>ta</strong></span> <span class='ocrx_word' id='word_1_858' title='bbox 214 5817 377 5869; x_wconf 83' lang='lat' dir='ltr'><strong>sunt,</strong></span> <span class='ocrx_word' id='word_1_859' title='bbox 408 5819 531 5872; x_wconf 78' lang='lat' dir='ltr'><strong>qua:</strong></span> <span class='ocrx_word' id='word_1_860' title='bbox 570 5804 813 5873; x_wconf 84' lang='lat' dir='ltr'><strong>proferre</strong></span> <span class='ocrx_word' id='word_1_861' title='bbox 838 5803 973 5857; x_wconf 81' lang='lat' dir='ltr'><strong>nihil</strong></span> <span class='ocrx_word' id='word_1_862' title='bbox 1001 5812 1082 5858; x_wconf 90' lang='lat' dir='ltr'><strong>est</strong></span> <span class='ocrx_word' id='word_1_863' title='bbox 1106 5819 1350 5860; x_wconf 82' lang='lat' dir='ltr'><strong>necesse.</strong></span> <span class='ocrx_word' id='word_1_864' title='bbox 1385 5805 1519 5859; x_wconf 68' lang='lat' dir='ltr'><strong>Cor.</strong></span> 
     </span>
    </p>
   </div>
   <div class='ocr_carea' id='block_1_115' title="bbox 438 5896 966 5956">
    <p class='ocr_par' dir='ltr' id='par_1_115' title="bbox 438 5896 966 5956">
     <span class='ocr_line' id='line_1_115' title="bbox 438 5896 966 5956; baseline -0.002 -1"><span class='ocrx_word' id='word_1_865' title='bbox 438 5903 712 5956; x_wconf 65' lang='lat' dir='ltr'><strong>Parnm.</strong></span> <span class='ocrx_word' id='word_1_866' title='bbox 762 5899 875 5956; x_wconf 81' lang='lat' dir='ltr'><strong>Gn.</strong></span> <span class='ocrx_word' id='word_1_867' title='bbox 920 5896 966 5954; x_wconf 71' lang='grc' dir='ltr'><strong>ἴ.</strong></span> 
     </span>
    </p>
   </div>
   <div class='ocr_carea' id='block_1_116' title="bbox 1866 5572 3362 5661">
    <p class='ocr_par' dir='ltr' id='par_1_116' title="bbox 1866 5572 3362 5661">
     <span class='ocr_line' id='line_1_116' title="bbox 1866 5572 3362 5661; baseline -0.007 -16"><span class='ocrx_word' id='word_1_868' title='bbox 1866 5589 1978 5661; x_wconf 90' lang='lat'><strong>(79)</strong></span> <span class='ocrx_word' id='word_1_869' title='bbox 1997 5589 2135 5657; x_wconf 74' lang='grc' dir='ltr'><strong>Περὶ</strong></span> <span class='ocrx_word' id='word_1_870' title='bbox 2162 5586 2299 5650; x_wconf 79' lang='grc' dir='ltr'>τῶν,</span> <span class='ocrx_word' id='word_1_871' title='bbox 2319 5594 2424 5642; x_wconf 91' lang='lat' dir='ltr'><strong>etc.</strong></span> <span class='ocrx_word' id='word_1_872' title='bbox 2450 5572 2880 5661; x_wconf 25' lang='lat' dir='ltr'><strong>Uterqpe‘and.</strong></span> <span class='ocrx_word' id='word_1_873' title='bbox 2913 5580 3091 5661; x_wconf 35' lang='lat' dir='ltr'><strong>code}.</strong></span> <span class='ocrx_word' id='word_1_874' title='bbox 3102 5599 3149 5661; x_wconf 50' lang='grc' dir='ltr'><strong>ι</strong></span> <span class='ocrx_word' id='word_1_875' title='bbox 3163 5582 3281 5639; x_wconf 69' lang='grc' dir='ltr'>Ὀτι</span> <span class='ocrx_word' id='word_1_876' title='bbox 3301 5582 3362 5661; x_wconf 67' lang='grc' dir='ltr'><strong>οὗ</strong></span> 
     </span>
    </p>
   </div>
   <div class='ocr_carea' id='block_1_117' title="bbox 1790 5650 3367 5795">
    <p class='ocr_par' dir='ltr' id='par_1_117' title="bbox 1790 5650 3367 5795">
     <span class='ocr_line' id='line_1_117' title="bbox 1790 5650 3367 5788; baseline -0.007 -75"><span class='ocrx_word' id='word_1_877' title='bbox 1790 5650 2148 5788; x_wconf 39' lang='lat' dir='ltr'><strong>ﬁdat-uicani;</strong></span> <span class='ocrx_word' id='word_1_878' title='bbox 2169 5661 2197 5712; x_wconf 87' lang='lat'><strong>6</strong></span> <span class='ocrx_word' id='word_1_879' title='bbox 2226 5656 2583 5728; x_wconf 73' lang='grc' dir='ltr'>προφητεύων</span> <span class='ocrx_word' id='word_1_880' title='bbox 2604 5650 2643 5726; x_wconf 70' lang='grc' dir='ltr'><strong>’ἢ</strong></span> <span class='ocrx_word' id='word_1_881' title='bbox 2678 5654 2938 5725; x_wconf 79' lang='grc' dir='ltr'>δαίμονας</span> <span class='ocrx_word' id='word_1_882' title='bbox 2964 5650 3238 5708; x_wconf 75' lang='grc' dir='ltr'>ἐκϐάλλων</span> <span class='ocrx_word' id='word_1_883' title='bbox 3276 5650 3367 5703; x_wconf 73' lang='grc' dir='ltr'><strong>εὐι-</strong></span> 
     </span>
     <span class='ocr_line' id='line_1_118' title="bbox 1790 5746 2175 5795; baseline -0.008 -10"><span class='ocrx_word' id='word_1_884' title='bbox 1790 5748 1849 5785; x_wconf 85' lang='grc' dir='ltr'><strong>σε</strong></span> <span class='ocrx_word' id='word_1_885' title='bbox 1926 5749 1973 5795; x_wconf 83' lang='grc' dir='ltr'><strong>ς.</strong></span> <span class='ocrx_word' id='word_1_886' title='bbox 2052 5746 2175 5785; x_wconf 69' lang='lat' dir='ltr'><strong>usa.</strong></span> 
     </span>
    </p>
   </div>
   <div class='ocr_carea' id='block_1_118' title="bbox 2952 5881 3027 5941">
    <p class='ocr_par' dir='ltr' id='par_1_118' title="bbox 2952 5881 3027 5941">
     <span class='ocr_line' id='line_1_119' title="bbox 2952 5881 3027 5941; baseline 0 0"><span class='ocrx_word' id='word_1_887' title='bbox 2952 5881 3027 5941; x_wconf 60' lang='grc'>34</span> 
     </span>
    </p>
   </div>
  </div>
