3812 6350
473 290 599 349 ωτι

1355 290 1412 346 s.
1448 284 1844 345 CLEMENTiS
1877 286 1897 342 ι
1929 283 2094 344 nou.
2126 281 2332 341 rom.
2367 246 2597 341 013m
2630 281 2855 342 DUBIA.

3579 278 3709 335 {07$

466 416 631 481 gatus
664 406 901 478 populus
923 420 1030 460 una
1061 418 1185 459 cum
1209 404 1548 475 presbyterio
1572 419 1638 459 ac
1662 384 1935 476 episc0pis
1949 405 2043 476 qui

2146 403 2243 457 καὶ
2270 401 2596 474 άρέσαντος,
2636 397 2903 453 συνελθὼν
2931 399 2962 452 ό
2996 397 3125 462 λαὸς
3154 394 3273 469 ἅμα
3306 395 3388 467 τῷ
3418 388 3713 465 πρεσϐυτει-

466 508 764 573 praesentes
794 505 976 560 erunt,
1017 497 1073 551 in
1117 496 1207 551 die
1236 496 1538 561 Dominica,
1569 498 1896 553 consentiat.
1931 498 2036 565 Qui

464 610 598 650 vero
622 594 764 647 inter
793 591 1032 660 reliquos
1059 589 1372 659 praecipuus
1413 597 1520 654 est,
1570 590 1869 660 interroget
1908 606 2037 659 pre-

467 684 767 758 sbyterium
810 697 874 736 ac
916 682 1149 751 plebem,
1183 694 1252 734 an
1279 681 1395 750 ipse
1422 690 1527 745 est,
1566 696 1725 751 quem
1758 682 1813 735 in
1848 683 2036 752 przesis

466 777 589 832 dem
630 773 909 845 postulant
939 790 953 827 :
988 779 1042 826 et
1070 772 1179 828 illis
1210 773 1602 838 annuentibus,
1629 773 1827 828 iterum
1858 781 2033 844 roget,

466 884 534 923 an
562 868 630 922 ab
665 866 921 921 omnibus
964 865 1339 920 testimonium
1384 865 1601 932 habeat,
1646 866 1791 937 quod
1836 865 2036 937 dignus

466 960 539 1014 sit
569 973 764 1028 magna
806 957 910 1011 hac
936 963 990 1011 et
1024 956 1222 1013 illustri
1274 957 1631 1027 praefectura;
1681 973 1751 1012 an
1801 973 1921 1028 quae
1968 957 2036 1012 ad

463 1051 722 1120 pietatem
754 1050 810 1103 in
830 1048 997 1105 Deum
1026 1057 1297 1120 spectant,
1324 1051 1391 1104 ab
1415 1050 1533 1119 ipso
1552 1052 1662 1105 sint
1684 1058 1833 1106 recte
1856 1048 2033 1117 facta;

464 1157 532 1196 an
573 1142 699 1211 jura
737 1158 866 1212 erga
915 1141 1166 1198 homines
1205 1150 1452 1208 servata;
1494 1158 1558 1196 an
1597 1143 1911 1198 domestica:
1945 1158 2036 1200 res

464 1234 691 1304 pulchre
737 1234 1085 1304 dispensata,
1136 1250 1205 1288 an
1234 1235 1359 1289 vita:
1392 1236 1641 1289 instituta
1688 1235 1808 1289 sine
1850 1251 2038 1306 repre-

465 1325 749 1381 hensione.
783 1326 1032 1395 Cumque
1072 1325 1315 1382 universi
1348 1328 1576 1397 pariter,
1611 1328 1914 1383 secundum
1944 1347 2038 1386 ve-

463 1416 701 1479 ritatem,
747 1431 857 1470 non
889 1426 1067 1472 autem
1100 1419 1401 1473 secundum
1442 1419 1795 1490 anticipatam
1823 1422 2038 1492 opinio-

463 1523 612 1572 nem,
641 1508 919 1564 testiﬁcati
957 1508 1166 1565 fuerint
1197 1512 1358 1567 talem
1390 1528 1513 1567 eum
1543 1527 1699 1579 esse;
1725 1513 1881 1585 quasi
1910 1522 2037 1571 ante

459 1600 701 1670 judicem
744 1600 935 1666 Deum,
981 1617 1044 1657 ac
1088 1602 1391 1670 Christum,
1454 1616 1742 1683 praesente,
1802 1608 2033 1675 scilicet,

462 1693 626 1747 etiam
658 1700 849 1748 sancto
883 1692 1114 1765 Spiritu,
1157 1704 1210 1751 et
1238 1697 1493 1754 omnibus
1524 1699 1732 1754 sanctis
1766 1714 1831 1754 ac
1861 1700 2035 1755 admi-

2139 497 2243 569 ’ρίῳ
2274 495 2369 551 καὶ
2406 497 2520 558 τοῖς
2550 492 2815 564 παροῦσιν
2862 489 3208 553 ἐπισκόποις.
3260 488 3321 540 ὲν
3369 485 3555 557 ἡμέρᾳ
3603 486 3713 539 Κυ-

2143 590 2304 660 ριακῇ
2337 586 2470 657 (89),
2506 582 2907 639 συνευδοκείτω.
2948 583 3007 635 Ὁ
3032 581 3090 635 δὲ
3127 581 3425 651 πρόκριτος
3452 577 3561 630 τῶν
3608 594 3713 629 ’.οι-

2140 680 2287 743 πῶν,
2316 680 2579 751 ἐρωτάτω
2606 675 2998 749 πρεσϐυτέριον
3021 674 3116 727 καὶ
3140 672 3232 726 τὸν
3262 671 3423 734 λαὸν,
3472 672 3523 723 εί
3556 669 3714 733 αὑτός

2139 771 2316 840 ὲστινξ,
2350 771 2410 826 ὃν
2441 769 2718 824 αἰτοῦνται
2752 770 2834 831 εἰς
2854 768 3088 839 ἄρχοντα
3111 803 3127 829 ,
3160 764 3255 818 καὶ
3286 762 3711 823 ἐπινευσάντων,

2142 861 2615 934 προσεπερωτάτω
2653 862 2701 913 εί
2754 860 3108 931 μαρτυρεῖται
3159 853 3263 910 ὑπὸ
3310 853 3535 907 πάντων
3571 851 3715 917 ἄξιος

2142 949 2285 1009 εἶναι
2312 955 2412 1026 τῆς
2446 953 2686 1025 μεγάλης
2714 951 2916 1020 ταύτης
2945 948 3056 1020 (90)
3094 948 3189 1002 καὶ
3230 945 3495 1017 λαμπρᾶς
3519 944 3716 1014 ἡγεμο-

2138 1046 2285 1111 νίας,
2314 1047 2364 1099 εί
2383 1043 2452 1098 τὰ
2480 1042 2625 1098 κατὰ
2650 1043 2750 1113 τὴν
2784 1043 2865 1105 είς
2906 1040 3037 1094 Θεὸν
3084 1038 3233 1109 αὐτῷ
3261 1036 3551 1092 εὐσέϐειαν
3588 1053 3714 1090 κατ-

2139 1136 2385 1207 ώρθωται
2410 1176 2439 1200 ,ς
2480 1138 2531 1189 εί
2579 1135 2649 1189 τὰ
2691 1134 2847 1206 πρὸς
2876 1131 3193 1204 ἀνθρώπους
3239 1130 3430 1184 δίκαια
3474 1127 3714 1197 πεφύλα-

2137 1246 2286 1292 κται,
2309 1232 2357 1282 εί
2386 1228 2454 1281 τὰ
2484 1227 2625 1282 κατὰ
2654 1228 2745 1280 τὸν
2774 1221 2921 1279 οἶκον
2948 1223 3113 1277 αὑτοῦ
3142 1222 3323 1285 καλῶς
3347 1220 3710 1291 ᾠκονόμηται,

2140 1322 2189 1373 εί
2217 1320 2286 1373 τὰ
2323 1320 2466 1373 κατὰ
2507 1321 2597 1374 τὸν
2638 1318 2750 1389 βίον
2781 1316 3178 1386 ἀνεπιλήπτως.
3210 1315 3321 1367 Καὶ
3351 1313 3574 1366 πάντων
3605 1313 3715 1383 ἅμα

2142 1412 2284 1465 κατὰ
2317 1411 2606 1482 ἀλήθειαν,
2662 1410 2775 1464 ἀλλ’
2830 1410 2905 1463 οὐ
2928 1408 3072 1463 κατὰ
3119 1407 3388 1479 πρόληψιν
3438 1422 3714 1476 μαρτυρη-

2143 1505 2350 1558 σάντων
2384 1504 2624 1558 τοιοῦτον
2671 1504 2832 1557 αὑτὸν
2862 1496 3001 1555 εἶναι
3026 1540 3042 1565 ,
3077 1500 3154 1564 ὡς
3186 1500 3281 1553 ἐπὶ
3324 1499 3559 1568 δικαστῇ
3600 1496 3715 1569 Θεῷ

2140 1600 2234 1653 καὶ
2264 1597 2487 1669 Χριστῷ
2510 1637 2525 1661 ,
2561 1596 2827 1668 παρόντος
2848 1592 3050 1666 δηλαδὴ
3096 1591 3192 1645 καὶ
3220 1589 3315 1644 τοῦ
3360 1589 3521 1658 ἁγίου
3548 1589 3715 1641 [Iusti-

2148 1708 2315 1763 ματος
2337 1729 2353 1754 ,
2403 1691 2497 1745 καὶ
2545 1689 2762 1742 πάντων
2811 1686 2920 1739 τῶν
2969 1684 3137 1754 ἁγίων
3182 1682 3279 1737 καὶ
3325 1681 3713 1753 λειτουργικῶν

461 1785 797 1841 nistratoriis
842 1787 1173 1857 spiritibus;
1205 1805 1400 1844 rursus
1444 1791 1607 1845 tertio
1658 1792 2034 1858 sciscitentur,

2146 1762 2464 1854 πνευμάτων
2492 1781 2639 1853 (91),
2691 1782 2755 1833 ἐκ
2804 1778 2987 1851 τρίτου
3032 1776 3193 1830 πάλιν
3245 1775 3638 1835 πυθέσθωσαν,
3670 1775 3715 1827 εί

462 1893 531 1932 an
563 1894 688 1933 vere
715 1878 912 1951 dignus
942 1879 1012 1935 sit
1042 1879 1347 1937 ministerio
1370 1900 1384 1948 ;
1406 1891 1463 1936 ut
1494 1883 1549 1937 in
1576 1898 1669 1938 ore
1695 1884 1927 1939 duorum
1950 1885 2035 1941 vel

2146 1874 2286 1941 Ξξιός
2309 1875 2456 1926 ἐστιν
2499 1872 2714 1944 ἀληθῶς
2740 1871 2839 1942 τῆς
2866 1866 3221 1938 λειτουργίας·
3256 1866 3346 1919 ἴνα
3390 1866 3487 1918 ἐπὶ
3517 1865 3715 1935 στόμα-

461 1970 629 2024 trium
652 1971 877 2025 testium
913 1978 1021 2026 stet
1056 1987 1217 2027 omne
1243 1974 1564 2041 verbum“;
1592 1984 1754 2047 atque
1776 1977 1843 2033 iis
1874 1979 2036 2033 tertio

2146 1983 2229 2029 τος
2254 1964 2419 2035 δύοῆ
2467 1963 2637 2036 τριῶν
2687 1961 2980 2034 μαρτύρων
3029 1959 3198 2030 σταθῇ
3244 1960 3354 2047 πᾶν
3403 1958 3578 2029 ῥῆμα·
3629 1956 3717 2010 καὶ

463 2061 915 2128 assentientibus,
971 2063 1196 2135 dignum
1245 2081 1399 2131 esse;
1436 2081 1491 2120 'a
1546 2069 1761 2123 cunctis
1818 2078 2035 2139 petatur

463 2154 679 2223 signum
707 2155 1069 2222 assensionis,
1095 2164 1148 2210 et
1171 2155 1424 2212 alacriter
1447 2157 1663 2225 dantes,
1697 2160 1990 2216 audiantur
2017 2182 2030 2218 :

463 2242 788 2315 silentioque
848 2243 1012 2312 facto,
1062 2263 1205 2303 unus
1266 2264 1332 2303 ex
1381 2250 1571 2319 primis
1621 2253 1893 2322 episcopis
1927 2269 2035 2308 una

462 2348 588 2389 eum
619 2334 833 2392 duobus
861 2337 983 2393 aliis
1007 2354 1172 2409 prope
1199 2340 1373 2396 altare
1404 2348 1580 2407 stans,
1631 2344 1858 2414 reliquis
1916 2345 2033 2415 epi-

463 2427 647 2494 scopis
675 2442 739 2482 ac
764 2429 1101 2501 presbyteris
1134 2432 1297 2487 tacite
1318 2434 1624 2498 orantibus,
1660 2441 1823 2505 atque
1847 2436 2036 2491 diaco-

462 2517 552 2573 nis
586 2517 767 2574 divina
815 2520 1104 2592 Evangelia
1131 2538 1298 2593 super
1342 2534 1505 2595 caput
1527 2525 1646 2595 ejus
1690 2527 1782 2597 qui
1814 2528 2038 2584 ordina-

463 2614 551 2662 tur
572 2618 759 2680 aperta
791 2614 1126 2680 tenentibus,
1159 2615 1305 2670 dicat
1327 2617 1395 2671 ad
1418 2614 1584 2674 Deum
1614 2639 1626 2675 :

536 2964 580 2996 ³⁸
616 2964 806 3020 Matth.
840 2980 997 3027 xvm,
1028 2965 1115 3021 16.

2140 2055 2479 2127 συνθεμένων
2509 2054 2688 2110 αὐτῶν
2736 2056 2800 2108 ὲκ
2833 2052 3014 2125 τρίτου
3045 2050 3194 2117 ἀξιον
3243 2045 3417 2111 εἶναι,
3470 2047 3715 2107 ἀπαιτείο

2142 2152 2358 2206 σθωσαν
2396 2150 2445 2203 οἱ
2478 2148 2681 2211 πάντες
2723 2144 2971 2215 σύνθημα
3009 2142 3140 2213 (92)’
3179 2142 3275 2195 καὶ
3300 2140 3486 2203 δόντες
3518 2139 3715 2210 προθύο

2141 2263 2284 2317 μως,
2319 2242 2726 2297 ἀκουέσθωσαψ
2768 2239 2862 2292 καὶ
2895 2237 3106 2307 σιωπῆς
3135 2234 3465 2304 γενομένης,
3502 2228 3587 2295 εἷς
3615 2231 3718 2287 τῶν

2139 2336 2370 2410 πρώτων
2396 2334 2708 2389 ἐπισκόπων
2737 2332 2851 2403 ἅμα
2896 2331 2990 2383 καὶ
3020 2328 3171 2383 δυσὶν
3215 2327 3459 2398 ἑτέροις,
3492 2327 3718 2397 πλησίον

2137 2429 2230 2484 τοῦ
2261 2426 2643 2499 θυσιαστηρίου
2674 2422 2875 2487 ἑστὼς,
2907 2420 3015 2473 τῶν
3043 2418 3246 2472 λοιπῶν
3282 2418 3606 2471 ἐπισκόπων
3628 2419 3717 2470 καὶ

2139 2517 2525 2594 πρεσϐυτέρων
2563 2519 2740 2587 σιωπῇ
2776 2510 3259 2585 προσευχομένων,
3291 2508 3403 2562 τῶν
3442 2509 3502 2562 δὲ
3540 2509 3718 2562 διακό-

2142 2628 2247 2669 νων
2279 2611 2349 2666 τὰ
2372 2612 2489 2666 θεῖα
2518 2608 2822 2679 Εὐαγγέλια
2852 2606 2944 2659 ἐπὶ
2969 2604 3069 2674 τῆς
3111 2601 3206 2656 τοῦ
3238 2601 3716 2673 χειροτονουμὲνου

2144 2705 2386 2776 κεφαλῆς
2444 2700 2823 2773 άνεπτυγμένα
2886 2695 3251 2767 κατεχόντων,
3310 2693 3519 2763 λεγέτω
3584 2693 3717 2764 πρὸς

2141 2796 2292 2850 Θεόν·
3402 2826 3407 2829 <

1768 3118 2129 3179 VARIORUM
2166 3123 2397 3182 NOTAE.

536 3300 650 3373 ('89)
698 3302 801 3356 Ἑν
825 3300 1315 3375 ἡμέρᾳ-κυριακῇ.
1341 3302 1401 3357 in
1424 3304 1571 3359 tritis
1592 3313 1647 3360 et
1668 3304 1899 3374 vulgatis
1926 3319 2034 3358 non
2060 3310 2104 3369 α
2146 3312 2339 3365 suw,et
2361 3314 2570 3356 rursum
2593 3304 2947 3375 unusquisque
2971 3300 3222 3375 Ecclesia:
3243 3322 3381 3370 sure,
3407 3315 3463 3360 et
3486 3307 3714 3375 reliqua,

462 3383 550 3430 est
569 3371 988 3427 immorandum.
1019 3371 1205 3442 Itaque
1230 3388 1524 3442 proponam
1545 3371 1889 3429 solummodo
1916 3390 2034 3429 cor—

465 3453 686 3514 ruptum
716 3458 979 3514 canonem
1013 3442 1229 3514 concilii
1258 3442 1731 3514 Caesaraugustam
1762 3445 1929 3506 tertii,
1974 3451 2035 3498 ut

464 3512 772 3569 emendem.
805 3512 1073 3583 Legitur:
1120 3512 1185 3566 In
1216 3523 1456 3566 sanctum
1489 3512 1539 3569 et
1574 3516 1704 3568 satis
1745 3514 2035 3583 venerabile

465 3584 746 3637 concilium
777 3582 1123 3654 residentibus
1158 3585 1458 3637 nuntiatum
1488 3593 1566 3639 est
1602 3584 1769 3649 nobis,
1800 3601 1858 3637 eo
1896 3582 2035 3654 quod

466 3654 631 3723 aliqui
674 3653 946 3721 pontiﬁces
998 3654 1231 3724 regulam
1274 3655 1509 3708 veritatis
1552 3653 2031 3724 prretermittentes,

465 3723 711 3778 ecclesias
735 3740 850 3793 qua:
877 3741 909 3776 a
939 3723 1179 3791 ﬁdelibus
1223 3724 1314 3793 pia
1343 3723 1610 3779 devotione
1635 3735 2033 3789 construuntur,

466 3803 617 3847 extra
638 3794 819 3847 diebus
845 3793 1135 3847 Dominicis
1168 3804 1489 3866 consecrent.
1516 3795 1579 3866 Si
1601 3812 1721 3866 ergo
1751 3812 1867 3848 cum
1890 3795 2037 3865 quis-

466 3880 563 3933 que
596 3873 848 3935 nostrum,
889 3866 1193 3917 mortalium
1225 3864 1293 3916 ad
1340 3864 1672 3919 sacerdotale
1705 3864 2038 3935 promouetur

468 3935 722 4016 ofﬁcium,
754 3934 1073 4016 nullatenus
1096 3935 1331 4016 patimur
1361 3945 1431 4016 _ut
1574 3934 1803 4016 reliquis
1829 3935 2034 4016 diebus,

468 4004 571 4086 nisi
603 4014 815 4086 tantum
833 4084 839 4086 _
856 4004 1149 4086 Dominicis
1196 4004 1690 4086 [estiv‘itatibusnii'
1713 4007 1803 4076 qui
1820 4005 2036 4086 honoris

468 4075 613 4145 digni
653 4074 907 4128 habentur
948 4076 1143 4143 ofﬁcio,
1190 4074 1244 4129 in
1266 4075 1447 4130 ordine
1475 4074 1838 4145 prazﬁciantur
1874 4076 2039 4130 eccle-

468 4145 704 4217 siastico,
730 4157 926 4217 quanto
958 4146 1123 4217 magis
1144 4154 1198 4197 ut
1215 4145 1461 4214 deiﬁcata
1478 4156 1661 4199 sancta
1686 4146 1897 4216 templa,
1922 4162 2037 4217 qua:

470 4215 535 4267 ab
568 4215 861 4269 hominibus
894 4216 1136 4283 ﬁdelibus
1166 4227 1441 4270 censentur
1469 4216 1888 4285 honoriﬁcanda,
1926 4215 2038 4271 sine

470 4285 651 4338 diebus
668 4285 961 4339 Dominicis
982 4286 1351 4354 perhibeantur
1372 4287 1765 4343 consecranda?
1787 4287 2037 4355 cujusque

452 4370 574 4408 non
626 4356 811 4408 talium
859 4356 1287 4424 praesumptiones
1330 4359 1656 4425 pontiﬁcum,
1705 4374 1809 4411 non
1866 4357 2038 4416 solum

471 4435 774 4496 sanctorum
791 4425 1017 4496 Patrum
1042 4426 1396 4480 cohiberemur
1415 4428 1684 4496 prohibere
1704 4429 2035 4491 sententiam,

471 4495 560 4549 sed
594 4496 809 4561 propria
844 4494 1214 4550 deliberatione
1251 4494 1539 4561 censemus,
1584 4508 1642 4551 ut
1672 4498 1806 4552 nulli
1833 4499 2038 4566 penitus

468 4567 799 4638 pontiﬁcum,
847 4567 901 4618 in
952 4571 1342 4638 quibuscunque
1397 4571 1677 4638 provinciis
1713 4569 2033 4633 constitutis,

2186 3391 2268 3428 me
2311 3376 2443 3444 lege,
2476 3374 2521 3428 si
2556 3386 2705 3428 vacat
2724 3374 2747 3441 ;'
2779 3374 2964 3431 homil.
2992 3375 3065 3430 20
3106 3394 3121 3431 :
3163 3374 3467 3429 Secundum
3503 3394 3566 3428 ea
3607 3374 3719 3445 quae

2184 3461 2376 3498 oannes
2413 3447 2467 3497 in
2508 3448 2818 3515 Apocalypsi
2871 3446 3072 3511 scribit,
3126 3448 3407 3515 unicuique
3463 3445 3720 3501 Ecclesiae

2142 3515 2457 3584 generaliter
2501 3516 2716 3585 angelus
2761 3526 2969 3584 praeest.
3019 3517 3257 3585 Humilia
3302 3518 3367 3570 15
3409 3518 3468 3585 in
3514 3516 3722 3570 Lucam

2138 3583 2299 3641 binos
2331 3583 2617 3655 episcopos
2649 3583 2890 3655 singulis
2915 3583 3165 3639 ecclesiis
3196 3584 3486 3655 praeponit,
3520 3585 3716 3655 visibi-

2137 3656 2241 3710 lem
2274 3671 2337 3710 ac
2363 3653 2712 3719 iuvisibilem,
2743 3653 3019 3709 hominem
3045 3666 3207 3723 atque
3240 3654 3498 3721 angelum
3550 3653 3715 3707 Mitto

2134 3727 2243 3789 alia
2274 3726 2411 3788 loca,
2437 3726 2576 3780 alios
2618 3724 3162 3794 auctores.Adjungo
3185 3723 3454 3777 duntaxat
3483 3728 3715 3791 gemella

2137 3795 2321 3851 Basilii
2358 3804 2412 3851 et
2438 3795 2663 3850 Palladii
2698 3815 2712 3851 :
2745 3797 2912 3862 illius,
2951 3795 3112 3864 epist.
3142 3794 3241 3864 191
3284 3812 3298 3847 :
3334 3795 3446 3846 Καὶ
3484 3795 3514 3845 ὁ
3548 3795 3715 3863 ἄγγε-

2136 3866 2730 3946 λοςνόπῆςήξκκλησίας
2751 3866 2949 3946 ,ἔφορος
2967 3863 3304 3946 συναπῆλθεν
3332 3863 3495 3946 bpiv;
3526 3863 3714 3946 hujus,

2137 3937 2195 3991 in
2235 3933 2372 3990 Vita
2397 3933 2810 4006 Chrysostomii
2832 3933 3192 4006 Egressusgest
3222 3948 3339 4006 cum
3362 3933 3459 3985 illo
3492 3936 3714 4004 angelus

2179 4024 2345 4076 uoque
2388 4003 2644 4061 ecclesiae.
2690 4006 2810 4061 Jam
2841 4003 2908 4059 de
2939 4004 3147 4074 angelis
3188 4003 3467 4076 altarium,
3508 4013 3716 4076 praeter

2188 4072 2367 4131 ratum
2407 4076 2693 4147 spirituale
2731 4092 2852 4146 cap.
2898 4076 2951 4135 4,
2993 4072 3238 4147 testatur
3267 4073 3324 4147 S.
3358 4072 3711 4147 [Epiphanius

2138 4147 2333 4202 haeresi
2362 4143 2468 4218 9.5,
2492 4164 2619 4218 cap.
2646 4148 2698 4218 5,
2726 4143 2875 4218 hisce
2897 4144 3079 4218 verbis
3116 4164 3128 4198 :
3175 4143 3533 4218 'Agrofﬁgtoii
3561 4147 3715 4218 άγξου

2140 4218 2389 4271 Ἰωάννου
2409 4213 2839 4287 Ἀ’ποδῐαλύψεως,
2853 4216 2909 4279 ὃς
2920 4213 3144 4287 γράφων
3160 4215 3256 4285 μιᾷ
3267 4213 3583 4287 τῷνἘκΞιλη
3592 4216 3717 4267 σιῶν

2137 4290 2200 4341 ὲκ
2214 4289 2506 4359 προσώπου
2529 4284 2754 4359 Κυρίου,
2777 4284 3019 4359 τουτέστι
3036 4284 3113 4355 τῷ
3134 4284 3417 4359 ἐπεσκόπει)
3432 4284 3515 4359 τῷ
3538 4284 3715 4359 ἐκεῖσε

2140 4353 2567 4421 κατασταθέντι,
2600 4353 2696 4411 σὺν
2749 4359 2837 4427 τῇ
2875 4353 3101 4427 δυνάμει
3146 4353 3241 4427 eo}
3289 4353 3715 4427 dyiou-dyyélou

2137 4428 2231 4483 τοῦ
2270 4430 2361 4481 ἐπὶ
2392 4428 2487 4482 τοῦ
2520 4424 2931 4498 θυσιαστηρίου,
2965 4424 3160 4498 φησίνη
3185 4424 3253 4477 Et
3288 4424 3465 4477 sancti
3487 4424 3715 4498 {cannis

2140 4499 2485 4568 Apocalypsi;
2536 4500 2625 4567 qui
2666 4497 2734 4551 ad
2770 4491 2942 4568 'unam
2978 4491 3452 4568 ecclesiarum___ex
3499 4491 3715 4549 Domini

2139 4564 2362 4641 persona
2376 4564 2647 4641 scribens,
2666 4570 2719 4621 id
2748 4567 2943 4641 est,_ad
2981 4567 3278 4641 episcopum
3306 4564 3421 4617 illic
3456 4569 3715 4641 constitu-

473 4637 663 4716 a_modo
697 4637 869 4702 liceat,
893 4647 1083 4703 prwter
1115 4639 1269 4719 certis
1303 4637 1484 4719 diebus
1500 4639 1830 4719 Dominicis,
1876 4638 2038 4692 eccle—
2069 4662 2116 4719 ι)
2140 4637 2427 4719 tum,_cum
2476 4637 2866 4719 angeli-sancti
2894 4638 3081 4719 virtute
3102 4637 3194 4719 qui
3220 4643 3307 4719 es't‘
3335 4652 3497 4719 super
3520 4638 3713 4719 altare,

471 4708 582 4779 sias
626 4719 841 4761 sanctas
865 4723 1188 4762 consecrare.
1225 4707 1403 4764 Scribi
1432 4711 1590 4764 debet
1617 4730 1628 4765 :
1655 4708 1920 4779 Cujusque
1946 4726 2039 4764 nos

474 4776 665 4830 talium
687 4779 1119 4846 pra’sumptiones
1140 4780 1468 4847 pontiﬁcum,
1500 4796 1603 4833 non
1636 4776 1807 4834 solum
1830 4776 2043 4833 sancto-

472 4863 591 4899 rum
626 4848 853 4901 Patrum
876 4850 1175 4903 cohibemur
1205 4850 1474 4917 prohibere
1500 4851 1785 4909 sententia:
1808 4849 1898 4903 sed
1926 4864 2043 4917 pro-

470 4919 593 5044 Eria
640 4918 1013 4973 deliberatione
1056 4936 1347 4984 censemus,
1394 4930 1451 4974 ut
1499 4921 1633 4974 nulli
1659 4922 1885 4989 penitus,
1934 4931 2037 4977 etc.

519 5003 609 5044 οτ.

519 5003 609 5044 01'.

686 5062 925 5127 Ταύτης.
960 5061 1111 5116 Alter
1134 5060 1257 5116 cod.
1290 5060 1384 5113 τοῦ
1413 5060 1568 5131 Θεοῦ.
1601 5060 1698 5116 CL.

490 5180 493 5183 .
547 5130 659 5202 (91)
688 5132 801 5185 Καὶ
847 5131 1085 5184 πάντων
1118 5132 1236 5185 τῶν
1270 5132 1453 5200 ἁγίων
1479 5132 1577 5185 καί
1622 5130 2046 5202 λειτουργικῶν

473 5202 845 5271 πνευμάτων.
875 5202 1111 5267 Etenim,
1130 5203 1288 5272 juxta
1308 5204 1633 5257 sententiam
1657 5201 1756 5257 SS.
1785 5202 2000 5257 Patrum
2022 5241 2039 5267 ,

474 5274 681 5341 angelis
729 5274 900 5343 plena:
942 5281 1070 5328 sunt
1114 5275 1393 5334 ecclesiae,
1446 5274 1745 5341 praesertim
1793 5285 2039 5343 tempore

475 5344 645 5414 divini
672 5344 857 5407 cilicii,
890 5354 943 5399 et
965 5346 1020 5398 in
1047 5344 1487 5400 solemnitatibus
1512 5362 1527 5399 :
1557 5358 1694 5414 quos
1726 5344 1869 5399 inter
1894 5344 2039 5414 prin-

478 5413 651 5482 cipem
677 5416 927 5470 obtinent
957 5416 1138 5470 locum
1182 5416 1358 5485 angeli
1397 5413 1655 5485 praesides
1708 5430 1773 5468 ac
1822 5413 2037 5483 patroni

476 5484 855 5555 ecclesiarum,
873 5486 1048 5555 angeli
1079 5484 1344 5541 altaribus
1364 5484 1687 5541 aSsistentes
1717 5493 1879 5554 atque
1898 5500 2038 5553 prae-

478 5553 775 5626 sidentes._
817 5553 1103 5626 insigniter
1178 5555 1549 5626 Tertullianus
1615 5555 1692 5610 De
1756 5553 2033 5626 pudicitia,

476 5638 597 5695 cap.
633 5624 698 5695 14
717 5641 728 5677 :
747 5624 896 5681 Lusit
922 5624 1085 5695 igitur
1105 5636 1154 5679 et
1186 5625 1249 5681 de
1277 5644 1371 5681 suo
1400 5627 1591 5693 spiritu
1618 5635 1665 5679 et
1693 5626 1757 5679 de
1786 5624 2036 5680 Ecclesiae

478 5694 696 5760 Angela,
730 5704 836 5749 etc.
865 5694 1126 5765 Origenes
1158 5696 1343 5752 homil.
1375 5698 1462 5759 Η,
1493 5698 1549 5751 in
1575 5695 1864 5750 Numeros:
1888 5695 2034 5765 Offe-

480 5774 604 5816 runt
626 5775 675 5819 et
713 5768 884 5838 angeli
908 5767 1196 5836 primitias,
1250 5768 1603 5839 unusquisque
1640 5767 1791 5822 credo
1834 5770 2000 5840 gentis

2147 4713 2262 4766 ait:
2286 4710 2360 4765 De
2384 4704 2584 4779 templo
2616 4704 3236 4779 Hierosolymit‘anoista
3270 4704 3327 4759 Β.
3361 4705 3711 4779 Hilariisunt

2146 4783 2205 4836 in
2242 4776 2551 4834 Matthzeuin
2583 4794 2792 4834 canone
2818 4776 2951 4832 ult.:
2991 4776 3173 4831 Velum
3216 4776 3395 4843 templi
3412 4776 3714 4835 scinditur;

2148 4853 2272 4921 quia
2294 4850 2479 4904 exinde
2508 4850 2728 4918 populus
2748 4847 3043 4921 estgdivisus
3073 4849 3126 4899 in
3154 4855 3374 4921 partes,
3405 4856 3457 4899 et
3499 4847 3596 4921 veli
3625 4848 3716 4897 ho-

2149 4916 2248 4977 nor
2269 4937 2387 4975 cum
2408 4916 2653 4974 custodia
2681 4919 2851 4989 angeli
2880 4918 3193 4988 protegentis
3224 4916 3490 4989 aufertur.
3516 4916 3711 4986 Ani-too

2148 4994 2225 5048 ris
2246 5006 2375 5047 vero
2427 4991 2696 5044 sermonis
2725 4987 2777 5053 3,
2824 4991 2879 5042 in
2940 4988 3268 5042 Dominicam
3316 4987 3713 5053 Ascensionem,

2150 5062 2291 5133 apud
2321 5062 2793 5133 Chrysostomum,
2818 5069 2951 5133 tom_.
2985 5057 3055 5111 Vl
3100 5076 3113 5112 :
3146 5056 3410 5133 Ἀγγελος
3444 5084 3448 5087 -
3488 5052 3715 5133 es.ng

2150 5127 2549 5204 τεταραγμένος
2576 5132 2640 5183 ὲκ
2656 5130 2772 5204 nou
2813 5127 3461 5204 vao§,'1:_eptsoxtcité_vou
3485 5129 3578 5180 τοῦ
3615 5144 3710 5204 gu-

2144 5197 2559 5272 ταπετάσματος
2588 5200 2682 5253 τοῦ
2712 5197 3124 5272 ol'xou.Angelus
3152 5215 3180 5251 e
3210 5197 3424 5265 templo,
3450 5199 3713 5250 conscisse

2144 5275 2253 5330 velo
2285 5273 2435 5335 aedis,
2467 5272 2682 5325 territus
2705 5272 2938 5325 exsiluit.
2968 5272 3045 5324 In.

2217 5344 2330 5416 (92)
2359 5344 2659 5416 informa.
2701 5342 2762 5396 in
2792 5342 3049 5416 praeclara
3090 5339 3201 5416 illa.
3228 5335 3448 5416 Synnesii
3476 5337 3707 5416 episcOpi

2144 5407 2373 5494 epistola
2399 5413 2501 5494 67;
2528 5407 2912 5494 Σῖύνθημίτῆς
2940 5407 3287 5494 χειροτονίας
3324 5407 3710 5494 semel-auguri

2144 5477 2402 5543 lectorem
2425 5488 2566 5538 scire
2604 5477 2788 5546 velim,
2822 5477 2974 5536 a'me
3009 5477 3076 5534 de
3112 5480 3300 5533 multis
3347 5479 3543 5533 ritibus
3591 5477 3711 5530 ideo

2144 5572 2318 5627 pauca
2348 5555 2431 5609 vel
2465 5554 2601 5607 nihil
2640 5553 2914 5629 adnotari,
2940 5552 3065 5622 quia
3102 5565 3212 5629 per_
3226 5549 3478 5603 homines
3520 5546 3706 5600 doctos

2145 5620 2473 5695 praeventus,
2520 5638 2709 5679 eorum
2770 5620 2975 5693 scripta
3016 5620 3315 5690 compilare
3366 5629 3705 5690 nequaquam

2144 5699 2409 5756 sustineo.
2436 5696 2570 5750 Cor.
2833 5722 2839 5726 -
