3812 6386
160 311 271 375 1οῢ

637 424 1032 482 ΚΕΦΑΛΑΙΟΝ
1071 432 1147 485 Ε’.

280 518 611 585 Ἐπίὸιλησις
638 518 738 572 ἐπὶ
765 523 1130 589 χειροτονίας
1162 524 1525 580 ἐπισκόπων.

219 607 271 668 Ὃ
291 611 381 675 ὢν,
411 610 676 675 Δέσποτα,
711 612 905 683 Κύριε,
938 617 966 667 6
1011 615 1170 680 Θεὸς,
1204 619 1232 671 6
1259 618 1675 692 παντοκράτωρ,

151 704 333 779 optivo;
358 700 668 773 ἀγέννητος,
727 705 821 758 καὶ
859 705 1228 772 ἀϐασίλευτος⁸
1267 710 1295 763 6
1324 710 1411 763 ἀεὶ
1444 708 1549 774 ῶν,
1583 712 1679 765 καὶ

153 796 239 871 πρὸ
264 793 360 852 τῶν
386 792 587 847 αἰώνων
612 795 890 867 ὑπάρχωνο
924 800 953 851 6
992 799 1153 853 παντὶ
1173 800 1218 833 ³⁸
1268 801 1517 873 ἀνενδεὴς
1537 842 1551 865 ,
1584 804 1680 857 καὶ

152 888 305 959 πάσης
325 886 494 950 αἰτίας
522 887 614 940 καὶ
641 889 907 957 γενέσεως
950 891 1236 963 κρείττων·
1284 895 1312 948 6
1355 894 1513 965 μόνος
1547 895 1680 966 ἀλη-

151 980 295 1044 θινὸς,
313 980 339 1037 6
359 977 512 1047 μόνος
532 979 712 1048 σοφός’
736 982 764 1035 6
788 980 863 1034 ὢν
884 982 1043 1054 μόνος
1077 984 1355 1054 Ὕψιστοςο
1376 987 1404 1041 6
1423 991 1489 1059 τῇ
1519 988 1678 1058 φύσει

148 1070 360 1145 ἀόρατος·
387 1061 447 1121 οὗ
477 1070 731 1140 ήγνῶσις
773 1071 1027 1146 ἄναρχος⁸
1066 1078 1096 1129 6
1133 1076 1293 1147 μόνος
1327 1078 1555 1147 ἀγαθὸς,
1585 1082 1681 1134 καὶ

150 1162 471 1234 ἀσύγκριτος,
501 1165 529 1216 6
565 1163 634 1218 τὰ
684 1166 863 1221 πάντα
907 1168 1064 1232 εἰδὼς
1095 1170 1222 1240 πρὶν
1268 1171 1532 1240 γενέσεως
1579 1173 1679 1228 αὑ-

148 1255 292 1311 τῶν’ὀ
315 1256 415 1309 τῶν
443 1257 699 1329 κρυπτῶν
721 1259 986 1333 γνώστηςσ
1007 1265 1036 1319 6
1053 1264 1363 1335 ἀπρόσιτοςο
1391 1268 1419 1320 6
1448 1266 1679 1320 ἀδέσπο-

148 1364 239 1409 τος·
287 1348 314 1400 6
341 1345 467 1415 Θεὸς
516 1349 610 1402 καὶ
663 1351 850 1425 Πατὴρ
895 1354 990 1408 τοῦ
1033 1357 1350 1427 μονογενοῦς
1384 1357 1513 1411 Υίοῦ
1562 1376 1676 1425 σου,

150 1437 228 1495 τοῦ
254 1438 375 1491 Θεοῦ
404 1440 495 1492 κα)⁸
521 1441 772 1513 Σωτῆρος
799 1445 975 1515 ήμῶνυ
1006 1448 1035 1499 6
1066 1447 1393 1520 δημιουργὸς
1409 1451 1515 1504 τῶν
1545 1451 1679 1506 ὅλων

148 1529 204 1583 δι’
229 1529 399 1585 αὑτοῦ·
455 1532 485 1588 6.
544 1535 869 1607 προνοητὴς,
910 1539 939 1590 6
974 1538 1245 1609 κηδεμών·
1279 1542 1307 1595 6
1338 1542 1526 1616 Πατὴρ
1572 1544 1679 1598 τῶν

148 1620 437 1693 οἰκτιρμῶν,
468 1624 562 1677 καὶ
584 1624 715 1690 Θεὸς
736 1628 916 1700 πάσης
948 1631 1359 1704 παρακλήσεως·
1393 1636 1421 1688 6
1452 1635 1509 1687 ἐν
1542 1635 1681 1707 ὑψη-

148 1713 239 1777 λοῖς
265 1715 551 1780 κατοικῶν,
582 1719 676 1771 καὶ
710 1719 778 1774 τὰ
825 1723 1054 1777 ταπεινά
1100 1726 1329 1798 ἐφορῶν.
1366 1727 1437 1780 Σὺ
1488 1730 1516 1781 6
1558 1729 1681 1793 δοὺς

148 1805 281 1883 ὅρους
320 1807 666 1879 Ἐκκλησίας,
696 1810 784 1865 διά
811 1814 910 1885 τῆς
938 1816 1204 1888 ὲνσάρκου
1250 1818 1550 1890 παρουσίας
1587 1820 1680 1873 τοῦ

147 1900 351 1972 Χριστοῦ
394 1918 517 1967 σου,
546 1904 652 1957 ὑπὸ
686 1905 921 1979 μάρτυρι
949 1908 1028 1979 τῷ
1056 1910 1393 1982 Παρακλήτῳ
1413 1952 1428 1976 ,
1461 1912 1549 1966 διὰ
1573 1913 1682 1968 τῶν

149 1992 237 2045 σῶν
256 1993 552 2049 ἀποστόλων
575 2037 589 2061 ,
618 1999 711 2050 καὶ
750 1998 903 2070 ἡμῶν
938 2000 1046 2054 τῶν
1080 2002 1261 2074 χάριτι
1304 2006 1368 2076 σῇ
1397 2005 1681 2077 παρεστώ-

146 2099 233 2139 των
275 2087 603 2142 ἐπισκόπωνο
659 2092 688 2143 6
727 2092 1026 2162 προορίσας
1058 2094 1116 2160 ἐξ
1160 2096 1333 2166 ἀρχῆς
1384 2096 1549 2168 ἱερεῖς
1603 2099 1683 2161 είς

146 2176 430 2234 ἐπιστασίαν
461 2178 592 2232 λαοῦ
627 2198 751 2247 σου,
797 2184 962 2236 ’Ἅϐελ
1003 2186 1060 2238 ὲν
1093 2185 1363 2258 πρώτοις,
1407 2188 1545 2258 Σὴθ,
1590 2189 1684 2242 καὶ

155 2268 326 2334 Ἑνὼς,
364 2272 456 2324 καὶ
512 2272 713 2344 Ἑνὼχ,
748 2277 840 2329 καὶ
868 2276 1023 2342 Νῶε,
1058 2279 1151 2332 καὶ
1197 2280 1529 2353 Μελχισεδὲκ
1551 2321 1565 2346 ,
1590 2283 1684 2335 καὶ⁸

155 2360 274 2413 Ίώσο
300 2364 633 2429 ὁάναδείξας
701 2367 949 2440 Ἀϐραὰμ
992 2372 1086 2426 καὶ
1136 2372 1263 2436 τοὺς
1317 2374 1536 2438 λοιποὺς
1580 2392 1686 2427 πα-

142 2454 377 2525 τριάρχας
418 2458 513 2511 σὺν
560 2461 671 2523 τοῖς
716 2465 927 2526 πιστοῖς
964 2480 1056 2518 σου
1103 2464 1428 2534 Θεράπουσιν
1459 2468 1687 2522 Μωῦσεῖ

142 2549 221 2601 καὶ
255 2548 479 2621 Ἀαρὼν,
515 2553 611 2606 καὶ
664 2554 968 2627 Ἐλεαζάρῳ
1010 2558 1104 2611 καὶ
1134 2558 1337 2622 Φινεέςο
1363 2561 1391 2612 6
1418 2558 1475 2627 ἐξ
1507 2558 1685 2613 αὐτῶν

143 2642 601 2715 προχειρισάμενος
639 2646 933 2718 ἄρχοντας,
966 2649 1060 2702 καὶ
1094 2650 1254 2721 ἱερεῖς
1296 2652 1355 2703 ὲν
1396 2653 1462 2723 τῇ
1512 2654 1683 2724 σκηνῇ

140 2730 219 2786 τοῦ
244 2736 557 2808 μαρτυρίουο
585 2740 613 2791 6
644 2738 735 2792 τὸν
764 2740 1016 2812 Σαμουὴλ
1045 2742 1401 2815 ἐκλεξάμενος
1429 2747 1508 2810 είς
1536 2746 1687 2817 ἱερέα

142 2825 222 2877 καὶ
265 2828 561 2900 προφήτηνο
603 2829 681 2900 τῷ
727 2830 1088 2905 ἀγιάσματί⁵³
1130 2851 1223 2887 σου
1272 2835 1713 2908 ἀλειτούργητον.

143 2915 206 2987 μὴ
234 2918 622 2985 ἐγκαταλιπώνυ
652 2923 681 2975 6
707 2923 1009 3007 εὐδοκήσας
1035 2926 1092 2979 ὲν
1130 2923 1211 2990 οἷς
1256 2928 1491 2999 ᾑρετίσω
1536 2927 1688 2997 δοξα-

143 3007 332 3078 σθῆναι.
365 3012 537 3077 Αὐτὸς
564 3014 659 3068 καὶ
700 3015 796 3069 νῦν
850 3018 1095 3091 μεσιτείᾳ
1136 3019 1230 3073 τοῦ
1274 3022 1509 3093 Χριστοῦ
1561 3039 1683 3087 σου,

947 311 1545 374 CONSTiTUTIONES
1588 310 2064 369 APOSTOLICA‘].
2098 341 2167 352 —
2200 309 2324 365 LIB.
2364 308 2500 367 VIII.

1706 448 1753 496 A

3212 318 3361 375 ωτι

2394 429 2624 487 CAPUT
2666 430 2727 487 γ.

1996 523 2264 579 Invocatio
2299 525 2351 577 in
2383 524 2714 579 ordinatione
2744 525 3130 595 episcoporum.

1850 614 1953 681 Qui
1984 631 2063 681 es,
2099 616 2229 671 here
2276 614 2528 680 Domine,
2573 615 2738 680 Deus,
2779 617 3149 689 omnipotens,
3190 623 3348 680 solus

1781 705 2061 776 ingenitus
2086 722 2150 762 ac
2178 721 2361 777 regem
2393 722 2505 762 non
2533 708 2778 773 habens;
2812 710 2904 779 qui
2937 726 3153 784 semper
3180 731 3269 779 es,
3296 725 3352 772 et

1782 806 1909 854 ante
1933 800 2130 853 saecula
2160 800 2409 867 exsistis;
2440 800 2534 869 qui
2563 800 2714 854 nullo
2755 800 2987 873 indiges,
3022 820 3351 879 omnemque

1781 906 2005 946 causam
2040 899 2203 961 atque
2248 899 2430 946 ortum
2468 908 2729 963 superas;
2780 895 2930 951 solus
2973 882 3159 963 verus,
3198 901 3351 957 solus

1782 984 2034 1054 sapiens;
2059 985 2149 1054 qui
2181 984 2333 1041 solus
2354 983 2668 1041 Altissimus
2691 1001 2771 1049 es,
2798 997 2996 1043 natura
3023 989 3349 1062 invisibilis;

1781 1076 1939 1146 cujus
1970 1076 2237 1146 cognitio,
2285 1092 2481 1149 expers
2527 1078 2817 1149 principii;
2853 1082 3006 1137 solus
3037 1082 3245 1149 bonus,
3288 1101 3354 1143 ac

1782 1167 2228 1239 lncomparabilis
2249 1187 2267 1237 ;
2286 1170 2380 1240 qui
2405 1170 2588 1224 omnia
2612 1172 2757 1227 nosti
2787 1180 2915 1229 ante
2961 1189 3123 1246 quam
3148 1177 3352 1247 ﬁant";

1781 1260 2123 1314 occultorum
2152 1262 2422 1331 cognitor,
2463 1261 2814 1332 inaccessus;
2863 1265 3087 1323 domino
3116 1284 3350 1338 carens;

1783 1353 1927 1409 Deus
1950 1361 2003 1408 et
2022 1352 2185 1409 Pater
2215 1354 2477 1425 unigeniti
2500 1354 2619 1410 Filii
2660 1358 2760 1424 tui,
2812 1359 2908 1414 Dei
2946 1376 3010 1416 ac
3040 1361 3350 1422 Servatoris

1782 1447 1990 1513 nostri;
2021 1446 2275 1502 conditor
2305 1448 2684 1508 universorum
2704 1466 2798 1521 per
2830 1452 3009 1522 ipsum
3032 1495 3045 1516 ,
3075 1456 3353 1524 provisor,

1785 1547 1957 1606 tutor;
1990 1538 2151 1597 Pater
2176 1539 2696 1604 misericordiarum,
2730 1550 2784 1595 ct
2831 1544 3177 1601 Deustotius
3222 1561 3356 1602 con-

1785 1630 2278 1700 solationis“;qui
2327 1630 2383 1684 in
2442 1631 2567 1687 altis
2615 1632 2866 1702 habitas,
2905 1643 2958 1690 et
3010 1622 3235 1691 humilia
3271 1654 3358 1694 res

1786 1723 2032 1794 spicis".
2067 1721 2148 1776 Tu
2177 1722 2269 1792 qui
2300 1722 2499 1777 dedisti
2542 1724 2688 1794 leges
2721 1740 2785 1781 ac
2829 1728 3045 1798 regulas
3077 1730 3357 1800 Ecclesia},

1782 1833 1878 1889 per
1905 1816 2109 1879 Christi
2139 1816 2219 1870 tui
2246 1816 2538 1870 adventum
2579 1817 2643 1871 in.
2659 1831 2844 1882 carne,
2876 1819 2981 1875 sub
3013 1826 3152 1877 teste
3186 1820 3356 1876 Para-

1784 1911 1946 1975 cleto,
1981 1925 2077 1980 per
2106 1909 2387 1980 apostolos
2419 1917 2563 1977 tuos,
2615 1924 2680 1965 ac
2721 1926 2822 1966 nos
2852 1913 3024 1982 gratia
3053 1921 3145 1968 tua
3174 1923 3357 1971 astan-

1783 2011 1867 2059 tes
1899 2004 2216 2075 episcopos;
2247 2003 2339 2073 qui
2371 2002 2441 2057 ab
2472 2002 2629 2058 initio
2676 2004 2988 2073 priestitisti
3034 2007 3351 2063 sacerdotes

1783 2096 1839 2151 in
1866 2095 2049 2167 populi
2088 2096 2168 2150 tui
2217 2094 2584 2150 curationem.
2631 2095 2853 2150 Abelem
2907 2096 2961 2151 in
3012 2097 3224 2167 primis,
3260 2097 3358 2154 Se~

1785 2190 1961 2253 thum,
1990 2188 2255 2253 Enosum,
2299 2186 2641 2251 Henochum,
2674 2185 2869 2253 Noam,
2900 2189 3357 2253 Melchisedecum

1785 2292 1838 2339 et
1864 2281 2097 2348 Jobum;
2128 2282 2220 2352 qui
2257 2281 2595 2335 constituisti
2634 2278 3005 2338 Abrahamum
3047 2294 3101 2339 et
3131 2294 3389 2345 catteros-

1786 2374 2151 2444 patriarchas,
2184 2388 2309 2427 cum
2339 2370 2589 2426 ﬁdelibus
2611 2372 2718 2426 tuis
2748 2371 2989 2440 famulis,
3016 2375 3219 2448 Moyse,
3256 2378 3358 2439 Aa.-

1788 2480 1939 2528 rone,
1994 2464 2274 2529 Eleazaro,
2318 2462 2551 2530 Phinee;
2587 2463 2680 2534 qui
2711 2453 2780 2518 'in
2826 2466 2963 2535 ipsis
3003 2467 3358 2538 desumpsisti

1786 2557 2083 2627 principes,
2116 2566 2170 2610 et
2200 2555 2517 2612 sacerdotes
2546 2555 2603 2608 in
2635 2556 2989 2613 tabernaculo
3020 2560 3356 2629 testimonii;

1788 2649 1880 2719 qui
1905 2646 2210 2703 Samuelem
2230 2648 2440 2718 elegisti
2463 2648 2529 2701 in
2544 2646 2885 2703 sacerdotem
2916 2664 2977 2704 ac
3004 2652 3355 2721 prophetam;

1789 2741 1883 2811 qui
1905 2739 2278 2795 sanctuarium
2304 2747 2456 2793 tuum
2474 2740 2593 2795 sine
2611 2740 2883 2797 ministris
2911 2757 3021 2796 non
3047 2743 3355 2812 reliquisti;

1788 2832 1879 2903 qui
1920 2830 2294 2887 benevolentia
2326 2839 2652 2901 prosecutus
2699 2847 2759 2887 es
2786 2848 2882 2888 eos
2940 2832 2996 2888 in
3025 2834 3225 2904 quibus
3264 2851 3361 2889 vo-

1791 2926 1944 2981 luisti
2014 2924 2301 2980 celebrari.
2357 2923 2479 2993 Ipse
2532 2938 2677 2978 nunc
2752 2939 2995 2995 quoque,
3049 2925 3358 2981 intercessu

1788 3016 1991 3074 Christi
2014 3016 2115 3080 tui,
2150 3031 2246 3086 per
2266 3030 2369 3070 nos
2400 3014 2625 3069 infunde
2654 3016 2908 3070 virtutem
2933 3018 3259 3087 principalis
3281 3020 3359 3074 tui

138 3098 196 3153 δι’
222 3102 366 3172 ἡμῶν
401 3106 591 3177 ἐπίχεε
639 3108 738 3179 τὴν
787 3109 1013 3181 δύναμιν
1060 3111 1154 3165 τοῦ
1210 3113 1535 3184 ἡγεμονικοῦ
1593 3132 1683 3169 σου

1791 3108 2048 3181 Spiritus,
2075 3108 2169 3179 qui
2221 3107 2673 3162 subministratur
2719 3123 2814 3179 per
2855 3109 3116 3164 dilectum
3161 3110 3361 3166 Filiqu

140 3188 451 3268 Πνεύματος,
506 3202 647 3273 ὅπερ
701 3201 1027 3259 διακονεῖται
1089 3205 1167 3277 τῷ
1208 3207 1550 3279 ἠγαπημένῳ
1592 3224 1685 3262 σου

141 3286 274 3342 Παιδί⁸
310 3289 481 3363 Ἰησοῦ
532 3294 786 3366 Χριστῷ,
839 3296 975 3368 ὅπερ
1021 3298 1331 3370 ἐδωρήσατο
1359 3300 1550 3372 γνώμῃ
1595 3318 1685 3356 σου

140 3380 235 3442 τοῖς
271 3382 439 3451 ἁγίοις
470 3385 793 3451 ἀποστόλοις
846 3405 940 3441 σου
994 3389 1088 3443 τοῦ
1118 3392 1335 3445 αἰωνίου
1399 3392 1554 3446 Θεοῦ.
1589 3394 1689 3458 Δὸς

139 3470 189 3521 ὲν
212 3472 287 3542 τῷν
303 3475 526 3546 ὀνόματί
563 3494 687 3542 σου,
719 3479 1129 3549 καρδιογνῶστα
1162 3482 1292 3548 Θεὲ,
1326 3484 1419 3537 ὲπὶ
1448 3484 1538 3539 τὸν
1569 3485 1689 3539 δοῦ-

139 3559 213 3613 λόν
242 3580 330 3617 σου
356 3567 507 3622 τόνδε
529 3609 544 3634 ,
566 3569 879 3637 ὄνέξελέξω
906 3573 985 3636 είς
1019 3573 1314 3629 ἐπίσκοπον
1332 3615 1346 3639 ,
1379 3577 1687 3647 ποιμαίνειν

138 3653 221 3723 τὴν
263 3656 415 3726 ἁγίαν
475 3678 572 3714 σου
635 3663 899 3736 ποίμνην,
948 3666 1043 3719 καὶ
1099 3667 1512 3740 ἀρχιερατεύειν
1566 3688 1685 3737 σοι,

137 3748 415 3820 ἀμέμπτως
463 3754 881 3828 λειτουργοῦντα
929 3756 1121 3821 νυκτὸς
1165 3760 1257 3812 καὶ
1311 3760 1559 3832 ἡμέρας,
1593 3763 1689 3823 καὶ

138 3839 525 3917 ὲξιλασκόμενόν
570 3863 663 3900 σου
693 3847 752 3901 τὸ
796 3848 1085 3921 πρόσωπον
1103 3889 1119 3914 ,
1149 3850 1573 3923 ἐπισυναγαγεῖν
1597 3854 1690 3919 τὸν

135 3931 340 4004 ἀριθμὸν
384 3937 496 3992 τῶν
549 3939 902 4010 σωζομένων,
971 3942 1066 3995 καὶ
1118 3944 1450 4016 προσφέρειν
1502 3963 1583 4000 σοι
1617 3947 1690 4000 τὰ

134 4021 261 4096 δῶρα
281 4029 375 4099 τῆς
407 4032 574 4100 ἀγίας
605 4048 696 4085 σου
741 4032 1084 4104 Ἐκκλησίας.
1119 4035 1218 4099 Δὸς
1245 4036 1689 4106 αὑτῷ,ηΔὲσποτα

135 4118 521 4194 παντόκρατορ,
577 4122 666 4177 διὰ
715 4124 807 4177 τοῦ
842 4126 1079 4197 Χριστοῦ
1114 4143 1207 4179 σου
1230 4166 1244 4191 ,
1272 4128 1371 4198 τὴν
1402 4131 1688 4199 μετουσίαν

133 4208 215 4261 τοῦ
243 4212 392 4280 άγίου
445 4215 787 4287 Πνεῦματος·
835 4217 976 4272 ὥστε
1015 4218 1158 4290 ἔχειν
1200 4220 1445 4285 ἐξουσίαν
1475 4222 1689 4291 ἀφιέναι

134 4300 385 4375 ἁμαρτίας
413 4307 559 4362 κατά
576 4308 672 4380 τὴν
697 4309 915 4381 ἐντολήν
947 4328 1063 4375 σου,
1102 4311 1298 4366 διδόναι
1326 4313 1557 4385 κλήρους
1577 4315 1686 4387 (95)

133 4395 258 4449 κατὰ
269 4396 329 4450 τὸ
345 4400 681 4473 πρόσταγμα
693 4403 960 4467 σου,λύειν
976 4404 1033 4457 δὲ
1049 4404 1225 4459 πάντα
1244 4405 1538 4478 σύνδεσμον
1550 4407 1689 4461 κατά

1788 3211 1942 3258 tuum
1972 3200 2157 3257 Jesum
2187 3200 2491 3264 Christum,
2523 3215 2795 3271 quemque
2829 3202 3114 3257 voluntate
3144 3210 3236 3257 tua
3262 3204 3361 3259 do-

1787 3294 1937 3349 navit
1963 3292 2173 3349 sanctis
2203 3291 2465 3363 apostolis
2498 3292 2565 3345 ad
2595 3300 2647 3348 te
2670 3302 2951 3351 aeternum
2983 3293 3152 3349 Deum
3185 3294 3364 3365 perti-

1788 3388 2066 3443 nentibus.
2089 3385 2167 3439 Da
2198 3386 2253 3439 in
2282 3384 2504 3441 nomine
2532 3393 2649 3450 tuo,
2680 3384 2825 3440 Deus
2860 3386 3112 3457 cognitor
3153 3384 3358 3450 cordis,

1788 3482 1918 3537 huic
1948 3496 2106 3538 servo
2131 3488 2245 3544 tuo,
2278 3479 2456 3535 electo
2503 3494 2535 3533 a
2567 3486 2619 3533 te
2666 3477 2721 3533 in
2753 3479 3093 3549 episcopum,
3136 3494 3361 3547 pascere

1790 3581 2217 3630 sanctumtuum
2243 3586 2482 3643 gregem,
2534 3578 2589 3624 et
2616 3570 2929 3641 pontiﬁcem
2971 3579 3125 3624 tuum
3178 3584 3362 3639 agere,

1790 3667 2071 3737 inculpate
2126 3664 2533 3719 ministrantem
2563 3670 2725 3716 nocte
2773 3676 2835 3716 ac
2867 3661 2984 3730 die;
3016 3670 3069 3719 et
3098 3662 3363 3731 placando

1790 3759 1981 3814 faciem
2014 3766 2185 3821 tuam,
2217 3769 2546 3826 congregare
2574 3769 2861 3808 numerum
2891 3770 3081 3809 eorum
3104 3755 3195 3824 qui
3226 3753 3362 3809 salvi

1792 3851 1949 3913 ﬁunt,
1988 3862 2052 3902 ac
2075 3848 2269 3903 offerre
2303 3847 2399 3902 tibi
2430 3847 2572 3901 dona
2602 3853 2808 3901 sanctae
2838 3855 2945 3900 tua:
2975 3845 3250 3901 Ecclesia».
3280 3844 3358 3898 Da

1790 3942 1891 4005 illi,
1922 3940 2144 4005 Domine
2187 3939 2558 4009 omnipotens,
2599 3953 2696 4007 per
2727 3936 3009 3993 Christum
3045 3947 3197 3992 tuum
3235 3952 3360 4007 par-

1791 4033 2163 4103 ticipationem
2195 4032 2373 4087 sancti
2407 4030 2643 4100 Spiritus
2669 4048 2682 4095 ;
2711 4039 2772 4084 ut
2812 4029 3005 4083 habeat
3034 4039 3360 4099 potestatem

1790 4126 2103 4182 remittendi
2157 4132 2381 4196 peccata
2432 4123 2733 4180 secundum
2806 4122 3128 4177 mandatum
3186 4132 3360 4186 tuum,

1790 4220 1955 4276 dandi
1997 4219 2173 4275 cleros
2224 4234 2319 4273 seu
2347 4216 2567 4272 ordines
2589 4214 2994 4279 ecclesiasticos
3039 4214 3194 4284 juxta
3225 4230 3363 4286 pra:-

1791 4300 2017 4384 ceptum.
2058 4318 2232 4376 tuum,
2278 4321 2333 4366 et
2379 4309 2623 4364 solvendi
2671 4324 2832 4363 omne
2863 4308 3139 4373 vinculum
3166 4325 3365 4364 secun-

1793 4409 1925 4464 dum
1956 4414 2282 4478 potestatem
2317 4418 2485 4474 quam
2512 4401 2748 4456 tribuisti
2788 4401 3050 4470 apostolis
3066 4401 3162 4465 ως
3197 4411 3415 4473 utque.

132 4485 217 4555 τὴν
230 4486 472 4554 ἐξουσίαν
494 4494 561 4563 ἢν
583 4470 791 4559 ἔδωκας
812 4498 925 4560 τοῖς
946 4497 1280 4562 ἀποστόλοις
1306 4470 1615 4572 εὐαρεστεῖν
1635 4501 1691 4555 δέ

1798 4500 1896 4555 tibi
1948 4470 2159 4570 placeat
2221 4498 2276 4552 in
2328 4470 2771 4558 mansuetudine,
2826 4502 2880 4549 et
2922 4494 3126 4548 mundo
3174 4470 3391 4557 corde,

134 4592 204 4629 σοι
218 4579 270 4632 ἐν
292 4583 587 4655 πραότητι,
615 4587 708 4640 καὶ
721 4588 939 4660 καθαρᾷ
954 4589 1172 4661 καρδίᾳ,
1191 4591 1495 4663 ἀτρέπτως,
1518 4593 1690 4665 ἀμέμ-

132 4684 283 4735 πτως,
296 4674 669 4746 ἀνεγκλήτως,
685 4680 1064 4751 προσφέροντά
1074 4698 1154 4734 σοι
1170 4683 1311 4736 καθα
1320 4684 1415 4754 ράν
1429 4686 1522 4738 καὶ
1534 4684 1688 4739 ἀναί-

133 4776 319 4827 μακτον
348 4767 575 4833 θυσίαν,
601 4770 667 4840 ἢν
699 4770 787 4825 διὰ
808 4773 1045 4843 Χριστοῦ
1064 4773 1292 4841 διετάξω
1310 4776 1371 4829 τὸ
1394 4778 1689 4849 μυστήριον

130 4852 418 4931 τῆςΚαινῆς
432 4861 727 4933 Διαθήκης,
752 4865 831 4927 εἰς
843 4864 1017 4935 ὀσμὴν
1037 4866 1286 4931 εὐωδίας,
1302 4866 1390 4921 διὰ
1407 4869 1500 4922 τοῦ
1532 4870 1687 4938 ἀγίου

130 4946 310 5015 Παιδὸς
341 4969 439 5009 σου
489 4955 663 5025 Ἰησοῦ
690 4957 925 5029 Χριστοῦ
972 4958 1066 5012 τοῦ
1113 4959 1249 5014 Θεοῦ
1298 4962 1391 5014 καὶ
1439 4962 1690 5034 Σωτῆρος

192 5132 238 5206 ’ἶ
251 5134 306 5206 _r.
340 5134 546 5206 πάντη.

132 5200 187 5232 ⁸³⁸
223 5202 410 5260 Matth.
446 5200 604 5271 xviii,
634 5205 723 5261 18.

1793 4599 2130 4655 constanter,
2185 4589 2461 4659 inculpate
2510 4601 2575 4641 ac
2622 4585 3176 4655 irreprehensibiliter
3229 4584 3362 4643 olle-

1793 4684 1964 4741 rendo
1987 4685 2084 4739 tibi
2114 4697 2311 4752 purum
2344 4689 2398 4735 et
2446 4682 2788 4734 incruentum
2820 4677 3173 4742 sacriﬁcium,
3216 4678 3364 4747 quod
3384 4733 3396 4743 _

1796 4793 1891 4849 per
1919 4776 2201 4832 Christum
2234 4772 2575 4829 constituisti
2624 4770 2944 4842 mysterium
2984 4767 3120 4822 Novi
3168 4767 3361 4823 Testa-

1794 4869 1984 4933 menti,
2016 4868 2071 4922 in
2114 4867 2337 4922 odorem
2368 4862 2688 4929 suavitatis;
2722 4877 2818 4933 per
2860 4867 3111 4916 sanctum
3164 4857 3431 4935 Filium-4

1797 4970 1949 5016 tuum
1979 4959 2166 5018 Jesum
2231 4957 2531 5021 Christum,
2578 4954 2746 5009 Deum
2790 4966 2854 5007 ac
2902 4950 3239 5007 Salvatorem
3262 4962 3397 5005 no-‘

644 5135 689 5167 ⁸ο
730 5135 863 5192 Dan.
896 5152 1017 5202 xm,
1040 5137 1127 5193 42.
1221 5137 1265 5170 ⁸⁸
1302 5136 1345 5190 II
1370 5138 1497 5195 Cor.
1530 5155 1569 5204 ι,
1594 5140 1645 5194 3.

1806 5138 1949 5195 Psal.
1985 5153 2116 5201 cxu,
2146 5138 2196 5201 5.
2292 5136 2338 5166 ⁸³
2376 5132 2412 5187 f.
2446 5132 2506 5184 τὸ
2535 5130 2797 5202 ἀγίασμα.
2832 5127 2922 5184 Sic
2951 5138 3005 5184 et
3031 5128 3168 5190 alter
3192 5125 3355 5185 Vind.

1392 5380 1761 5439 VARIORIJM
1797 5380 2028 5441 NOTAE.

189 5557 295 5633 (95)
336 5560 577 5615 Διδόναι
608 5560 887 5633 κλήρους.
925 5560 1186 5623 Primitus
1208 5575 1276 5614 oe
1300 5566 1543 5633 _sortc_ac
1571 5574 1682 5611 sor-

130 5629 305 5703 titione
331 5639 603 5703 usurpata
635 5629 749 5686 vox"
770 5630 998 5703 κλῆρος.
1025 5639 1212 5701 postea
1250 5631 1317 5685 ad
1364 5630 1533 5682 multa
1562 5643 1684 5703 quae

128 5699 721 5772 sortito‘ohtin'gebant,
750 5699 1199 5772 signiﬁcatimiem
1220 5715 1376 5772 suam
1412 5699 1681 5764 extendit;

129 5770 187 5824 ad
215 5757 574 5844 dignitatem,
625 5757 843 5837 locum“,
884 5788 1201 5840 numerum,
1244 5770 1524 5835 ordinem,
1558 5757 1685 5841 pos-.3

1790 5556 2128 5616 sessionem,
2162 5548 2423 5618 'aliaque.
2478 5544 2653 5618 Atque
2694 5539 3018 5618 οἱα-κλῆροι
3070 5544 3218 5618 sunt,
3277 5540 3363 5593 vel

1792 5611 2076 5698 speciatim
2101 5611 2331 5677 ordines
2350 5626 2408 5698 et
2435 5611 2638 5686 gradus
2670 5613 3038 5698 clericorum;
3077 5611 3161 5698 vel
3195 5625 3361 5698 gone?

1790 5679 1953 5752 ratim
1992 5679 2128 5747 loca
2158 5679 2621 5750 Christianorum,
2670 5683 2809 5737 inter
2848 5680 3100 5752 clericos,
3148 5679 3375 5744 laicos;

1791 5750 2021 5831 stantes,
2056 5764 2275 5833 lapsos;
2313 5758 2570 5830 virgines,
2605 5752 2817 5809 viduas.
2854 5762 2956 5808 etc.
2996 5750 3142 5807 Cor.
