3812 6350
516 296 542 353 ﬂ
554 293 661 352 087

1384 285 1444 345 S.
1482 283 1873 344 CLEMENTIS
1908 285 1929 341 Ι
1966 282 2134 340 ROM.
2174 281 2376 342 PONT.
2415 284 2645 342 OPERA
2673 283 2902 342 DUBIA.

3604 288 3734 346 1088

512 406 719 466 Evodio
761 411 818 463 et
862 401 1115 475 parwciis
1163 401 1284 473 ejus
1330 416 1551 458 oremus
1590 421 1603 456 :
1644 407 1702 455 ut
1758 402 2073 459 misericors

2176 401 2316 474 ὑπὲρ
2346 401 2438 455 τοῦ
2470 402 2768 458 ἐπισκόπου
2797 402 2953 476 ἡμῶν
2972 402 3285 476 Κλήμεντος
3305 402 3401 457 καὶ
3422 401 3536 457 τῶν
3559 420 3743 475 παροι-

512 500 657 558 Deus
685 500 811 555 illos
838 496 1101 553 Ecclesiis
1123 495 1331 551 sanctis
1360 495 1476 550 suis
1498 502 1719 565 praestet
1741 495 2071 563 incolumes,

510 592 839 658 honoratos,
881 589 1182 659 longaevos,
1228 594 1283 643 et
1330 589 1566 658 praebeat
1616 588 1698 643 eis
1750 589 2072 646 honoratam

510 689 845 741 senectutem
876 681 931 735 in
969 682 1169 751 pietate
1200 694 1264 735 ac
1289 680 1525 750 justitia.
1580 680 1757 735 Etiam
1804 698 1902 752 pro
1950 698 2075 753 pre-

508 776 743 847 sbyteris
772 774 976 828 nostris
1007 788 1226 829 oremus
1252 812 1268 839 ,
1315 780 1375 827 ut
1426 772 1689 829 Dominus
1719 775 1913 830 liberet
1945 775 2070 832 illos

506 870 577 925 ab
608 868 754 923 omni
783 867 927 938 turpi
972 881 1037 921 ac
1077 880 1245 937 prava
1278 880 1367 932 re,
1399 874 1453 921 et
1487 867 1750 922 concedat
1779 866 1889 923 illis
1925 868 2068 924 inte-

506 978 662 1033 grum
713 969 769 1017 et
820 966 1148 1018 honoratum
1198 961 1618 1032 presbyterium.
1668 960 1775 1016 Pro
1815 962 2072 1018 universo

504 1055 711 1110 Christi
745 1054 1000 1111 diaconio
1056 1071 1121 1111 ac
1167 1056 1476 1112 ministerio
1527 1071 1787 1122 oremus,
1851 1061 1911 1109 ut
1968 1054 2073 1109 Do-

504 1148 687 1204 minus
725 1147 1060 1217 inculpatam
1096 1148 1231 1218 ipsis
1276 1150 1543 1220 largiatur
1584 1147 2067 1203 ministrationem.

502 1238 611 1294 Pro
676 1240 1012 1305 lectoribus,
1071 1242 1429 1307 cantoribus,
1486 1242 1831 1312 virginibus,
1891 1239 2071 1297 viduis

501 1340 557 1388 et
583 1332 800 1403 pupillis
832 1348 1053 1389 oremus
1096 1350 1112 1387 :
1151 1348 1251 1403 pro
1279 1334 1346 1389 iis
1374 1334 1468 1405 qui
1515 1335 1571 1388 in
1620 1333 1970 1389 matrimonio
2017 1341 2071 1388 et

502 1424 801 1485 liberorum
841 1425 1222 1498 procreatione
1249 1426 1461 1494 vivunt,
1488 1441 1731 1491 oremus,
1781 1433 1842 1479 ut
1882 1424 2069 1479 Domi-

502 1538 608 1578 nus
636 1523 960 1579 misereatur
1006 1537 1195 1578 eorum
1248 1519 1512 1580 omnium.
1567 1517 1675 1573 Pro
1702 1518 1972 1574 eunuchis
2013 1518 2070 1574 in

499 1614 787 1671 sanctitate
817 1614 1218 1669 ambulantibus
1271 1627 1511 1669 oremus.
1562 1607 1671 1666 Pro
1704 1610 1773 1667 iis
1814 1610 1908 1681 qui
1937 1624 2043 1666 con

498 1706 764 1762 tinentem
793 1713 847 1762 et
875 1706 1185 1777 religiosam
1233 1714 1400 1775 agunt
1439 1704 1625 1768 vitam,
1662 1719 1904 1760 oremus.
1962 1700 2070 1757 Pro

499 1798 569 1854 iis
592 1796 685 1868 qui
730 1797 787 1851 in
834 1806 1023 1852 sancta
1077 1793 1322 1850 Ecclesia
1357 1794 1663 1851 oblationes
1716 1794 1945 1859 iaciunt,
2002 1808 2067 1849 ac

497 1890 872 1961 eleemosynas
900 1888 1230 1959 pauperibus
1259 1887 1412 1951 dant,
1454 1902 1713 1943 oremus:
1777 1895 1832 1943 et
1863 1901 1965 1958 pro
1998 1886 2067 1947 iis

496 1982 591 2052 qui
639 1980 868 2035 Domino
892 1978 1001 2036 Deo
1028 1990 1215 2035 nostro
1252 1979 1465 2034 hostias
1505 1986 1559 2035 et
1614 1979 1883 2051 primitias
1930 1978 2065 2037 olle—

496 2080 646 2137 runt,
679 2087 897 2127 oremus
920 2110 937 2136 ,
992 2077 1053 2125 ut
1100 2070 1245 2126 Deus
1276 2070 1516 2141 optimus
1568 2077 1946 2126 remuneretur
1970 2086 2065 2128 eos

497 2165 813 2220 cmvlcstibus
843 2163 958 2219 suis
986 2163 1181 2233 gratiis
1204 2202 1219 2227 ,
1252 2161 1449 2233 detque
1480 2162 1549 2219 iis
1580 2161 1635 2216 in
1664 2163 1915 2234 praesenti
1940 2177 2067 2218 cen-

502 2257 735 2327 tuplum,
771 2266 826 2310 et
850 2256 903 2309 in
933 2254 1117 2309 futuro
1143 2255 1309 2309 vitam
1353 2263 1651 2323 aeternam;
1700 2262 1862 2324 atque
1902 2253 2067 2309 donet

502 2348 641 2420 ipsis
670 2364 770 2418 pro
808 2348 1152 2417 temporariis
1184 2357 1417 2412 aeterna,
1465 2363 1565 2419 pro
1612 2348 1846 2407 terrenis
1898 2347 2063 2404 coale-

497 2441 608 2497 stia
638 2442 709 2496 ".
742 2435 972 2495 Oremus
998 2455 1096 2509 pro
1124 2455 1316 2496 recens
1346 2440 1636 2510 haptizatis
1676 2439 1937 2495 fratribus
1967 2454 2066 2495 no-

494 2534 627 2589 stris
645 2576 661 2599 ,
687 2540 747 2586 ut
774 2530 1035 2588 Dominus
1058 2546 1154 2588 eos
1182 2532 1422 2589 stabiliat
1442 2547 1507 2586 ac
1529 2530 1726 2587 ﬁrmet.
1750 2530 1856 2586 Pro
1882 2530 2065 2586 fratri-

497 2624 602 2680 bus
625 2623 829 2678 nostris
848 2623 989 2678 mala
1018 2622 1325 2679 valetudine
1346 2622 1559 2679 allictis
1587 2638 1841 2691 oremus;
1871 2630 1929 2676 ut
1960 2622 2063 2678 Do-

496 2716 678 2775 minus
706 2714 900 2769 liberet
928 2713 1052 2769 illos
1102 2713 1250 2768 omni
1281 2713 1472 2769 morbo
1518 2723 1569 2769 et
1601 2714 1747 2768 omni
1781 2714 2057 2785 languore,

494 2820 769 2875 sanusque
799 2803 1054 2860 restituat
1083 2812 1287 2861 sanctae
1311 2820 1424 2859 suae
1462 2802 1739 2860 Ecclesiae.
1768 2803 1875 2860 Pro
1907 2804 2061 2859 navi-

491 2898 746 2970 gantibus
775 2912 839 2949 ac
866 2896 971 2950 iter
1014 2895 1345 2952 habentibus
1375 2911 1613 2953 oremus.
1646 2894 1752 2951 Pro
1783 2897 1851 2953 iis
1879 2896 1973 2968 qui
2002 2897 2059 2953 in

491 2990 747 3053 metallis,
778 2988 1012 3053 exsiliis,
1046 2987 1314 3043 custodiis
1342 2996 1397 3043 et
1423 2989 1683 3054 vinculis,
1709 2998 1931 3061 propter
1955 2990 2058 3046 'no-

2180 490 2312 550 κιῶν
2354 496 2518 550 αὑτοῦ
2570 496 2869 568 δεηθῶμεν·
2918 496 3060 567 ὑπὲρ
3108 496 3201 549 τοῦ
3245 495 3563 549 ἐπισκόπου
3593 489 3743 565 ἡμῶν

2177 587 2395 643 Εὐοδίου
2435 588 2545 659 (26)
2594 590 2687 642 καὶ
2730 589 2839 641 τῶν
2886 587 3185 659 παροικιῶν
3232 586 3397 641 αὑτοῦ
3445 585 3739 658 δεηθῶμεν’

2176 680 2324 744 ὅπως
2349 684 2377 735 6
2402 682 2698 752 οἰκτίρμων
2726 679 2858 743 Θεὸς
2880 680 3173 753 χαρίσηται
3200 680 3397 743 αὐτοὺς
3414 682 3541 742 ταῖς
3570 679 3743 747 άγίαις

2176 772 2337 827 αὑτοῦ
2392 773 2741 845 Ἐκκλησίαις
2800 770 3010 836 σώους,
3069 772 3361 843 ἐντίμους,
3429 788 3741 843 μακροημε-

2176 864 2450 937 ρεύοντας’
2487 864 2589 924 καὶ
2617 864 2797 938 τίμιον
2846 865 3030 928 αὐτοῖς
3074 863 3137 919 τὸ
3176 863 3353 935 γῆρας
3394 863 3741 935 παράσχηται

2175 956 2233 1010 ὲν
2269 955 2518 1028 εὐσεϐείᾳ
2562 957 2655 1011 καὶ
2699 955 3029 1027 δικαιοσύνῃ·
3062 956 3156 1009 καὶ
3191 955 3333 1028 ὑπὲρ
3362 955 3479 1013 τῶν
3510 955 3740 1028 πρεσϐυ-

2173 1047 2346 1119 τέρων
2373 1047 2531 1122 ἡμῶν
2561 1047 2859 1119 δεηθῶμεν’
2893 1048 3041 1112 ὅπως
3064 1051 3094 1102 6
3121 1047 3326 1120 Κύριος
3367 1048 3602 1120 ῥύατηται
3644 1049 3739 1100 αύ-

2173 1140 2301 1202 τοὺς
2335 1138 2443 1195 ἀπὸ
2482 1140 2681 1205 παντὸς
2725 1140 2923 1193 ἀτόπου
2966 1139 3059 1193 καὶ
3098 1134 3337 1211 πονηροῦ
3381 1139 3702 1210 πράγματος
3724 1178 3738 1201 ,

2173 1231 2267 1285 καί
2297 1231 2435 1285 σῶον
2462 1232 2555 1285 καὶ
2601 1231 2827 1302 ἔντιμον
2861 1232 2922 1284 τὸ
2964 1230 3355 1303 πρεσϐυτέριον
3405 1231 3591 1293 αὐτοῖς
3636 1247 3736 1283 πα-

2175 1322 2384 1399 ράσχοι.
2427 1323 2595 1395 ’Υπὲρ
2640 1324 2822 1394 πάσης
2863 1324 2961 1395 τῆς,
2995 1325 3054 1380 ἐν
3084 1323 3304 1395 Χριστῷ
3338 1323 3619 1385 διακονίας
3649 1323 3737 1378 καὶ

2173 1414 2474 1487 ὑπηρεσίας
2503 1414 2801 1488 δεηθῶμεν·
2836 1416 2985 1480 ὅπως
3015 1404 3043 1470 6
3072 1416 3277 1487 Κύριος
3323 1416 3614 1487 ἄμεμπτον
3645 1415 3736 1486 τὴν

2171 1506 2444 1567 διακονίαν
2476 1509 2657 1572 αὐτοῖς
2690 1509 3057 1581 παράσχηται.
3117 1509 3288 1582 ’Υπὲρ
3333 1508 3697 1577 άναγνωστῶν
3720 1548 3734 1569 ,

2169 1599 2408 1673 ψαλτῶν,
2427 1601 2732 1672 παρθένων,
2766 1600 2951 1672 χηρῶν
2974 1618 3033 1656 τε
3050 1601 3143 1657 καὶ
3161 1600 3410 1675 ὀρφανῶν
3434 1600 3734 1673 δεηθῶμεν·

2172 1692 2312 1765 ὑπὲρ
2339 1692 2447 1747 τῶν
2475 1695 2534 1748 ὲν
2583 1694 2863 1764 συζυγίαις
2904 1694 2998 1748 καὶ
3020 1694 3386 1764 τεκνογονίαις
3422 1693 3699 1765 δεηθῶμεν
3720 1713 3733 1725 ·

2170 1787 2318 1851 ὅπως
2340 1787 2370 1839 6
2401 1787 2603 1859 Κύριος
2651 1788 2775 1849 τοὺς
2809 1785 3017 1850 πάντας
3063 1784 3259 1848 αὐτοὺς
3288 1784 3513 1857 ἐλεήσῃ.
3574 1785 3735 1857 ’Υῄρ

2168 1880 2436 1951 εὐνούχων
2461 1880 2623 1944 ὁσίως
2677 1880 3053 1952 πορευομένων
3080 1877 3382 1951 δεηθῶμεν.
3428 1879 3604 1950 ’Υπὲρ
3634 1878 3735 1931 τῶν

2166 1972 2225 2026 ὲν
2252 1971 2573 2044 ἐγκρατείᾳ,
2605 1971 2715 2033 καὶ
2752 1969 3003 2042 εὐλαϐείᾳ
3053 1968 3354 2042 δεηθῶμεν.
3429 1969 3607 2040 ’Υπὲρ
3634 1970 3733 2023 τῶν

2166 2062 2653 2135 καρποφορούντων
2676 2063 2734 2116 ὲν
2778 2064 2843 2134 τῇ
2875 2060 3005 2133 ἁγίᾳ
3039 2059 3351 2133 Ἐκκλησία,
3385 2061 3485 2115 καὶ
3528 2062 3731 2115 mmo»

2163 2172 2272 2210 των
2308 2158 2422 2219 τοῖς
2470 2155 2664 2226 πένησι
2705 2153 2804 2217 τὰς
2850 2149 3215 2231 ἐλεημοσύνας
3265 2150 3553 2224 δεηθῶμεν
3576 2169 3593 2185 ο
3648 2154 3731 2205 καὶ

2166 2248 2307 2319 ὑπὲρ
2328 2247 2438 2301 τῶν
2468 2246 2567 2311 τὰς
2590 2246 2777 2309 θυσίας
2797 2246 2891 2301 καὶ
2921 2245 3020 2309 τὰς
3043 2243 3293 2317 ἀπαρχάς
3321 2246 3729 2317 προσφερόντων

2163 2340 2352 2410 Κυρίῳ
2378 2338 2456 2409 τῷ
2488 2337 2607 2408 Θεῷ
2638 2338 2791 2409 ἡμῶν
2820 2336 3098 2408 δεηθῶμεν
3121 2353 3136 2368 ο
3190 2337 3338 2399 ὅπως
3370 2336 3401 2390 6
3426 2336 3729 2405 πανάγαθος

2162 2427 2297 2494 Θεὸς
2324 2431 2627 2503 ἀμείψηται
2660 2431 2857 2494 αὐτοὺς
2900 2432 3020 2493 ταῖς
3063 2428 3410 2501 ὲπουρανίαις
3440 2428 3607 2481 αὑτοῦ
3633 2429 3727 2481 δω-

2163 2527 2335 2593 ρεαῖς,
2370 2525 2463 2579 καὶ⁵
2514 2523 2589 2596 δῷ
2645 2523 2827 2587 αὐτοῖς
2864 2524 2922 2577 ὲν
2966 2521 3046 2594 τῷ
3083 2523 3306 2595 παρόντι
3341 2523 3727 2575 ἑκατονταπλα-

2163 2616 2332 2682 σίονα,
2364 2617 2456 2671 καὶ⁵
2485 2619 2540 2671 ὲν
2559 2616 2637 2688 τῷ
2666 2615 2913 2689 μέλλοντι
2943 2615 3088 2685 ζωὴν
3115 2613 3351 2679 αίώνιον,
3384 2615 3482 2668 καὶ
3514 2614 3727 2686 χαρίσης

2159 2725 2249 2763 ται
2282 2710 2466 2774 αὐτοῖς
2512 2709 2632 2764 ἀντὶ
2688 2706 2795 2763 τῶν
2846 2706 3194 2779 προσκαίρων
3242 2706 3311 2760 τά
3365 2705 3583 2770 αίὼνια,
3616 2709 3727 2761 ἀντὶ

2156 2801 2267 2856 τῶν
2298 2800 2551 2871 ἐπιγείων
2574 2799 2644 2854 τά
2660 2798 2978 2871 ἐπουράνια.
3018 2799 3191 2870 ’Υπὲρ
3218 2798 3329 2851 τῶν
3360 2800 3725 2868 νεοφωτίστων

2156 2892 2400 2964 ἀδελφῶν
2428 2891 2584 2964 ἡμῶν
2631 2891 2948 2964 δεηθῶμεν’
2993 2891 3142 2954 ὅπως
3192 2892 3221 2944 ὁ
3266 2889 3478 2961 Κύριος
3507 2892 3723 2962 στηρίξει

2158 2984 2356 3050 αὐτοὺς
2411 2985 2507 3039 και
2569 2967 2866 3055 βεὸαῖώσῃ.
2937 2982 3111 3053 ’Υπὲρ
3166 2982 3275 3036 τῶν
3331 2984 3392 3035 ὲν
3450 2983 3725 3063 ἀρρωστία

490 3095 617 3139 men
651 3077 888 3140 Domini,
918 3087 1230 3141 versantur,
1257 3090 1495 3132 oremus.
1555 3074 1661 3131 Pro
1693 3076 1887 3131 acerba
1938 3092 2052 3132 ser-

2162 3075 2552 3150 ὲξεταζομένων
2600 3075 2842 3145 ἀδελφῶν
2872 3074 3027 3146 ἡμῶν
3044 3074 3350 3147 δεηθῶμεν·
3384 3076 3539 3138 ὃταυς
3567 3076 3595 3127 6
3618 3076 3722 3127 Κύ-

490 3167 664 3223 vitute
700 3164 977 3234 oppressis
1002 3179 1243 3221 oremus.
1304 3162 1411 3218 Pro
1446 3163 1681 3219 inimicis
1711 3172 1766 3220 et
1805 3166 1930 3221 odio
1958 3166 2058 3221 ha-

488 3257 743 3314 bentibus
789 3271 910 3325 nos,
959 3268 1177 3311 oremus
1232 3274 1246 3312 :
1307 3270 1407 3326 pro
1462 3258 1915 3327 persequentibus
1955 3274 2057 3315 nos

488 3357 708 3423 propter
739 3362 937 3402 nomen
960 3345 1197 3411 Domini,
1228 3362 1446 3402 oremus
1473 3368 1484 3403 :
1516 3356 1576 3403 ut
1615 3349 1896 3420 Dominus,
1948 3353 2054 3407 mi-

491 3444 658 3514 tigato
686 3457 872 3496 eorum
929 3439 1131 3505 furore,
1183 3440 1412 3513 dissipet
1458 3442 1594 3498 iram
1653 3445 1916 3501 adversus
1952 3460 2054 3501 nos

486 3536 838 3591 concitatam.
870 3531 977 3587 Pro
1030 3532 1099 3588 iis
1148 3534 1241 3603 qui
1272 3532 1406 3591 foris
1436 3543 1584 3601 sunt,
1620 3551 1683 3591 ac
1712 3552 1900 3593 errore
1950 3538 2054 3592 du-

486 3639 704 3691 cuntur,
738 3642 985 3693 oremus;
1016 3634 1076 3680 ut
1098 3625 1362 3682 Dominus
1386 3628 1509 3685 illos
1532 3638 1833 3687 convertat.
1868 3630 2052 3686 Infan-

485 3724 617 3776 tium
644 3718 899 3774 Ecclesia:
957 3716 1339 3784 recordemur;
1390 3719 1469 3772 uti
1526 3718 1809 3785 Dominus,
1842 3736 1938 3777 eos
1995 3722 2051 3777 in

484 3812 677 3865 timore
703 3824 806 3865 suo
830 3807 1020 3863 reddat
1050 3806 1342 3879 perfectos,
1365 3815 1420 3862 et
1450 3806 1517 3862 ad
1552 3824 1867 3864 mensuram
1918 3817 2050 3864 teta-

488 3900 558 3956 tis
589 3902 867 3971 perducat.
904 3900 1008 3957 Pro
1043 3900 1204 3955 nobis
1227 3898 1458 3954 invicem
1488 3915 1739 3968 oremus;
1773 3912 1835 3958 ut
1861 3901 2049 3958 Domi-

487 4007 593 4047 nus
630 3993 804 4064 gratia
847 4008 945 4048 sua
975 4001 1155 4048 servet
1202 4008 1303 4048 nos
1340 4008 1405 4048 ac
1451 3994 1723 4049 custodiat
1762 4010 1933 4066 usque
1977 3995 2043 4051 ad

486 4083 669 4145 tinem,
707 4094 760 4137 et
794 4082 984 4137 liberet
1034 4100 1135 4139 nos
1164 4100 1195 4139 a
1236 4087 1398 4149 malo,
1427 4093 1479 4141 et
1507 4086 1575 4141 ab
1605 4088 1859 4143 omnibus
1886 4103 2046 4143 scan-

485 4171 624 4227 dalis
650 4178 989 4242 operantium
1036 4176 1378 4246 iniquitatem
1413 4178 1481 4243 ⁷⁸,
1511 4188 1566 4233 et
1597 4180 1775 4235 salvos
1811 4195 1911 4236 nos
1945 4181 2049 4236 du-

486 4271 576 4314 cat
620 4262 670 4315 in
735 4279 957 4334 regnum
1016 4281 1173 4319 suum
1228 4268 1466 4322 caeleste.
1510 4268 1615 4323 Pro
1662 4270 1812 4324 omni
1864 4270 2043 4325 anima

484 4350 793 4408 Christiana
824 4368 1062 4411 oremus.
1110 4348 1271 4412 Salva
1303 4368 1355 4413 et
1385 4360 1531 4428 erige
1575 4376 1697 4424 nos,
1741 4360 1904 4427 Deus,
1942 4363 2046 4417 mi-

2162 3184 2277 3243 ριος
2309 3168 2536 3242 ρύσηται
2563 3167 2760 3231 αὐτοὺς
2789 3166 2971 3239 πάσης
3029 3166 3183 3221 νόσου
3217 3166 3308 3220 καὶ
3346 3166 3531 3237 πάσης
3565 3168 3721 3238 μαλα-

2156 3260 2301 3325 κίας,
2353 3261 2447 3313 καὶ
2499 3258 2672 3322 σώους
2725 3258 3149 3330 ἀποκαταστήσῃ
3177 3260 3245 3328 τῇ
3277 3258 3408 3330 ἁγίᾳ
3441 3256 3718 3311 αὐτοῦἘκρ

2156 3351 2373 3424 κλησίᾳ.
2422 3352 2596 3423 ’Υπὲρ
2628 3350 2901 3404 πλεόντων
2946 3351 3040 3403 καὶ
3072 3349 3502 3421 ὁδοιπορούντων
3532 3351 3717 3423 δεηθῶ-

2158 3462 2255 3514 μεν
2277 3461 2292 3476 ο
2329 3444 2470 3515 ὑπὲρ
2500 3443 2608 3495 τῶν
2638 3445 2696 3496 ὲν
2728 3442 3007 3514 μετάλλοις
3038 3441 3133 3495 καὶ
3167 3441 3405 3514 ὲξορίαις
3437 3444 3532 3496 καὶ
3562 3441 3716 3511 φυλα-

2153 3537 2276 3599 καῖς
2306 3535 2400 3589 καὶ
2454 3534 2674 3605 δεσμοῖς
2714 3534 2881 3587 ὄντων
2912 3531 3000 3586 διά
3043 3532 3106 3585 τὸ
3150 3532 3319 3603 ὄνομα
3352 3533 3449 3586 τοῦ
3499 3535 3712 3606 Κυρίου,

2150 3626 2426 3698 ἅηθῶμεν
2449 3642 2465 3659 ⁸
2520 3626 2660 3697 ὑπὲρ
2706 3624 2812 3678 τῶν
2845 3626 2904 3677 ὲν
2932 3625 3107 3696 πικρᾷ
3140 3624 3356 3697 δουλείᾳ
3388 3642 3711 3679 καταπονου-

2155 3718 2328 3790 μένων
2357 3718 2636 3790 δεηθῶμεν
2660 3735 2675 3750 ·
2707 3717 2848 3788 ὑπὲρ
2877 3716 3088 3787 ἐχθρῶν
3123 3716 3219 3769 καὶ
3253 3716 3555 3783 μισούντων
3582 3720 3711 3789 ἡμᾶς

2150 3809 2425 3882 δεηθῶμεν
2448 3827 2463 3841 ο
2501 3810 2640 3881 ὑπὲρ
2667 3809 2779 3862 τῶν
2836 3808 3141 3861 διωκόντων
3172 3809 3320 3879 ἡμᾶς
3351 3808 3443 3863 διά
3470 3811 3531 3863 τὺ
3558 3811 3707 3882 ὄνομα

2149 3901 2242 3955 τοῦ
2274 3902 2498 3974 Κυρίου,
2540 3900 2819 3972 δεηοῶμεν
2842 3916 2857 3931 ·
2892 3900 3038 3963 ὅπως
3063 3901 3092 3951 6
3125 3900 3328 3971 Κύριος
3359 3901 3605 3972 πραΰνας
3627 3904 3706 3954 τὸν

2148 3992 2315 4063 Θυμδν
2337 3993 2514 4047 αὐτῶν
2561 3991 2883 4062 διασκεδάσῃ
2905 3991 3003 4061 τὴν
3034 3990 3154 4044 καθ’
3178 3994 3209 4060 ὴ
3220 3990 3336 4062 μῶν
3364 3992 3537 4063 ὀργήν
3570 3994 3700 4063 (27)’

2147 4084 2287 4155 ὑπὲρ
2317 4083 2426 4137 τῶν
2470 4082 2576 4150 ἔξω
2615 4082 2783 4136 όντων
2820 4083 2914 4136 καὶ
2948 4082 3375 4153 πεπλανημένων
3401 4083 3701 4155 δεηθῶμενο

2145 4174 2294 4238 ὅπως
2319 4177 2349 4228 6
2379 4176 2583 4249 Κύριος
2615 4175 2815 4237 αὐτοὺς
2863 4174 3187 4246 ἐπιστρέψῃ.
3220 4174 3340 4229 Τῶν
3386 4178 3592 4246 νηπίων
3618 4178 3699 4247 τῆς

2155 4266 2478 4339 Ἐκκλησίας
2539 4266 3037 4339 μνημονεύσωμεν·
3098 4266 3245 4329 ὅπως
3303 4268 3333 4319 6
3375 4268 3579 4338 Κύριος
3622 4286 3696 4321 τε·

2146 4358 2374 4424 λειὼσας
2405 4359 2546 4414 αὐτὰ
2574 4362 2631 4412 ὲν
2662 4359 2742 4430 τῷ
2762 4358 2911 4430 φόϐῳ
2937 4357 3131 4423 αὐτοῦ,
3165 4360 3244 4422 εἰς
3278 4360 3476 4430 μέτρον
3502 4360 3695 4431 ἡλικίας

481 4443 776 4499 sericordia
830 4453 941 4499 tua.
1000 4444 1321 4517 Surgamus.
1376 4446 1604 4505 Orantes
1671 4450 1894 4518 intente,
1943 4446 2077 4509 nos?

2162 4450 2349 4521 ίγάγῃ·
2410 4450 2550 4521 ὑπὲρ
2597 4449 2835 4521 ἀλλήλων
2871 4449 3177 4522 δεηθῶμεψ
3234 4450 3384 4514 ὅπως
3429 4452 3458 4503 6
3512 4452 3692 4523 Κύριος

482 4532 631 4605 ipsos
683 4544 846 4605 atque
905 4546 1120 4605 mutuo,
1169 4539 1372 4594 viventi
1423 4540 1555 4604 Deo,
1610 4556 1708 4611 per
1760 4542 2041 4598 Christum

478 4626 602 4694 ejus
654 4628 1119 4686 commendemus.
1171 4630 1429 4688 Precetur
1464 4640 1645 4686 autem
1696 4632 1962 4703 pontifex,
1989 4643 2044 4691 et

474 4717 620 4771 dicat
647 4735 663 4771 :

2137 4544 2349 4614 τηρήσῃ
2380 4540 2491 4614 (28)
2519 4543 2665 4612 ἡμᾶς
2718 4544 2814 4599 καὶ
2870 4542 3080 4614 φυλάξῃ
3112 4545 3179 4615 τῇ
3205 4542 3371 4596 αὑτοῦ
3413 4543 3592 4613 χάριτι
3621 4546 3689 4606 είς

2137 4634 2305 4697 τέλος,
2333 4634 2427 4686 καὶ⁸
2469 4633 2698 4705 ρύσηται
2756 4635 2903 4705 ἡμᾶς
2950 4634 3045 4687 τοῦ
3098 4634 3333 4707 πονηροῦ
3364 4636 3461 4687 καὶ
3494 4636 3686 4688 πάντων

2137 4724 2247 4778 τῶν
2282 4724 2586 4779 σκανδάλων
2642 4724 2747 4778 τῶν
2779 4726 3158 4798 ἐργαζομένων
3204 4727 3303 4798 τὴν
3335 4727 3577 4798 ἀνομίαν,
3604 4726 3683 4778 καὶ

477 4805 623 4878 σώσῃ
651 4808 731 4871 είς
759 4807 857 4879 τὴν
890 4808 1160 4879 βασιλείαν
1204 4809 1370 4863 αὐτοῦ
1391 4810 1489 4883 τὴν
1518 4813 1860 4885 ἐπουράνιον.
1918 4819 2093 4894 ’Υπὲρ
2137 4820 2317 4890 πάσης
2352 4819 2530 4891 ψυχῆς
2558 4821 2873 4891 χριστιανῆς
2904 4819 3201 4890 δεηθῶμεν.
3241 4818 3423 4871 Σῶσον
3455 4820 3543 4872 καὶ
3566 4818 3679 4872 ἀνά-

476 4915 669 4970 στησον
716 4903 862 4972 ἡμᾶς
887 4903 938 4973 ,ὁ
990 4902 1121 4973 Θεὸς
1148 4902 1228 4975 τῷ
1254 4971 1259 4975 ἡ
1286 4903 1425 4958 ὲλέει
1476 4922 1589 4959 σου.
1654 4908 2039 4984 Ἐγειρὼμεθα.
2088 4912 2382 4986 Δεηθέντες
2410 4913 2643 4976 ὲκτενῶς
2690 4914 2917 4976 ἑαυτοὺς
2963 4913 3058 4965 καὶ
3106 4912 3367 4985 ἀλλήλους
3410 4912 3489 4966 τῶ
3536 4912 3677 4977 ζῶντι

473 4989 589 5062 Θεῴ
607 4991 693 5045 διά
718 4992 811 5045 τοῦ
840 4994 1074 5065 Χριστοῦ
1093 4994 1255 5047 αὐτοῦ
1282 4994 1669 5067 παραθώμεθα.
1708 5001 2050 5075 Ἐπευχέσθω
2078 5004 2135 5058 δὲ
2167 5004 2277 5077 (29)
2309 5006 2338 5059 6
2360 5003 2671 5075 ἀρχιερεὺς,
2706 5004 2799 5057 καὶ
2833 5002 3056 5072 λεγέτω*

1058 5108 1288 5165 CAPUT
1331 5109 1420 5165 XI.

916 5200 1182 5257 Invocatio
1200 5217 1294 5271 pro
1318 5202 1579 5271 ﬁdelibus.

542 5288 767 5348 Domine
792 5294 1155 5364 omnipotens.
1195 5294 1519 5362 celsissime,
1554 5298 1647 5367 qui
1680 5298 1734 5356 in
1766 5301 1893 5358 altis
1930 5302 2026 5358 ιη.

540 5405 584 5436 ⁷⁷
622 5405 812 5470 Matth.
841 5425 958 5475 nx,
989 5409 1079 5465 29.
1154 5409 1202 5443 ⁷⁸
1238 5409 1387 5468 Psal.
1418 5426 1543 5481 cn,
1574 5412 1632 5468 9.

2654 5117 3048 5175 ΚΕΦΑΛΑΙΠΝ
3081 5118 3183 5170 lA'.

2532 5212 2881 5279 Ἑπίκλησις
2914 5210 3033 5263 τῶν
3062 5207 3311 5264 πιστῶν.

2200 5304 2369 5378 Κύριε
2426 5266 2822 5381 παντόκρατοιρ,
2856 5266 3080 5374 ύψιπε,
3122 5302 3151 5353 6
3198 5302 3257 5355 ὲν
3306 5298 3522 5374 ὑψηλοῖς
3554 5314 3666 5367 ξαρ

1776 5546 2139 5608 VARIORUM
2164 5547 2396 5607 ΝΟΤᾹ).

540 5672 656 5746 (26)
694 5678 964 5735 Εὐοδίου.
997 5681 1096 5738 Ms.
1123 5683 1282 5740 Vind.
1328 5685 1617 5743 'Avvravoﬁ.
1647 5689 1814 5743 Cum.

533 5745 646 5821 (Ἥ)
696 5748 920 5819 Ὀργήν.
954 5753 1115 5810 Addit
1143 5756 1265 5811 cod.
1301 5754 1461 5815 Vind.
1486 5758 1776 5831 δεηθῶμεν.
1813 5759 1885 5817 In.

2222 5692 2311 5765 28)
2356 5690 2611 5765 Τῃρήςῃ.
2646 5692 2978 5765 Διατηρήσῃ.
3170 5691 3332 5765 Vind.
3365 5691 3439 5752 ll.

2222 5692 2291 5745 28
2356 5692 2611 5760 Τηρήσῃ.
2646 5692 2978 5765 Διατηρήσῃ.
3004 5692 3137 5747 Cod.
3170 5692 3332 5752 Vind.
3365 5692 3439 5752 ll.

2200 5692 2311 5835 $39;
2346 5761 2435 5817 Δέ.
2468 5759 2572 5817 Οὗν
2600 5760 2719 5817 cod.
2758 5760 2915 5818 Vind.
2954 5764 3173 5819 rectius.
3198 5761 3259 5818 In.
3472 5778 3480 5789 '
