  <div class='ocr_page' id='page_1' title='image "/cluster/home/n/w/nwhite01/storage/ocr_20150623/1 (St. Clemens; pt. 1)/nyp.33433019854052/554.png"; bbox 0 0 3812 6352; ppageno 0'>
   <div class='ocr_carea' id='block_1_1' title="bbox 133 266 246 326">
    <p class='ocr_par' dir='ltr' id='par_1_1' title="bbox 133 266 246 326">
     <span class='ocr_line' id='line_1_1' title="bbox 133 266 246 326; baseline -0.035 0"><span class='ocrx_word' id='word_1_1' title='bbox 133 266 246 326; x_wconf 74' lang='grc'><strong>1089</strong></span> 
     </span>
    </p>
   </div>
   <div class='ocr_carea' id='block_1_2' title="bbox 948 258 2425 345">
    <p class='ocr_par' dir='ltr' id='par_1_2' title="bbox 948 258 2425 345">
     <span class='ocr_line' id='line_1_2' title="bbox 948 258 2425 345; baseline -0.001 -25"><span class='ocrx_word' id='word_1_2' title='bbox 948 260 1544 320; x_wconf 80' lang='lat' dir='ltr'><strong>CONSTITUTIONES</strong></span> <span class='ocrx_word' id='word_1_3' title='bbox 1580 258 2253 345; x_wconf 64' lang='lat' dir='ltr'><strong>APOSTOUCJE.~LIB.</strong></span> <span class='ocrx_word' id='word_1_4' title='bbox 2294 260 2425 317; x_wconf 91' lang='lat' dir='ltr'><strong>VIII.</strong></span> 
     </span>
    </p>
   </div>
   <div class='ocr_carea' id='block_1_3' title="bbox 3169 267 3310 325">
    <p class='ocr_par' dir='ltr' id='par_1_3' title="bbox 3169 267 3310 325">
     <span class='ocr_line' id='line_1_3' title="bbox 3169 267 3310 325; baseline 0.007 -1"><span class='ocrx_word' id='word_1_5' title='bbox 3169 267 3310 325; x_wconf 71' lang='lat' dir='ltr'><strong>I090</strong></span> 
     </span>
    </p>
   </div>
   <div class='ocr_carea' id='block_1_4' title="bbox 128 342 1654 452">
    <p class='ocr_par' dir='ltr' id='par_1_4' title="bbox 128 348 1643 450">
     <span class='ocr_line' id='line_1_4' title="bbox 128 348 1643 450; baseline -0.009 -11"><span class='ocrx_word' id='word_1_6' title='bbox 128 382 281 448; x_wconf 81' lang='grc' dir='ltr'>οικῶν,</span> <span class='ocrx_word' id='word_1_7' title='bbox 296 379 409 450; x_wconf 55' lang='lat' dir='ltr'><strong>an.</strong></span> <span class='ocrx_word' id='word_1_8' title='bbox 436 379 493 433; x_wconf 87' lang='grc' dir='ltr'><strong>ἐν</strong></span> <span class='ocrx_word' id='word_1_9' title='bbox 521 377 695 447; x_wconf 81' lang='grc' dir='ltr'>ἁγίοις</span> <span class='ocrx_word' id='word_1_10' title='bbox 721 377 1357 450; x_wconf 76' lang='grc' dir='ltr'>ἀναπαυόμενε,ἀναρχε,</span> <span class='ocrx_word' id='word_1_11' title='bbox 1382 376 1613 447; x_wconf 83' lang='grc' dir='ltr'>μόναρχε</span> <span class='ocrx_word' id='word_1_12' title='bbox 1629 392 1643 405; x_wconf 76' lang='grc' dir='ltr'><strong>ο</strong></span> 
     </span>
    </p>
   </div>
   <div class='ocr_carea' id='block_1_5' title="bbox 1743 342 3313 452">
    <p class='ocr_par' dir='ltr' id='par_1_5' title="bbox 1751 372 3313 452">
     <span class='ocr_line' id='line_1_5' title="bbox 1751 372 3313 452; baseline 0.007 -27"><span class='ocrx_word' id='word_1_13' title='bbox 1751 372 1912 436; x_wconf 81' lang='lat' dir='ltr'><strong>bitas,</strong></span> <span class='ocrx_word' id='word_1_14' title='bbox 1946 379 2165 439; x_wconf 79' lang='lat' dir='ltr'><strong>sancte,</strong></span> <span class='ocrx_word' id='word_1_15' title='bbox 2197 374 2288 443; x_wconf 91' lang='lat' dir='ltr'><strong>qui</strong></span> <span class='ocrx_word' id='word_1_16' title='bbox 2350 375 2405 427; x_wconf 91' lang='lat' dir='ltr'><strong>in</strong></span> <span class='ocrx_word' id='word_1_17' title='bbox 2452 374 2660 430; x_wconf 79' lang='lat' dir='ltr'><strong>sanctis</strong></span> <span class='ocrx_word' id='word_1_18' title='bbox 2709 374 3028 445; x_wconf 88' lang='lat' dir='ltr'><strong>requiescis,</strong></span> <span class='ocrx_word' id='word_1_19' title='bbox 3085 379 3313 452; x_wconf 79' lang='lat' dir='ltr'><strong>originis</strong></span> 
     </span>
    </p>
   </div>
   <div class='ocr_carea' id='block_1_6' title="bbox 126 468 1646 545">
    <p class='ocr_par' dir='ltr' id='par_1_6' title="bbox 126 468 1646 545">
     <span class='ocr_line' id='line_1_6' title="bbox 126 468 1646 545; baseline -0.009 -14"><span class='ocrx_word' id='word_1_20' title='bbox 126 491 150 533; x_wconf 90' lang='grc' dir='ltr'><strong>ο</strong></span> <span class='ocrx_word' id='word_1_21' title='bbox 190 474 265 529; x_wconf 76' lang='grc' dir='ltr'><strong>διὰ</strong></span> <span class='ocrx_word' id='word_1_22' title='bbox 305 470 529 545; x_wconf 83' lang='grc' dir='ltr'><strong>Χριστοῦ</strong></span> <span class='ocrx_word' id='word_1_23' title='bbox 589 472 849 541; x_wconf 84' lang='grc' dir='ltr'>κήρυγμα</span> <span class='ocrx_word' id='word_1_24' title='bbox 916 468 1169 538; x_wconf 88' lang='grc' dir='ltr'>γνώσεως</span> <span class='ocrx_word' id='word_1_25' title='bbox 1210 470 1333 532; x_wconf 83' lang='grc' dir='ltr'>δοὺς</span> <span class='ocrx_word' id='word_1_26' title='bbox 1386 469 1515 539; x_wconf 77' lang='grc' dir='ltr'>ἡμῖν</span> <span class='ocrx_word' id='word_1_27' title='bbox 1567 468 1646 531; x_wconf 83' lang='grc' dir='ltr'><strong>εἰς</strong></span> 
     </span>
    </p>
   </div>
   <div class='ocr_carea' id='block_1_7' title="bbox 127 552 1645 636">
    <p class='ocr_par' dir='ltr' id='par_1_7' title="bbox 127 552 1645 636">
     <span class='ocr_line' id='line_1_7' title="bbox 127 552 1645 636; baseline -0.007 -14"><span class='ocrx_word' id='word_1_28' title='bbox 127 570 379 636; x_wconf 80' lang='grc' dir='ltr'>ἐπίγνωσιν</span> <span class='ocrx_word' id='word_1_29' title='bbox 403 566 499 635; x_wconf 78' lang='grc' dir='ltr'>τῆς</span> <span class='ocrx_word' id='word_1_30' title='bbox 526 562 625 634; x_wconf 84' lang='grc' dir='ltr'><strong>σῆς</strong></span> <span class='ocrx_word' id='word_1_31' title='bbox 663 561 822 634; x_wconf 76' lang='grc' dir='ltr'>δόξης</span> <span class='ocrx_word' id='word_1_32' title='bbox 855 563 953 617; x_wconf 80' lang='grc' dir='ltr'>καὶ</span> <span class='ocrx_word' id='word_1_33' title='bbox 994 561 1089 615; x_wconf 85' lang='grc' dir='ltr'><strong>τοῦ</strong></span> <span class='ocrx_word' id='word_1_34' title='bbox 1131 560 1392 633; x_wconf 85' lang='grc' dir='ltr'>ὀνόματός</span> <span class='ocrx_word' id='word_1_35' title='bbox 1436 577 1550 624; x_wconf 92' lang='grc' dir='ltr'>σου,</span> <span class='ocrx_word' id='word_1_36' title='bbox 1584 552 1645 612; x_wconf 84' lang='grc' dir='ltr'><strong>οῦ</strong></span> 
     </span>
    </p>
   </div>
   <div class='ocr_carea' id='block_1_8' title="bbox 126 652 1646 731">
    <p class='ocr_par' dir='ltr' id='par_1_8' title="bbox 126 652 1646 731">
     <span class='ocr_line' id='line_1_8' title="bbox 126 652 1646 731; baseline -0.007 -16"><span class='ocrx_word' id='word_1_37' title='bbox 126 659 425 731; x_wconf 74' lang='grc' dir='ltr'><strong>ἐφανέρωσεν</strong></span> <span class='ocrx_word' id='word_1_38' title='bbox 480 658 611 727; x_wconf 81' lang='grc' dir='ltr'>ἡμῖν</span> <span class='ocrx_word' id='word_1_39' title='bbox 673 658 754 720; x_wconf 85' lang='grc' dir='ltr'><strong>είς</strong></span> <span class='ocrx_word' id='word_1_40' title='bbox 812 654 1113 727; x_wconf 77' lang='grc' dir='ltr'>κατάληψιν</span> <span class='ocrx_word' id='word_1_41' title='bbox 1140 671 1152 686; x_wconf 73' lang='grc' dir='ltr'><strong><em>ο</em></strong></span> <span class='ocrx_word' id='word_1_42' title='bbox 1219 654 1380 716; x_wconf 86' lang='grc' dir='ltr'>αὐτὸς</span> <span class='ocrx_word' id='word_1_43' title='bbox 1412 654 1503 706; x_wconf 77' lang='grc' dir='ltr'>καὶ</span> <span class='ocrx_word' id='word_1_44' title='bbox 1552 652 1646 706; x_wconf 92' lang='grc' dir='ltr'><strong>νῦν</strong></span> 
     </span>
    </p>
   </div>
   <div class='ocr_carea' id='block_1_9' title="bbox 125 744 1644 818">
    <p class='ocr_par' dir='ltr' id='par_1_9' title="bbox 125 744 1644 818">
     <span class='ocr_line' id='line_1_9' title="bbox 125 744 1644 818; baseline -0.007 -11"><span class='ocrx_word' id='word_1_45' title='bbox 125 752 245 807; x_wconf 73' lang='grc' dir='ltr'>ἔπιδε</span> <span class='ocrx_word' id='word_1_46' title='bbox 272 750 332 803; x_wconf 70' lang='grc' dir='ltr'><strong>δι’</strong></span> <span class='ocrx_word' id='word_1_47' title='bbox 360 747 518 804; x_wconf 80' lang='grc' dir='ltr'>αὐτοῦ</span> <span class='ocrx_word' id='word_1_48' title='bbox 568 749 661 802; x_wconf 77' lang='grc' dir='ltr'>ἐπὶ</span> <span class='ocrx_word' id='word_1_49' title='bbox 686 748 747 801; x_wconf 83' lang='grc' dir='ltr'><strong>τὸ</strong></span> <span class='ocrx_word' id='word_1_50' title='bbox 792 748 1040 818; x_wconf 87' lang='grc' dir='ltr'>ποίμνιόν</span> <span class='ocrx_word' id='word_1_51' title='bbox 1082 762 1175 799; x_wconf 86' lang='grc' dir='ltr'><strong>σου</strong></span> <span class='ocrx_word' id='word_1_52' title='bbox 1207 744 1363 798; x_wconf 88' lang='grc' dir='ltr'>τοῦτο</span> <span class='ocrx_word' id='word_1_53' title='bbox 1382 762 1393 775; x_wconf 91' lang='grc'><strong>·</strong></span> <span class='ocrx_word' id='word_1_54' title='bbox 1434 746 1526 798; x_wconf 78' lang='grc' dir='ltr'>καὶ</span> <span class='ocrx_word' id='word_1_55' title='bbox 1550 744 1644 796; x_wconf 92' lang='grc' dir='ltr'>λύ-</span> 
     </span>
    </p>
   </div>
   <div class='ocr_carea' id='block_1_10' title="bbox 123 834 1642 917">
    <p class='ocr_par' dir='ltr' id='par_1_10' title="bbox 123 834 1642 917">
     <span class='ocr_line' id='line_1_10' title="bbox 123 834 1642 917; baseline -0.006 -20"><span class='ocrx_word' id='word_1_56' title='bbox 123 861 292 917; x_wconf 83' lang='grc' dir='ltr'>τρωσαι</span> <span class='ocrx_word' id='word_1_57' title='bbox 324 841 448 894; x_wconf 81' lang='grc' dir='ltr'>αὐτὸ</span> <span class='ocrx_word' id='word_1_58' title='bbox 481 840 658 911; x_wconf 83' lang='grc' dir='ltr'>πάσης</span> <span class='ocrx_word' id='word_1_59' title='bbox 683 839 926 908; x_wconf 81' lang='grc' dir='ltr'><strong>ἀγνοίας,</strong></span> <span class='ocrx_word' id='word_1_60' title='bbox 965 837 1060 892; x_wconf 81' lang='grc' dir='ltr'><strong>καὶ</strong></span> <span class='ocrx_word' id='word_1_61' title='bbox 1089 839 1330 908; x_wconf 78' lang='grc' dir='ltr'>πονηρᾶς</span> <span class='ocrx_word' id='word_1_62' title='bbox 1356 834 1605 908; x_wconf 79' lang='grc' dir='ltr'>πράξεως</span> <span class='ocrx_word' id='word_1_63' title='bbox 1628 853 1642 867; x_wconf 77' lang='grc' dir='ltr'><strong>ο</strong></span> 
     </span>
    </p>
   </div>
   <div class='ocr_carea' id='block_1_11' title="bbox 122 928 1643 1003">
    <p class='ocr_par' dir='ltr' id='par_1_11' title="bbox 122 928 1643 1003">
     <span class='ocr_line' id='line_1_11' title="bbox 122 928 1643 1003; baseline -0.007 -13"><span class='ocrx_word' id='word_1_64' title='bbox 122 940 195 990; x_wconf 78' lang='grc' dir='ltr'><strong>καὶ</strong></span> <span class='ocrx_word' id='word_1_65' title='bbox 216 934 294 995; x_wconf 81' lang='grc' dir='ltr'>δὸς</span> <span class='ocrx_word' id='word_1_66' title='bbox 321 933 463 1003; x_wconf 76' lang='grc' dir='ltr'><strong>φόόῳ</strong></span> <span class='ocrx_word' id='word_1_67' title='bbox 492 931 770 1001; x_wconf 79' lang='grc' dir='ltr'>φοϐεῖσθαί</span> <span class='ocrx_word' id='word_1_68' title='bbox 799 948 879 997; x_wconf 90' lang='grc' dir='ltr'><strong>σε,</strong></span> <span class='ocrx_word' id='word_1_69' title='bbox 913 931 1006 985; x_wconf 78' lang='grc' dir='ltr'><strong>καὶ</strong></span> <span class='ocrx_word' id='word_1_70' title='bbox 1057 930 1243 1000; x_wconf 80' lang='grc' dir='ltr'><strong>ἀγάπῃ</strong></span> <span class='ocrx_word' id='word_1_71' title='bbox 1276 928 1495 999; x_wconf 83' lang='grc' dir='ltr'>ἀγαπᾷν</span> <span class='ocrx_word' id='word_1_72' title='bbox 1552 944 1643 991; x_wconf 87' lang='grc' dir='ltr'><strong>σε,</strong></span> 
     </span>
    </p>
   </div>
   <div class='ocr_carea' id='block_1_12' title="bbox 123 1018 1645 1095">
    <p class='ocr_par' dir='ltr' id='par_1_12' title="bbox 123 1018 1645 1095">
     <span class='ocr_line' id='line_1_12' title="bbox 123 1018 1645 1095; baseline -0.006 -16"><span class='ocrx_word' id='word_1_73' title='bbox 123 1030 194 1080; x_wconf 81' lang='grc' dir='ltr'>καὶ</span> <span class='ocrx_word' id='word_1_74' title='bbox 220 1024 514 1078; x_wconf 81' lang='grc' dir='ltr'><strong>στέλλεσθαι</strong></span> <span class='ocrx_word' id='word_1_75' title='bbox 560 1024 667 1077; x_wconf 86' lang='grc' dir='ltr'><strong>ἀπὸ</strong></span> <span class='ocrx_word' id='word_1_76' title='bbox 696 1021 987 1095; x_wconf 83' lang='grc' dir='ltr'><strong>προσώπου</strong></span> <span class='ocrx_word' id='word_1_77' title='bbox 1033 1022 1189 1093; x_wconf 82' lang='grc' dir='ltr'><strong>δόξης</strong></span> <span class='ocrx_word' id='word_1_78' title='bbox 1221 1037 1312 1073; x_wconf 93' lang='grc' dir='ltr'><strong>σου</strong></span> <span class='ocrx_word' id='word_1_79' title='bbox 1336 1037 1352 1053; x_wconf 74' lang='grc'><em>’</em></span> <span class='ocrx_word' id='word_1_80' title='bbox 1410 1018 1645 1090; x_wconf 78' lang='grc' dir='ltr'>εὐμενὴς</span> 
     </span>
    </p>
   </div>
   <div class='ocr_carea' id='block_1_13' title="bbox 120 1114 1643 1187">
    <p class='ocr_par' dir='ltr' id='par_1_13' title="bbox 120 1114 1643 1187">
     <span class='ocr_line' id='line_1_13' title="bbox 120 1114 1643 1187; baseline -0.004 -17"><span class='ocrx_word' id='word_1_81' title='bbox 120 1120 269 1181; x_wconf 69' lang='grc' dir='ltr'>αὐτοῖς</span> <span class='ocrx_word' id='word_1_82' title='bbox 295 1115 468 1186; x_wconf 81' lang='grc' dir='ltr'><strong>γενοῦ,</strong></span> <span class='ocrx_word' id='word_1_83' title='bbox 499 1117 593 1170; x_wconf 79' lang='grc' dir='ltr'>καὶ</span> <span class='ocrx_word' id='word_1_84' title='bbox 625 1117 801 1183; x_wconf 79' lang='grc' dir='ltr'>ἵλεως,</span> <span class='ocrx_word' id='word_1_85' title='bbox 836 1115 933 1170; x_wconf 76' lang='grc' dir='ltr'>καὶ</span> <span class='ocrx_word' id='word_1_86' title='bbox 960 1116 1191 1187; x_wconf 83' lang='grc' dir='ltr'>ἐπήκοος</span> <span class='ocrx_word' id='word_1_87' title='bbox 1236 1114 1295 1167; x_wconf 86' lang='grc' dir='ltr'>ὲν</span> <span class='ocrx_word' id='word_1_88' title='bbox 1324 1114 1443 1176; x_wconf 85' lang='grc' dir='ltr'>ταῖς</span> <span class='ocrx_word' id='word_1_89' title='bbox 1474 1129 1643 1184; x_wconf 90' lang='grc' dir='ltr'>προσ-</span> 
     </span>
    </p>
   </div>
   <div class='ocr_carea' id='block_1_14' title="bbox 119 1204 1641 1279">
    <p class='ocr_par' dir='ltr' id='par_1_14' title="bbox 119 1204 1641 1279">
     <span class='ocr_line' id='line_1_14' title="bbox 119 1204 1641 1279; baseline -0.003 -18"><span class='ocrx_word' id='word_1_90' title='bbox 119 1212 273 1279; x_wconf 85' lang='grc' dir='ltr'>ευχαῖς</span> <span class='ocrx_word' id='word_1_91' title='bbox 321 1208 531 1262; x_wconf 68' lang='grc' dir='ltr'><strong>αὐτῶν⁸</strong></span> <span class='ocrx_word' id='word_1_92' title='bbox 591 1210 683 1261; x_wconf 75' lang='grc' dir='ltr'><strong>καὶ</strong></span> <span class='ocrx_word' id='word_1_93' title='bbox 748 1207 982 1277; x_wconf 77' lang='grc' dir='ltr'>φύλαξον</span> <span class='ocrx_word' id='word_1_94' title='bbox 1055 1206 1252 1269; x_wconf 76' lang='grc' dir='ltr'>αὐτοὺς</span> <span class='ocrx_word' id='word_1_95' title='bbox 1302 1204 1641 1276; x_wconf 82' lang='grc' dir='ltr'><strong>ἀτρέπτους,</strong></span> 
     </span>
    </p>
   </div>
   <div class='ocr_carea' id='block_1_15' title="bbox 119 1293 1643 1373">
    <p class='ocr_par' dir='ltr' id='par_1_15' title="bbox 119 1293 1643 1373">
     <span class='ocr_line' id='line_1_15' title="bbox 119 1293 1643 1373; baseline -0.005 -18"><span class='ocrx_word' id='word_1_96' title='bbox 119 1301 425 1372; x_wconf 80' lang='grc' dir='ltr'><strong>ἀμέμπτους,</strong></span> <span class='ocrx_word' id='word_1_97' title='bbox 477 1300 842 1373; x_wconf 81' lang='grc' dir='ltr'>ἀνεγκλήτους</span> <span class='ocrx_word' id='word_1_98' title='bbox 868 1318 879 1331; x_wconf 90' lang='grc'><strong>·</strong></span> <span class='ocrx_word' id='word_1_99' title='bbox 927 1300 1015 1353; x_wconf 85' lang='grc' dir='ltr'>ἵνα</span> <span class='ocrx_word' id='word_1_100' title='bbox 1055 1293 1186 1353; x_wconf 77' lang='grc' dir='ltr'>ὦσιν</span> <span class='ocrx_word' id='word_1_101' title='bbox 1242 1296 1385 1366; x_wconf 81' lang='grc' dir='ltr'>ἆγιοι</span> <span class='ocrx_word' id='word_1_102' title='bbox 1432 1295 1643 1367; x_wconf 83' lang='grc' dir='ltr'>σώματι</span> 
     </span>
    </p>
   </div>
   <div class='ocr_carea' id='block_1_16' title="bbox 120 1387 1643 1465">
    <p class='ocr_par' dir='ltr' id='par_1_16' title="bbox 120 1387 1643 1465">
     <span class='ocr_line' id='line_1_16' title="bbox 120 1387 1643 1465; baseline -0.005 -19"><span class='ocrx_word' id='word_1_103' title='bbox 120 1394 195 1446; x_wconf 70' lang='grc' dir='ltr'><strong>καὶ</strong></span> <span class='ocrx_word' id='word_1_104' title='bbox 219 1393 369 1465; x_wconf 74' lang='grc' dir='ltr'>ψυχῇ,</span> <span class='ocrx_word' id='word_1_105' title='bbox 420 1393 492 1464; x_wconf 81' lang='grc' dir='ltr'>μὴ</span> <span class='ocrx_word' id='word_1_106' title='bbox 534 1393 749 1463; x_wconf 82' lang='grc' dir='ltr'>ἔχοντες</span> <span class='ocrx_word' id='word_1_107' title='bbox 809 1392 994 1446; x_wconf 86' lang='grc' dir='ltr'>σπῖλον</span> <span class='ocrx_word' id='word_1_108' title='bbox 1048 1391 1080 1462; x_wconf 80' lang='grc' dir='ltr'>ἢ</span> <span class='ocrx_word' id='word_1_109' title='bbox 1130 1390 1317 1463; x_wconf 80' lang='grc' dir='ltr'>ῥυτίδα</span> <span class='ocrx_word' id='word_1_110' title='bbox 1363 1389 1396 1459; x_wconf 81' lang='grc' dir='ltr'><strong>ή</strong></span> <span class='ocrx_word' id='word_1_111' title='bbox 1440 1406 1493 1441; x_wconf 91' lang='grc' dir='ltr'>τι</span> <span class='ocrx_word' id='word_1_112' title='bbox 1535 1387 1643 1440; x_wconf 82' lang='grc' dir='ltr'><strong>τῶν</strong></span> 
     </span>
    </p>
   </div>
   <div class='ocr_carea' id='block_1_17' title="bbox 118 1479 1645 1556">
    <p class='ocr_par' dir='ltr' id='par_1_17' title="bbox 118 1479 1645 1556">
     <span class='ocr_line' id='line_1_17' title="bbox 118 1479 1645 1556; baseline -0.005 -18"><span class='ocrx_word' id='word_1_113' title='bbox 118 1484 332 1539; x_wconf 82' lang='grc' dir='ltr'>τοιούτων</span> <span class='ocrx_word' id='word_1_114' title='bbox 356 1503 368 1515; x_wconf 67' lang='grc'><strong><em>⁸</em></strong></span> <span class='ocrx_word' id='word_1_115' title='bbox 392 1484 504 1538; x_wconf 85' lang='grc' dir='ltr'>ἀλλ’</span> <span class='ocrx_word' id='word_1_116' title='bbox 536 1485 621 1538; x_wconf 81' lang='grc' dir='ltr'>ἵνα</span> <span class='ocrx_word' id='word_1_117' title='bbox 654 1479 786 1538; x_wconf 81' lang='grc' dir='ltr'>ὦσιν</span> <span class='ocrx_word' id='word_1_118' title='bbox 817 1485 1014 1556; x_wconf 77' lang='grc' dir='ltr'>ἄρτιοι,</span> <span class='ocrx_word' id='word_1_119' title='bbox 1046 1484 1139 1536; x_wconf 77' lang='grc' dir='ltr'>καὶ</span> <span class='ocrx_word' id='word_1_120' title='bbox 1162 1481 1347 1553; x_wconf 79' lang='grc' dir='ltr'>μηδεὶς</span> <span class='ocrx_word' id='word_1_121' title='bbox 1374 1482 1432 1533; x_wconf 89' lang='grc' dir='ltr'><strong>ἐν</strong></span> <span class='ocrx_word' id='word_1_122' title='bbox 1464 1479 1645 1542; x_wconf 81' lang='grc' dir='ltr'>αὐτοῖς</span> 
     </span>
    </p>
   </div>
   <div class='ocr_carea' id='block_1_18' title="bbox 117 1572 1640 1651">
    <p class='ocr_par' dir='ltr' id='par_1_18' title="bbox 117 1572 1640 1651">
     <span class='ocr_line' id='line_1_18' title="bbox 117 1572 1640 1651; baseline -0.004 -22"><span class='ocrx_word' id='word_1_123' title='bbox 117 1574 144 1651; x_wconf 70' lang='grc' dir='ltr'>ᾖ</span> <span class='ocrx_word' id='word_1_124' title='bbox 173 1576 364 1640; x_wconf 81' lang='grc' dir='ltr'>κολοϐὸς</span> <span class='ocrx_word' id='word_1_125' title='bbox 382 1576 413 1647; x_wconf 75' lang='grc' dir='ltr'>ἢ</span> <span class='ocrx_word' id='word_1_126' title='bbox 431 1577 643 1649; x_wconf 88' lang='grc' dir='ltr'>ἀτελής.</span> <span class='ocrx_word' id='word_1_127' title='bbox 672 1577 895 1649; x_wconf 86' lang='grc' dir='ltr'>Ἀρωγὲ,</span> <span class='ocrx_word' id='word_1_128' title='bbox 917 1575 1128 1638; x_wconf 86' lang='grc' dir='ltr'>δυνατὲ,</span> <span class='ocrx_word' id='word_1_129' title='bbox 1149 1572 1640 1646; x_wconf 80' lang='grc' dir='ltr'>ἀπροσωπόληπτε,</span> 
     </span>
    </p>
   </div>
   <div class='ocr_carea' id='block_1_19' title="bbox 116 1664 1643 1742">
    <p class='ocr_par' dir='ltr' id='par_1_19' title="bbox 116 1664 1643 1742">
     <span class='ocr_line' id='line_1_19' title="bbox 116 1664 1643 1742; baseline -0.004 -19"><span class='ocrx_word' id='word_1_130' title='bbox 116 1669 244 1738; x_wconf 84' lang='grc' dir='ltr'>γενοῦ</span> <span class='ocrx_word' id='word_1_131' title='bbox 271 1669 605 1742; x_wconf 80' lang='grc' dir='ltr'>ἀντιλήπτωρ</span> <span class='ocrx_word' id='word_1_132' title='bbox 632 1668 729 1723; x_wconf 89' lang='grc' dir='ltr'><strong>τοῦ</strong></span> <span class='ocrx_word' id='word_1_133' title='bbox 757 1668 884 1723; x_wconf 90' lang='grc' dir='ltr'>λαοῦ</span> <span class='ocrx_word' id='word_1_134' title='bbox 928 1686 1019 1722; x_wconf 94' lang='grc' dir='ltr'><strong>σου</strong></span> <span class='ocrx_word' id='word_1_135' title='bbox 1050 1666 1261 1731; x_wconf 87' lang='grc' dir='ltr'>τούτου,</span> <span class='ocrx_word' id='word_1_136' title='bbox 1292 1667 1350 1719; x_wconf 74' lang='grc' dir='ltr'>ὃν</span> <span class='ocrx_word' id='word_1_137' title='bbox 1384 1664 1643 1736; x_wconf 81' lang='grc' dir='ltr'>ἐξηγόρα-</span> 
     </span>
    </p>
   </div>
   <div class='ocr_carea' id='block_1_20' title="bbox 117 1757 1638 1833">
    <p class='ocr_par' dir='ltr' id='par_1_20' title="bbox 117 1757 1638 1833">
     <span class='ocr_line' id='line_1_20' title="bbox 117 1757 1638 1833; baseline -0.002 -20"><span class='ocrx_word' id='word_1_138' title='bbox 117 1778 194 1824; x_wconf 81' lang='grc' dir='ltr'><strong>σας</strong></span> <span class='ocrx_word' id='word_1_139' title='bbox 213 1761 311 1833; x_wconf 77' lang='lat'><strong>(50)</strong></span> <span class='ocrx_word' id='word_1_140' title='bbox 334 1760 407 1832; x_wconf 82' lang='grc' dir='ltr'><strong>τῷ</strong></span> <span class='ocrx_word' id='word_1_141' title='bbox 436 1762 601 1833; x_wconf 80' lang='grc' dir='ltr'>τιμίῳ</span> <span class='ocrx_word' id='word_1_142' title='bbox 628 1762 722 1816; x_wconf 91' lang='grc' dir='ltr'><strong>τοῦ</strong></span> <span class='ocrx_word' id='word_1_143' title='bbox 744 1760 978 1833; x_wconf 80' lang='grc' dir='ltr'>Χριστοῦ</span> <span class='ocrx_word' id='word_1_144' title='bbox 1012 1777 1105 1813; x_wconf 94' lang='grc' dir='ltr'><strong>σου</strong></span> <span class='ocrx_word' id='word_1_145' title='bbox 1148 1760 1358 1831; x_wconf 86' lang='grc' dir='ltr'>αἵματι.</span> <span class='ocrx_word' id='word_1_146' title='bbox 1393 1757 1638 1829; x_wconf 84' lang='grc' dir='ltr'>Προστά-</span> 
     </span>
    </p>
   </div>
   <div class='ocr_carea' id='block_1_21' title="bbox 114 1851 1639 1928">
    <p class='ocr_par' dir='ltr' id='par_1_21' title="bbox 114 1851 1639 1928">
     <span class='ocr_line' id='line_1_21' title="bbox 114 1851 1639 1928; baseline -0.007 -15"><span class='ocrx_word' id='word_1_147' title='bbox 114 1871 208 1925; x_wconf 75' lang='grc' dir='ltr'>της,</span> <span class='ocrx_word' id='word_1_148' title='bbox 235 1855 524 1928; x_wconf 85' lang='grc' dir='ltr'>ἐπίκουρος,</span> <span class='ocrx_word' id='word_1_149' title='bbox 549 1854 769 1926; x_wconf 82' lang='grc' dir='ltr'>ταμίας,</span> <span class='ocrx_word' id='word_1_150' title='bbox 810 1854 1003 1925; x_wconf 83' lang='grc' dir='ltr'>φύλαξ,</span> <span class='ocrx_word' id='word_1_151' title='bbox 1057 1857 1233 1924; x_wconf 86' lang='grc' dir='ltr'>τεῖχος</span> <span class='ocrx_word' id='word_1_152' title='bbox 1259 1851 1639 1924; x_wconf 81' lang='grc' dir='ltr'>ἐρυμνότατον,</span> 
     </span>
    </p>
   </div>
   <div class='ocr_carea' id='block_1_22' title="bbox 115 1941 1641 2019">
    <p class='ocr_par' dir='ltr' id='par_1_22' title="bbox 115 1941 1641 2019">
     <span class='ocr_line' id='line_1_22' title="bbox 115 1941 1641 2019; baseline -0.006 -16"><span class='ocrx_word' id='word_1_153' title='bbox 115 1947 353 2019; x_wconf 84' lang='grc' dir='ltr'>φραγμὸς,</span> <span class='ocrx_word' id='word_1_154' title='bbox 408 1946 675 2016; x_wconf 84' lang='grc' dir='ltr'>ἀσφάλεια</span> <span class='ocrx_word' id='word_1_155' title='bbox 729 1946 879 2017; x_wconf 78' lang='grc'>(51),</span> <span class='ocrx_word' id='word_1_156' title='bbox 932 1946 1013 1998; x_wconf 78' lang='grc' dir='ltr'><strong>ὅτι</strong></span> <span class='ocrx_word' id='word_1_157' title='bbox 1064 1946 1128 1998; x_wconf 84' lang='grc' dir='ltr'><strong>ἐκ</strong></span> <span class='ocrx_word' id='word_1_158' title='bbox 1167 1945 1265 2014; x_wconf 83' lang='grc' dir='ltr'>τῆς</span> <span class='ocrx_word' id='word_1_159' title='bbox 1312 1943 1412 2012; x_wconf 81' lang='grc' dir='ltr'>σῆς</span> <span class='ocrx_word' id='word_1_160' title='bbox 1461 1941 1641 2013; x_wconf 86' lang='grc' dir='ltr'>χειρὸς</span> 
     </span>
    </p>
   </div>
   <div class='ocr_carea' id='block_1_23' title="bbox 111 2036 1642 2111">
    <p class='ocr_par' dir='ltr' id='par_1_23' title="bbox 111 2036 1642 2111">
     <span class='ocr_line' id='line_1_23' title="bbox 111 2036 1642 2111; baseline -0.003 -20"><span class='ocrx_word' id='word_1_161' title='bbox 111 2041 254 2103; x_wconf 71' lang='grc' dir='ltr'>οὐδεὶς</span> <span class='ocrx_word' id='word_1_162' title='bbox 284 2038 519 2111; x_wconf 83' lang='grc' dir='ltr'>ἁρπάσαι</span> <span class='ocrx_word' id='word_1_163' title='bbox 569 2038 789 2093; x_wconf 90' lang='grc' dir='ltr'>δύναται</span> <span class='ocrx_word' id='word_1_164' title='bbox 812 2055 827 2071; x_wconf 79' lang='grc'><em>’</em></span> <span class='ocrx_word' id='word_1_165' title='bbox 873 2037 993 2092; x_wconf 79' lang='grc' dir='ltr'>οὐδὲ</span> <span class='ocrx_word' id='word_1_166' title='bbox 1021 2037 1128 2109; x_wconf 89' lang='grc' dir='ltr'><strong>γάρ</strong></span> <span class='ocrx_word' id='word_1_167' title='bbox 1156 2038 1270 2090; x_wconf 87' lang='grc' dir='ltr'>ἐστι</span> <span class='ocrx_word' id='word_1_168' title='bbox 1296 2036 1426 2099; x_wconf 84' lang='grc' dir='ltr'>Θεὸς</span> <span class='ocrx_word' id='word_1_169' title='bbox 1454 2036 1642 2109; x_wconf 80' lang='grc' dir='ltr'>ὥσπερ</span> 
     </span>
    </p>
   </div>
   <div class='ocr_carea' id='block_1_24' title="bbox 116 2128 1640 2204">
    <p class='ocr_par' dir='ltr' id='par_1_24' title="bbox 116 2128 1640 2204">
     <span class='ocr_line' id='line_1_24' title="bbox 116 2128 1640 2204; baseline -0.002 -20"><span class='ocrx_word' id='word_1_170' title='bbox 116 2135 165 2185; x_wconf 80' lang='grc' dir='ltr'><strong>σὺ</strong></span> <span class='ocrx_word' id='word_1_171' title='bbox 190 2134 354 2204; x_wconf 77' lang='grc' dir='ltr'>ἕτερος</span> <span class='ocrx_word' id='word_1_172' title='bbox 377 2150 391 2164; x_wconf 77' lang='grc' dir='ltr'><strong><em>ο</em></strong></span> <span class='ocrx_word' id='word_1_173' title='bbox 422 2132 503 2185; x_wconf 78' lang='grc' dir='ltr'>ὅτι</span> <span class='ocrx_word' id='word_1_174' title='bbox 534 2133 592 2185; x_wconf 80' lang='grc' dir='ltr'><strong>ἐν</strong></span> <span class='ocrx_word' id='word_1_175' title='bbox 627 2132 713 2185; x_wconf 77' lang='grc' dir='ltr'>σοὶ</span> <span class='ocrx_word' id='word_1_176' title='bbox 766 2133 799 2201; x_wconf 84' lang='grc' dir='ltr'><strong>ή</strong></span> <span class='ocrx_word' id='word_1_177' title='bbox 832 2131 1077 2201; x_wconf 85' lang='grc' dir='ltr'>ὑπομονὴ</span> <span class='ocrx_word' id='word_1_178' title='bbox 1108 2128 1284 2200; x_wconf 78' lang='grc' dir='ltr'>ἡμῶν.</span> <span class='ocrx_word' id='word_1_179' title='bbox 1322 2148 1339 2179; x_wconf 79' lang='grc' dir='ltr'>ι</span> <span class='ocrx_word' id='word_1_180' title='bbox 1389 2128 1640 2197; x_wconf 81' lang='grc' dir='ltr'>Ἀγίασον</span> 
     </span>
    </p>
   </div>
   <div class='ocr_carea' id='block_1_25' title="bbox 112 2220 1643 2296">
    <p class='ocr_par' dir='ltr' id='par_1_25' title="bbox 112 2220 1643 2296">
     <span class='ocr_line' id='line_1_25' title="bbox 112 2220 1643 2296; baseline -0.001 -19"><span class='ocrx_word' id='word_1_181' title='bbox 112 2226 273 2288; x_wconf 73' lang='grc' dir='ltr'>αὐτοὺς</span> <span class='ocrx_word' id='word_1_182' title='bbox 299 2226 351 2277; x_wconf 90' lang='grc' dir='ltr'><strong>ἐν</strong></span> <span class='ocrx_word' id='word_1_183' title='bbox 382 2228 447 2296; x_wconf 77' lang='grc' dir='ltr'>τῇ</span> <span class='ocrx_word' id='word_1_184' title='bbox 480 2223 705 2295; x_wconf 80' lang='grc' dir='ltr'><strong>ἀληθείᾳ</strong></span> <span class='ocrx_word' id='word_1_185' title='bbox 737 2240 852 2287; x_wconf 93' lang='grc' dir='ltr'>σου,</span> <span class='ocrx_word' id='word_1_186' title='bbox 885 2223 1016 2275; x_wconf 83' lang='grc' dir='ltr'>ὅτιὸ</span> <span class='ocrx_word' id='word_1_187' title='bbox 1048 2222 1201 2289; x_wconf 89' lang='grc' dir='ltr'>λόγος</span> <span class='ocrx_word' id='word_1_188' title='bbox 1229 2223 1257 2274; x_wconf 98' lang='lat'><strong>6</strong></span> <span class='ocrx_word' id='word_1_189' title='bbox 1289 2221 1379 2284; x_wconf 84' lang='grc' dir='ltr'><strong>σὸς</strong></span> <span class='ocrx_word' id='word_1_190' title='bbox 1416 2220 1643 2291; x_wconf 87' lang='grc' dir='ltr'>ἀλήθειά</span> 
     </span>
    </p>
   </div>
   <div class='ocr_carea' id='block_1_26' title="bbox 108 2314 1641 2389">
    <p class='ocr_par' dir='ltr' id='par_1_26' title="bbox 108 2314 1641 2389">
     <span class='ocr_line' id='line_1_26' title="bbox 108 2314 1641 2389; baseline -0.001 -22"><span class='ocrx_word' id='word_1_191' title='bbox 108 2318 277 2370; x_wconf 81' lang='grc' dir='ltr'>ἐστιν.»</span> <span class='ocrx_word' id='word_1_192' title='bbox 323 2316 769 2389; x_wconf 80' lang='grc' dir='ltr'>’Δπροσχάριστε,</span> <span class='ocrx_word' id='word_1_193' title='bbox 789 2315 1189 2387; x_wconf 88' lang='grc' dir='ltr'>ἀπαραλόγιστε</span> <span class='ocrx_word' id='word_1_194' title='bbox 1211 2331 1226 2345; x_wconf 79' lang='grc' dir='ltr'><strong>ο</strong></span> <span class='ocrx_word' id='word_1_195' title='bbox 1261 2314 1417 2385; x_wconf 78' lang='grc' dir='ltr'>ῥῦσαι</span> <span class='ocrx_word' id='word_1_196' title='bbox 1446 2314 1641 2378; x_wconf 77' lang='grc' dir='ltr'>αὐτοὺς</span> 
     </span>
    </p>
   </div>
   <div class='ocr_carea' id='block_1_27' title="bbox 112 2407 1642 2479">
    <p class='ocr_par' dir='ltr' id='par_1_27' title="bbox 112 2407 1642 2479">
     <span class='ocr_line' id='line_1_27' title="bbox 112 2407 1642 2479; baseline 0.001 -20"><span class='ocrx_word' id='word_1_197' title='bbox 112 2410 260 2479; x_wconf 80' lang='grc' dir='ltr'>πάσης</span> <span class='ocrx_word' id='word_1_198' title='bbox 284 2409 433 2462; x_wconf 85' lang='grc' dir='ltr'>νόσου</span> <span class='ocrx_word' id='word_1_199' title='bbox 467 2409 561 2462; x_wconf 76' lang='grc' dir='ltr'><strong>καὶ</strong></span> <span class='ocrx_word' id='word_1_200' title='bbox 589 2408 770 2479; x_wconf 83' lang='grc' dir='ltr'>πάσης</span> <span class='ocrx_word' id='word_1_201' title='bbox 802 2408 1090 2478; x_wconf 86' lang='grc' dir='ltr'>μαλακίας,</span> <span class='ocrx_word' id='word_1_202' title='bbox 1114 2407 1311 2471; x_wconf 78' lang='grc' dir='ltr'>παντὸς</span> <span class='ocrx_word' id='word_1_203' title='bbox 1343 2407 1642 2479; x_wconf 85' lang='grc' dir='ltr'>παραπτώ-</span> 
     </span>
    </p>
   </div>
   <div class='ocr_carea' id='block_1_28' title="bbox 110 2500 1639 2573">
    <p class='ocr_par' dir='ltr' id='par_1_28' title="bbox 110 2500 1639 2573">
     <span class='ocr_line' id='line_1_28' title="bbox 110 2500 1639 2573; baseline 0.001 -21"><span class='ocrx_word' id='word_1_204' title='bbox 110 2517 269 2569; x_wconf 80' lang='grc' dir='ltr'>ματος,</span> <span class='ocrx_word' id='word_1_205' title='bbox 328 2502 503 2572; x_wconf 82' lang='grc' dir='ltr'>πάσης</span> <span class='ocrx_word' id='word_1_206' title='bbox 567 2500 831 2573; x_wconf 78' lang='grc' dir='ltr'>ἐπηρείας</span> <span class='ocrx_word' id='word_1_207' title='bbox 886 2502 977 2554; x_wconf 74' lang='grc' dir='ltr'>καὶ</span> <span class='ocrx_word' id='word_1_208' title='bbox 1038 2500 1273 2572; x_wconf 86' lang='grc' dir='ltr'>ἀπάτης,</span> <span class='ocrx_word' id='word_1_209' title='bbox 1324 2501 1433 2554; x_wconf 83' lang='grc' dir='ltr'><strong>ἀπὸ</strong></span> <span class='ocrx_word' id='word_1_210' title='bbox 1476 2500 1639 2570; x_wconf 74' lang='grc' dir='ltr'>φόϐου</span> 
     </span>
    </p>
   </div>
   <div class='ocr_carea' id='block_1_29' title="bbox 111 2590 1643 2663">
    <p class='ocr_par' dir='ltr' id='par_1_29' title="bbox 111 2590 1643 2663">
     <span class='ocr_line' id='line_1_29' title="bbox 111 2590 1643 2663; baseline 0.001 -20"><span class='ocrx_word' id='word_1_211' title='bbox 111 2592 292 2663; x_wconf 86' lang='grc' dir='ltr'>ἐχθροῦ,</span> <span class='ocrx_word' id='word_1_212' title='bbox 316 2594 419 2647; x_wconf 85' lang='grc' dir='ltr'><strong>ἀπὸ</strong></span> <span class='ocrx_word' id='word_1_213' title='bbox 449 2593 639 2663; x_wconf 78' lang='grc' dir='ltr'>βέλους</span> <span class='ocrx_word' id='word_1_214' title='bbox 668 2592 965 2663; x_wconf 81' lang='grc' dir='ltr'>πετομένου</span> <span class='ocrx_word' id='word_1_215' title='bbox 992 2592 1223 2663; x_wconf 74' lang='grc' dir='ltr'>ἡμέρας,</span> <span class='ocrx_word' id='word_1_216' title='bbox 1254 2590 1363 2645; x_wconf 86' lang='grc' dir='ltr'><strong>ἀπὸ</strong></span> <span class='ocrx_word' id='word_1_217' title='bbox 1385 2593 1643 2663; x_wconf 84' lang='grc' dir='ltr'>πράγμα-</span> 
     </span>
    </p>
   </div>
   <div class='ocr_carea' id='block_1_30' title="bbox 109 2685 1640 2756">
    <p class='ocr_par' dir='ltr' id='par_1_30' title="bbox 109 2685 1640 2756">
     <span class='ocr_line' id='line_1_30' title="bbox 109 2685 1640 2756; baseline 0.002 -20"><span class='ocrx_word' id='word_1_218' title='bbox 109 2701 182 2748; x_wconf 85' lang='grc' dir='ltr'><strong>τος</strong></span> <span class='ocrx_word' id='word_1_219' title='bbox 230 2686 280 2740; x_wconf 88' lang='grc' dir='ltr'><strong>ἐν</strong></span> <span class='ocrx_word' id='word_1_220' title='bbox 342 2686 520 2740; x_wconf 86' lang='grc' dir='ltr'>σκότει</span> <span class='ocrx_word' id='word_1_221' title='bbox 575 2685 1033 2756; x_wconf 81' lang='grc' dir='ltr'>διαπορευομένου</span> <span class='ocrx_word' id='word_1_222' title='bbox 1078 2704 1090 2717; x_wconf 90' lang='grc'><strong>·</strong></span> <span class='ocrx_word' id='word_1_223' title='bbox 1164 2687 1256 2738; x_wconf 78' lang='grc' dir='ltr'><strong>καὶ</strong></span> <span class='ocrx_word' id='word_1_224' title='bbox 1307 2685 1640 2751; x_wconf 77' lang='grc' dir='ltr'>καταξίωσον</span> 
     </span>
    </p>
   </div>
   <div class='ocr_carea' id='block_1_31' title="bbox 108 2778 1641 2850">
    <p class='ocr_par' dir='ltr' id='par_1_31' title="bbox 108 2778 1641 2850">
     <span class='ocr_line' id='line_1_31' title="bbox 108 2778 1641 2850; baseline 0.001 -21"><span class='ocrx_word' id='word_1_225' title='bbox 108 2780 273 2843; x_wconf 73' lang='grc' dir='ltr'>αὐτοὺς</span> <span class='ocrx_word' id='word_1_226' title='bbox 299 2779 391 2850; x_wconf 82' lang='grc' dir='ltr'>τῆς</span> <span class='ocrx_word' id='word_1_227' title='bbox 430 2778 651 2833; x_wconf 87' lang='grc' dir='ltr'>αἰωνίου</span> <span class='ocrx_word' id='word_1_228' title='bbox 683 2778 846 2849; x_wconf 78' lang='grc' dir='ltr'>ζωῆς,</span> <span class='ocrx_word' id='word_1_229' title='bbox 884 2779 985 2848; x_wconf 78' lang='grc' dir='ltr'><strong>τῆς</strong></span> <span class='ocrx_word' id='word_1_230' title='bbox 1041 2779 1098 2831; x_wconf 88' lang='grc' dir='ltr'><strong>ἐν</strong></span> <span class='ocrx_word' id='word_1_231' title='bbox 1144 2778 1363 2850; x_wconf 79' lang='grc' dir='ltr'>Χριστῷ</span> <span class='ocrx_word' id='word_1_232' title='bbox 1415 2778 1494 2849; x_wconf 83' lang='grc' dir='ltr'>τῷ</span> <span class='ocrx_word' id='word_1_233' title='bbox 1526 2778 1641 2850; x_wconf 84' lang='grc' dir='ltr'><strong>Υἱῷ</strong></span> 
     </span>
    </p>
   </div>
   <div class='ocr_carea' id='block_1_32' title="bbox 111 2865 1640 2941">
    <p class='ocr_par' dir='ltr' id='par_1_32' title="bbox 111 2865 1640 2941">
     <span class='ocr_line' id='line_1_32' title="bbox 111 2865 1640 2941; baseline 0.001 -19"><span class='ocrx_word' id='word_1_234' title='bbox 111 2886 186 2923; x_wconf 89' lang='grc' dir='ltr'><strong>σου</strong></span> <span class='ocrx_word' id='word_1_235' title='bbox 212 2870 281 2941; x_wconf 85' lang='grc' dir='ltr'>τῷ</span> <span class='ocrx_word' id='word_1_236' title='bbox 313 2874 603 2941; x_wconf 85' lang='grc' dir='ltr'>μονογενεϊ,</span> <span class='ocrx_word' id='word_1_237' title='bbox 645 2869 723 2941; x_wconf 83' lang='grc' dir='ltr'>τῷ</span> <span class='ocrx_word' id='word_1_238' title='bbox 755 2869 872 2939; x_wconf 83' lang='grc' dir='ltr'><strong>Θεῷ</strong></span> <span class='ocrx_word' id='word_1_239' title='bbox 903 2870 996 2923; x_wconf 77' lang='grc' dir='ltr'><strong>καὶ</strong></span> <span class='ocrx_word' id='word_1_240' title='bbox 1026 2870 1235 2941; x_wconf 81' lang='grc' dir='ltr'>Σωτῆρι</span> <span class='ocrx_word' id='word_1_241' title='bbox 1263 2868 1417 2940; x_wconf 83' lang='grc' dir='ltr'>ήμῶν</span> <span class='ocrx_word' id='word_1_242' title='bbox 1436 2886 1451 2901; x_wconf 76' lang='grc' dir='ltr'><strong><em>ο</em></strong></span> <span class='ocrx_word' id='word_1_243' title='bbox 1485 2869 1550 2923; x_wconf 82' lang='grc' dir='ltr'>δι’</span> <span class='ocrx_word' id='word_1_244' title='bbox 1577 2865 1640 2923; x_wconf 78' lang='grc' dir='ltr'>οὗ</span> 
     </span>
    </p>
   </div>
   <div class='ocr_carea' id='block_1_33' title="bbox 110 2962 1637 3033">
    <p class='ocr_par' dir='ltr' id='par_1_33' title="bbox 110 2962 1637 3033">
     <span class='ocr_line' id='line_1_33' title="bbox 110 2962 1637 3033; baseline -0.001 -17"><span class='ocrx_word' id='word_1_245' title='bbox 110 2977 176 3016; x_wconf 80' lang='grc' dir='ltr'><strong>σοι</strong></span> <span class='ocrx_word' id='word_1_246' title='bbox 198 2963 309 3031; x_wconf 77' lang='grc' dir='ltr'>δόξα</span> <span class='ocrx_word' id='word_1_247' title='bbox 334 2964 424 3017; x_wconf 66' lang='grc' dir='ltr'><strong>καὶ¹</strong></span> <span class='ocrx_word' id='word_1_248' title='bbox 460 2964 644 3027; x_wconf 79' lang='grc' dir='ltr'>σέϐας,</span> <span class='ocrx_word' id='word_1_249' title='bbox 679 2964 736 3016; x_wconf 79' lang='grc' dir='ltr'><strong>ἐν</strong></span> <span class='ocrx_word' id='word_1_250' title='bbox 769 2963 909 3033; x_wconf 86' lang='grc' dir='ltr'>ἁγίῳ</span> <span class='ocrx_word' id='word_1_251' title='bbox 940 2963 1238 3033; x_wconf 88' lang='grc' dir='ltr'>Πνεύματι,</span> <span class='ocrx_word' id='word_1_252' title='bbox 1268 2962 1381 3027; x_wconf 89' lang='grc' dir='ltr'>νῦν,</span> <span class='ocrx_word' id='word_1_253' title='bbox 1412 2963 1505 3016; x_wconf 76' lang='grc' dir='ltr'>καὶ</span> <span class='ocrx_word' id='word_1_254' title='bbox 1529 2964 1637 3027; x_wconf 79' lang='grc' dir='ltr'>ἀεὶ,</span> 
     </span>
    </p>
   </div>
   <div class='ocr_carea' id='block_1_34' title="bbox 1744 458 3313 536">
    <p class='ocr_par' dir='ltr' id='par_1_34' title="bbox 1744 458 3313 536">
     <span class='ocr_line' id='line_1_34' title="bbox 1744 458 3313 536; baseline 0.006 -18"><span class='ocrx_word' id='word_1_255' title='bbox 1744 480 1961 535; x_wconf 81' lang='lat' dir='ltr'><strong>expers.</strong></span> <span class='ocrx_word' id='word_1_256' title='bbox 1992 466 2321 529; x_wconf 83' lang='lat' dir='ltr'><strong>monarcha;</strong></span> <span class='ocrx_word' id='word_1_257' title='bbox 2352 458 2444 536; x_wconf 83' lang='lat' dir='ltr'><strong>qui</strong></span> <span class='ocrx_word' id='word_1_258' title='bbox 2479 483 2573 536; x_wconf 90' lang='lat' dir='ltr'><strong>per</strong></span> <span class='ocrx_word' id='word_1_259' title='bbox 2596 466 2875 522; x_wconf 78' lang='lat' dir='ltr'><strong>Christum</strong></span> <span class='ocrx_word' id='word_1_260' title='bbox 2901 469 3099 524; x_wconf 92' lang='lat' dir='ltr'><strong>dedisti</strong></span> <span class='ocrx_word' id='word_1_261' title='bbox 3151 472 3313 529; x_wconf 83' lang='lat' dir='ltr'><strong>nobis</strong></span> 
     </span>
    </p>
   </div>
   <div class='ocr_carea' id='block_1_35' title="bbox 1744 557 3313 633">
    <p class='ocr_par' dir='ltr' id='par_1_35' title="bbox 1744 557 3313 633">
     <span class='ocr_line' id='line_1_35' title="bbox 1744 557 3313 633; baseline 0.006 -23"><span class='ocrx_word' id='word_1_262' title='bbox 1744 557 2075 627; x_wconf 79' lang='lat' dir='ltr'><strong>cognitionis</strong></span> <span class='ocrx_word' id='word_1_263' title='bbox 2121 557 2560 628; x_wconf 63' lang='lat' dir='ltr'><strong>praedicationem</strong></span> <span class='ocrx_word' id='word_1_264' title='bbox 2620 561 2675 615; x_wconf 92' lang='lat' dir='ltr'><strong>in</strong></span> <span class='ocrx_word' id='word_1_265' title='bbox 2736 561 3064 631; x_wconf 79' lang='lat' dir='ltr'><strong>agnitionem</strong></span> <span class='ocrx_word' id='word_1_266' title='bbox 3127 564 3313 633; x_wconf 72' lang='lat' dir='ltr'><strong>gloria:</strong></span> 
     </span>
    </p>
   </div>
   <div class='ocr_carea' id='block_1_36' title="bbox 1744 650 3313 721">
    <p class='ocr_par' dir='ltr' id='par_1_36' title="bbox 1744 650 3313 721">
     <span class='ocr_line' id='line_1_36' title="bbox 1744 650 3313 721; baseline 0.006 -19"><span class='ocrx_word' id='word_1_267' title='bbox 1744 656 1850 703; x_wconf 72' lang='lat' dir='ltr'><strong>tua:</strong></span> <span class='ocrx_word' id='word_1_268' title='bbox 1891 664 1955 703; x_wconf 87' lang='lat' dir='ltr'><strong>ac</strong></span> <span class='ocrx_word' id='word_1_269' title='bbox 2002 650 2240 705; x_wconf 85' lang='lat' dir='ltr'><strong>nominis</strong></span> <span class='ocrx_word' id='word_1_270' title='bbox 2297 651 2398 716; x_wconf 89' lang='lat' dir='ltr'><strong>tui,</strong></span> <span class='ocrx_word' id='word_1_271' title='bbox 2448 651 2595 721; x_wconf 91' lang='lat' dir='ltr'><strong>quod</strong></span> <span class='ocrx_word' id='word_1_272' title='bbox 2648 654 3016 708; x_wconf 86' lang='lat' dir='ltr'><strong>manifestavit</strong></span> <span class='ocrx_word' id='word_1_273' title='bbox 3046 654 3203 711; x_wconf 89' lang='lat' dir='ltr'><strong>nobis</strong></span> <span class='ocrx_word' id='word_1_274' title='bbox 3243 655 3313 711; x_wconf 88' lang='lat' dir='ltr'><strong>ad</strong></span> 
     </span>
    </p>
   </div>
   <div class='ocr_carea' id='block_1_37' title="bbox 1744 740 3315 817">
    <p class='ocr_par' dir='ltr' id='par_1_37' title="bbox 1744 740 3315 817">
     <span class='ocr_line' id='line_1_37' title="bbox 1744 740 3315 817; baseline 0.004 -22"><span class='ocrx_word' id='word_1_275' title='bbox 1744 740 2284 812; x_wconf 81' lang='lat' dir='ltr'><strong>comprehensionem</strong></span> <span class='ocrx_word' id='word_1_276' title='bbox 2331 763 2343 797; x_wconf 97' lang='lat'><strong>:</strong></span> <span class='ocrx_word' id='word_1_277' title='bbox 2387 743 2502 813; x_wconf 91' lang='lat' dir='ltr'><strong>ipse</strong></span> <span class='ocrx_word' id='word_1_278' title='bbox 2533 759 2678 798; x_wconf 90' lang='lat' dir='ltr'><strong>nunc</strong></span> <span class='ocrx_word' id='word_1_279' title='bbox 2715 760 2932 815; x_wconf 88' lang='lat' dir='ltr'><strong>quoque</strong></span> <span class='ocrx_word' id='word_1_280' title='bbox 2966 748 3177 816; x_wconf 86' lang='lat' dir='ltr'><strong>respice</strong></span> <span class='ocrx_word' id='word_1_281' title='bbox 3217 764 3315 817; x_wconf 86' lang='lat' dir='ltr'><strong>per</strong></span> 
     </span>
    </p>
   </div>
   <div class='ocr_carea' id='block_1_38' title="bbox 1744 833 3313 910">
    <p class='ocr_par' dir='ltr' id='par_1_38' title="bbox 1744 833 3313 910">
     <span class='ocr_line' id='line_1_38' title="bbox 1744 833 3313 910; baseline 0.004 -23"><span class='ocrx_word' id='word_1_282' title='bbox 1744 833 1923 903; x_wconf 90' lang='lat' dir='ltr'><strong>ipsum</strong></span> <span class='ocrx_word' id='word_1_283' title='bbox 1948 834 2000 887; x_wconf 89' lang='lat' dir='ltr'><strong>in</strong></span> <span class='ocrx_word' id='word_1_284' title='bbox 2024 835 2125 889; x_wconf 91' lang='lat' dir='ltr'><strong>hoc</strong></span> <span class='ocrx_word' id='word_1_285' title='bbox 2147 836 2289 890; x_wconf 83' lang='lat' dir='ltr'><strong>ovile</strong></span> <span class='ocrx_word' id='word_1_286' title='bbox 2322 843 2587 903; x_wconf 86' lang='lat' dir='ltr'><strong>tuum;et</strong></span> <span class='ocrx_word' id='word_1_287' title='bbox 2619 836 2788 891; x_wconf 88' lang='lat' dir='ltr'><strong>libera</strong></span> <span class='ocrx_word' id='word_1_288' title='bbox 2823 834 2953 891; x_wconf 91' lang='lat' dir='ltr'><strong>illud</strong></span> <span class='ocrx_word' id='word_1_289' title='bbox 2986 840 3128 893; x_wconf 88' lang='lat' dir='ltr'><strong>omni</strong></span> <span class='ocrx_word' id='word_1_290' title='bbox 3162 840 3313 910; x_wconf 86' lang='lat' dir='ltr'><strong>igno-</strong></span> 
     </span>
    </p>
   </div>
   <div class='ocr_carea' id='block_1_39' title="bbox 1744 927 3311 999">
    <p class='ocr_par' dir='ltr' id='par_1_39' title="bbox 1744 927 3311 999">
     <span class='ocr_line' id='line_1_39' title="bbox 1744 927 3311 999; baseline 0.003 -18"><span class='ocrx_word' id='word_1_291' title='bbox 1744 927 1941 988; x_wconf 86' lang='lat' dir='ltr'><strong>rantia,</strong></span> <span class='ocrx_word' id='word_1_292' title='bbox 1969 936 2022 982; x_wconf 93' lang='lat' dir='ltr'><strong>et</strong></span> <span class='ocrx_word' id='word_1_293' title='bbox 2059 944 2223 997; x_wconf 87' lang='lat' dir='ltr'><strong>prava</strong></span> <span class='ocrx_word' id='word_1_294' title='bbox 2264 930 2505 992; x_wconf 87' lang='lat' dir='ltr'><strong>actione;</strong></span> <span class='ocrx_word' id='word_1_295' title='bbox 2530 936 2584 983; x_wconf 91' lang='lat' dir='ltr'><strong>et</strong></span> <span class='ocrx_word' id='word_1_296' title='bbox 2607 929 2673 983; x_wconf 92' lang='lat' dir='ltr'><strong>da</strong></span> <span class='ocrx_word' id='word_1_297' title='bbox 2708 938 2765 984; x_wconf 91' lang='lat' dir='ltr'><strong>ut</strong></span> <span class='ocrx_word' id='word_1_298' title='bbox 2795 940 2846 985; x_wconf 91' lang='lat' dir='ltr'><strong>te</strong></span> <span class='ocrx_word' id='word_1_299' title='bbox 2877 932 3069 987; x_wconf 88' lang='lat' dir='ltr'><strong>timore</strong></span> <span class='ocrx_word' id='word_1_300' title='bbox 3100 934 3311 999; x_wconf 88' lang='lat' dir='ltr'><strong>timeat,</strong></span> 
     </span>
    </p>
   </div>
   <div class='ocr_carea' id='block_1_40' title="bbox 1744 1008 3312 1095">
    <p class='ocr_par' dir='ltr' id='par_1_40' title="bbox 1744 1008 3312 1095">
     <span class='ocr_line' id='line_1_40' title="bbox 1744 1008 3312 1095; baseline 0.003 -21"><span class='ocrx_word' id='word_1_301' title='bbox 1744 1036 1808 1076; x_wconf 92' lang='lat' dir='ltr'><strong>ac</strong></span> <span class='ocrx_word' id='word_1_302' title='bbox 1839 1020 2131 1075; x_wconf 89' lang='lat' dir='ltr'><strong>dilectione</strong></span> <span class='ocrx_word' id='word_1_303' title='bbox 2154 1027 2206 1075; x_wconf 87' lang='lat' dir='ltr'><strong>te</strong></span> <span class='ocrx_word' id='word_1_304' title='bbox 2236 1021 2446 1092; x_wconf 83' lang='lat' dir='ltr'><strong>diligat,</strong></span> <span class='ocrx_word' id='word_1_305' title='bbox 2474 1031 2527 1076; x_wconf 92' lang='lat' dir='ltr'><strong>et</strong></span> <span class='ocrx_word' id='word_1_306' title='bbox 2547 1023 2935 1079; x_wconf 89' lang='lat' dir='ltr'><strong>contremiscat</strong></span> <span class='ocrx_word' id='word_1_307' title='bbox 2970 1008 3005 1078; x_wconf 0' lang='lat' dir='ltr'><strong>ad</strong></span> <span class='ocrx_word' id='word_1_308' title='bbox 3029 1024 3167 1080; x_wconf 87' lang='lat' dir='ltr'><strong>facie</strong></span> <span class='ocrx_word' id='word_1_309' title='bbox 3196 1025 3312 1095; x_wconf 83' lang='lat' dir='ltr'><strong>glo-</strong></span> 
     </span>
    </p>
   </div>
   <div class='ocr_carea' id='block_1_41' title="bbox 1743 1113 3313 1186">
    <p class='ocr_par' dir='ltr' id='par_1_41' title="bbox 1743 1113 3313 1186">
     <span class='ocr_line' id='line_1_41' title="bbox 1743 1113 3313 1186; baseline 0.005 -20"><span class='ocrx_word' id='word_1_310' title='bbox 1743 1113 1839 1167; x_wconf 75' lang='lat' dir='ltr'><strong>riae</strong></span> <span class='ocrx_word' id='word_1_311' title='bbox 1868 1121 2013 1167; x_wconf 68' lang='lat' dir='ltr'><strong>tuae:</strong></span> <span class='ocrx_word' id='word_1_312' title='bbox 2052 1114 2129 1167; x_wconf 90' lang='lat' dir='ltr'><strong>sis</strong></span> <span class='ocrx_word' id='word_1_313' title='bbox 2160 1114 2240 1169; x_wconf 86' lang='lat' dir='ltr'><strong>eis</strong></span> <span class='ocrx_word' id='word_1_314' title='bbox 2271 1114 2531 1181; x_wconf 89' lang='lat' dir='ltr'><strong>clemens,</strong></span> <span class='ocrx_word' id='word_1_315' title='bbox 2589 1116 2880 1186; x_wconf 90' lang='lat' dir='ltr'><strong>propitius,</strong></span> <span class='ocrx_word' id='word_1_316' title='bbox 2918 1132 2981 1171; x_wconf 92' lang='lat' dir='ltr'><strong>ac</strong></span> <span class='ocrx_word' id='word_1_317' title='bbox 3026 1116 3313 1174; x_wconf 80' lang='lat' dir='ltr'><strong>exauditor</strong></span> 
     </span>
    </p>
   </div>
   <div class='ocr_carea' id='block_1_42' title="bbox 1745 1204 3310 1283">
    <p class='ocr_par' dir='ltr' id='par_1_42' title="bbox 1745 1204 3310 1283">
     <span class='ocr_line' id='line_1_42' title="bbox 1745 1204 3310 1283; baseline 0.004 -25"><span class='ocrx_word' id='word_1_318' title='bbox 1745 1204 1800 1283; x_wconf 87' lang='lat' dir='ltr'><strong>in</strong></span> <span class='ocrx_word' id='word_1_319' title='bbox 1835 1205 2091 1275; x_wconf 87' lang='lat' dir='ltr'><strong>precibus</strong></span> <span class='ocrx_word' id='word_1_320' title='bbox 2117 1221 2345 1272; x_wconf 89' lang='lat' dir='ltr'><strong>eorum;</strong></span> <span class='ocrx_word' id='word_1_321' title='bbox 2395 1214 2448 1260; x_wconf 93' lang='lat' dir='ltr'><strong>et</strong></span> <span class='ocrx_word' id='word_1_322' title='bbox 2482 1208 2693 1262; x_wconf 89' lang='lat' dir='ltr'><strong>custodi</strong></span> <span class='ocrx_word' id='word_1_323' title='bbox 2748 1209 2869 1263; x_wconf 91' lang='lat' dir='ltr'><strong>illos</strong></span> <span class='ocrx_word' id='word_1_324' title='bbox 2920 1208 3310 1276; x_wconf 89' lang='lat' dir='ltr'><strong>immutabiles,</strong></span> 
     </span>
    </p>
   </div>
   <div class='ocr_carea' id='block_1_43' title="bbox 1745 1297 3314 1373">
    <p class='ocr_par' dir='ltr' id='par_1_43' title="bbox 1745 1297 3314 1373">
     <span class='ocr_line' id='line_1_43' title="bbox 1745 1297 3314 1373; baseline 0.005 -22"><span class='ocrx_word' id='word_1_325' title='bbox 1745 1297 2177 1368; x_wconf 89' lang='lat' dir='ltr'><strong>irreprehensos,</strong></span> <span class='ocrx_word' id='word_1_326' title='bbox 2209 1298 2553 1367; x_wconf 89' lang='lat' dir='ltr'><strong>inculpatos:</strong></span> <span class='ocrx_word' id='word_1_327' title='bbox 2612 1309 2671 1354; x_wconf 89' lang='lat' dir='ltr'><strong>ut</strong></span> <span class='ocrx_word' id='word_1_328' title='bbox 2710 1302 2820 1355; x_wconf 91' lang='lat' dir='ltr'><strong>sint</strong></span> <span class='ocrx_word' id='word_1_329' title='bbox 2854 1303 3028 1356; x_wconf 80' lang='lat' dir='ltr'><strong>sancti</strong></span> <span class='ocrx_word' id='word_1_330' title='bbox 3081 1319 3314 1373; x_wconf 84' lang='lat' dir='ltr'><strong>corpore</strong></span> 
     </span>
    </p>
   </div>
   <div class='ocr_carea' id='block_1_44' title="bbox 1744 1392 3308 1466">
    <p class='ocr_par' dir='ltr' id='par_1_44' title="bbox 1744 1392 3308 1466">
     <span class='ocr_line' id='line_1_44' title="bbox 1744 1392 3308 1466; baseline 0.003 -21"><span class='ocrx_word' id='word_1_331' title='bbox 1744 1402 1902 1462; x_wconf 92' lang='lat' dir='ltr'><strong>atque</strong></span> <span class='ocrx_word' id='word_1_332' title='bbox 1938 1393 2137 1454; x_wconf 89' lang='lat' dir='ltr'><strong>anima,</strong></span> <span class='ocrx_word' id='word_1_333' title='bbox 2170 1407 2277 1445; x_wconf 91' lang='lat' dir='ltr'><strong>non</strong></span> <span class='ocrx_word' id='word_1_334' title='bbox 2312 1392 2574 1447; x_wconf 87' lang='lat' dir='ltr'><strong>habentes</strong></span> <span class='ocrx_word' id='word_1_335' title='bbox 2603 1396 2894 1459; x_wconf 87' lang='lat' dir='ltr'><strong>maculam,</strong></span> <span class='ocrx_word' id='word_1_336' title='bbox 2948 1404 3040 1450; x_wconf 87' lang='lat' dir='ltr'><strong>aut</strong></span> <span class='ocrx_word' id='word_1_337' title='bbox 3098 1412 3308 1466; x_wconf 82' lang='lat' dir='ltr'><strong>rugam,</strong></span> 
     </span>
    </p>
   </div>
   <div class='ocr_carea' id='block_1_45' title="bbox 1741 1483 3312 1558">
    <p class='ocr_par' dir='ltr' id='par_1_45' title="bbox 1741 1483 3312 1558">
     <span class='ocr_line' id='line_1_45' title="bbox 1741 1483 3312 1558; baseline 0.005 -20"><span class='ocrx_word' id='word_1_338' title='bbox 1741 1498 1833 1539; x_wconf 89' lang='lat' dir='ltr'><strong>aut</strong></span> <span class='ocrx_word' id='word_1_339' title='bbox 1862 1484 2063 1554; x_wconf 90' lang='lat' dir='ltr'><strong>aliquid</strong></span> <span class='ocrx_word' id='word_1_340' title='bbox 2095 1483 2438 1553; x_wconf 87' lang='lat' dir='ltr'><strong>hujusmodi;</strong></span> <span class='ocrx_word' id='word_1_341' title='bbox 2465 1486 2560 1540; x_wconf 91' lang='lat' dir='ltr'><strong>sed</strong></span> <span class='ocrx_word' id='word_1_342' title='bbox 2588 1494 2646 1539; x_wconf 87' lang='lat' dir='ltr'><strong>ut</strong></span> <span class='ocrx_word' id='word_1_343' title='bbox 2693 1488 2801 1542; x_wconf 92' lang='lat' dir='ltr'><strong>sint</strong></span> <span class='ocrx_word' id='word_1_344' title='bbox 2845 1488 3060 1558; x_wconf 84' lang='lat' dir='ltr'><strong>integri,</strong></span> <span class='ocrx_word' id='word_1_345' title='bbox 3101 1492 3312 1546; x_wconf 83' lang='lat' dir='ltr'><strong>nullus-</strong></span> 
     </span>
    </p>
   </div>
   <div class='ocr_carea' id='block_1_46' title="bbox 1742 1577 3311 1651">
    <p class='ocr_par' dir='ltr' id='par_1_46' title="bbox 1742 1577 3311 1651">
     <span class='ocr_line' id='line_1_46' title="bbox 1742 1577 3311 1651; baseline 0.003 -19"><span class='ocrx_word' id='word_1_346' title='bbox 1742 1593 1847 1647; x_wconf 91' lang='lat' dir='ltr'><strong>que</strong></span> <span class='ocrx_word' id='word_1_347' title='bbox 1875 1577 2017 1631; x_wconf 89' lang='lat' dir='ltr'><strong>inter</strong></span> <span class='ocrx_word' id='word_1_348' title='bbox 2045 1591 2138 1631; x_wconf 93' lang='lat' dir='ltr'><strong>eos</strong></span> <span class='ocrx_word' id='word_1_349' title='bbox 2176 1586 2245 1631; x_wconf 74' lang='lat' dir='ltr'><strong>snt</strong></span> <span class='ocrx_word' id='word_1_350' title='bbox 2278 1578 2502 1632; x_wconf 90' lang='lat' dir='ltr'><strong>mutilus</strong></span> <span class='ocrx_word' id='word_1_351' title='bbox 2522 1618 2538 1642; x_wconf 95' lang='lat'><strong>,</strong></span> <span class='ocrx_word' id='word_1_352' title='bbox 2569 1580 2653 1633; x_wconf 90' lang='lat' dir='ltr'><strong>vel</strong></span> <span class='ocrx_word' id='word_1_353' title='bbox 2698 1579 3071 1651; x_wconf 81' lang='lat' dir='ltr'><strong>imperfectus.</strong></span> <span class='ocrx_word' id='word_1_354' title='bbox 3115 1579 3311 1637; x_wconf 86' lang='lat' dir='ltr'><strong>Defen-</strong></span> 
     </span>
    </p>
   </div>
   <div class='ocr_carea' id='block_1_47' title="bbox 1744 1670 3312 1741">
    <p class='ocr_par' dir='ltr' id='par_1_47' title="bbox 1744 1670 3312 1741">
     <span class='ocr_line' id='line_1_47' title="bbox 1744 1670 3312 1741; baseline 0.004 -16"><span class='ocrx_word' id='word_1_355' title='bbox 1744 1686 1855 1734; x_wconf 89' lang='lat' dir='ltr'><strong>sor,</strong></span> <span class='ocrx_word' id='word_1_356' title='bbox 1885 1676 2099 1739; x_wconf 89' lang='lat' dir='ltr'><strong>potens,</strong></span> <span class='ocrx_word' id='word_1_357' title='bbox 2132 1682 2487 1737; x_wconf 86' lang='lat' dir='ltr'><strong>personarum</strong></span> <span class='ocrx_word' id='word_1_358' title='bbox 2521 1685 2628 1723; x_wconf 90' lang='lat' dir='ltr'><strong>non</strong></span> <span class='ocrx_word' id='word_1_359' title='bbox 2660 1682 2941 1741; x_wconf 81' lang='lat' dir='ltr'><strong>acecptor;</strong></span> <span class='ocrx_word' id='word_1_360' title='bbox 2972 1673 3048 1728; x_wconf 88' lang='lat' dir='ltr'><strong>sis</strong></span> <span class='ocrx_word' id='word_1_361' title='bbox 3081 1670 3312 1732; x_wconf 80' lang='lat' dir='ltr'><strong>auxilia-</strong></span> 
     </span>
    </p>
   </div>
   <div class='ocr_carea' id='block_1_48' title="bbox 1745 1762 3314 1834">
    <p class='ocr_par' dir='ltr' id='par_1_48' title="bbox 1745 1762 3314 1834">
     <span class='ocr_line' id='line_1_48' title="bbox 1745 1762 3314 1834; baseline 0.003 -19"><span class='ocrx_word' id='word_1_362' title='bbox 1745 1769 1832 1816; x_wconf 86' lang='lat' dir='ltr'><strong>tor</strong></span> <span class='ocrx_word' id='word_1_363' title='bbox 1862 1762 2049 1832; x_wconf 83' lang='lat' dir='ltr'><strong>populi</strong></span> <span class='ocrx_word' id='word_1_364' title='bbox 2080 1762 2157 1818; x_wconf 85' lang='lat' dir='ltr'><strong>tui</strong></span> <span class='ocrx_word' id='word_1_365' title='bbox 2192 1763 2375 1832; x_wconf 87' lang='lat' dir='ltr'><strong>hujus,</strong></span> <span class='ocrx_word' id='word_1_366' title='bbox 2402 1778 2562 1833; x_wconf 89' lang='lat' dir='ltr'><strong>quem</strong></span> <span class='ocrx_word' id='word_1_367' title='bbox 2584 1763 2863 1818; x_wconf 88' lang='lat' dir='ltr'><strong>redemisti</strong></span> <span class='ocrx_word' id='word_1_368' title='bbox 2894 1767 3137 1834; x_wconf 90' lang='lat' dir='ltr'><strong>pretioso</strong></span> <span class='ocrx_word' id='word_1_369' title='bbox 3152 1764 3314 1820; x_wconf 87' lang='lat' dir='ltr'><strong>Chri-</strong></span> 
     </span>
    </p>
   </div>
   <div class='ocr_carea' id='block_1_49' title="bbox 1743 1854 3308 1927">
    <p class='ocr_par' dir='ltr' id='par_1_49' title="bbox 1743 1854 3308 1927">
     <span class='ocr_line' id='line_1_49' title="bbox 1743 1854 3308 1927; baseline 0.001 -19"><span class='ocrx_word' id='word_1_370' title='bbox 1743 1854 1811 1908; x_wconf 89' lang='lat' dir='ltr'><strong>sti</strong></span> <span class='ocrx_word' id='word_1_371' title='bbox 1837 1854 1916 1907; x_wconf 90' lang='lat' dir='ltr'><strong>tui</strong></span> <span class='ocrx_word' id='word_1_372' title='bbox 1946 1855 2250 1924; x_wconf 90' lang='lat' dir='ltr'><strong>sanguine:</strong></span> <span class='ocrx_word' id='word_1_373' title='bbox 2308 1862 2594 1925; x_wconf 81' lang='lat' dir='ltr'><strong>patronds,</strong></span> <span class='ocrx_word' id='word_1_374' title='bbox 2637 1854 2887 1923; x_wconf 89' lang='lat' dir='ltr'><strong>adjutor,</strong></span> <span class='ocrx_word' id='word_1_375' title='bbox 2919 1861 3308 1927; x_wconf 86' lang='lat' dir='ltr'><strong>propugnator,</strong></span> 
     </span>
    </p>
   </div>
   <div class='ocr_carea' id='block_1_50' title="bbox 1741 1945 3313 2018">
    <p class='ocr_par' dir='ltr' id='par_1_50' title="bbox 1741 1945 3313 2018">
     <span class='ocr_line' id='line_1_50' title="bbox 1741 1945 3313 2018; baseline 0.002 -19"><span class='ocrx_word' id='word_1_376' title='bbox 1741 1954 1952 2010; x_wconf 91' lang='lat' dir='ltr'><strong>custos,</strong></span> <span class='ocrx_word' id='word_1_377' title='bbox 1985 1961 2177 2000; x_wconf 90' lang='lat' dir='ltr'><strong>murus</strong></span> <span class='ocrx_word' id='word_1_378' title='bbox 2206 1947 2539 2010; x_wconf 89' lang='lat' dir='ltr'><strong>tutissimus,</strong></span> <span class='ocrx_word' id='word_1_379' title='bbox 2586 1945 2811 2009; x_wconf 84' lang='lat' dir='ltr'><strong>vallum,</strong></span> <span class='ocrx_word' id='word_1_380' title='bbox 2872 1946 3082 2001; x_wconf 88' lang='lat' dir='ltr'><strong>lirmum</strong></span> <span class='ocrx_word' id='word_1_381' title='bbox 3126 1949 3313 2018; x_wconf 66' lang='lat' dir='ltr'><strong>praesi~</strong></span> 
     </span>
    </p>
   </div>
   <div class='ocr_carea' id='block_1_51' title="bbox 1741 2036 3308 2109">
    <p class='ocr_par' dir='ltr' id='par_1_51' title="bbox 1741 2036 3308 2109">
     <span class='ocr_line' id='line_1_51' title="bbox 1741 2036 3308 2109; baseline 0.003 -18"><span class='ocrx_word' id='word_1_382' title='bbox 1741 2036 1911 2102; x_wconf 91' lang='lat' dir='ltr'><strong>dium,</strong></span> <span class='ocrx_word' id='word_1_383' title='bbox 1940 2039 2192 2108; x_wconf 77' lang='lat' dir='ltr'><strong>quoniam</strong></span> <span class='ocrx_word' id='word_1_384' title='bbox 2215 2054 2281 2092; x_wconf 81' lang='lat' dir='ltr'><strong>ex</strong></span> <span class='ocrx_word' id='word_1_385' title='bbox 2310 2054 2470 2091; x_wconf 89' lang='lat' dir='ltr'><strong>manu</strong></span> <span class='ocrx_word' id='word_1_386' title='bbox 2502 2046 2594 2091; x_wconf 87' lang='lat' dir='ltr'><strong>tua</strong></span> <span class='ocrx_word' id='word_1_387' title='bbox 2624 2051 2785 2093; x_wconf 88' lang='lat' dir='ltr'><strong>nemo</strong></span> <span class='ocrx_word' id='word_1_388' title='bbox 2814 2047 2989 2107; x_wconf 84' lang='lat' dir='ltr'><strong>potest</strong></span> <span class='ocrx_word' id='word_1_389' title='bbox 3016 2054 3204 2109; x_wconf 83' lang='lat' dir='ltr'><strong>rapere</strong></span> <span class='ocrx_word' id='word_1_390' title='bbox 3226 2040 3308 2095; x_wconf 74' lang='grc' dir='ltr'>’ἐ</span> 
     </span>
    </p>
   </div>
   <div class='ocr_carea' id='block_1_52' title="bbox 1744 2130 3313 2201">
    <p class='ocr_par' dir='ltr' id='par_1_52' title="bbox 1744 2130 3313 2201">
     <span class='ocr_line' id='line_1_52' title="bbox 1744 2130 3313 2201; baseline 0.001 -16"><span class='ocrx_word' id='word_1_391' title='bbox 1744 2148 1851 2186; x_wconf 88' lang='lat' dir='ltr'><strong>non</strong></span> <span class='ocrx_word' id='word_1_392' title='bbox 1880 2133 2026 2187; x_wconf 90' lang='lat' dir='ltr'><strong>enim</strong></span> <span class='ocrx_word' id='word_1_393' title='bbox 2057 2141 2143 2188; x_wconf 87' lang='lat' dir='ltr'><strong>est</strong></span> <span class='ocrx_word' id='word_1_394' title='bbox 2192 2132 2333 2186; x_wconf 89' lang='lat' dir='ltr'><strong>alius</strong></span> <span class='ocrx_word' id='word_1_395' title='bbox 2380 2130 2525 2186; x_wconf 88' lang='lat' dir='ltr'><strong>Deus</strong></span> <span class='ocrx_word' id='word_1_396' title='bbox 2575 2132 2718 2185; x_wconf 90' lang='lat' dir='ltr'><strong>sicut</strong></span> <span class='ocrx_word' id='word_1_397' title='bbox 2749 2140 2828 2197; x_wconf 88' lang='lat' dir='ltr'><strong>tu,</strong></span> <span class='ocrx_word' id='word_1_398' title='bbox 2854 2132 2981 2201; x_wconf 88' lang='lat' dir='ltr'><strong>quia</strong></span> <span class='ocrx_word' id='word_1_399' title='bbox 3022 2132 3077 2187; x_wconf 90' lang='lat' dir='ltr'><strong>in</strong></span> <span class='ocrx_word' id='word_1_400' title='bbox 3129 2140 3181 2187; x_wconf 90' lang='lat' dir='ltr'><strong>te</strong></span> <span class='ocrx_word' id='word_1_401' title='bbox 3229 2136 3313 2187; x_wconf 75' lang='lat' dir='ltr'><strong>est</strong></span> 
     </span>
    </p>
   </div>
   <div class='ocr_carea' id='block_1_53' title="bbox 1743 2221 3310 2295">
    <p class='ocr_par' dir='ltr' id='par_1_53' title="bbox 1743 2221 3310 2295">
     <span class='ocr_line' id='line_1_53' title="bbox 1743 2221 3310 2295; baseline -0.002 -16"><span class='ocrx_word' id='word_1_402' title='bbox 1743 2233 1931 2279; x_wconf 86' lang='lat' dir='ltr'><strong>nostra</strong></span> <span class='ocrx_word' id='word_1_403' title='bbox 1954 2226 2311 2295; x_wconf 79' lang='lat' dir='ltr'><strong>exspectatio.</strong></span> <span class='ocrx_word' id='word_1_404' title='bbox 2346 2242 2364 2274; x_wconf 79' lang='grc' dir='ltr'>ι</span> <span class='ocrx_word' id='word_1_405' title='bbox 2397 2221 2688 2278; x_wconf 80' lang='lat' dir='ltr'><strong>Sanctiﬁca</strong></span> <span class='ocrx_word' id='word_1_406' title='bbox 2709 2240 2804 2279; x_wconf 91' lang='lat' dir='ltr'><strong>eos</strong></span> <span class='ocrx_word' id='word_1_407' title='bbox 2831 2225 2887 2277; x_wconf 91' lang='lat' dir='ltr'><strong>in</strong></span> <span class='ocrx_word' id='word_1_408' title='bbox 2926 2225 3151 2278; x_wconf 81' lang='lat' dir='ltr'><strong>veritate</strong></span> <span class='ocrx_word' id='word_1_409' title='bbox 3181 2231 3310 2292; x_wconf 84' lang='lat' dir='ltr'><strong>tua;</strong></span> 
     </span>
    </p>
   </div>
   <div class='ocr_carea' id='block_1_54' title="bbox 1742 2315 3313 2389">
    <p class='ocr_par' dir='ltr' id='par_1_54' title="bbox 1742 2315 3313 2389">
     <span class='ocr_line' id='line_1_54' title="bbox 1742 2315 3313 2389; baseline -0.001 -17"><span class='ocrx_word' id='word_1_410' title='bbox 1742 2319 1999 2389; x_wconf 88' lang='lat' dir='ltr'><strong>quoniam</strong></span> <span class='ocrx_word' id='word_1_411' title='bbox 2034 2332 2213 2373; x_wconf 86' lang='lat' dir='ltr'><strong>sermo</strong></span> <span class='ocrx_word' id='word_1_412' title='bbox 2263 2324 2393 2371; x_wconf 92' lang='lat' dir='ltr'><strong>tuus</strong></span> <span class='ocrx_word' id='word_1_413' title='bbox 2442 2317 2645 2371; x_wconf 88' lang='lat' dir='ltr'><strong>veritas</strong></span> <span class='ocrx_word' id='word_1_414' title='bbox 2702 2324 2786 2371; x_wconf 88' lang='lat' dir='ltr'><strong>est</strong></span> <span class='ocrx_word' id='word_1_415' title='bbox 2817 2316 2915 2369; x_wconf 74' lang='grc'><strong>⁸⁸.)</strong></span> <span class='ocrx_word' id='word_1_416' title='bbox 2967 2315 3071 2381; x_wconf 85' lang='lat' dir='ltr'><strong>Qui</strong></span> <span class='ocrx_word' id='word_1_417' title='bbox 3125 2316 3313 2387; x_wconf 69' lang='lat' dir='ltr'><strong>gratiae</strong></span> 
     </span>
    </p>
   </div>
   <div class='ocr_carea' id='block_1_55' title="bbox 1742 2412 3311 2487">
    <p class='ocr_par' dir='ltr' id='par_1_55' title="bbox 1742 2412 3311 2487">
     <span class='ocr_line' id='line_1_55' title="bbox 1742 2412 3311 2487; baseline -0.003 -16"><span class='ocrx_word' id='word_1_418' title='bbox 1742 2432 1908 2473; x_wconf 89' lang='lat' dir='ltr'><strong>causa</strong></span> <span class='ocrx_word' id='word_1_419' title='bbox 1950 2417 2086 2471; x_wconf 90' lang='lat' dir='ltr'><strong>nihil</strong></span> <span class='ocrx_word' id='word_1_420' title='bbox 2135 2416 2271 2487; x_wconf 83' lang='lat' dir='ltr'><strong>agis,</strong></span> <span class='ocrx_word' id='word_1_421' title='bbox 2313 2416 2403 2485; x_wconf 93' lang='lat' dir='ltr'><strong>qui</strong></span> <span class='ocrx_word' id='word_1_422' title='bbox 2436 2415 2611 2484; x_wconf 88' lang='lat' dir='ltr'><strong>decipi</strong></span> <span class='ocrx_word' id='word_1_423' title='bbox 2641 2429 2749 2468; x_wconf 92' lang='lat' dir='ltr'><strong>non</strong></span> <span class='ocrx_word' id='word_1_424' title='bbox 2778 2420 2970 2482; x_wconf 88' lang='lat' dir='ltr'><strong>potes;</strong></span> <span class='ocrx_word' id='word_1_425' title='bbox 3023 2412 3190 2466; x_wconf 88' lang='lat' dir='ltr'><strong>libera</strong></span> <span class='ocrx_word' id='word_1_426' title='bbox 3214 2428 3311 2467; x_wconf 92' lang='lat' dir='ltr'><strong>eos</strong></span> 
     </span>
    </p>
   </div>
   <div class='ocr_carea' id='block_1_56' title="bbox 1742 2504 3309 2570">
    <p class='ocr_par' dir='ltr' id='par_1_56' title="bbox 1742 2504 3309 2570">
     <span class='ocr_line' id='line_1_56' title="bbox 1742 2504 3309 2570; baseline -0.006 -5"><span class='ocrx_word' id='word_1_427' title='bbox 1742 2510 1891 2565; x_wconf 89' lang='lat' dir='ltr'><strong>omni</strong></span> <span class='ocrx_word' id='word_1_428' title='bbox 1919 2510 2109 2563; x_wconf 87' lang='lat' dir='ltr'><strong>morbo</strong></span> <span class='ocrx_word' id='word_1_429' title='bbox 2132 2518 2184 2564; x_wconf 92' lang='lat' dir='ltr'><strong>et</strong></span> <span class='ocrx_word' id='word_1_430' title='bbox 2201 2504 2347 2562; x_wconf 88' lang='lat' dir='ltr'><strong>omni</strong></span> <span class='ocrx_word' id='word_1_431' title='bbox 2376 2507 2715 2570; x_wconf 86' lang='lat' dir='ltr'><strong>inﬁrmitate,</strong></span> <span class='ocrx_word' id='word_1_432' title='bbox 2735 2504 2883 2559; x_wconf 92' lang='lat' dir='ltr'><strong>omni</strong></span> <span class='ocrx_word' id='word_1_433' title='bbox 2908 2504 3129 2566; x_wconf 91' lang='lat' dir='ltr'><strong>delicto,</strong></span> <span class='ocrx_word' id='word_1_434' title='bbox 3162 2504 3309 2557; x_wconf 91' lang='lat' dir='ltr'><strong>omni</strong></span> 
     </span>
    </p>
   </div>
   <div class='ocr_carea' id='block_1_57' title="bbox 1742 2595 3309 2673">
    <p class='ocr_par' dir='ltr' id='par_1_57' title="bbox 1742 2595 3309 2673">
     <span class='ocr_line' id='line_1_57' title="bbox 1742 2595 3309 2673; baseline -0.005 -17"><span class='ocrx_word' id='word_1_435' title='bbox 1742 2602 1942 2673; x_wconf 85' lang='lat' dir='ltr'><strong>injuria</strong></span> <span class='ocrx_word' id='word_1_436' title='bbox 2000 2609 2055 2656; x_wconf 91' lang='lat' dir='ltr'><strong>et</strong></span> <span class='ocrx_word' id='word_1_437' title='bbox 2115 2601 2327 2665; x_wconf 89' lang='lat' dir='ltr'><strong>fraude,</strong></span> <span class='ocrx_word' id='word_1_438' title='bbox 2382 2616 2413 2653; x_wconf 91' lang='lat' dir='ltr'><strong>a</strong></span> <span class='ocrx_word' id='word_1_439' title='bbox 2451 2600 2649 2653; x_wconf 91' lang='lat' dir='ltr'><strong>timore</strong></span> <span class='ocrx_word' id='word_1_440' title='bbox 2698 2595 2903 2650; x_wconf 91' lang='lat' dir='ltr'><strong>inimici</strong></span> <span class='ocrx_word' id='word_1_441' title='bbox 2948 2595 3016 2661; x_wconf 78' lang='grc'><strong>⁸⁸,</strong></span> <span class='ocrx_word' id='word_1_442' title='bbox 3050 2610 3079 2647; x_wconf 91' lang='lat' dir='ltr'><strong>a</strong></span> <span class='ocrx_word' id='word_1_443' title='bbox 3112 2595 3309 2665; x_wconf 83' lang='lat' dir='ltr'><strong>sagitta</strong></span> 
     </span>
    </p>
   </div>
   <div class='ocr_carea' id='block_1_58' title="bbox 1742 2689 3309 2766">
    <p class='ocr_par' dir='ltr' id='par_1_58' title="bbox 1742 2689 3309 2766">
     <span class='ocr_line' id='line_1_58' title="bbox 1742 2689 3309 2766; baseline -0.004 -17"><span class='ocrx_word' id='word_1_444' title='bbox 1742 2696 1959 2751; x_wconf 78' lang='lat' dir='ltr'><strong>volante</strong></span> <span class='ocrx_word' id='word_1_445' title='bbox 1986 2712 2082 2766; x_wconf 90' lang='lat' dir='ltr'><strong>per</strong></span> <span class='ocrx_word' id='word_1_446' title='bbox 2110 2695 2272 2758; x_wconf 92' lang='lat' dir='ltr'><strong>diem,</strong></span> <span class='ocrx_word' id='word_1_447' title='bbox 2303 2710 2333 2748; x_wconf 89' lang='lat' dir='ltr'><strong>a</strong></span> <span class='ocrx_word' id='word_1_448' title='bbox 2363 2693 2582 2764; x_wconf 91' lang='lat' dir='ltr'><strong>negotio</strong></span> <span class='ocrx_word' id='word_1_449' title='bbox 2629 2693 2684 2746; x_wconf 94' lang='lat' dir='ltr'><strong>in</strong></span> <span class='ocrx_word' id='word_1_450' title='bbox 2732 2691 2971 2745; x_wconf 88' lang='lat' dir='ltr'><strong>tenebris</strong></span> <span class='ocrx_word' id='word_1_451' title='bbox 3019 2689 3309 2760; x_wconf 81' lang='lat' dir='ltr'><strong>perambu-</strong></span> 
     </span>
    </p>
   </div>
   <div class='ocr_carea' id='block_1_59' title="bbox 1743 2779 3311 2853">
    <p class='ocr_par' dir='ltr' id='par_1_59' title="bbox 1743 2779 3311 2853">
     <span class='ocr_line' id='line_1_59' title="bbox 1743 2779 3311 2853; baseline -0.002 -17"><span class='ocrx_word' id='word_1_452' title='bbox 1743 2784 1890 2837; x_wconf 90' lang='lat' dir='ltr'><strong>Iante</strong></span> <span class='ocrx_word' id='word_1_453' title='bbox 1918 2783 1998 2847; x_wconf 78' lang='grc'><strong>⁸¹;</strong></span> <span class='ocrx_word' id='word_1_454' title='bbox 2031 2790 2086 2838; x_wconf 91' lang='lat' dir='ltr'><strong>et</strong></span> <span class='ocrx_word' id='word_1_455' title='bbox 2115 2783 2341 2853; x_wconf 88' lang='lat' dir='ltr'><strong>dignare</strong></span> <span class='ocrx_word' id='word_1_456' title='bbox 2377 2783 2498 2837; x_wconf 91' lang='lat' dir='ltr'><strong>illos</strong></span> <span class='ocrx_word' id='word_1_457' title='bbox 2524 2791 2724 2836; x_wconf 65' lang='lat' dir='ltr'><strong>aeterna</strong></span> <span class='ocrx_word' id='word_1_458' title='bbox 2756 2783 2885 2843; x_wconf 90' lang='lat' dir='ltr'><strong>vita,</strong></span> <span class='ocrx_word' id='word_1_459' title='bbox 2917 2796 3037 2851; x_wconf 72' lang='lat' dir='ltr'><strong>quae</strong></span> <span class='ocrx_word' id='word_1_460' title='bbox 3068 2779 3123 2834; x_wconf 92' lang='lat' dir='ltr'><strong>in</strong></span> <span class='ocrx_word' id='word_1_461' title='bbox 3150 2779 3311 2834; x_wconf 85' lang='lat' dir='ltr'><strong>Chri-</strong></span> 
     </span>
    </p>
   </div>
   <div class='ocr_carea' id='block_1_60' title="bbox 1743 2873 3309 2946">
    <p class='ocr_par' dir='ltr' id='par_1_60' title="bbox 1743 2873 3309 2946">
     <span class='ocr_line' id='line_1_60' title="bbox 1743 2873 3309 2946; baseline -0.004 -15"><span class='ocrx_word' id='word_1_462' title='bbox 1743 2885 1829 2931; x_wconf 92' lang='lat' dir='ltr'><strong>sto</strong></span> <span class='ocrx_word' id='word_1_463' title='bbox 1855 2873 1994 2929; x_wconf 85' lang='lat' dir='ltr'><strong>Filio</strong></span> <span class='ocrx_word' id='word_1_464' title='bbox 2022 2883 2116 2929; x_wconf 93' lang='lat' dir='ltr'><strong>tuo</strong></span> <span class='ocrx_word' id='word_1_465' title='bbox 2168 2876 2467 2946; x_wconf 78' lang='lat' dir='ltr'><strong>unigenito,</strong></span> <span class='ocrx_word' id='word_1_466' title='bbox 2500 2873 2610 2929; x_wconf 94' lang='lat' dir='ltr'><strong>Deo</strong></span> <span class='ocrx_word' id='word_1_467' title='bbox 2661 2889 2724 2928; x_wconf 92' lang='lat' dir='ltr'><strong>ac</strong></span> <span class='ocrx_word' id='word_1_468' title='bbox 2774 2873 3056 2927; x_wconf 85' lang='lat' dir='ltr'><strong>Salvatore</strong></span> <span class='ocrx_word' id='word_1_469' title='bbox 3086 2882 3309 2942; x_wconf 85' lang='lat' dir='ltr'><strong>nostro;</strong></span> 
     </span>
    </p>
   </div>
   <div class='ocr_carea' id='block_1_61' title="bbox 1742 2958 3307 3041">
    <p class='ocr_par' dir='ltr' id='par_1_61' title="bbox 1742 2958 3307 3041">
     <span class='ocr_line' id='line_1_61' title="bbox 1742 2958 3307 3041; baseline -0.003 -19"><span class='ocrx_word' id='word_1_470' title='bbox 1742 2985 1839 3041; x_wconf 88' lang='lat' dir='ltr'><strong>per</strong></span> <span class='ocrx_word' id='word_1_471' title='bbox 1860 2984 2020 3040; x_wconf 88' lang='lat' dir='ltr'><strong>quem</strong></span> <span class='ocrx_word' id='word_1_472' title='bbox 2050 2969 2146 3022; x_wconf 90' lang='lat' dir='ltr'><strong>tibi</strong></span> <span class='ocrx_word' id='word_1_473' title='bbox 2182 2969 2355 3038; x_wconf 90' lang='lat' dir='ltr'><strong>gloria</strong></span> <span class='ocrx_word' id='word_1_474' title='bbox 2410 2977 2464 3023; x_wconf 93' lang='lat' dir='ltr'><strong>et</strong></span> <span class='ocrx_word' id='word_1_475' title='bbox 2494 2968 2699 3030; x_wconf 90' lang='lat' dir='ltr'><strong>cultus,</strong></span> <span class='ocrx_word' id='word_1_476' title='bbox 2739 2966 2817 3019; x_wconf 54' lang='lat' dir='ltr'><strong>in&#39;</strong></span> <span class='ocrx_word' id='word_1_477' title='bbox 2848 2958 3040 3020; x_wconf 87' lang='lat' dir='ltr'><strong>sancto</strong></span> <span class='ocrx_word' id='word_1_478' title='bbox 3078 2964 3307 3036; x_wconf 88' lang='lat' dir='ltr'><strong>Spiritu,</strong></span> 
     </span>
    </p>
   </div>
   <div class='ocr_carea' id='block_1_62' title="bbox 112 3054 1654 3143">
    <p class='ocr_par' dir='ltr' id='par_1_62' title="bbox 112 3054 1639 3127">
     <span class='ocr_line' id='line_1_62' title="bbox 112 3054 1639 3127; baseline 0.003 -22"><span class='ocrx_word' id='word_1_479' title='bbox 112 3056 184 3106; x_wconf 77' lang='grc' dir='ltr'>καὶ</span> <span class='ocrx_word' id='word_1_480' title='bbox 207 3057 275 3119; x_wconf 81' lang='grc' dir='ltr'><strong>εἰς</strong></span> <span class='ocrx_word' id='word_1_481' title='bbox 302 3057 421 3120; x_wconf 80' lang='grc' dir='ltr'>τοὺς</span> <span class='ocrx_word' id='word_1_482' title='bbox 450 3056 656 3119; x_wconf 77' lang='grc' dir='ltr'>αἰῶνας</span> <span class='ocrx_word' id='word_1_483' title='bbox 675 3054 783 3108; x_wconf 84' lang='grc' dir='ltr'><strong>τῶν</strong></span> <span class='ocrx_word' id='word_1_484' title='bbox 825 3054 1053 3108; x_wconf 80' lang='grc' dir='ltr'>αἰώνων.</span> <span class='ocrx_word' id='word_1_485' title='bbox 1119 3055 1308 3126; x_wconf 81' lang='grc' dir='ltr'>Ἀμήν.</span> <span class='ocrx_word' id='word_1_486' title='bbox 1344 3056 1456 3109; x_wconf 82' lang='lat' dir='ltr'><strong>Kal.</strong></span> <span class='ocrx_word' id='word_1_487' title='bbox 1502 3054 1639 3127; x_wconf 85' lang='grc' dir='ltr'><strong>μετά</strong></span> 
     </span>
    </p>
   </div>
   <div class='ocr_carea' id='block_1_63' title="bbox 1743 3054 3307 3143">
    <p class='ocr_par' dir='ltr' id='par_1_63' title="bbox 1744 3057 3307 3129">
     <span class='ocr_line' id='line_1_63' title="bbox 1744 3057 3307 3129; baseline -0.002 -13"><span class='ocrx_word' id='word_1_488' title='bbox 1744 3076 1911 3125; x_wconf 90' lang='lat' dir='ltr'><strong>nunc,</strong></span> <span class='ocrx_word' id='word_1_489' title='bbox 1936 3069 1989 3115; x_wconf 92' lang='lat' dir='ltr'><strong>et</strong></span> <span class='ocrx_word' id='word_1_490' title='bbox 2017 3075 2254 3129; x_wconf 88' lang='lat' dir='ltr'><strong>semper,</strong></span> <span class='ocrx_word' id='word_1_491' title='bbox 2287 3070 2342 3115; x_wconf 93' lang='lat' dir='ltr'><strong>et</strong></span> <span class='ocrx_word' id='word_1_492' title='bbox 2385 3063 2443 3113; x_wconf 82' lang='lat' dir='ltr'><strong>in</strong></span> <span class='ocrx_word' id='word_1_493' title='bbox 2475 3059 2673 3114; x_wconf 63' lang='lat' dir='ltr'><strong>saacula</strong></span> <span class='ocrx_word' id='word_1_494' title='bbox 2724 3059 3067 3112; x_wconf 74' lang='lat' dir='ltr'><strong>szeculorum.</strong></span> <span class='ocrx_word' id='word_1_495' title='bbox 3114 3057 3307 3113; x_wconf 86' lang='lat' dir='ltr'><strong>Amen.</strong></span> 
     </span>
    </p>
   </div>
   <div class='ocr_carea' id='block_1_64' title="bbox 109 3146 1636 3219">
    <p class='ocr_par' dir='ltr' id='par_1_64' title="bbox 109 3146 1636 3219">
     <span class='ocr_line' id='line_1_64' title="bbox 109 3146 1636 3219; baseline 0.003 -22"><span class='ocrx_word' id='word_1_496' title='bbox 109 3146 238 3201; x_wconf 82' lang='grc' dir='ltr'>τοῦτο</span> <span class='ocrx_word' id='word_1_497' title='bbox 261 3149 452 3218; x_wconf 81' lang='grc' dir='ltr'>λεγέτω</span> <span class='ocrx_word' id='word_1_498' title='bbox 482 3151 511 3203; x_wconf 92' lang='lat'><strong>6</strong></span> <span class='ocrx_word' id='word_1_499' title='bbox 542 3147 786 3212; x_wconf 87' lang='grc' dir='ltr'>διάκονος</span> <span class='ocrx_word' id='word_1_500' title='bbox 809 3162 824 3178; x_wconf 69' lang='grc'><strong>⁵</strong></span> <span class='ocrx_word' id='word_1_501' title='bbox 879 3148 1230 3219; x_wconf 89' lang='grc' dir='ltr'>Πρόσχωμεν.</span> <span class='ocrx_word' id='word_1_502' title='bbox 1293 3148 1402 3202; x_wconf 78' lang='grc' dir='ltr'><strong>Καὶ</strong></span> <span class='ocrx_word' id='word_1_503' title='bbox 1457 3149 1636 3202; x_wconf 84' lang='grc' dir='ltr'>ἀσπα-</span> 
     </span>
    </p>
   </div>
   <div class='ocr_carea' id='block_1_65' title="bbox 110 3238 1639 3313">
    <p class='ocr_par' dir='ltr' id='par_1_65' title="bbox 110 3238 1639 3313">
     <span class='ocr_line' id='line_1_65' title="bbox 110 3238 1639 3313; baseline 0.003 -21"><span class='ocrx_word' id='word_1_504' title='bbox 110 3238 253 3303; x_wconf 76' lang='grc' dir='ltr'>ζέσθω</span> <span class='ocrx_word' id='word_1_505' title='bbox 276 3245 302 3295; x_wconf 90' lang='lat'><strong>6</strong></span> <span class='ocrx_word' id='word_1_506' title='bbox 332 3243 625 3307; x_wconf 75' lang='grc' dir='ltr'>ἐπίσκοπος</span> <span class='ocrx_word' id='word_1_507' title='bbox 679 3243 777 3313; x_wconf 85' lang='grc' dir='ltr'><strong>τὴν</strong></span> <span class='ocrx_word' id='word_1_508' title='bbox 812 3241 1125 3313; x_wconf 84' lang='grc' dir='ltr'>ἐκκλησίαν,</span> <span class='ocrx_word' id='word_1_509' title='bbox 1167 3242 1260 3295; x_wconf 77' lang='grc' dir='ltr'><strong>καὶ</strong></span> <span class='ocrx_word' id='word_1_510' title='bbox 1288 3241 1491 3310; x_wconf 85' lang='grc' dir='ltr'>λεγέτω</span> <span class='ocrx_word' id='word_1_511' title='bbox 1512 3259 1525 3273; x_wconf 88' lang='grc'><strong>·</strong></span> <span class='ocrx_word' id='word_1_512' title='bbox 1574 3244 1639 3297; x_wconf 83' lang='grc' dir='ltr'><strong>Ἦ</strong></span> 
     </span>
    </p>
   </div>
   <div class='ocr_carea' id='block_1_66' title="bbox 110 3332 1641 3406">
    <p class='ocr_par' dir='ltr' id='par_1_66' title="bbox 110 3332 1641 3406">
     <span class='ocr_line' id='line_1_66' title="bbox 110 3332 1641 3406; baseline 0.005 -24"><span class='ocrx_word' id='word_1_513' title='bbox 110 3332 265 3404; x_wconf 80' lang='grc' dir='ltr'>εἰρήνη</span> <span class='ocrx_word' id='word_1_514' title='bbox 290 3335 380 3389; x_wconf 89' lang='grc' dir='ltr'><strong>τοῦ</strong></span> <span class='ocrx_word' id='word_1_515' title='bbox 434 3334 572 3389; x_wconf 89' lang='grc' dir='ltr'>Θεοῦ</span> <span class='ocrx_word' id='word_1_516' title='bbox 632 3336 769 3406; x_wconf 87' lang='grc' dir='ltr'><strong>μετά</strong></span> <span class='ocrx_word' id='word_1_517' title='bbox 823 3334 1036 3388; x_wconf 85' lang='grc' dir='ltr'>πάντων</span> <span class='ocrx_word' id='word_1_518' title='bbox 1089 3333 1242 3406; x_wconf 82' lang='grc' dir='ltr'>ὑμῶν</span> <span class='ocrx_word' id='word_1_519' title='bbox 1268 3351 1280 3365; x_wconf 73' lang='grc' dir='ltr'><strong>ο</strong></span> <span class='ocrx_word' id='word_1_520' title='bbox 1316 3335 1409 3388; x_wconf 75' lang='grc' dir='ltr'>καὶ</span> <span class='ocrx_word' id='word_1_521' title='bbox 1439 3337 1467 3389; x_wconf 93' lang='lat'><strong>6</strong></span> <span class='ocrx_word' id='word_1_522' title='bbox 1514 3336 1641 3403; x_wconf 83' lang='grc' dir='ltr'>λαδς</span> 
     </span>
    </p>
   </div>
   <div class='ocr_carea' id='block_1_67' title="bbox 105 3423 1640 3500">
    <p class='ocr_par' dir='ltr' id='par_1_67' title="bbox 105 3423 1640 3500">
     <span class='ocr_line' id='line_1_67' title="bbox 105 3423 1640 3500; baseline 0.007 -26"><span class='ocrx_word' id='word_1_523' title='bbox 105 3423 479 3496; x_wconf 62' lang='grc' dir='ltr'>ἀποκρινάσθιν</span> <span class='ocrx_word' id='word_1_524' title='bbox 536 3429 647 3481; x_wconf 84' lang='lat' dir='ltr'><strong>Kal.</strong></span> <span class='ocrx_word' id='word_1_525' title='bbox 683 3429 819 3500; x_wconf 86' lang='grc' dir='ltr'><strong>μετά</strong></span> <span class='ocrx_word' id='word_1_526' title='bbox 844 3428 938 3483; x_wconf 92' lang='grc' dir='ltr'><strong>τοῦ</strong></span> <span class='ocrx_word' id='word_1_527' title='bbox 992 3429 1297 3500; x_wconf 88' lang='grc' dir='ltr'>πνεύματός</span> <span class='ocrx_word' id='word_1_528' title='bbox 1327 3447 1439 3483; x_wconf 89' lang='grc' dir='ltr'>σου.</span> <span class='ocrx_word' id='word_1_529' title='bbox 1474 3430 1585 3483; x_wconf 76' lang='lat' dir='ltr'><strong>Kal.</strong></span> <span class='ocrx_word' id='word_1_530' title='bbox 1610 3432 1640 3485; x_wconf 90' lang='lat'><strong>6</strong></span> 
     </span>
    </p>
   </div>
   <div class='ocr_carea' id='block_1_68' title="bbox 109 3514 1640 3593">
    <p class='ocr_par' dir='ltr' id='par_1_68' title="bbox 109 3514 1640 3593">
     <span class='ocr_line' id='line_1_68' title="bbox 109 3514 1640 3593; baseline 0.006 -26"><span class='ocrx_word' id='word_1_531' title='bbox 109 3514 314 3583; x_wconf 80' lang='grc' dir='ltr'>διάκονος</span> <span class='ocrx_word' id='word_1_532' title='bbox 364 3521 574 3576; x_wconf 80' lang='grc' dir='ltr'>εἰπάτω</span> <span class='ocrx_word' id='word_1_533' title='bbox 629 3523 823 3575; x_wconf 75' lang='grc' dir='ltr'>πᾶσινο</span> <span class='ocrx_word' id='word_1_534' title='bbox 895 3519 1256 3576; x_wconf 81' lang='grc' dir='ltr'>Ἀσπάσασθε</span> <span class='ocrx_word' id='word_1_535' title='bbox 1290 3522 1549 3593; x_wconf 84' lang='grc' dir='ltr'>ἀλλήλους</span> <span class='ocrx_word' id='word_1_536' title='bbox 1582 3524 1640 3576; x_wconf 90' lang='grc' dir='ltr'><strong>ἐν</strong></span> 
     </span>
    </p>
   </div>
   <div class='ocr_carea' id='block_1_69' title="bbox 110 3607 1638 3687">
    <p class='ocr_par' dir='ltr' id='par_1_69' title="bbox 110 3607 1638 3687">
     <span class='ocr_line' id='line_1_69' title="bbox 110 3607 1638 3687; baseline 0.007 -29"><span class='ocrx_word' id='word_1_537' title='bbox 110 3607 331 3679; x_wconf 74' lang='grc' dir='ltr'>φιλήματι</span> <span class='ocrx_word' id='word_1_538' title='bbox 387 3613 549 3683; x_wconf 87' lang='grc' dir='ltr'>ἀγίῳ.</span> <span class='ocrx_word' id='word_1_539' title='bbox 597 3613 707 3666; x_wconf 77' lang='grc' dir='ltr'><strong>Καὶ</strong></span> <span class='ocrx_word' id='word_1_540' title='bbox 759 3612 1184 3677; x_wconf 73' lang='grc' dir='ltr'>ἀσπαζέσθωσαν</span> <span class='ocrx_word' id='word_1_541' title='bbox 1229 3614 1277 3667; x_wconf 86' lang='grc' dir='ltr'><strong>οί</strong></span> <span class='ocrx_word' id='word_1_542' title='bbox 1304 3614 1397 3668; x_wconf 92' lang='grc' dir='ltr'><strong>τοῦ</strong></span> <span class='ocrx_word' id='word_1_543' title='bbox 1438 3615 1638 3687; x_wconf 81' lang='grc' dir='ltr'>κλήρου</span> 
     </span>
    </p>
   </div>
   <div class='ocr_carea' id='block_1_70' title="bbox 108 3699 1637 3777">
    <p class='ocr_par' dir='ltr' id='par_1_70' title="bbox 108 3699 1637 3777">
     <span class='ocr_line' id='line_1_70' title="bbox 108 3699 1637 3777; baseline 0.009 -30"><span class='ocrx_word' id='word_1_544' title='bbox 108 3699 180 3750; x_wconf 85' lang='grc' dir='ltr'><strong>τὸν</strong></span> <span class='ocrx_word' id='word_1_545' title='bbox 204 3702 483 3758; x_wconf 86' lang='grc' dir='ltr'>ἐπίσκοπον</span> <span class='ocrx_word' id='word_1_546' title='bbox 512 3703 647 3775; x_wconf 74' lang='grc'>(52),</span> <span class='ocrx_word' id='word_1_547' title='bbox 677 3705 725 3757; x_wconf 87' lang='grc' dir='ltr'><strong>οἰ</strong></span> <span class='ocrx_word' id='word_1_548' title='bbox 776 3703 953 3758; x_wconf 78' lang='grc' dir='ltr'>λαῖκοὶ</span> <span class='ocrx_word' id='word_1_549' title='bbox 1005 3705 1196 3777; x_wconf 78' lang='grc' dir='ltr'>ἄνδρες</span> <span class='ocrx_word' id='word_1_550' title='bbox 1241 3706 1368 3769; x_wconf 83' lang='grc' dir='ltr'>τοὺς</span> <span class='ocrx_word' id='word_1_551' title='bbox 1396 3706 1637 3771; x_wconf 82' lang='grc' dir='ltr'>λαῖκοὺς,</span> 
     </span>
    </p>
   </div>
   <div class='ocr_carea' id='block_1_71' title="bbox 110 3792 1639 3869">
    <p class='ocr_par' dir='ltr' id='par_1_71' title="bbox 110 3792 1639 3869">
     <span class='ocr_line' id='line_1_71' title="bbox 110 3792 1639 3869; baseline 0.006 -26"><span class='ocrx_word' id='word_1_552' title='bbox 110 3792 155 3842; x_wconf 86' lang='grc' dir='ltr'>αἰ</span> <span class='ocrx_word' id='word_1_553' title='bbox 185 3798 416 3859; x_wconf 84' lang='grc' dir='ltr'>γυναῖκες</span> <span class='ocrx_word' id='word_1_554' title='bbox 440 3797 543 3860; x_wconf 85' lang='grc' dir='ltr'><strong>τὰς</strong></span> <span class='ocrx_word' id='word_1_555' title='bbox 570 3799 850 3866; x_wconf 85' lang='grc' dir='ltr'>γυναῖκας.</span> <span class='ocrx_word' id='word_1_556' title='bbox 899 3796 977 3850; x_wconf 91' lang='grc' dir='ltr'><strong>Τά</strong></span> <span class='ocrx_word' id='word_1_557' title='bbox 1008 3797 1188 3851; x_wconf 84' lang='grc' dir='ltr'>παιδία</span> <span class='ocrx_word' id='word_1_558' title='bbox 1215 3797 1271 3850; x_wconf 84' lang='grc' dir='ltr'>δὲ</span> <span class='ocrx_word' id='word_1_559' title='bbox 1295 3798 1639 3869; x_wconf 79' lang='grc' dir='ltr'>στηκέτωσαν</span> 
     </span>
    </p>
   </div>
   <div class='ocr_carea' id='block_1_72' title="bbox 110 3883 1640 3962">
    <p class='ocr_par' dir='ltr' id='par_1_72' title="bbox 110 3883 1640 3962">
     <span class='ocr_line' id='line_1_72' title="bbox 110 3883 1640 3962; baseline 0.007 -27"><span class='ocrx_word' id='word_1_560' title='bbox 110 3883 220 3953; x_wconf 78' lang='grc' dir='ltr'>πρὸς</span> <span class='ocrx_word' id='word_1_561' title='bbox 244 3887 313 3957; x_wconf 79' lang='grc' dir='ltr'>τῷ</span> <span class='ocrx_word' id='word_1_562' title='bbox 342 3888 561 3960; x_wconf 85' lang='grc' dir='ltr'>βήματι,</span> <span class='ocrx_word' id='word_1_563' title='bbox 630 3890 723 3942; x_wconf 77' lang='grc' dir='ltr'><strong>καὶ</strong></span> <span class='ocrx_word' id='word_1_564' title='bbox 773 3888 1012 3952; x_wconf 71' lang='grc' dir='ltr'>διάκονος</span> <span class='ocrx_word' id='word_1_565' title='bbox 1045 3890 1226 3953; x_wconf 80' lang='grc' dir='ltr'>αὐτοῖς</span> <span class='ocrx_word' id='word_1_566' title='bbox 1268 3891 1453 3962; x_wconf 78' lang='grc' dir='ltr'>ἕτερος</span> <span class='ocrx_word' id='word_1_567' title='bbox 1501 3890 1640 3945; x_wconf 78' lang='grc' dir='ltr'>ἔστω</span> 
     </span>
    </p>
   </div>
   <div class='ocr_carea' id='block_1_73' title="bbox 108 3974 1641 4052">
    <p class='ocr_par' dir='ltr' id='par_1_73' title="bbox 108 3974 1641 4052">
     <span class='ocr_line' id='line_1_73' title="bbox 108 3974 1641 4052; baseline 0.007 -25"><span class='ocrx_word' id='word_1_568' title='bbox 108 3974 331 4043; x_wconf 73' lang='grc' dir='ltr'>ἐφεστὼς,</span> <span class='ocrx_word' id='word_1_569' title='bbox 352 3981 499 4045; x_wconf 86' lang='grc' dir='ltr'>ὅπως</span> <span class='ocrx_word' id='word_1_570' title='bbox 531 3980 605 4052; x_wconf 82' lang='grc' dir='ltr'>μὴ</span> <span class='ocrx_word' id='word_1_571' title='bbox 633 3981 927 4034; x_wconf 84' lang='grc' dir='ltr'>ἀτακτῶσι.</span> <span class='ocrx_word' id='word_1_572' title='bbox 959 3982 1069 4035; x_wconf 79' lang='grc' dir='ltr'><strong>Καὶ</strong></span> <span class='ocrx_word' id='word_1_573' title='bbox 1093 3982 1241 4035; x_wconf 86' lang='grc' dir='ltr'>ἀλλοι</span> <span class='ocrx_word' id='word_1_574' title='bbox 1270 3982 1505 4037; x_wconf 87' lang='grc' dir='ltr'>διάκονοι</span> <span class='ocrx_word' id='word_1_575' title='bbox 1539 4002 1641 4037; x_wconf 89' lang='grc' dir='ltr'>πε-</span> 
     </span>
    </p>
   </div>
   <div class='ocr_carea' id='block_1_74' title="bbox 110 4072 1641 4146">
    <p class='ocr_par' dir='ltr' id='par_1_74' title="bbox 110 4072 1641 4146">
     <span class='ocr_line' id='line_1_74' title="bbox 110 4072 1641 4146; baseline 0.007 -28"><span class='ocrx_word' id='word_1_576' title='bbox 110 4072 487 4137; x_wconf 86' lang='grc' dir='ltr'>ριπατείτωσαν,</span> <span class='ocrx_word' id='word_1_577' title='bbox 510 4074 605 4126; x_wconf 74' lang='grc' dir='ltr'><strong>καὶ</strong></span> <span class='ocrx_word' id='word_1_578' title='bbox 634 4072 1002 4127; x_wconf 81' lang='grc' dir='ltr'>σκοπείτωσαν</span> <span class='ocrx_word' id='word_1_579' title='bbox 1050 4076 1175 4137; x_wconf 79' lang='grc' dir='ltr'>τοὺς</span> <span class='ocrx_word' id='word_1_580' title='bbox 1200 4074 1395 4146; x_wconf 80' lang='grc' dir='ltr'>ἄνδρας</span> <span class='ocrx_word' id='word_1_581' title='bbox 1420 4076 1511 4128; x_wconf 79' lang='grc' dir='ltr'>καὶ</span> <span class='ocrx_word' id='word_1_582' title='bbox 1542 4076 1641 4140; x_wconf 85' lang='grc' dir='ltr'>τὰς</span> 
     </span>
    </p>
   </div>
   <div class='ocr_carea' id='block_1_75' title="bbox 107 4164 1641 4239">
    <p class='ocr_par' dir='ltr' id='par_1_75' title="bbox 107 4164 1641 4239">
     <span class='ocr_line' id='line_1_75' title="bbox 107 4164 1641 4239; baseline 0.008 -29"><span class='ocrx_word' id='word_1_583' title='bbox 107 4164 351 4226; x_wconf 85' lang='grc' dir='ltr'>γυναῖκας,</span> <span class='ocrx_word' id='word_1_584' title='bbox 380 4164 529 4228; x_wconf 82' lang='grc' dir='ltr'>ὅπως</span> <span class='ocrx_word' id='word_1_585' title='bbox 565 4165 639 4236; x_wconf 82' lang='grc' dir='ltr'>μὴ</span> <span class='ocrx_word' id='word_1_586' title='bbox 698 4164 923 4235; x_wconf 77' lang='grc' dir='ltr'>θόρυϐός</span> <span class='ocrx_word' id='word_1_587' title='bbox 979 4183 1064 4230; x_wconf 91' lang='grc' dir='ltr'><strong>τις</strong></span> <span class='ocrx_word' id='word_1_588' title='bbox 1122 4168 1235 4239; x_wconf 80' lang='lat'><strong>(55)</strong></span> <span class='ocrx_word' id='word_1_589' title='bbox 1269 4168 1511 4239; x_wconf 84' lang='grc' dir='ltr'>γένηται,</span> <span class='ocrx_word' id='word_1_590' title='bbox 1546 4170 1641 4223; x_wconf 64' lang='grc' dir='ltr'><strong>κα)⁵</strong></span> 
     </span>
    </p>
   </div>
   <div class='ocr_carea' id='block_1_76' title="bbox 110 4250 1640 4330">
    <p class='ocr_par' dir='ltr' id='par_1_76' title="bbox 110 4250 1640 4330">
     <span class='ocr_line' id='line_1_76' title="bbox 110 4250 1640 4330; baseline 0.008 -27"><span class='ocrx_word' id='word_1_591' title='bbox 110 4250 257 4320; x_wconf 80' lang='grc' dir='ltr'>μήτις</span> <span class='ocrx_word' id='word_1_592' title='bbox 284 4254 464 4327; x_wconf 75' lang='grc' dir='ltr'>νεύσῃ,</span> <span class='ocrx_word' id='word_1_593' title='bbox 490 4256 527 4327; x_wconf 81' lang='grc' dir='ltr'>ἦ</span> <span class='ocrx_word' id='word_1_594' title='bbox 560 4254 837 4327; x_wconf 80' lang='grc' dir='ltr'>ψιθυρίσῃ,</span> <span class='ocrx_word' id='word_1_595' title='bbox 872 4256 904 4327; x_wconf 84' lang='grc' dir='ltr'>ἢ</span> <span class='ocrx_word' id='word_1_596' title='bbox 942 4257 1197 4330; x_wconf 79' lang='grc' dir='ltr'>νυστάξῃ.</span> <span class='ocrx_word' id='word_1_597' title='bbox 1234 4260 1296 4312; x_wconf 77' lang='grc' dir='ltr'><strong>Οἱ</strong></span> <span class='ocrx_word' id='word_1_598' title='bbox 1318 4260 1375 4312; x_wconf 87' lang='grc' dir='ltr'>δὲ</span> <span class='ocrx_word' id='word_1_599' title='bbox 1405 4260 1640 4316; x_wconf 79' lang='grc' dir='ltr'>διάκονοι</span> 
     </span>
    </p>
   </div>
   <div class='ocr_carea' id='block_1_77' title="bbox 108 4341 1641 4425">
    <p class='ocr_par' dir='ltr' id='par_1_77' title="bbox 108 4341 1641 4425">
     <span class='ocr_line' id='line_1_77' title="bbox 108 4341 1641 4425; baseline 0.01 -32"><span class='ocrx_word' id='word_1_600' title='bbox 108 4341 407 4401; x_wconf 81' lang='grc' dir='ltr'>ἰστάσθωσαν</span> <span class='ocrx_word' id='word_1_601' title='bbox 454 4350 539 4412; x_wconf 88' lang='grc' dir='ltr'><strong>εἰς</strong></span> <span class='ocrx_word' id='word_1_602' title='bbox 588 4348 684 4412; x_wconf 82' lang='grc' dir='ltr'>τὰς</span> <span class='ocrx_word' id='word_1_603' title='bbox 716 4348 824 4402; x_wconf 85' lang='grc' dir='ltr'><strong>τῶν</strong></span> <span class='ocrx_word' id='word_1_604' title='bbox 873 4349 1080 4421; x_wconf 83' lang='grc' dir='ltr'>ἀνδρῶν</span> <span class='ocrx_word' id='word_1_605' title='bbox 1112 4350 1299 4425; x_wconf 83' lang='grc' dir='ltr'>θύρας,</span> <span class='ocrx_word' id='word_1_606' title='bbox 1322 4354 1416 4406; x_wconf 77' lang='grc' dir='ltr'><strong>καὶ</strong></span> <span class='ocrx_word' id='word_1_607' title='bbox 1442 4355 1492 4407; x_wconf 91' lang='grc' dir='ltr'>οἱ</span> <span class='ocrx_word' id='word_1_608' title='bbox 1518 4355 1641 4409; x_wconf 83' lang='grc' dir='ltr'>ὑπο-</span> 
     </span>
    </p>
   </div>
   <div class='ocr_carea' id='block_1_78' title="bbox 1741 3147 3311 3209">
    <p class='ocr_par' dir='ltr' id='par_1_78' title="bbox 1741 3147 3311 3209">
     <span class='ocr_line' id='line_1_78' title="bbox 1741 3147 3311 3209; baseline -0.006 0"><span class='ocrx_word' id='word_1_609' title='bbox 1741 3150 1937 3209; x_wconf 84' lang='lat' dir='ltr'><strong>Postea</strong></span> <span class='ocrx_word' id='word_1_610' title='bbox 1991 3152 2255 3207; x_wconf 89' lang='lat' dir='ltr'><strong>diaconus</strong></span> <span class='ocrx_word' id='word_1_611' title='bbox 2305 3149 2451 3205; x_wconf 87' lang='lat' dir='ltr'><strong>dicat</strong></span> <span class='ocrx_word' id='word_1_612' title='bbox 2497 3150 2925 3205; x_wconf 80' lang='lat' dir='ltr'><strong>:Attendamus.</strong></span> <span class='ocrx_word' id='word_1_613' title='bbox 2992 3147 3057 3200; x_wconf 86' lang='lat' dir='ltr'><strong>Et</strong></span> <span class='ocrx_word' id='word_1_614' title='bbox 3112 3148 3311 3202; x_wconf 88' lang='lat' dir='ltr'><strong>salutet</strong></span> 
     </span>
    </p>
   </div>
   <div class='ocr_carea' id='block_1_79' title="bbox 1741 3241 3311 3317">
    <p class='ocr_par' dir='ltr' id='par_1_79' title="bbox 1741 3241 3311 3317">
     <span class='ocr_line' id='line_1_79' title="bbox 1741 3241 3311 3317; baseline -0.006 -14"><span class='ocrx_word' id='word_1_615' title='bbox 1741 3249 2031 3317; x_wconf 90' lang='lat' dir='ltr'><strong>episcopus</strong></span> <span class='ocrx_word' id='word_1_616' title='bbox 2065 3245 2353 3300; x_wconf 88' lang='lat' dir='ltr'><strong>ecclesiam</strong></span> <span class='ocrx_word' id='word_1_617' title='bbox 2379 3282 2394 3307; x_wconf 94' lang='lat'><strong>,</strong></span> <span class='ocrx_word' id='word_1_618' title='bbox 2421 3258 2485 3297; x_wconf 92' lang='lat' dir='ltr'><strong>ac</strong></span> <span class='ocrx_word' id='word_1_619' title='bbox 2514 3242 2695 3298; x_wconf 85' lang='lat' dir='ltr'><strong>dicat:</strong></span> <span class='ocrx_word' id='word_1_620' title='bbox 2759 3243 2865 3295; x_wconf 81' lang='lat' dir='ltr'><strong>Pax</strong></span> <span class='ocrx_word' id='word_1_621' title='bbox 2896 3241 3012 3305; x_wconf 89' lang='lat' dir='ltr'><strong>Dei,</strong></span> <span class='ocrx_word' id='word_1_622' title='bbox 3038 3257 3160 3296; x_wconf 93' lang='lat' dir='ltr'><strong>cum</strong></span> <span class='ocrx_word' id='word_1_623' title='bbox 3193 3256 3311 3294; x_wconf 91' lang='lat' dir='ltr'><strong>om-</strong></span> 
     </span>
    </p>
   </div>
   <div class='ocr_carea' id='block_1_80' title="bbox 1740 3334 3312 3408">
    <p class='ocr_par' dir='ltr' id='par_1_80' title="bbox 1740 3334 3312 3408">
     <span class='ocr_line' id='line_1_80' title="bbox 1740 3334 3312 3408; baseline -0.005 -13"><span class='ocrx_word' id='word_1_624' title='bbox 1740 3342 1903 3396; x_wconf 90' lang='lat' dir='ltr'><strong>nibus</strong></span> <span class='ocrx_word' id='word_1_625' title='bbox 1948 3338 2121 3394; x_wconf 85' lang='lat' dir='ltr'><strong>vobis.</strong></span> <span class='ocrx_word' id='word_1_626' title='bbox 2166 3336 2230 3390; x_wconf 85' lang='lat' dir='ltr'><strong>Et</strong></span> <span class='ocrx_word' id='word_1_627' title='bbox 2284 3337 2518 3408; x_wconf 91' lang='lat' dir='ltr'><strong>populus</strong></span> <span class='ocrx_word' id='word_1_628' title='bbox 2552 3336 2916 3406; x_wconf 88' lang='lat' dir='ltr'><strong>respondeat:</strong></span> <span class='ocrx_word' id='word_1_629' title='bbox 2949 3334 3016 3387; x_wconf 88' lang='lat' dir='ltr'><strong>Et</strong></span> <span class='ocrx_word' id='word_1_630' title='bbox 3046 3349 3169 3389; x_wconf 89' lang='lat' dir='ltr'><strong>cum</strong></span> <span class='ocrx_word' id='word_1_631' title='bbox 3197 3334 3312 3403; x_wconf 85' lang='lat' dir='ltr'><strong>spi-</strong></span> 
     </span>
    </p>
   </div>
   <div class='ocr_carea' id='block_1_81' title="bbox 1742 3422 3311 3485">
    <p class='ocr_par' dir='ltr' id='par_1_81' title="bbox 1742 3422 3311 3485">
     <span class='ocr_line' id='line_1_81' title="bbox 1742 3422 3311 3485; baseline -0.006 0"><span class='ocrx_word' id='word_1_632' title='bbox 1742 3431 1850 3485; x_wconf 92' lang='lat' dir='ltr'><strong>ritu</strong></span> <span class='ocrx_word' id='word_1_633' title='bbox 1880 3438 1995 3484; x_wconf 89' lang='lat' dir='ltr'><strong>tuo.</strong></span> <span class='ocrx_word' id='word_1_634' title='bbox 2030 3427 2304 3482; x_wconf 88' lang='lat' dir='ltr'><strong>Diaconus</strong></span> <span class='ocrx_word' id='word_1_635' title='bbox 2339 3442 2468 3481; x_wconf 88' lang='lat' dir='ltr'><strong>vero</strong></span> <span class='ocrx_word' id='word_1_636' title='bbox 2526 3427 2673 3481; x_wconf 90' lang='lat' dir='ltr'><strong>dicat</strong></span> <span class='ocrx_word' id='word_1_637' title='bbox 2723 3425 3023 3479; x_wconf 88' lang='lat' dir='ltr'><strong>omnibus:</strong></span> <span class='ocrx_word' id='word_1_638' title='bbox 3065 3422 3311 3477; x_wconf 86' lang='lat' dir='ltr'><strong>Salutate</strong></span> 
     </span>
    </p>
   </div>
   <div class='ocr_carea' id='block_1_82' title="bbox 1742 3514 3310 3578">
    <p class='ocr_par' dir='ltr' id='par_1_82' title="bbox 1742 3514 3310 3578">
     <span class='ocr_line' id='line_1_82' title="bbox 1742 3514 3310 3578; baseline -0.008 0"><span class='ocrx_word' id='word_1_639' title='bbox 1742 3538 1840 3578; x_wconf 90' lang='lat' dir='ltr'><strong>vos</strong></span> <span class='ocrx_word' id='word_1_640' title='bbox 1869 3522 2101 3577; x_wconf 87' lang='lat' dir='ltr'><strong>invicem</strong></span> <span class='ocrx_word' id='word_1_641' title='bbox 2128 3521 2185 3573; x_wconf 91' lang='lat' dir='ltr'><strong>in</strong></span> <span class='ocrx_word' id='word_1_642' title='bbox 2213 3518 2405 3573; x_wconf 88' lang='lat' dir='ltr'><strong>osculo</strong></span> <span class='ocrx_word' id='word_1_643' title='bbox 2429 3525 2622 3573; x_wconf 91' lang='lat' dir='ltr'><strong>sancto</strong></span> <span class='ocrx_word' id='word_1_644' title='bbox 2648 3536 2661 3572; x_wconf 94' lang='lat'><strong>:</strong></span> <span class='ocrx_word' id='word_1_645' title='bbox 2693 3526 2746 3572; x_wconf 94' lang='lat' dir='ltr'><strong>et</strong></span> <span class='ocrx_word' id='word_1_646' title='bbox 2776 3516 2960 3571; x_wconf 89' lang='lat' dir='ltr'><strong>clerici</strong></span> <span class='ocrx_word' id='word_1_647' title='bbox 2992 3514 3310 3569; x_wconf 88' lang='lat' dir='ltr'><strong>osculentur</strong></span> 
     </span>
    </p>
   </div>
   <div class='ocr_carea' id='block_1_83' title="bbox 1742 3601 3307 3687">
    <p class='ocr_par' dir='ltr' id='par_1_83' title="bbox 1742 3601 3307 3687">
     <span class='ocr_line' id='line_1_83' title="bbox 1742 3601 3307 3687; baseline -0.008 -15"><span class='ocrx_word' id='word_1_648' title='bbox 1742 3617 2078 3687; x_wconf 86' lang='lat' dir='ltr'><strong>episcopum,</strong></span> <span class='ocrx_word' id='word_1_649' title='bbox 2110 3614 2234 3669; x_wconf 85' lang='lat' dir='ltr'><strong>laici</strong></span> <span class='ocrx_word' id='word_1_650' title='bbox 2268 3612 2368 3666; x_wconf 89' lang='lat' dir='ltr'><strong>viri</strong></span> <span class='ocrx_word' id='word_1_651' title='bbox 2398 3612 2591 3676; x_wconf 90' lang='lat' dir='ltr'><strong>laicos,</strong></span> <span class='ocrx_word' id='word_1_652' title='bbox 2630 3610 2841 3664; x_wconf 81' lang='lat' dir='ltr'><strong>feminae</strong></span> <span class='ocrx_word' id='word_1_653' title='bbox 2874 3608 3122 3662; x_wconf 81' lang='lat' dir='ltr'><strong>feminas.</strong></span> <span class='ocrx_word' id='word_1_654' title='bbox 3146 3601 3307 3660; x_wconf 85' lang='lat' dir='ltr'><strong>Pueri</strong></span> 
     </span>
    </p>
   </div>
   <div class='ocr_carea' id='block_1_84' title="bbox 1742 3697 3307 3774">
    <p class='ocr_par' dir='ltr' id='par_1_84' title="bbox 1742 3697 3307 3774">
     <span class='ocr_line' id='line_1_84' title="bbox 1742 3697 3307 3774; baseline -0.005 -13"><span class='ocrx_word' id='word_1_655' title='bbox 1742 3715 1925 3761; x_wconf 79' lang='lat' dir='ltr'><strong>autem</strong></span> <span class='ocrx_word' id='word_1_656' title='bbox 1958 3715 2104 3760; x_wconf 88' lang='lat' dir='ltr'><strong>stent</strong></span> <span class='ocrx_word' id='word_1_657' title='bbox 2141 3705 2208 3758; x_wconf 93' lang='lat' dir='ltr'><strong>ad</strong></span> <span class='ocrx_word' id='word_1_658' title='bbox 2236 3712 2571 3774; x_wconf 86' lang='lat' dir='ltr'><strong>suggestum.</strong></span> <span class='ocrx_word' id='word_1_659' title='bbox 2598 3703 2674 3755; x_wconf 90' lang='lat' dir='ltr'><strong>Ac</strong></span> <span class='ocrx_word' id='word_1_660' title='bbox 2707 3700 2971 3754; x_wconf 89' lang='lat' dir='ltr'><strong>diaconus</strong></span> <span class='ocrx_word' id='word_1_661' title='bbox 2995 3700 3135 3753; x_wconf 91' lang='lat' dir='ltr'><strong>alius</strong></span> <span class='ocrx_word' id='word_1_662' title='bbox 3174 3697 3307 3766; x_wconf 87' lang='lat' dir='ltr'><strong>ipsis</strong></span> 
     </span>
    </p>
   </div>
   <div class='ocr_carea' id='block_1_85' title="bbox 1741 3788 3307 3869">
    <p class='ocr_par' dir='ltr' id='par_1_85' title="bbox 1741 3788 3307 3869">
     <span class='ocr_line' id='line_1_85' title="bbox 1741 3788 3307 3869; baseline -0.006 -17"><span class='ocrx_word' id='word_1_663' title='bbox 1741 3798 1946 3869; x_wconf 67' lang='lat' dir='ltr'><strong>praesit,</strong></span> <span class='ocrx_word' id='word_1_664' title='bbox 1978 3812 2046 3851; x_wconf 91' lang='lat' dir='ltr'><strong>ne</strong></span> <span class='ocrx_word' id='word_1_665' title='bbox 2070 3795 2377 3850; x_wconf 90' lang='lat' dir='ltr'><strong>inordinate</strong></span> <span class='ocrx_word' id='word_1_666' title='bbox 2403 3808 2461 3847; x_wconf 89' lang='lat' dir='ltr'><strong>se</strong></span> <span class='ocrx_word' id='word_1_667' title='bbox 2503 3800 2710 3862; x_wconf 86' lang='lat' dir='ltr'><strong>gerant.</strong></span> <span class='ocrx_word' id='word_1_668' title='bbox 2736 3790 2804 3842; x_wconf 85' lang='lat' dir='ltr'><strong>At</strong></span> <span class='ocrx_word' id='word_1_669' title='bbox 2835 3789 2925 3842; x_wconf 86' lang='lat' dir='ltr'><strong>alii</strong></span> <span class='ocrx_word' id='word_1_670' title='bbox 2960 3788 3175 3843; x_wconf 84' lang='lat' dir='ltr'><strong>diaconi</strong></span> <span class='ocrx_word' id='word_1_671' title='bbox 3212 3788 3307 3842; x_wconf 86' lang='lat' dir='ltr'><strong>de-</strong></span> 
     </span>
    </p>
   </div>
   <div class='ocr_carea' id='block_1_86' title="bbox 1742 3883 3307 3957">
    <p class='ocr_par' dir='ltr' id='par_1_86' title="bbox 1742 3883 3307 3957">
     <span class='ocr_line' id='line_1_86' title="bbox 1742 3883 3307 3957; baseline -0.008 -11"><span class='ocrx_word' id='word_1_672' title='bbox 1742 3886 2449 3957; x_wconf 88' lang='lat' dir='ltr'><strong>ambulent,inspiciantque</strong></span> <span class='ocrx_word' id='word_1_673' title='bbox 2463 3885 2607 3938; x_wconf 87' lang='lat' dir='ltr'><strong>viros</strong></span> <span class='ocrx_word' id='word_1_674' title='bbox 2631 3898 2696 3937; x_wconf 91' lang='lat' dir='ltr'><strong>ac</strong></span> <span class='ocrx_word' id='word_1_675' title='bbox 2721 3883 2997 3945; x_wconf 89' lang='lat' dir='ltr'><strong>mulieres,</strong></span> <span class='ocrx_word' id='word_1_676' title='bbox 3015 3896 3081 3935; x_wconf 92' lang='lat' dir='ltr'><strong>ne</strong></span> <span class='ocrx_word' id='word_1_677' title='bbox 3110 3883 3307 3950; x_wconf 89' lang='lat' dir='ltr'><strong>strepi-</strong></span> 
     </span>
    </p>
   </div>
   <div class='ocr_carea' id='block_1_87' title="bbox 1742 3973 3307 4052">
    <p class='ocr_par' dir='ltr' id='par_1_87' title="bbox 1742 3973 3307 4052">
     <span class='ocr_line' id='line_1_87' title="bbox 1742 3973 3307 4052; baseline -0.007 -13"><span class='ocrx_word' id='word_1_678' title='bbox 1742 3994 1832 4039; x_wconf 91' lang='lat' dir='ltr'><strong>tus</strong></span> <span class='ocrx_word' id='word_1_679' title='bbox 1868 3983 2067 4052; x_wconf 89' lang='lat' dir='ltr'><strong>aliquis</strong></span> <span class='ocrx_word' id='word_1_680' title='bbox 2096 3982 2325 4044; x_wconf 90' lang='lat' dir='ltr'><strong>oriatur,</strong></span> <span class='ocrx_word' id='word_1_681' title='bbox 2377 3986 2432 4032; x_wconf 92' lang='lat' dir='ltr'><strong>et</strong></span> <span class='ocrx_word' id='word_1_682' title='bbox 2474 3992 2544 4030; x_wconf 91' lang='lat' dir='ltr'><strong>ne</strong></span> <span class='ocrx_word' id='word_1_683' title='bbox 2588 3974 2713 4044; x_wconf 84' lang='lat' dir='ltr'><strong>quis</strong></span> <span class='ocrx_word' id='word_1_684' title='bbox 2767 3983 2961 4027; x_wconf 91' lang='lat' dir='ltr'><strong>nutum</strong></span> <span class='ocrx_word' id='word_1_685' title='bbox 3007 3973 3192 4036; x_wconf 90' lang='lat' dir='ltr'><strong>faciat,</strong></span> <span class='ocrx_word' id='word_1_686' title='bbox 3223 3973 3307 4028; x_wconf 86' lang='lat' dir='ltr'><strong>vel</strong></span> 
     </span>
    </p>
   </div>
   <div class='ocr_carea' id='block_1_88' title="bbox 1743 4064 3307 4137">
    <p class='ocr_par' dir='ltr' id='par_1_88' title="bbox 1743 4064 3307 4137">
     <span class='ocr_line' id='line_1_88' title="bbox 1743 4064 3307 4137; baseline -0.008 -6"><span class='ocrx_word' id='word_1_687' title='bbox 1743 4080 2014 4137; x_wconf 87' lang='lat' dir='ltr'><strong>susurret,</strong></span> <span class='ocrx_word' id='word_1_688' title='bbox 2046 4072 2129 4127; x_wconf 84' lang='lat' dir='ltr'><strong>vel</strong></span> <span class='ocrx_word' id='word_1_689' title='bbox 2152 4069 2427 4124; x_wconf 89' lang='lat' dir='ltr'><strong>dormitet.</strong></span> <span class='ocrx_word' id='word_1_690' title='bbox 2460 4066 2683 4121; x_wconf 91' lang='lat' dir='ltr'><strong>Diaconi</strong></span> <span class='ocrx_word' id='word_1_691' title='bbox 2706 4080 2834 4119; x_wconf 86' lang='lat' dir='ltr'><strong>vero</strong></span> <span class='ocrx_word' id='word_1_692' title='bbox 2857 4071 3000 4119; x_wconf 89' lang='lat' dir='ltr'><strong>stent</strong></span> <span class='ocrx_word' id='word_1_693' title='bbox 3022 4064 3088 4117; x_wconf 89' lang='lat' dir='ltr'><strong>ad</strong></span> <span class='ocrx_word' id='word_1_694' title='bbox 3110 4064 3307 4133; x_wconf 86' lang='lat' dir='ltr'><strong>januas</strong></span> 
     </span>
    </p>
   </div>
   <div class='ocr_carea' id='block_1_89' title="bbox 1741 4155 3308 4227">
    <p class='ocr_par' dir='ltr' id='par_1_89' title="bbox 1741 4155 3308 4227">
     <span class='ocr_line' id='line_1_89' title="bbox 1741 4155 3308 4227; baseline -0.008 -6"><span class='ocrx_word' id='word_1_695' title='bbox 1741 4168 2005 4225; x_wconf 85' lang='lat' dir='ltr'><strong>virorum,</strong></span> <span class='ocrx_word' id='word_1_696' title='bbox 2038 4172 2094 4219; x_wconf 93' lang='lat' dir='ltr'><strong>et</strong></span> <span class='ocrx_word' id='word_1_697' title='bbox 2153 4159 2473 4218; x_wconf 89' lang='lat' dir='ltr'><strong>subdiaconi</strong></span> <span class='ocrx_word' id='word_1_698' title='bbox 2505 4158 2573 4211; x_wconf 92' lang='lat' dir='ltr'><strong>ad</strong></span> <span class='ocrx_word' id='word_1_699' title='bbox 2626 4159 2826 4227; x_wconf 78' lang='lat' dir='ltr'><strong>januas</strong></span> <span class='ocrx_word' id='word_1_700' title='bbox 2870 4155 3197 4220; x_wconf 87' lang='lat' dir='ltr'><strong>mulierum;</strong></span> <span class='ocrx_word' id='word_1_701' title='bbox 3248 4163 3308 4209; x_wconf 89' lang='lat' dir='ltr'><strong>ut</strong></span> 
     </span>
    </p>
   </div>
   <div class='ocr_carea' id='block_1_90' title="bbox 1741 4246 3308 4326">
    <p class='ocr_par' dir='ltr' id='par_1_90' title="bbox 1741 4246 3308 4326">
     <span class='ocr_line' id='line_1_90' title="bbox 1741 4246 3308 4326; baseline -0.008 -12"><span class='ocrx_word' id='word_1_702' title='bbox 1741 4272 1903 4314; x_wconf 91' lang='lat' dir='ltr'><strong>nemo</strong></span> <span class='ocrx_word' id='word_1_703' title='bbox 1953 4254 2285 4326; x_wconf 85' lang='lat' dir='ltr'><strong>egrediatur,</strong></span> <span class='ocrx_word' id='word_1_704' title='bbox 2335 4265 2470 4306; x_wconf 90' lang='lat' dir='ltr'><strong>neve</strong></span> <span class='ocrx_word' id='word_1_705' title='bbox 2523 4248 2796 4319; x_wconf 82' lang='lat' dir='ltr'><strong>aperiatur</strong></span> <span class='ocrx_word' id='word_1_706' title='bbox 2841 4246 3010 4317; x_wconf 87' lang='lat' dir='ltr'><strong>janua</strong></span> <span class='ocrx_word' id='word_1_707' title='bbox 3068 4256 3308 4316; x_wconf 89' lang='lat' dir='ltr'><strong>tempore</strong></span> 
     </span>
    </p>
   </div>
   <div class='ocr_carea' id='block_1_91' title="bbox 1742 4336 3308 4411">
    <p class='ocr_par' dir='ltr' id='par_1_91' title="bbox 1742 4336 3308 4411">
     <span class='ocr_line' id='line_1_91' title="bbox 1742 4336 3308 4411; baseline -0.007 -6"><span class='ocrx_word' id='word_1_708' title='bbox 1742 4350 2056 4411; x_wconf 90' lang='lat' dir='ltr'><strong>oblationis,</strong></span> <span class='ocrx_word' id='word_1_709' title='bbox 2090 4348 2218 4401; x_wconf 80' lang='lat' dir='ltr'><strong>licet</strong></span> <span class='ocrx_word' id='word_1_710' title='bbox 2270 4342 2525 4398; x_wconf 89' lang='lat' dir='ltr'><strong>adveniat</strong></span> <span class='ocrx_word' id='word_1_711' title='bbox 2573 4340 2843 4411; x_wconf 91' lang='lat' dir='ltr'><strong>quispiam</strong></span> <span class='ocrx_word' id='word_1_712' title='bbox 2897 4339 3091 4393; x_wconf 83' lang='lat' dir='ltr'><strong>fidelis.</strong></span> <span class='ocrx_word' id='word_1_713' title='bbox 3154 4336 3308 4394; x_wconf 89' lang='lat' dir='ltr'><strong>Unus</strong></span> 
     </span>
    </p>
   </div>
   <div class='ocr_carea' id='block_1_92' title="bbox 105 4418 1654 4517">
    <p class='ocr_par' dir='ltr' id='par_1_92' title="bbox 105 4418 1636 4517">
     <span class='ocr_line' id='line_1_92' title="bbox 105 4418 1636 4517; baseline 0.008 -29"><span class='ocrx_word' id='word_1_714' title='bbox 105 4433 307 4493; x_wconf 77' lang='grc' dir='ltr'>διάκονοι</span> <span class='ocrx_word' id='word_1_715' title='bbox 337 4442 411 4505; x_wconf 71' lang='grc' dir='ltr'>εἰς,</span> <span class='ocrx_word' id='word_1_716' title='bbox 445 4441 544 4505; x_wconf 88' lang='grc' dir='ltr'><strong>τάς</strong></span> <span class='ocrx_word' id='word_1_717' title='bbox 568 4441 676 4495; x_wconf 83' lang='grc' dir='ltr'><strong>τῶν</strong></span> <span class='ocrx_word' id='word_1_718' title='bbox 706 4418 995 4512; x_wconf 83' lang='grc' dir='ltr'>γυναικῶν·</span> <span class='ocrx_word' id='word_1_719' title='bbox 1033 4418 1193 4508; x_wconf 34' lang='grc' dir='ltr'>ὅπως.</span> <span class='ocrx_word' id='word_1_720' title='bbox 1211 4446 1372 4517; x_wconf 90' lang='grc' dir='ltr'>μήτις</span> <span class='ocrx_word' id='word_1_721' title='bbox 1413 4444 1636 4513; x_wconf 79' lang='grc' dir='ltr'>ἐξέλθοι,</span> 
     </span>
    </p>
   </div>
   <div class='ocr_carea' id='block_1_93' title="bbox 1743 4418 3308 4517">
    <p class='ocr_par' dir='ltr' id='par_1_93' title="bbox 1745 4428 3308 4501">
     <span class='ocr_line' id='line_1_93' title="bbox 1745 4428 3308 4501; baseline -0.012 -3"><span class='ocrx_word' id='word_1_722' title='bbox 1745 4452 1924 4498; x_wconf 88' lang='lat' dir='ltr'><strong>autem</strong></span> <span class='ocrx_word' id='word_1_723' title='bbox 1955 4438 2324 4495; x_wconf 87' lang='lat' dir='ltr'><strong>subdiaconus</strong></span> <span class='ocrx_word' id='word_1_724' title='bbox 2355 4434 2444 4489; x_wconf 88' lang='lat' dir='ltr'><strong>det</strong></span> <span class='ocrx_word' id='word_1_725' title='bbox 2471 4432 2847 4489; x_wconf 90' lang='lat' dir='ltr'><strong>sacerdotibus</strong></span> <span class='ocrx_word' id='word_1_726' title='bbox 2879 4445 3097 4501; x_wconf 89' lang='lat' dir='ltr'><strong>aquam,</strong></span> <span class='ocrx_word' id='word_1_727' title='bbox 3131 4428 3197 4482; x_wconf 88' lang='lat' dir='ltr'><strong>ad</strong></span> <span class='ocrx_word' id='word_1_728' title='bbox 3233 4429 3308 4481; x_wconf 88' lang='lat' dir='ltr'><strong>la-</strong></span> 
     </span>
    </p>
   </div>
   <div class='ocr_carea' id='block_1_94' title="bbox 106 4528 1638 4611">
    <p class='ocr_par' dir='ltr' id='par_1_94' title="bbox 106 4528 1638 4611">
     <span class='ocr_line' id='line_1_94' title="bbox 106 4528 1638 4611; baseline 0.009 -30"><span class='ocrx_word' id='word_1_729' title='bbox 106 4528 221 4599; x_wconf 76' lang='grc' dir='ltr'>μήτε</span> <span class='ocrx_word' id='word_1_730' title='bbox 263 4530 473 4605; x_wconf 81' lang='grc' dir='ltr'>ἀνοιχθῇ</span> <span class='ocrx_word' id='word_1_731' title='bbox 504 4536 539 4604; x_wconf 77' lang='grc' dir='ltr'><strong>ἡ</strong></span> <span class='ocrx_word' id='word_1_732' title='bbox 569 4533 729 4606; x_wconf 88' lang='grc' dir='ltr'>θύρα,</span> <span class='ocrx_word' id='word_1_733' title='bbox 758 4534 861 4588; x_wconf 84' lang='grc' dir='ltr'><strong>κᾶν</strong></span> <span class='ocrx_word' id='word_1_734' title='bbox 908 4536 1097 4599; x_wconf 89' lang='grc' dir='ltr'>πιστός</span> <span class='ocrx_word' id='word_1_735' title='bbox 1127 4554 1212 4600; x_wconf 87' lang='grc' dir='ltr'><strong>τις</strong></span> <span class='ocrx_word' id='word_1_736' title='bbox 1252 4535 1309 4611; x_wconf 84' lang='grc' dir='ltr'><strong>ᾖ,</strong></span> <span class='ocrx_word' id='word_1_737' title='bbox 1364 4539 1507 4593; x_wconf 83' lang='grc' dir='ltr'><strong>κατά</strong></span> <span class='ocrx_word' id='word_1_738' title='bbox 1546 4541 1638 4596; x_wconf 87' lang='grc' dir='ltr'><strong>τὸν</strong></span> 
     </span>
    </p>
   </div>
   <div class='ocr_carea' id='block_1_95' title="bbox 104 4620 1639 4697">
    <p class='ocr_par' dir='ltr' id='par_1_95' title="bbox 104 4620 1639 4697">
     <span class='ocr_line' id='line_1_95' title="bbox 104 4620 1639 4697; baseline 0.01 -26"><span class='ocrx_word' id='word_1_739' title='bbox 104 4620 265 4690; x_wconf 78' lang='grc' dir='ltr'>καιρὸν</span> <span class='ocrx_word' id='word_1_740' title='bbox 311 4625 406 4695; x_wconf 82' lang='grc' dir='ltr'>τῆς</span> <span class='ocrx_word' id='word_1_741' title='bbox 464 4626 762 4697; x_wconf 78' lang='grc' dir='ltr'>ἀναφορᾶς.</span> <span class='ocrx_word' id='word_1_742' title='bbox 806 4621 901 4689; x_wconf 82' lang='grc' dir='ltr'><strong>Εἷς</strong></span> <span class='ocrx_word' id='word_1_743' title='bbox 958 4626 1015 4679; x_wconf 80' lang='grc' dir='ltr'>δὲ</span> <span class='ocrx_word' id='word_1_744' title='bbox 1073 4628 1419 4694; x_wconf 85' lang='grc' dir='ltr'>ὑποδιάκονος</span> <span class='ocrx_word' id='word_1_745' title='bbox 1455 4630 1639 4686; x_wconf 80' lang='grc' dir='ltr'>διδότω</span> 
     </span>
    </p>
   </div>
   <div class='ocr_carea' id='block_1_96' title="bbox 1746 4520 3305 4599">
    <p class='ocr_par' dir='ltr' id='par_1_96' title="bbox 1746 4520 3305 4599">
     <span class='ocr_line' id='line_1_96' title="bbox 1746 4520 3305 4599; baseline -0.011 -7"><span class='ocrx_word' id='word_1_746' title='bbox 1746 4536 1981 4593; x_wconf 87' lang='lat' dir='ltr'><strong>vandum</strong></span> <span class='ocrx_word' id='word_1_747' title='bbox 2006 4546 2239 4596; x_wconf 87' lang='lat' dir='ltr'><strong>manus;</strong></span> <span class='ocrx_word' id='word_1_748' title='bbox 2276 4544 2396 4599; x_wconf 66' lang='lat' dir='ltr'><strong>quae</strong></span> <span class='ocrx_word' id='word_1_749' title='bbox 2438 4543 2528 4583; x_wconf 86' lang='lat' dir='ltr'><strong>res</strong></span> <span class='ocrx_word' id='word_1_750' title='bbox 2554 4528 2770 4598; x_wconf 88' lang='lat' dir='ltr'><strong>signum</strong></span> <span class='ocrx_word' id='word_1_751' title='bbox 2794 4533 2877 4580; x_wconf 90' lang='lat' dir='ltr'><strong>est</strong></span> <span class='ocrx_word' id='word_1_752' title='bbox 2905 4522 3160 4594; x_wconf 86' lang='lat' dir='ltr'><strong>puritatis</strong></span> <span class='ocrx_word' id='word_1_753' title='bbox 3184 4520 3305 4575; x_wconf 86' lang='lat' dir='ltr'><strong>ani-</strong></span> 
     </span>
    </p>
   </div>
   <div class='ocr_carea' id='block_1_97' title="bbox 1747 4624 2596 4684">
    <p class='ocr_par' dir='ltr' id='par_1_97' title="bbox 1747 4624 2596 4684">
     <span class='ocr_line' id='line_1_97' title="bbox 1747 4624 2596 4684; baseline -0.012 0"><span class='ocrx_word' id='word_1_754' title='bbox 1747 4641 1958 4684; x_wconf 86' lang='lat' dir='ltr'><strong>marum</strong></span> <span class='ocrx_word' id='word_1_755' title='bbox 1990 4624 2100 4678; x_wconf 88' lang='lat' dir='ltr'><strong>Deo</strong></span> <span class='ocrx_word' id='word_1_756' title='bbox 2135 4628 2596 4677; x_wconf 89' lang='lat' dir='ltr'><strong>consecratarum.</strong></span> 
     </span>
    </p>
   </div>
   <div class='ocr_carea' id='block_1_98' title="bbox 105 4712 2619 4799">
    <p class='ocr_par' dir='ltr' id='par_1_98' title="bbox 105 4712 2619 4799">
     <span class='ocr_line' id='line_1_98' title="bbox 105 4712 2619 4799; baseline 0 -34"><span class='ocrx_word' id='word_1_757' title='bbox 105 4712 326 4786; x_wconf 70' lang='grc' dir='ltr'>ἀπόνιψιν</span> <span class='ocrx_word' id='word_1_758' title='bbox 366 4720 564 4792; x_wconf 85' lang='grc' dir='ltr'>χειρῶν</span> <span class='ocrx_word' id='word_1_759' title='bbox 602 4723 714 4785; x_wconf 86' lang='grc' dir='ltr'>τοῖς</span> <span class='ocrx_word' id='word_1_760' title='bbox 764 4719 966 4792; x_wconf 81' lang='grc' dir='ltr'>ἱερεῦσι</span> <span class='ocrx_word' id='word_1_761' title='bbox 1006 4720 1138 4792; x_wconf 70' lang='grc'><strong>(54),</strong></span> <span class='ocrx_word' id='word_1_762' title='bbox 1180 4721 1444 4794; x_wconf 83' lang='grc' dir='ltr'>σύμϐολον</span> <span class='ocrx_word' id='word_1_763' title='bbox 1477 4726 1839 4799; x_wconf 78' lang='grc' dir='ltr'>καθαρότητος</span> <span class='ocrx_word' id='word_1_764' title='bbox 1870 4717 2057 4792; x_wconf 69' lang='grc' dir='ltr'>ψυχῶν</span> <span class='ocrx_word' id='word_1_765' title='bbox 2084 4716 2202 4788; x_wconf 82' lang='grc' dir='ltr'><strong>Θεῷ</strong></span> <span class='ocrx_word' id='word_1_766' title='bbox 2232 4713 2619 4784; x_wconf 85' lang='grc' dir='ltr'>ἀνακειμένων.</span> 
     </span>
    </p>
   </div>
   <div class='ocr_carea' id='block_1_99' title="bbox 166 4880 1235 4949">
    <p class='ocr_par' dir='ltr' id='par_1_99' title="bbox 166 4880 1235 4949">
     <span class='ocr_line' id='line_1_99' title="bbox 166 4880 1235 4949; baseline 0.003 -13"><span class='ocrx_word' id='word_1_767' title='bbox 166 4880 206 4909; x_wconf 75' lang='grc'>⁷³</span> <span class='ocrx_word' id='word_1_768' title='bbox 240 4880 389 4938; x_wconf 82' lang='lat' dir='ltr'><strong>Joan.</strong></span> <span class='ocrx_word' id='word_1_769' title='bbox 423 4900 479 4949; x_wconf 71' lang='grc' dir='ltr'><strong>χ,</strong></span> <span class='ocrx_word' id='word_1_770' title='bbox 508 4884 598 4939; x_wconf 75' lang='lat'><strong>29.</strong></span> <span class='ocrx_word' id='word_1_771' title='bbox 701 4884 745 4916; x_wconf 82' lang='grc' dir='ltr'><strong>⁸ο</strong></span> <span class='ocrx_word' id='word_1_772' title='bbox 786 4883 948 4939; x_wconf 82' lang='lat' dir='ltr'><strong>Joan.</strong></span> <span class='ocrx_word' id='word_1_773' title='bbox 984 4902 1118 4949; x_wconf 80' lang='lat' dir='ltr'><strong>xvu,</strong></span> <span class='ocrx_word' id='word_1_774' title='bbox 1150 4886 1235 4940; x_wconf 83' lang='lat' dir='ltr'><strong>I7.</strong></span> 
     </span>
    </p>
   </div>
   <div class='ocr_carea' id='block_1_100' title="bbox 1312 4880 2323 4951">
    <p class='ocr_par' dir='ltr' id='par_1_100' title="bbox 1312 4880 2323 4951">
     <span class='ocr_line' id='line_1_100' title="bbox 1312 4880 2323 4951; baseline -0.011 -9"><span class='ocrx_word' id='word_1_775' title='bbox 1312 4888 1355 4918; x_wconf 79' lang='grc'><strong>⁸¹</strong></span> <span class='ocrx_word' id='word_1_776' title='bbox 1393 4887 1538 4945; x_wconf 87' lang='lat' dir='ltr'><strong>Psal.</strong></span> <span class='ocrx_word' id='word_1_777' title='bbox 1571 4906 1727 4951; x_wconf 77' lang='lat' dir='ltr'><strong>um,</strong></span> <span class='ocrx_word' id='word_1_778' title='bbox 1757 4889 1814 4943; x_wconf 74' lang='lat'><strong>2.</strong></span> <span class='ocrx_word' id='word_1_779' title='bbox 1876 4884 1931 4916; x_wconf 79' lang='grc'><strong>’⁸⁸</strong></span> <span class='ocrx_word' id='word_1_780' title='bbox 1971 4883 2114 4938; x_wconf 85' lang='lat' dir='ltr'><strong>Psal.</strong></span> <span class='ocrx_word' id='word_1_781' title='bbox 2152 4896 2240 4944; x_wconf 80' lang='lat' dir='ltr'><strong>xc,</strong></span> <span class='ocrx_word' id='word_1_782' title='bbox 2270 4880 2323 4934; x_wconf 83' lang='lat'><strong>5.</strong></span> 
     </span>
    </p>
   </div>
   <div class='ocr_carea' id='block_1_101' title="bbox 1377 5044 2011 5108">
    <p class='ocr_par' dir='ltr' id='par_1_101' title="bbox 1377 5044 2011 5108">
     <span class='ocr_line' id='line_1_101' title="bbox 1377 5044 2011 5108; baseline -0.005 -4"><span class='ocrx_word' id='word_1_783' title='bbox 1377 5049 1681 5108; x_wconf 77' lang='lat' dir='ltr'><strong>VARIORU</strong></span> <span class='ocrx_word' id='word_1_784' title='bbox 1692 5051 1737 5106; x_wconf 82' lang='grc' dir='ltr'><strong>Μ</strong></span> <span class='ocrx_word' id='word_1_785' title='bbox 1777 5044 2011 5105; x_wconf 64' lang='lat' dir='ltr'><strong>NOTAE.</strong></span> 
     </span>
    </p>
   </div>
   <div class='ocr_carea' id='block_1_102' title="bbox 106 5182 1635 5311">
    <p class='ocr_par' dir='ltr' id='par_1_102' title="bbox 106 5182 1635 5311">
     <span class='ocr_line' id='line_1_102' title="bbox 106 5182 1635 5311; baseline 0.001 -69"><span class='ocrx_word' id='word_1_786' title='bbox 106 5182 262 5303; x_wconf 66' lang='grc' dir='ltr'><strong>ὲκ(50)</strong></span> <span class='ocrx_word' id='word_1_787' title='bbox 308 5186 725 5311; x_wconf 56' lang='grc' dir='ltr'><strong>Ἐξητόὲασας.</strong></span> <span class='ocrx_word' id='word_1_788' title='bbox 758 5183 917 5241; x_wconf 88' lang='lat' dir='ltr'><strong>Vind.</strong></span> <span class='ocrx_word' id='word_1_789' title='bbox 968 5186 1224 5243; x_wconf 88' lang='lat' dir='ltr'><strong>codices:</strong></span> <span class='ocrx_word' id='word_1_790' title='bbox 1288 5187 1384 5241; x_wconf 89' lang='grc' dir='ltr'>Ὃν</span> <span class='ocrx_word' id='word_1_791' title='bbox 1410 5188 1635 5255; x_wconf 78' lang='grc' dir='ltr'>ἐξελέξω</span> 
     </span>
     <span class='ocr_line' id='line_1_103' title="bbox 186 5257 660 5311; baseline 0 0"><span class='ocrx_word' id='word_1_792' title='bbox 186 5257 458 5311; x_wconf 78' lang='grc' dir='ltr'>μυριάδων.</span> <span class='ocrx_word' id='word_1_793' title='bbox 540 5272 660 5311; x_wconf 75' lang='lat' dir='ltr'><strong>LER.</strong></span> 
     </span>
    </p>
   </div>
   <div class='ocr_carea' id='block_1_103' title="bbox 163 5272 1636 5409">
    <p class='ocr_par' dir='ltr' id='par_1_103' title="bbox 163 5272 1636 5409">
     <span class='ocr_line' id='line_1_104' title="bbox 182 5272 660 5377; baseline 0.015 -72"><span class='ocrx_word' id='word_1_794' title='bbox 182 5272 458 5377; x_wconf 54' lang='lat' dir='ltr'><strong>guptaomv.</strong></span> <span class='ocrx_word' id='word_1_795' title='bbox 495 5272 660 5312; x_wconf 66' lang='lat' dir='ltr'><strong>mea.</strong></span> 
     </span>
     <span class='ocr_line' id='line_1_105' title="bbox 163 5322 1636 5409; baseline 0.006 -32"><span class='ocrx_word' id='word_1_796' title='bbox 163 5322 179 5408; x_wconf 72' lang='lat'><strong>_(</strong></span> <span class='ocrx_word' id='word_1_797' title='bbox 216 5324 261 5395; x_wconf 85' lang='lat' dir='ltr'><strong>I)</strong></span> <span class='ocrx_word' id='word_1_798' title='bbox 300 5327 582 5409; x_wconf 69' lang='grc' dir='ltr'>Φραγμός,</span> <span class='ocrx_word' id='word_1_799' title='bbox 617 5326 931 5409; x_wconf 51' lang='lat' dir='ltr'><strong>gagatem.</strong></span> <span class='ocrx_word' id='word_1_800' title='bbox 963 5325 1108 5383; x_wconf 85' lang='lat' dir='ltr'><strong>Idem</strong></span> <span class='ocrx_word' id='word_1_801' title='bbox 1140 5348 1153 5382; x_wconf 90' lang='lat'><strong>:</strong></span> <span class='ocrx_word' id='word_1_802' title='bbox 1189 5326 1440 5399; x_wconf 82' lang='grc' dir='ltr'>φραγμὸς</span> <span class='ocrx_word' id='word_1_803' title='bbox 1461 5331 1636 5402; x_wconf 81' lang='grc' dir='ltr'>ἀσφα-</span> 
     </span>
    </p>
   </div>
   <div class='ocr_carea' id='block_1_104' title="bbox 104 5386 877 5463">
    <p class='ocr_par' dir='ltr' id='par_1_104' title="bbox 104 5386 877 5463">
     <span class='ocr_line' id='line_1_106' title="bbox 104 5386 877 5463; baseline 0.014 -22"><span class='ocrx_word' id='word_1_804' title='bbox 104 5386 436 5463; x_wconf 63' lang='grc' dir='ltr'>λείαςξραῖνὶεέ</span> <span class='ocrx_word' id='word_1_805' title='bbox 449 5386 776 5451; x_wconf 64' lang='lat' dir='ltr'><strong>&#39;sec&#39;arizaits.</strong></span> <span class='ocrx_word' id='word_1_806' title='bbox 805 5396 877 5452; x_wconf 80' lang='lat' dir='ltr'><strong>In.</strong></span> 
     </span>
    </p>
   </div>
   <div class='ocr_carea' id='block_1_105' title="bbox 166 5460 1635 5533">
    <p class='ocr_par' dir='ltr' id='par_1_105' title="bbox 166 5460 1635 5533">
     <span class='ocr_line' id='line_1_107' title="bbox 166 5460 1635 5533; baseline -0.004 -9"><span class='ocrx_word' id='word_1_807' title='bbox 166 5460 273 5533; x_wconf 63' lang='grc'><strong>(52)</strong></span> <span class='ocrx_word' id='word_1_808' title='bbox 314 5467 805 5528; x_wconf 70' lang='grc' dir='ltr'>Ἀσπαζὲσθωσιιν</span> <span class='ocrx_word' id='word_1_809' title='bbox 853 5470 908 5521; x_wconf 80' lang='grc' dir='ltr'>οὶ</span> <span class='ocrx_word' id='word_1_810' title='bbox 953 5467 1057 5521; x_wconf 86' lang='grc' dir='ltr'><strong>τοῦ</strong></span> <span class='ocrx_word' id='word_1_811' title='bbox 1102 5466 1328 5533; x_wconf 73' lang='grc' dir='ltr'>κλήρου</span> <span class='ocrx_word' id='word_1_812' title='bbox 1376 5463 1483 5519; x_wconf 78' lang='grc' dir='ltr'><strong>τὸν</strong></span> <span class='ocrx_word' id='word_1_813' title='bbox 1508 5464 1635 5518; x_wconf 83' lang='grc' dir='ltr'><strong>ἑπι-</strong></span> 
     </span>
    </p>
   </div>
   <div class='ocr_carea' id='block_1_106' title="bbox 105 5534 1632 5607">
    <p class='ocr_par' dir='ltr' id='par_1_106' title="bbox 105 5534 1632 5607">
     <span class='ocr_line' id='line_1_108' title="bbox 105 5534 1632 5607; baseline 0 -18"><span class='ocrx_word' id='word_1_814' title='bbox 105 5544 326 5607; x_wconf 47' lang='lat' dir='ltr'><strong>quam.</strong></span> <span class='ocrx_word' id='word_1_815' title='bbox 378 5537 601 5592; x_wconf 85' lang='lat' dir='ltr'><strong>Canone</strong></span> <span class='ocrx_word' id='word_1_816' title='bbox 657 5536 964 5593; x_wconf 83' lang='lat' dir='ltr'><strong>Laodiceno</strong></span> <span class='ocrx_word' id='word_1_817' title='bbox 1016 5537 1132 5592; x_wconf 86' lang='lat' dir='ltr'><strong>I9:</strong></span> <span class='ocrx_word' id='word_1_818' title='bbox 1183 5534 1283 5607; x_wconf 65' lang='grc' dir='ltr'>εἰθῖ</span> <span class='ocrx_word' id='word_1_819' title='bbox 1325 5534 1632 5607; x_wconf 39' lang='grc' dir='ltr'>οὔτως-τὴν</span> 
     </span>
    </p>
   </div>
   <div class='ocr_carea' id='block_1_107' title="bbox 100 5602 1631 5695">
    <p class='ocr_par' dir='ltr' id='par_1_107' title="bbox 100 5602 1631 5695">
     <span class='ocr_line' id='line_1_109' title="bbox 100 5602 1631 5695; baseline 0 0"><span class='ocrx_word' id='word_1_820' title='bbox 100 5602 574 5695; x_wconf 37' lang='lat' dir='ltr'><strong>trimam“:</strong></span> <span class='ocrx_word' id='word_1_821' title='bbox 607 5607 717 5695; x_wconf 54' lang='grc' dir='ltr'><strong>καὶ.</strong></span> <span class='ocrx_word' id='word_1_822' title='bbox 735 5608 869 5695; x_wconf 59' lang='grc' dir='ltr'>μετά</span> <span class='ocrx_word' id='word_1_823' title='bbox 919 5607 983 5695; x_wconf 43' lang='lat' dir='ltr'><strong>ab,</strong></span> <span class='ocrx_word' id='word_1_824' title='bbox 1002 5604 1418 5695; x_wconf 59' lang='grc' dir='ltr'><strong>,σξρεξτξυτέροθς</strong></span> <span class='ocrx_word' id='word_1_825' title='bbox 1447 5602 1631 5695; x_wconf 45' lang='lat' dir='ltr'><strong>wn</strong></span> 
     </span>
    </p>
   </div>
   <div class='ocr_carea' id='block_1_108' title="bbox 106 5675 1631 5818">
    <p class='ocr_par' dir='ltr' id='par_1_108' title="bbox 106 5675 1631 5818">
     <span class='ocr_line' id='line_1_110' title="bbox 106 5675 1631 5750; baseline 0.002 -24"><span class='ocrx_word' id='word_1_826' title='bbox 106 5675 169 5739; x_wconf 80' lang='grc' dir='ltr'><strong>τῷ</strong></span> <span class='ocrx_word' id='word_1_827' title='bbox 197 5675 465 5747; x_wconf 86' lang='grc' dir='ltr'>ἐπισκόπῳ</span> <span class='ocrx_word' id='word_1_828' title='bbox 523 5679 619 5749; x_wconf 83' lang='grc' dir='ltr'>τὴν</span> <span class='ocrx_word' id='word_1_829' title='bbox 674 5675 915 5750; x_wconf 57' lang='grc' dir='ltr'>είήνην,</span> <span class='ocrx_word' id='word_1_830' title='bbox 963 5675 1083 5729; x_wconf 82' lang='grc' dir='ltr'>τότε</span> <span class='ocrx_word' id='word_1_831' title='bbox 1114 5679 1240 5741; x_wconf 64' lang='grc' dir='ltr'>τοὺς</span> <span class='ocrx_word' id='word_1_832' title='bbox 1290 5675 1507 5739; x_wconf 83' lang='grc' dir='ltr'>λαῖκοὺς</span> <span class='ocrx_word' id='word_1_833' title='bbox 1532 5676 1631 5748; x_wconf 80' lang='grc' dir='ltr'>τὴν</span> 
     </span>
     <span class='ocr_line' id='line_1_111' title="bbox 108 5696 1631 5818; baseline -0.001 -17"><span class='ocrx_word' id='word_1_834' title='bbox 108 5740 301 5814; x_wconf 64' lang='grc' dir='ltr'>εἰρήνην</span> <span class='ocrx_word' id='word_1_835' title='bbox 329 5746 543 5818; x_wconf 81' lang='grc' dir='ltr'>διδόναι,</span> <span class='ocrx_word' id='word_1_836' title='bbox 597 5696 759 5818; x_wconf 66' lang='grc' dir='ltr'>(ιιιοὲ</span> <span class='ocrx_word' id='word_1_837' title='bbox 788 5757 1123 5818; x_wconf 87' lang='lat' dir='ltr'><strong>postremum</strong></span> <span class='ocrx_word' id='word_1_838' title='bbox 1184 5744 1631 5818; x_wconf 14' lang='lat' dir='ltr'><strong>Zonarasginter-</strong></span> 
     </span>
    </p>
   </div>
   <div class='ocr_carea' id='block_1_109' title="bbox 109 5816 1628 5887">
    <p class='ocr_par' dir='ltr' id='par_1_109' title="bbox 109 5816 1628 5887">
     <span class='ocr_line' id='line_1_112' title="bbox 109 5816 1628 5887; baseline 0.002 -22"><span class='ocrx_word' id='word_1_839' title='bbox 109 5820 325 5877; x_wconf 76' lang='lat' dir='ltr'><strong>pretatur</strong></span> <span class='ocrx_word' id='word_1_840' title='bbox 350 5817 425 5871; x_wconf 82' lang='lat' dir='ltr'><strong>De</strong></span> <span class='ocrx_word' id='word_1_841' title='bbox 452 5816 770 5874; x_wconf 71' lang='lat' dir='ltr'><strong>salutatione</strong></span> <span class='ocrx_word' id='word_1_842' title='bbox 796 5816 1142 5873; x_wconf 56' lang='lat' dir='ltr'><strong>sacerdotum</strong></span> <span class='ocrx_word' id='word_1_843' title='bbox 1173 5835 1205 5871; x_wconf 84' lang='grc' dir='ltr'><strong>α</strong></span> <span class='ocrx_word' id='word_1_844' title='bbox 1237 5819 1410 5887; x_wconf 76' lang='lat' dir='ltr'><strong>Iaicis,</strong></span> <span class='ocrx_word' id='word_1_845' title='bbox 1434 5816 1628 5887; x_wconf 77' lang='lat' dir='ltr'><strong>Diony-</strong></span> 
     </span>
    </p>
   </div>
   <div class='ocr_carea' id='block_1_110' title="bbox 1742 5176 3300 5256">
    <p class='ocr_par' dir='ltr' id='par_1_110' title="bbox 1742 5176 3300 5256">
     <span class='ocr_line' id='line_1_113' title="bbox 1742 5176 3300 5256; baseline -0.008 -11"><span class='ocrx_word' id='word_1_846' title='bbox 1742 5189 1860 5245; x_wconf 91' lang='lat' dir='ltr'><strong>sius</strong></span> <span class='ocrx_word' id='word_1_847' title='bbox 1921 5186 2163 5256; x_wconf 78' lang='lat' dir='ltr'><strong>Exiguus</strong></span> <span class='ocrx_word' id='word_1_848' title='bbox 2224 5180 2302 5238; x_wconf 83' lang='lat' dir='ltr'><strong>De</strong></span> <span class='ocrx_word' id='word_1_849' title='bbox 2343 5180 2973 5256; x_wconf 44' lang='lat' dir='ltr'><strong>salutationelalcorun}</strong></span> <span class='ocrx_word' id='word_1_850' title='bbox 3028 5176 3162 5231; x_wconf 73' lang='lat' dir='ltr'><strong>inter</strong></span> <span class='ocrx_word' id='word_1_851' title='bbox 3211 5194 3300 5241; x_wconf 72' lang='lat' dir='ltr'><strong>se;</strong></span> 
     </span>
    </p>
   </div>
   <div class='ocr_carea' id='block_1_111' title="bbox 1743 5249 3299 5328">
    <p class='ocr_par' dir='ltr' id='par_1_111' title="bbox 1743 5249 3299 5328">
     <span class='ocr_line' id='line_1_114' title="bbox 1743 5249 3299 5328; baseline -0.005 -15"><span class='ocrx_word' id='word_1_852' title='bbox 1743 5249 2050 5328; x_wconf 41' lang='lat' dir='ltr'><strong>utrumque.</strong></span> <span class='ocrx_word' id='word_1_853' title='bbox 2100 5262 2280 5308; x_wconf 89' lang='lat' dir='ltr'><strong>autem</strong></span> <span class='ocrx_word' id='word_1_854' title='bbox 2355 5252 2557 5306; x_wconf 85' lang='lat' dir='ltr'><strong>factum</strong></span> <span class='ocrx_word' id='word_1_855' title='bbox 2624 5250 2793 5305; x_wconf 89' lang='lat' dir='ltr'><strong>fuisse</strong></span> <span class='ocrx_word' id='word_1_856' title='bbox 2860 5249 2994 5304; x_wconf 85' lang='lat' dir='ltr'><strong>satis</strong></span> <span class='ocrx_word' id='word_1_857' title='bbox 3063 5256 3299 5305; x_wconf 83' lang='lat' dir='ltr'><strong>constat.</strong></span> 
     </span>
    </p>
   </div>
   <div class='ocr_carea' id='block_1_112' title="bbox 1739 5330 2521 5385">
    <p class='ocr_par' dir='ltr' id='par_1_112' title="bbox 1739 5330 2521 5385">
     <span class='ocr_line' id='line_1_115' title="bbox 1739 5330 2521 5385; baseline -0.006 0"><span class='ocrx_word' id='word_1_858' title='bbox 1739 5330 1876 5385; x_wconf 79' lang='lat' dir='ltr'><strong>Cor.</strong></span> <span class='ocrx_word' id='word_1_859' title='bbox 2518 5338 2521 5339; x_wconf 71' lang='lat'><strong><em>&#39;</em></strong></span> 
     </span>
    </p>
   </div>
   <div class='ocr_carea' id='block_1_113' title="bbox 1834 5389 2897 5466">
    <p class='ocr_par' dir='ltr' id='par_1_113' title="bbox 1834 5389 2897 5466">
     <span class='ocr_line' id='line_1_116' title="bbox 1834 5389 2897 5466; baseline -0.006 -13"><span class='ocrx_word' id='word_1_860' title='bbox 1834 5397 1923 5466; x_wconf 87' lang='lat'><strong>55)</strong></span> <span class='ocrx_word' id='word_1_861' title='bbox 1968 5398 2082 5461; x_wconf 79' lang='grc' dir='ltr'>Τίς.</span> <span class='ocrx_word' id='word_1_862' title='bbox 2113 5395 2270 5466; x_wconf 83' lang='lat' dir='ltr'><strong>Deest</strong></span> <span class='ocrx_word' id='word_1_863' title='bbox 2301 5393 2356 5466; x_wconf 76' lang='lat' dir='ltr'><strong>in</strong></span> <span class='ocrx_word' id='word_1_864' title='bbox 2378 5392 2511 5466; x_wconf 82' lang='lat' dir='ltr'><strong>cod.</strong></span> <span class='ocrx_word' id='word_1_865' title='bbox 2540 5390 2699 5447; x_wconf 85' lang='lat' dir='ltr'><strong>Vind.</strong></span> <span class='ocrx_word' id='word_1_866' title='bbox 2731 5389 2897 5466; x_wconf 57' lang='lat' dir='ltr'><strong>Qua.</strong></span> 
     </span>
    </p>
   </div>
   <div class='ocr_carea' id='block_1_114' title="bbox 1809 5400 3303 5541">
    <p class='ocr_par' dir='ltr' id='par_1_114' title="bbox 1809 5400 3303 5541">
     <span class='ocr_line' id='line_1_117' title="bbox 1834 5400 2897 5466; baseline -0.006 -13"><span class='ocrx_word' id='word_1_867' title='bbox 1834 5400 1923 5466; x_wconf 87' lang='lat'><strong>55)</strong></span> <span class='ocrx_word' id='word_1_868' title='bbox 1968 5400 2082 5461; x_wconf 80' lang='grc' dir='ltr'>Τίς.</span> <span class='ocrx_word' id='word_1_869' title='bbox 2113 5400 2270 5449; x_wconf 91' lang='lat' dir='ltr'><strong>Deest</strong></span> <span class='ocrx_word' id='word_1_870' title='bbox 2301 5400 2356 5447; x_wconf 89' lang='lat' dir='ltr'><strong>in</strong></span> <span class='ocrx_word' id='word_1_871' title='bbox 2387 5400 2511 5447; x_wconf 91' lang='lat' dir='ltr'><strong>cod.</strong></span> <span class='ocrx_word' id='word_1_872' title='bbox 2542 5400 2699 5447; x_wconf 79' lang='lat' dir='ltr'><strong>Vind.</strong></span> <span class='ocrx_word' id='word_1_873' title='bbox 2731 5400 2897 5447; x_wconf 66' lang='lat' dir='ltr'><strong>una.</strong></span> 
     </span>
     <span class='ocr_line' id='line_1_118' title="bbox 1809 5400 3303 5541; baseline -0.002 -21"><span class='ocrx_word' id='word_1_874' title='bbox 1809 5400 1921 5541; x_wconf 34' lang='grc' dir='ltr'>ἰδέ)</span> <span class='ocrx_word' id='word_1_875' title='bbox 1938 5469 2060 5541; x_wconf 72' lang='grc' dir='ltr'><strong>Εἷς</strong></span> <span class='ocrx_word' id='word_1_876' title='bbox 2082 5464 2149 5518; x_wconf 81' lang='grc' dir='ltr'>δὲ</span> <span class='ocrx_word' id='word_1_877' title='bbox 2176 5462 2725 5541; x_wconf 44' lang='grc' dir='ltr'>ᾐποριάῃρνοςρρισ.</span> <span class='ocrx_word' id='word_1_878' title='bbox 2756 5460 2920 5541; x_wconf 50' lang='lat' dir='ltr'><strong>Rem.</strong></span> <span class='ocrx_word' id='word_1_879' title='bbox 2944 5460 3303 5541; x_wconf 80' lang='lat' dir='ltr'><strong>idemque_rei</strong></span> 
     </span>
    </p>
   </div>
   <div class='ocr_carea' id='block_1_115' title="bbox 1739 5532 3304 5610">
    <p class='ocr_par' dir='ltr' id='par_1_115' title="bbox 1739 5532 3304 5610">
     <span class='ocr_line' id='line_1_119' title="bbox 1739 5532 3304 5610; baseline -0.004 -16"><span class='ocrx_word' id='word_1_880' title='bbox 1739 5532 2046 5610; x_wconf 78' lang='lat' dir='ltr'><strong>symbolum</strong></span> <span class='ocrx_word' id='word_1_881' title='bbox 2081 5535 2251 5610; x_wconf 74' lang='lat' dir='ltr'><strong>tradit</strong></span> <span class='ocrx_word' id='word_1_882' title='bbox 2277 5533 2516 5610; x_wconf 70' lang='lat' dir='ltr'><strong>Cyrillus</strong></span> <span class='ocrx_word' id='word_1_883' title='bbox 2567 5532 3117 5610; x_wconf 64' lang='lat' dir='ltr'><strong>Hierosolymitanus</strong></span> <span class='ocrx_word' id='word_1_884' title='bbox 3143 5532 3304 5587; x_wconf 92' lang='lat' dir='ltr'><strong>initio</strong></span> 
     </span>
    </p>
   </div>
   <div class='ocr_carea' id='block_1_116' title="bbox 1738 5602 3301 5674">
    <p class='ocr_par' dir='ltr' id='par_1_116' title="bbox 1738 5602 3301 5674">
     <span class='ocr_line' id='line_1_120' title="bbox 1738 5602 3301 5674; baseline -0.006 -10"><span class='ocrx_word' id='word_1_885' title='bbox 1738 5602 1943 5664; x_wconf 65' lang='lat' dir='ltr'><strong>ultimae</strong></span> <span class='ocrx_word' id='word_1_886' title='bbox 1994 5602 2355 5674; x_wconf 83' lang='lat' dir='ltr'><strong>Catecbeseos</strong></span> <span class='ocrx_word' id='word_1_887' title='bbox 2410 5602 2821 5674; x_wconf 65' lang='lat' dir='ltr'><strong>Mystagogicaz;</strong></span> <span class='ocrx_word' id='word_1_888' title='bbox 2870 5602 2971 5674; x_wconf 16' lang='lat' dir='ltr'><strong>sed;</strong></span> <span class='ocrx_word' id='word_1_889' title='bbox 2990 5602 3301 5674; x_wconf 83' lang='lat' dir='ltr'><strong>ministrum</strong></span> 
     </span>
    </p>
   </div>
   <div class='ocr_carea' id='block_1_117' title="bbox 1737 5672 3301 5739">
    <p class='ocr_par' dir='ltr' id='par_1_117' title="bbox 1737 5672 3301 5739">
     <span class='ocr_line' id='line_1_121' title="bbox 1737 5672 3301 5739; baseline -0.006 -6"><span class='ocrx_word' id='word_1_890' title='bbox 1737 5679 1867 5733; x_wconf 87' lang='lat' dir='ltr'><strong>facit</strong></span> <span class='ocrx_word' id='word_1_891' title='bbox 1896 5679 2206 5733; x_wconf 87' lang='lat' dir='ltr'><strong>diaconum.</strong></span> <span class='ocrx_word' id='word_1_892' title='bbox 2238 5672 2303 5727; x_wconf 85' lang='lat' dir='ltr'><strong>Ut</strong></span> <span class='ocrx_word' id='word_1_893' title='bbox 2352 5672 2556 5737; x_wconf 67' lang='lat' dir='ltr'><strong>autem,</strong></span> <span class='ocrx_word' id='word_1_894' title='bbox 2594 5674 2670 5725; x_wconf 91' lang='lat' dir='ltr'><strong>ait</strong></span> <span class='ocrx_word' id='word_1_895' title='bbox 2698 5680 2893 5727; x_wconf 88' lang='lat' dir='ltr'><strong>auctor</strong></span> <span class='ocrx_word' id='word_1_896' title='bbox 2938 5672 3301 5739; x_wconf 63' lang='lat' dir='ltr'><strong>Quaestionum</strong></span> 
     </span>
    </p>
   </div>
   <div class='ocr_carea' id='block_1_118' title="bbox 1745 5740 3301 5825">
    <p class='ocr_par' dir='ltr' id='par_1_118' title="bbox 1745 5740 3301 5825">
     <span class='ocr_line' id='line_1_122' title="bbox 1745 5740 3301 5825; baseline -0.006 -23"><span class='ocrx_word' id='word_1_897' title='bbox 1745 5749 1940 5825; x_wconf 71' lang='lat' dir='ltr'><strong>Veteris</strong></span> <span class='ocrx_word' id='word_1_898' title='bbox 1966 5756 2016 5802; x_wconf 80' lang='lat' dir='ltr'><strong>et</strong></span> <span class='ocrx_word' id='word_1_899' title='bbox 2043 5745 2177 5825; x_wconf 68' lang='lat' dir='ltr'><strong>Novi</strong></span> <span class='ocrx_word' id='word_1_900' title='bbox 2208 5744 2541 5825; x_wconf 46' lang='lat' dir='ltr'><strong>Testamenta</strong></span> <span class='ocrx_word' id='word_1_901' title='bbox 2566 5751 2699 5797; x_wconf 87' lang='lat' dir='ltr'><strong>tom.</strong></span> <span class='ocrx_word' id='word_1_902' title='bbox 2734 5741 2793 5825; x_wconf 75' lang='lat' dir='ltr'><strong>IV</strong></span> <span class='ocrx_word' id='word_1_903' title='bbox 2839 5740 3085 5825; x_wconf 41' lang='lat' dir='ltr'><strong>Operum.</strong></span> <span class='ocrx_word' id='word_1_904' title='bbox 3105 5741 3161 5813; x_wconf 86' lang='lat' dir='ltr'><strong>S.</strong></span> <span class='ocrx_word' id='word_1_905' title='bbox 3187 5741 3301 5825; x_wconf 49' lang='lat' dir='ltr'><strong>.Auo</strong></span> 
     </span>
    </p>
   </div>
   <div class='ocr_carea' id='block_1_119' title="bbox 1738 5810 3299 5889">
    <p class='ocr_par' dir='ltr' id='par_1_119' title="bbox 1738 5810 3299 5889">
     <span class='ocr_line' id='line_1_123' title="bbox 1738 5810 3299 5889; baseline -0.005 -16"><span class='ocrx_word' id='word_1_906' title='bbox 1738 5820 1962 5889; x_wconf 84' lang='lat' dir='ltr'><strong>gustini,</strong></span> <span class='ocrx_word' id='word_1_907' title='bbox 1988 5817 2283 5887; x_wconf 74' lang='lat' dir='ltr'><strong>quaestione</strong></span> <span class='ocrx_word' id='word_1_908' title='bbox 2312 5816 2401 5871; x_wconf 85' lang='lat' dir='ltr'><strong>IOI</strong></span> <span class='ocrx_word' id='word_1_909' title='bbox 2427 5857 2440 5882; x_wconf 92' lang='lat'><strong>,</strong></span> <span class='ocrx_word' id='word_1_910' title='bbox 2477 5832 2575 5869; x_wconf 86' lang='lat' dir='ltr'><strong>non</strong></span> <span class='ocrx_word' id='word_1_911' title='bbox 2607 5814 2782 5868; x_wconf 81' lang='lat' dir='ltr'><strong>omnia</strong></span> <span class='ocrx_word' id='word_1_912' title='bbox 2828 5810 3119 5868; x_wconf 72' lang='lat' dir='ltr'><strong>ministeria</strong></span> <span class='ocrx_word' id='word_1_913' title='bbox 3138 5810 3299 5865; x_wconf 71' lang='lat' dir='ltr'><strong>ebu-</strong></span> 
     </span>
    </p>
   </div>
  </div>
