  <div class='ocr_page' id='page_1' title='image "/cluster/home/n/w/nwhite01/storage/ocr_20150623/1 (St. Clemens; pt. 1)/nyp.33433019854052/558.png"; bbox 0 0 3812 6402; ppageno 0'>
   <div class='ocr_carea' id='block_1_1' title="bbox 126 321 273 375">
    <p class='ocr_par' dir='ltr' id='par_1_1' title="bbox 126 321 273 375">
     <span class='ocr_line' id='line_1_1' title="bbox 126 321 273 375; baseline 0.007 -1"><span class='ocrx_word' id='word_1_1' title='bbox 126 321 273 375; x_wconf 69' lang='grc'><strong>1007</strong></span> 
     </span>
    </p>
   </div>
   <div class='ocr_carea' id='block_1_2' title="bbox 989 322 2543 397">
    <p class='ocr_par' dir='ltr' id='par_1_2' title="bbox 989 322 2543 397">
     <span class='ocr_line' id='line_1_2' title="bbox 989 322 2543 397; baseline 0.008 -13"><span class='ocrx_word' id='word_1_2' title='bbox 989 322 1585 385; x_wconf 65' lang='grc' dir='ltr'><strong>ΕΟΝΞΤΙΤΕΤΙΟΝΕΞ</strong></span> <span class='ocrx_word' id='word_1_3' title='bbox 1631 324 2104 389; x_wconf 55' lang='grc' dir='ltr'>θρυδτοιιελιῑ.</span> <span class='ocrx_word' id='word_1_4' title='bbox 2140 367 2209 377; x_wconf 83' lang='grc'><strong>-</strong></span> <span class='ocrx_word' id='word_1_5' title='bbox 2244 337 2369 393; x_wconf 84' lang='lat' dir='ltr'><strong>LIB.</strong></span> <span class='ocrx_word' id='word_1_6' title='bbox 2408 340 2543 397; x_wconf 76' lang='lat' dir='ltr'><strong>Vill.</strong></span> 
     </span>
    </p>
   </div>
   <div class='ocr_carea' id='block_1_3' title="bbox 3256 350 3391 405">
    <p class='ocr_par' dir='ltr' id='par_1_3' title="bbox 3256 350 3391 405">
     <span class='ocr_line' id='line_1_3' title="bbox 3256 350 3391 405; baseline 0.007 -1"><span class='ocrx_word' id='word_1_7' title='bbox 3256 351 3276 404; x_wconf 78' lang='grc'><strong>1</strong></span> <span class='ocrx_word' id='word_1_8' title='bbox 3290 350 3391 405; x_wconf 77' lang='lat'><strong>098</strong></span> 
     </span>
    </p>
   </div>
   <div class='ocr_carea' id='block_1_4' title="bbox 122 433 1706 530">
    <p class='ocr_par' dir='ltr' id='par_1_4' title="bbox 122 433 1706 514">
     <span class='ocr_line' id='line_1_4' title="bbox 122 433 1706 514; baseline 0.006 -28"><span class='ocrx_word' id='word_1_9' title='bbox 122 435 258 487; x_wconf 72' lang='grc' dir='ltr'>ποτὲ</span> <span class='ocrx_word' id='word_1_10' title='bbox 290 433 354 488; x_wconf 72' lang='grc' dir='ltr'>δὲ</span> <span class='ocrx_word' id='word_1_11' title='bbox 384 435 708 509; x_wconf 87' lang='grc' dir='ltr'>στρωννύων</span> <span class='ocrx_word' id='word_1_12' title='bbox 748 438 918 513; x_wconf 80' lang='grc' dir='ltr'>αὐτὴν</span> <span class='ocrx_word' id='word_1_13' title='bbox 947 443 1025 506; x_wconf 85' lang='grc' dir='ltr'><strong>είς</strong></span> <span class='ocrx_word' id='word_1_14' title='bbox 1059 442 1170 514; x_wconf 79' lang='grc'><strong>(51)</strong></span> <span class='ocrx_word' id='word_1_15' title='bbox 1200 444 1397 510; x_wconf 78' lang='grc' dir='ltr'><strong>πεδίον,</strong></span> <span class='ocrx_word' id='word_1_16' title='bbox 1455 446 1551 498; x_wconf 85' lang='grc' dir='ltr'>καί</span> <span class='ocrx_word' id='word_1_17' title='bbox 1590 443 1706 496; x_wconf 85' lang='grc' dir='ltr'>ποτέ</span> 
     </span>
    </p>
   </div>
   <div class='ocr_carea' id='block_1_5' title="bbox 1791 433 3391 530">
    <p class='ocr_par' dir='ltr' id='par_1_5' title="bbox 1791 448 3391 530">
     <span class='ocr_line' id='line_1_5' title="bbox 1791 448 3391 530; baseline 0.009 -27"><span class='ocrx_word' id='word_1_18' title='bbox 1791 495 1796 503; x_wconf 94' lang='grc'><strong>.</strong></span> <span class='ocrx_word' id='word_1_19' title='bbox 1825 460 1945 501; x_wconf 88' lang='lat' dir='ltr'><strong>sum</strong></span> <span class='ocrx_word' id='word_1_20' title='bbox 1976 448 2307 511; x_wconf 73' lang='lat' dir='ltr'><strong>facientibus</strong></span> <span class='ocrx_word' id='word_1_21' title='bbox 2334 456 2406 512; x_wconf 90' lang='lat' dir='ltr'><strong>sit</strong></span> <span class='ocrx_word' id='word_1_22' title='bbox 2432 457 2501 512; x_wconf 90' lang='lat' dir='ltr'><strong>ad</strong></span> <span class='ocrx_word' id='word_1_23' title='bbox 2530 457 2933 530; x_wconf 77' lang='lat' dir='ltr'><strong>navigationem</strong></span> <span class='ocrx_word' id='word_1_24' title='bbox 2956 460 3155 524; x_wconf 83' lang='lat' dir='ltr'><strong>facilis.</strong></span> <span class='ocrx_word' id='word_1_25' title='bbox 3208 464 3262 518; x_wconf 91' lang='lat' dir='ltr'><strong>in</strong></span> <span class='ocrx_word' id='word_1_26' title='bbox 3313 464 3391 518; x_wconf 84' lang='lat' dir='ltr'><strong>le-</strong></span> 
     </span>
    </p>
   </div>
   <div class='ocr_carea' id='block_1_6' title="bbox 125 530 1723 613">
    <p class='ocr_par' dir='ltr' id='par_1_6' title="bbox 125 530 1723 613">
     <span class='ocr_line' id='line_1_6' title="bbox 125 530 1723 613; baseline 0.007 -32"><span class='ocrx_word' id='word_1_27' title='bbox 125 530 233 600; x_wconf 72' lang='grc' dir='ltr'><strong>μὲν</strong></span> <span class='ocrx_word' id='word_1_28' title='bbox 271 531 553 601; x_wconf 77' lang='grc' dir='ltr'>ὲκμαίνων</span> <span class='ocrx_word' id='word_1_29' title='bbox 582 533 830 604; x_wconf 82' lang='grc' dir='ltr'>χειμῶνι,</span> <span class='ocrx_word' id='word_1_30' title='bbox 868 535 997 588; x_wconf 80' lang='grc' dir='ltr'>ποτὲ</span> <span class='ocrx_word' id='word_1_31' title='bbox 1018 535 1075 589; x_wconf 82' lang='grc' dir='ltr'>δὲ</span> <span class='ocrx_word' id='word_1_32' title='bbox 1103 538 1358 608; x_wconf 74' lang='grc' dir='ltr'>πραΰνων</span> <span class='ocrx_word' id='word_1_33' title='bbox 1391 538 1619 613; x_wconf 84' lang='grc' dir='ltr'>γαλήνῃ,</span> <span class='ocrx_word' id='word_1_34' title='bbox 1647 542 1723 603; x_wconf 86' lang='grc' dir='ltr'>ὼς</span> 
     </span>
    </p>
   </div>
   <div class='ocr_carea' id='block_1_7' title="bbox 122 622 1721 702">
    <p class='ocr_par' dir='ltr' id='par_1_7' title="bbox 122 622 1721 702">
     <span class='ocr_line' id='line_1_7' title="bbox 122 622 1721 702; baseline 0.008 -29"><span class='ocrx_word' id='word_1_35' title='bbox 122 622 489 694; x_wconf 68' lang='grc' dir='ltr'><strong>ναυσιπόροις</strong></span> <span class='ocrx_word' id='word_1_36' title='bbox 527 625 839 696; x_wconf 65' lang='grc' dir='ltr'>πλωτῆρσιν</span> <span class='ocrx_word' id='word_1_37' title='bbox 879 625 1099 681; x_wconf 79' lang='grc' dir='ltr'>εὔκολον</span> <span class='ocrx_word' id='word_1_38' title='bbox 1132 623 1270 681; x_wconf 71' lang='grc' dir='ltr'>εἶναι</span> <span class='ocrx_word' id='word_1_39' title='bbox 1303 629 1441 700; x_wconf 82' lang='grc' dir='ltr'>πρὸς</span> <span class='ocrx_word' id='word_1_40' title='bbox 1474 631 1721 702; x_wconf 77' lang='grc' dir='ltr'><strong>πορείαν⁸</strong></span> 
     </span>
    </p>
   </div>
   <div class='ocr_carea' id='block_1_8' title="bbox 117 713 1721 792">
    <p class='ocr_par' dir='ltr' id='par_1_8' title="bbox 117 713 1721 792">
     <span class='ocr_line' id='line_1_8' title="bbox 117 713 1721 792; baseline 0.006 -27"><span class='ocrx_word' id='word_1_41' title='bbox 117 713 149 765; x_wconf 82' lang='grc' dir='ltr'>ὁ</span> <span class='ocrx_word' id='word_1_42' title='bbox 190 718 469 785; x_wconf 81' lang='grc' dir='ltr'>ποταμοῖς</span> <span class='ocrx_word' id='word_1_43' title='bbox 509 715 775 781; x_wconf 78' lang='grc' dir='ltr'><strong>διαζώσας</strong></span> <span class='ocrx_word' id='word_1_44' title='bbox 812 718 903 771; x_wconf 82' lang='grc' dir='ltr'>τὸν</span> <span class='ocrx_word' id='word_1_45' title='bbox 952 719 1060 772; x_wconf 83' lang='grc' dir='ltr'><strong>ἀπὸ</strong></span> <span class='ocrx_word' id='word_1_46' title='bbox 1100 719 1193 772; x_wconf 90' lang='grc' dir='ltr'><strong>σοῦ</strong></span> <span class='ocrx_word' id='word_1_47' title='bbox 1230 719 1319 774; x_wconf 79' lang='grc' dir='ltr'><strong>διὰ</strong></span> <span class='ocrx_word' id='word_1_48' title='bbox 1356 722 1590 792; x_wconf 84' lang='grc' dir='ltr'>Χριστοῦ</span> <span class='ocrx_word' id='word_1_49' title='bbox 1629 739 1721 791; x_wconf 87' lang='grc' dir='ltr'>γε-</span> 
     </span>
    </p>
   </div>
   <div class='ocr_carea' id='block_1_9' title="bbox 117 805 1718 883">
    <p class='ocr_par' dir='ltr' id='par_1_9' title="bbox 117 805 1718 883">
     <span class='ocr_line' id='line_1_9' title="bbox 117 805 1718 883; baseline 0.007 -26"><span class='ocrx_word' id='word_1_50' title='bbox 117 805 356 875; x_wconf 82' lang='grc' dir='ltr'>νόμενον</span> <span class='ocrx_word' id='word_1_51' title='bbox 410 808 653 879; x_wconf 81' lang='grc' dir='ltr'><strong>κόσμον,</strong></span> <span class='ocrx_word' id='word_1_52' title='bbox 710 810 803 862; x_wconf 74' lang='grc' dir='ltr'><strong>καὶ</strong></span> <span class='ocrx_word' id='word_1_53' title='bbox 857 808 1181 883; x_wconf 73' lang='grc' dir='ltr'><strong>χειμάρροις</strong></span> <span class='ocrx_word' id='word_1_54' title='bbox 1231 812 1565 878; x_wconf 76' lang='grc' dir='ltr'>ἐπικλύσας,</span> <span class='ocrx_word' id='word_1_55' title='bbox 1624 817 1718 868; x_wconf 70' lang='grc' dir='ltr'><strong>καὶ</strong></span> 
     </span>
    </p>
   </div>
   <div class='ocr_carea' id='block_1_10' title="bbox 118 896 1714 974">
    <p class='ocr_par' dir='ltr' id='par_1_10' title="bbox 118 896 1714 974">
     <span class='ocr_line' id='line_1_10' title="bbox 118 896 1714 974; baseline 0.008 -28"><span class='ocrx_word' id='word_1_56' title='bbox 118 898 339 963; x_wconf 81' lang='grc' dir='ltr'><strong>πηγαῖς</strong></span> <span class='ocrx_word' id='word_1_57' title='bbox 368 896 615 960; x_wconf 77' lang='grc' dir='ltr'><strong>ἀεννάοις</strong></span> <span class='ocrx_word' id='word_1_58' title='bbox 648 898 907 969; x_wconf 82' lang='grc' dir='ltr'><strong>μεθύσας,</strong></span> <span class='ocrx_word' id='word_1_59' title='bbox 934 900 1084 972; x_wconf 66' lang='grc' dir='ltr'>ὄρεσι</span> <span class='ocrx_word' id='word_1_60' title='bbox 1130 902 1188 955; x_wconf 80' lang='grc' dir='ltr'>δὲ</span> <span class='ocrx_word' id='word_1_61' title='bbox 1244 904 1606 974; x_wconf 70' lang='grc' dir='ltr'>περισφίγξας</span> <span class='ocrx_word' id='word_1_62' title='bbox 1634 910 1714 970; x_wconf 85' lang='grc' dir='ltr'><strong>είς</strong></span> 
     </span>
    </p>
   </div>
   <div class='ocr_carea' id='block_1_11' title="bbox 116 989 1713 1077">
    <p class='ocr_par' dir='ltr' id='par_1_11' title="bbox 116 989 1713 1077">
     <span class='ocr_line' id='line_1_11' title="bbox 116 989 1713 1077; baseline 0.009 -36"><span class='ocrx_word' id='word_1_63' title='bbox 116 989 288 1058; x_wconf 80' lang='grc' dir='ltr'>ἕδραν</span> <span class='ocrx_word' id='word_1_64' title='bbox 324 992 539 1064; x_wconf 87' lang='grc' dir='ltr'>ἀτρεμῆ</span> <span class='ocrx_word' id='word_1_65' title='bbox 595 993 701 1064; x_wconf 83' lang='grc' dir='ltr'>γῆς</span> <span class='ocrx_word' id='word_1_66' title='bbox 728 996 1163 1068; x_wconf 78' lang='grc' dir='ltr'><strong>ἀσφαλεστάτην.</strong></span> <span class='ocrx_word' id='word_1_67' title='bbox 1207 998 1559 1072; x_wconf 78' lang='grc' dir='ltr'>Ἐπλήρωσας</span> <span class='ocrx_word' id='word_1_68' title='bbox 1603 1004 1713 1077; x_wconf 89' lang='grc' dir='ltr'><strong>γάρ</strong></span> 
     </span>
    </p>
   </div>
   <div class='ocr_carea' id='block_1_12' title="bbox 114 1086 1713 1168">
    <p class='ocr_par' dir='ltr' id='par_1_12' title="bbox 114 1086 1713 1168">
     <span class='ocr_line' id='line_1_12' title="bbox 114 1086 1713 1168; baseline 0.011 -33"><span class='ocrx_word' id='word_1_69' title='bbox 114 1101 215 1135; x_wconf 86' lang='grc' dir='ltr'><strong>σου</strong></span> <span class='ocrx_word' id='word_1_70' title='bbox 252 1086 352 1139; x_wconf 75' lang='grc' dir='ltr'><strong>τὸν</strong></span> <span class='ocrx_word' id='word_1_71' title='bbox 384 1088 613 1159; x_wconf 83' lang='grc' dir='ltr'>κόσμον,</span> <span class='ocrx_word' id='word_1_72' title='bbox 645 1090 741 1143; x_wconf 73' lang='grc' dir='ltr'><strong>καὶ</strong></span> <span class='ocrx_word' id='word_1_73' title='bbox 766 1090 1135 1166; x_wconf 81' lang='grc' dir='ltr'>διεκόσμησας</span> <span class='ocrx_word' id='word_1_74' title='bbox 1161 1095 1323 1150; x_wconf 82' lang='grc' dir='ltr'>αὑτὸν</span> <span class='ocrx_word' id='word_1_75' title='bbox 1354 1097 1604 1168; x_wconf 80' lang='grc' dir='ltr'>βοτάναις</span> <span class='ocrx_word' id='word_1_76' title='bbox 1631 1100 1713 1153; x_wconf 86' lang='grc' dir='ltr'>εύ-</span> 
     </span>
    </p>
   </div>
   <div class='ocr_carea' id='block_1_13' title="bbox 112 1178 1707 1265">
    <p class='ocr_par' dir='ltr' id='par_1_13' title="bbox 112 1178 1707 1265">
     <span class='ocr_line' id='line_1_13' title="bbox 112 1178 1707 1265; baseline 0.012 -36"><span class='ocrx_word' id='word_1_77' title='bbox 112 1178 315 1248; x_wconf 77' lang='grc' dir='ltr'>όσμοις</span> <span class='ocrx_word' id='word_1_78' title='bbox 347 1183 443 1234; x_wconf 74' lang='grc' dir='ltr'><strong>καὶ</strong></span> <span class='ocrx_word' id='word_1_79' title='bbox 473 1185 728 1255; x_wconf 70' lang='grc' dir='ltr'>ἰασίμοιςο</span> <span class='ocrx_word' id='word_1_80' title='bbox 790 1186 947 1252; x_wconf 80' lang='grc' dir='ltr'>ζώοις</span> <span class='ocrx_word' id='word_1_81' title='bbox 992 1190 1206 1256; x_wconf 83' lang='grc' dir='ltr'>πολλοῖς</span> <span class='ocrx_word' id='word_1_82' title='bbox 1262 1194 1356 1247; x_wconf 75' lang='grc' dir='ltr'><strong>καὶ</strong></span> <span class='ocrx_word' id='word_1_83' title='bbox 1411 1194 1707 1265; x_wconf 76' lang='grc' dir='ltr'>διαφόροις,</span> 
     </span>
    </p>
   </div>
   <div class='ocr_carea' id='block_1_14' title="bbox 112 1272 1705 1360">
    <p class='ocr_par' dir='ltr' id='par_1_14' title="bbox 112 1272 1705 1360">
     <span class='ocr_line' id='line_1_14' title="bbox 112 1272 1705 1360; baseline 0.012 -37"><span class='ocrx_word' id='word_1_84' title='bbox 112 1272 384 1344; x_wconf 74' lang='grc' dir='ltr'>ἀλκίμοις</span> <span class='ocrx_word' id='word_1_85' title='bbox 412 1273 508 1330; x_wconf 82' lang='grc' dir='ltr'><strong>καὶ</strong></span> <span class='ocrx_word' id='word_1_86' title='bbox 526 1278 956 1352; x_wconf 77' lang='grc' dir='ltr'>ἀσθενεστέροις,</span> <span class='ocrx_word' id='word_1_87' title='bbox 1007 1285 1291 1356; x_wconf 80' lang='grc' dir='ltr'>ὲδωδίμοις</span> <span class='ocrx_word' id='word_1_88' title='bbox 1318 1289 1413 1341; x_wconf 75' lang='grc' dir='ltr'>καὶ</span> <span class='ocrx_word' id='word_1_89' title='bbox 1441 1290 1705 1360; x_wconf 78' lang='grc' dir='ltr'>ἐνεργοῖς,</span> 
     </span>
    </p>
   </div>
   <div class='ocr_carea' id='block_1_15' title="bbox 108 1367 1709 1454">
    <p class='ocr_par' dir='ltr' id='par_1_15' title="bbox 108 1367 1709 1454">
     <span class='ocr_line' id='line_1_15' title="bbox 108 1367 1709 1454; baseline 0.012 -36"><span class='ocrx_word' id='word_1_90' title='bbox 108 1367 353 1437; x_wconf 72' lang='grc' dir='ltr'>ἡμέροις</span> <span class='ocrx_word' id='word_1_91' title='bbox 382 1372 477 1423; x_wconf 73' lang='grc' dir='ltr'>καὶ</span> <span class='ocrx_word' id='word_1_92' title='bbox 505 1372 835 1438; x_wconf 83' lang='grc' dir='ltr'>ἀτιθάσσοις⁶</span> <span class='ocrx_word' id='word_1_93' title='bbox 869 1379 1112 1449; x_wconf 79' lang='grc' dir='ltr'>ἑρπετῶν</span> <span class='ocrx_word' id='word_1_94' title='bbox 1149 1385 1453 1453; x_wconf 86' lang='grc' dir='ltr'>συριγμοῖς,</span> <span class='ocrx_word' id='word_1_95' title='bbox 1488 1384 1709 1454; x_wconf 81' lang='grc' dir='ltr'>πτηνῶν</span> 
     </span>
    </p>
   </div>
   <div class='ocr_carea' id='block_1_16' title="bbox 108 1462 1709 1546">
    <p class='ocr_par' dir='ltr' id='par_1_16' title="bbox 108 1462 1709 1546">
     <span class='ocr_line' id='line_1_16' title="bbox 108 1462 1709 1546; baseline 0.01 -34"><span class='ocrx_word' id='word_1_96' title='bbox 108 1462 386 1516; x_wconf 77' lang='grc' dir='ltr'>ποικίλων</span> <span class='ocrx_word' id='word_1_97' title='bbox 416 1465 699 1534; x_wconf 63' lang='grc' dir='ltr'>κλαγγαῖς</span> <span class='ocrx_word' id='word_1_98' title='bbox 758 1470 1020 1524; x_wconf 76' lang='grc' dir='ltr'>ἐνιαυτῶν</span> <span class='ocrx_word' id='word_1_99' title='bbox 1077 1472 1315 1536; x_wconf 84' lang='grc' dir='ltr'>κύκλοις,</span> <span class='ocrx_word' id='word_1_100' title='bbox 1382 1475 1566 1546; x_wconf 87' lang='grc' dir='ltr'>μηνῶν</span> <span class='ocrx_word' id='word_1_101' title='bbox 1612 1478 1709 1529; x_wconf 74' lang='grc' dir='ltr'>καὶ</span> 
     </span>
    </p>
   </div>
   <div class='ocr_carea' id='block_1_17' title="bbox 106 1556 1706 1641">
    <p class='ocr_par' dir='ltr' id='par_1_17' title="bbox 106 1556 1706 1641">
     <span class='ocr_line' id='line_1_17' title="bbox 106 1556 1706 1641; baseline 0.009 -34"><span class='ocrx_word' id='word_1_102' title='bbox 106 1556 347 1627; x_wconf 73' lang='grc' dir='ltr'>ἡμερῶν</span> <span class='ocrx_word' id='word_1_103' title='bbox 376 1559 650 1630; x_wconf 79' lang='grc' dir='ltr'>ἀριθμοῖς,</span> <span class='ocrx_word' id='word_1_104' title='bbox 680 1562 898 1633; x_wconf 87' lang='grc' dir='ltr'>τροπῶν</span> <span class='ocrx_word' id='word_1_105' title='bbox 941 1564 1148 1629; x_wconf 78' lang='grc' dir='ltr'>τάξεσι’</span> <span class='ocrx_word' id='word_1_106' title='bbox 1208 1566 1388 1636; x_wconf 80' lang='grc' dir='ltr'>νεφῶν</span> <span class='ocrx_word' id='word_1_107' title='bbox 1442 1568 1706 1641; x_wconf 80' lang='grc' dir='ltr'>όμὸροτό-</span> 
     </span>
    </p>
   </div>
   <div class='ocr_carea' id='block_1_18' title="bbox 107 1651 1704 1727">
    <p class='ocr_par' dir='ltr' id='par_1_18' title="bbox 107 1651 1704 1727">
     <span class='ocr_line' id='line_1_18' title="bbox 107 1651 1704 1727; baseline 0.008 -25"><span class='ocrx_word' id='word_1_108' title='bbox 107 1668 223 1702; x_wconf 84' lang='grc' dir='ltr'><strong>κων</strong></span> <span class='ocrx_word' id='word_1_109' title='bbox 254 1651 597 1724; x_wconf 82' lang='grc' dir='ltr'>διαδρομαῖς,</span> <span class='ocrx_word' id='word_1_110' title='bbox 629 1656 710 1719; x_wconf 86' lang='grc' dir='ltr'><strong>εἰς</strong></span> <span class='ocrx_word' id='word_1_111' title='bbox 738 1658 965 1727; x_wconf 83' lang='grc' dir='ltr'>καρπῶν</span> <span class='ocrx_word' id='word_1_112' title='bbox 1019 1659 1201 1727; x_wconf 74' lang='grc' dir='ltr'>γονάς,</span> <span class='ocrx_word' id='word_1_113' title='bbox 1262 1658 1357 1713; x_wconf 78' lang='grc' dir='ltr'>καὶ</span> <span class='ocrx_word' id='word_1_114' title='bbox 1400 1658 1553 1726; x_wconf 77' lang='grc' dir='ltr'>ξὼων</span> <span class='ocrx_word' id='word_1_115' title='bbox 1610 1661 1704 1715; x_wconf 73' lang='grc' dir='ltr'>σύο</span> 
     </span>
    </p>
   </div>
   <div class='ocr_carea' id='block_1_19' title="bbox 1819 540 3392 623">
    <p class='ocr_par' dir='ltr' id='par_1_19' title="bbox 1819 540 3392 623">
     <span class='ocr_line' id='line_1_19' title="bbox 1819 540 3392 623; baseline 0.01 -30"><span class='ocrx_word' id='word_1_116' title='bbox 1819 540 2043 598; x_wconf 88' lang='lat' dir='ltr'><strong>nitatem</strong></span> <span class='ocrx_word' id='word_1_117' title='bbox 2073 548 2386 605; x_wconf 76' lang='lat' dir='ltr'><strong>serenitatis</strong></span> <span class='ocrx_word' id='word_1_118' title='bbox 2416 549 2572 606; x_wconf 89' lang='lat' dir='ltr'><strong>ducis</strong></span> <span class='ocrx_word' id='word_1_119' title='bbox 2602 570 2616 606; x_wconf 90' lang='lat'><strong>:</strong></span> <span class='ocrx_word' id='word_1_120' title='bbox 2647 553 2739 623; x_wconf 87' lang='lat' dir='ltr'><strong>qui</strong></span> <span class='ocrx_word' id='word_1_121' title='bbox 2776 556 3040 610; x_wconf 86' lang='lat' dir='ltr'><strong>mundum</strong></span> <span class='ocrx_word' id='word_1_122' title='bbox 3087 564 3328 611; x_wconf 82' lang='lat' dir='ltr'><strong>creatum</strong></span> <span class='ocrx_word' id='word_1_123' title='bbox 3363 570 3392 609; x_wconf 89' lang='lat' dir='ltr'><strong>a</strong></span> 
     </span>
    </p>
   </div>
   <div class='ocr_carea' id='block_1_20' title="bbox 1820 632 3391 714">
    <p class='ocr_par' dir='ltr' id='par_1_20' title="bbox 1820 632 3391 714">
     <span class='ocr_line' id='line_1_20' title="bbox 1820 632 3391 714; baseline 0.009 -29"><span class='ocrx_word' id='word_1_124' title='bbox 1820 640 1873 687; x_wconf 89' lang='lat' dir='ltr'><strong>te</strong></span> <span class='ocrx_word' id='word_1_125' title='bbox 1897 648 1992 703; x_wconf 90' lang='lat' dir='ltr'><strong>per</strong></span> <span class='ocrx_word' id='word_1_126' title='bbox 2018 632 2321 703; x_wconf 82' lang='lat' dir='ltr'><strong>Christum,</strong></span> <span class='ocrx_word' id='word_1_127' title='bbox 2355 638 2535 696; x_wconf 84' lang='lat' dir='ltr'><strong>lluviis</strong></span> <span class='ocrx_word' id='word_1_128' title='bbox 2573 641 2819 709; x_wconf 75' lang='lat' dir='ltr'><strong>cinxisti,</strong></span> <span class='ocrx_word' id='word_1_129' title='bbox 2870 646 3212 701; x_wconf 83' lang='lat' dir='ltr'><strong>torrentibus</strong></span> <span class='ocrx_word' id='word_1_130' title='bbox 3262 660 3391 714; x_wconf 90' lang='lat' dir='ltr'><strong>pro-</strong></span> 
     </span>
    </p>
   </div>
   <div class='ocr_carea' id='block_1_21' title="bbox 1818 724 3391 805">
    <p class='ocr_par' dir='ltr' id='par_1_21' title="bbox 1818 724 3391 805">
     <span class='ocr_line' id='line_1_21' title="bbox 1818 724 3391 805; baseline 0.008 -28"><span class='ocrx_word' id='word_1_131' title='bbox 1818 724 1990 790; x_wconf 85' lang='lat' dir='ltr'><strong>luisti,</strong></span> <span class='ocrx_word' id='word_1_132' title='bbox 2020 730 2354 797; x_wconf 83' lang='lat' dir='ltr'><strong>perennibus</strong></span> <span class='ocrx_word' id='word_1_133' title='bbox 2387 729 2629 789; x_wconf 81' lang='lat' dir='ltr'><strong>fontibus</strong></span> <span class='ocrx_word' id='word_1_134' title='bbox 2660 735 2972 805; x_wconf 87' lang='lat' dir='ltr'><strong>perfudisti,</strong></span> <span class='ocrx_word' id='word_1_135' title='bbox 3000 744 3074 799; x_wconf 89' lang='lat' dir='ltr'><strong>et,</strong></span> <span class='ocrx_word' id='word_1_136' title='bbox 3119 735 3186 790; x_wconf 86' lang='lat' dir='ltr'><strong>ad</strong></span> <span class='ocrx_word' id='word_1_137' title='bbox 3230 742 3391 790; x_wconf 67' lang='lat' dir='ltr'><strong>terra:</strong></span> 
     </span>
    </p>
   </div>
   <div class='ocr_carea' id='block_1_22' title="bbox 1815 815 3390 891">
    <p class='ocr_par' dir='ltr' id='par_1_22' title="bbox 1815 815 3390 891">
     <span class='ocr_line' id='line_1_22' title="bbox 1815 815 3390 891; baseline 0.007 -23"><span class='ocrx_word' id='word_1_138' title='bbox 1815 815 2201 874; x_wconf 89' lang='lat' dir='ltr'><strong>inconcussam</strong></span> <span class='ocrx_word' id='word_1_139' title='bbox 2227 836 2290 874; x_wconf 88' lang='lat' dir='ltr'><strong>ac</strong></span> <span class='ocrx_word' id='word_1_140' title='bbox 2323 822 2691 879; x_wconf 78' lang='lat' dir='ltr'><strong>ﬁrmissimam</strong></span> <span class='ocrx_word' id='word_1_141' title='bbox 2721 825 2925 891; x_wconf 83' lang='lat' dir='ltr'><strong>sedem,</strong></span> <span class='ocrx_word' id='word_1_142' title='bbox 2959 827 3236 881; x_wconf 86' lang='lat' dir='ltr'><strong>montibus</strong></span> <span class='ocrx_word' id='word_1_143' title='bbox 3252 840 3390 879; x_wconf 89' lang='lat' dir='ltr'><strong>con-</strong></span> 
     </span>
    </p>
   </div>
   <div class='ocr_carea' id='block_1_23' title="bbox 1813 908 3388 982">
    <p class='ocr_par' dir='ltr' id='par_1_23' title="bbox 1813 908 3388 982">
     <span class='ocr_line' id='line_1_23' title="bbox 1813 908 3388 982; baseline 0.005 -21"><span class='ocrx_word' id='word_1_144' title='bbox 1813 908 2105 965; x_wconf 80' lang='lat' dir='ltr'><strong>strinxisti.</strong></span> <span class='ocrx_word' id='word_1_145' title='bbox 2130 911 2429 982; x_wconf 78' lang='lat' dir='ltr'><strong>implevisti</strong></span> <span class='ocrx_word' id='word_1_146' title='bbox 2470 917 2733 970; x_wconf 92' lang='lat' dir='ltr'><strong>mundum</strong></span> <span class='ocrx_word' id='word_1_147' title='bbox 2789 924 2942 971; x_wconf 90' lang='lat' dir='ltr'><strong>tuum</strong></span> <span class='ocrx_word' id='word_1_148' title='bbox 2992 931 3056 972; x_wconf 88' lang='lat' dir='ltr'><strong>ac</strong></span> <span class='ocrx_word' id='word_1_149' title='bbox 3108 916 3388 973; x_wconf 64' lang='lat' dir='ltr'><strong>eaornasti</strong></span> 
     </span>
    </p>
   </div>
   <div class='ocr_carea' id='block_1_24' title="bbox 1814 996 3387 1079">
    <p class='ocr_par' dir='ltr' id='par_1_24' title="bbox 1814 996 3387 1079">
     <span class='ocr_line' id='line_1_24' title="bbox 1814 996 3387 1079; baseline 0.008 -28"><span class='ocrx_word' id='word_1_150' title='bbox 1814 996 2002 1054; x_wconf 88' lang='lat' dir='ltr'><strong>herbis</strong></span> <span class='ocrx_word' id='word_1_151' title='bbox 2023 1000 2274 1057; x_wconf 91' lang='lat' dir='ltr'><strong>odoratis</strong></span> <span class='ocrx_word' id='word_1_152' title='bbox 2302 1014 2355 1059; x_wconf 92' lang='lat' dir='ltr'><strong>et</strong></span> <span class='ocrx_word' id='word_1_153' title='bbox 2390 1006 2730 1072; x_wconf 78' lang='lat' dir='ltr'><strong>salubribus;</strong></span> <span class='ocrx_word' id='word_1_154' title='bbox 2757 1009 2942 1064; x_wconf 91' lang='lat' dir='ltr'><strong>multis</strong></span> <span class='ocrx_word' id='word_1_155' title='bbox 2966 1008 3244 1079; x_wconf 89' lang='lat' dir='ltr'><strong>variisque</strong></span> <span class='ocrx_word' id='word_1_156' title='bbox 3266 1009 3387 1063; x_wconf 89' lang='lat' dir='ltr'><strong>ani-</strong></span> 
     </span>
    </p>
   </div>
   <div class='ocr_carea' id='block_1_25' title="bbox 1812 1090 3389 1165">
    <p class='ocr_par' dir='ltr' id='par_1_25' title="bbox 1812 1090 3389 1165">
     <span class='ocr_line' id='line_1_25' title="bbox 1812 1090 3389 1165; baseline 0.008 -22"><span class='ocrx_word' id='word_1_157' title='bbox 1812 1090 2112 1157; x_wconf 90' lang='lat' dir='ltr'><strong>mantibus,</strong></span> <span class='ocrx_word' id='word_1_158' title='bbox 2147 1094 2393 1153; x_wconf 88' lang='lat' dir='ltr'><strong>robustis</strong></span> <span class='ocrx_word' id='word_1_159' title='bbox 2430 1112 2495 1152; x_wconf 89' lang='lat' dir='ltr'><strong>ac</strong></span> <span class='ocrx_word' id='word_1_160' title='bbox 2539 1098 2957 1165; x_wconf 80' lang='lat' dir='ltr'><strong>inﬁrmioribus,</strong></span> <span class='ocrx_word' id='word_1_161' title='bbox 2989 1100 3291 1156; x_wconf 81' lang='lat' dir='ltr'><strong>esculentis</strong></span> <span class='ocrx_word' id='word_1_162' title='bbox 3322 1115 3389 1155; x_wconf 88' lang='lat' dir='ltr'><strong>ac</strong></span> 
     </span>
    </p>
   </div>
   <div class='ocr_carea' id='block_1_26' title="bbox 1810 1188 3384 1264">
    <p class='ocr_par' dir='ltr' id='par_1_26' title="bbox 1810 1188 3384 1264">
     <span class='ocr_line' id='line_1_26' title="bbox 1810 1188 3384 1264; baseline 0.008 -26"><span class='ocrx_word' id='word_1_163' title='bbox 1810 1188 2099 1257; x_wconf 84' lang='lat' dir='ltr'><strong>Operariis,</strong></span> <span class='ocrx_word' id='word_1_164' title='bbox 2126 1188 2402 1247; x_wconf 85' lang='lat' dir='ltr'><strong>cicuribus</strong></span> <span class='ocrx_word' id='word_1_165' title='bbox 2436 1207 2501 1246; x_wconf 89' lang='lat' dir='ltr'><strong>ac</strong></span> <span class='ocrx_word' id='word_1_166' title='bbox 2525 1192 2685 1259; x_wconf 82' lang='lat' dir='ltr'><strong>feris;</strong></span> <span class='ocrx_word' id='word_1_167' title='bbox 2716 1203 2768 1249; x_wconf 89' lang='lat' dir='ltr'><strong>et</strong></span> <span class='ocrx_word' id='word_1_168' title='bbox 2809 1201 3128 1264; x_wconf 87' lang='lat' dir='ltr'><strong>serpentum</strong></span> <span class='ocrx_word' id='word_1_169' title='bbox 3184 1193 3384 1259; x_wconf 86' lang='lat' dir='ltr'><strong>sibilis,</strong></span> 
     </span>
    </p>
   </div>
   <div class='ocr_carea' id='block_1_27' title="bbox 1810 1282 3385 1357">
    <p class='ocr_par' dir='ltr' id='par_1_27' title="bbox 1810 1282 3385 1357">
     <span class='ocr_line' id='line_1_27' title="bbox 1810 1282 3385 1357; baseline 0.004 -23"><span class='ocrx_word' id='word_1_170' title='bbox 1810 1289 1974 1351; x_wconf 86' lang='lat' dir='ltr'><strong>atque</strong></span> <span class='ocrx_word' id='word_1_171' title='bbox 1998 1282 2337 1339; x_wconf 87' lang='lat' dir='ltr'><strong>diversarum</strong></span> <span class='ocrx_word' id='word_1_172' title='bbox 2362 1287 2645 1341; x_wconf 89' lang='lat' dir='ltr'><strong>volucrum</strong></span> <span class='ocrx_word' id='word_1_173' title='bbox 2694 1288 3075 1357; x_wconf 82' lang='lat' dir='ltr'><strong>clangoribus;</strong></span> <span class='ocrx_word' id='word_1_174' title='bbox 3113 1302 3385 1342; x_wconf 90' lang='lat' dir='ltr'><strong>annorum</strong></span> 
     </span>
    </p>
   </div>
   <div class='ocr_carea' id='block_1_28' title="bbox 1809 1372 3383 1447">
    <p class='ocr_par' dir='ltr' id='par_1_28' title="bbox 1809 1372 3383 1447">
     <span class='ocr_line' id='line_1_28' title="bbox 1809 1372 3383 1447; baseline 0.003 -21"><span class='ocrx_word' id='word_1_175' title='bbox 1809 1372 2055 1437; x_wconf 87' lang='lat' dir='ltr'><strong>circulis,</strong></span> <span class='ocrx_word' id='word_1_176' title='bbox 2101 1376 2373 1432; x_wconf 90' lang='lat' dir='ltr'><strong>mensium</strong></span> <span class='ocrx_word' id='word_1_177' title='bbox 2409 1391 2473 1431; x_wconf 90' lang='lat' dir='ltr'><strong>ac</strong></span> <span class='ocrx_word' id='word_1_178' title='bbox 2512 1377 2724 1433; x_wconf 87' lang='lat' dir='ltr'><strong>dierum</strong></span> <span class='ocrx_word' id='word_1_179' title='bbox 2768 1379 3036 1440; x_wconf 89' lang='lat' dir='ltr'><strong>numeris,</strong></span> <span class='ocrx_word' id='word_1_180' title='bbox 3084 1385 3383 1447; x_wconf 85' lang='lat' dir='ltr'><strong>tempesta-</strong></span> 
     </span>
    </p>
   </div>
   <div class='ocr_carea' id='block_1_29' title="bbox 1807 1466 3388 1540">
    <p class='ocr_par' dir='ltr' id='par_1_29' title="bbox 1807 1466 3388 1540">
     <span class='ocr_line' id='line_1_29' title="bbox 1807 1466 3388 1540; baseline 0.004 -23"><span class='ocrx_word' id='word_1_181' title='bbox 1807 1472 1924 1517; x_wconf 92' lang='lat' dir='ltr'><strong>tum</strong></span> <span class='ocrx_word' id='word_1_182' title='bbox 1982 1466 2156 1533; x_wconf 90' lang='lat' dir='ltr'><strong>serie;</strong></span> <span class='ocrx_word' id='word_1_183' title='bbox 2204 1468 2432 1523; x_wconf 90' lang='lat' dir='ltr'><strong>nubium</strong></span> <span class='ocrx_word' id='word_1_184' title='bbox 2514 1470 2715 1525; x_wconf 90' lang='lat' dir='ltr'><strong>imbres</strong></span> <span class='ocrx_word' id='word_1_185' title='bbox 2771 1470 3388 1540; x_wconf 81' lang='lat' dir='ltr'><strong>procreantiumcursi-</strong></span> 
     </span>
    </p>
   </div>
   <div class='ocr_carea' id='block_1_30' title="bbox 1808 1556 3382 1626">
    <p class='ocr_par' dir='ltr' id='par_1_30' title="bbox 1808 1556 3382 1626">
     <span class='ocr_line' id='line_1_30' title="bbox 1808 1556 3382 1626; baseline 0.003 -15"><span class='ocrx_word' id='word_1_186' title='bbox 1808 1556 1934 1622; x_wconf 89' lang='lat' dir='ltr'><strong>bus,</strong></span> <span class='ocrx_word' id='word_1_187' title='bbox 1972 1559 2039 1613; x_wconf 90' lang='lat' dir='ltr'><strong>ad</strong></span> <span class='ocrx_word' id='word_1_188' title='bbox 2072 1558 2349 1616; x_wconf 83' lang='lat' dir='ltr'><strong>fructuum</strong></span> <span class='ocrx_word' id='word_1_189' title='bbox 2392 1560 2537 1617; x_wconf 80' lang='lat' dir='ltr'><strong>fetus</strong></span> <span class='ocrx_word' id='word_1_190' title='bbox 2563 1602 2576 1626; x_wconf 90' lang='lat'><strong>,</strong></span> <span class='ocrx_word' id='word_1_191' title='bbox 2623 1561 2691 1615; x_wconf 90' lang='lat' dir='ltr'><strong>ad</strong></span> <span class='ocrx_word' id='word_1_192' title='bbox 2732 1563 3049 1617; x_wconf 88' lang='lat' dir='ltr'><strong>animalium</strong></span> <span class='ocrx_word' id='word_1_193' title='bbox 3084 1577 3382 1618; x_wconf 86' lang='lat' dir='ltr'><strong>conserva-</strong></span> 
     </span>
    </p>
   </div>
   <div class='ocr_carea' id='block_1_31' title="bbox 1807 1650 3383 1715">
    <p class='ocr_par' dir='ltr' id='par_1_31' title="bbox 1807 1650 3383 1715">
     <span class='ocr_line' id='line_1_31' title="bbox 1807 1650 3383 1715; baseline 0.004 -12"><span class='ocrx_word' id='word_1_194' title='bbox 1807 1650 2033 1715; x_wconf 89' lang='lat' dir='ltr'><strong>tionem,</strong></span> <span class='ocrx_word' id='word_1_195' title='bbox 2061 1652 2445 1707; x_wconf 88' lang='lat' dir='ltr'><strong>libramentum</strong></span> <span class='ocrx_word' id='word_1_196' title='bbox 2483 1662 2767 1708; x_wconf 81' lang='lat' dir='ltr'><strong>ventorum</strong></span> <span class='ocrx_word' id='word_1_197' title='bbox 2797 1654 3040 1709; x_wconf 89' lang='lat' dir='ltr'><strong>llantium</strong></span> <span class='ocrx_word' id='word_1_198' title='bbox 3082 1668 3206 1709; x_wconf 92' lang='lat' dir='ltr'><strong>cum</strong></span> <span class='ocrx_word' id='word_1_199' title='bbox 3249 1668 3281 1707; x_wconf 88' lang='lat' dir='ltr'><strong>a</strong></span> <span class='ocrx_word' id='word_1_200' title='bbox 3327 1661 3383 1709; x_wconf 87' lang='lat' dir='ltr'><strong>te</strong></span> 
     </span>
    </p>
   </div>
   <div class='ocr_carea' id='block_1_32' title="bbox 110 1743 1706 1838">
    <p class='ocr_par' dir='ltr' id='par_1_32' title="bbox 110 1747 1701 1827">
     <span class='ocr_line' id='line_1_32' title="bbox 110 1747 1701 1827; baseline 0.008 -30"><span class='ocrx_word' id='word_1_201' title='bbox 110 1762 312 1799; x_wconf 85' lang='grc' dir='ltr'>στασιν</span> <span class='ocrx_word' id='word_1_202' title='bbox 338 1785 354 1808; x_wconf 91' lang='grc'><strong>,</strong></span> <span class='ocrx_word' id='word_1_203' title='bbox 412 1747 651 1818; x_wconf 79' lang='grc' dir='ltr'>σταθμὸν</span> <span class='ocrx_word' id='word_1_204' title='bbox 707 1750 924 1820; x_wconf 84' lang='grc' dir='ltr'>ἀνέμων</span> <span class='ocrx_word' id='word_1_205' title='bbox 977 1750 1339 1805; x_wconf 82' lang='grc' dir='ltr'>διαπνεόντων</span> <span class='ocrx_word' id='word_1_206' title='bbox 1385 1754 1480 1807; x_wconf 80' lang='grc' dir='ltr'><strong>ὅτε</strong></span> <span class='ocrx_word' id='word_1_207' title='bbox 1529 1771 1701 1827; x_wconf 90' lang='grc' dir='ltr'>προσ-</span> 
     </span>
    </p>
   </div>
   <div class='ocr_carea' id='block_1_33' title="bbox 1791 1743 3378 1838">
    <p class='ocr_par' dir='ltr' id='par_1_33' title="bbox 1801 1743 3378 1818">
     <span class='ocr_line' id='line_1_33' title="bbox 1801 1743 3378 1818; baseline 0.002 -20"><span class='ocrx_word' id='word_1_208' title='bbox 1801 1743 2068 1811; x_wconf 72' lang='lat' dir='ltr'><strong>iubentur</strong></span> <span class='ocrx_word' id='word_1_209' title='bbox 2102 1746 2169 1809; x_wconf 73' lang='grc' dir='ltr'>θ’,</span> <span class='ocrx_word' id='word_1_210' title='bbox 2201 1746 2606 1803; x_wconf 86' lang='lat' dir='ltr'><strong>multitudinem</strong></span> <span class='ocrx_word' id='word_1_211' title='bbox 2652 1748 2902 1818; x_wconf 88' lang='lat' dir='ltr'><strong>stirpium</strong></span> <span class='ocrx_word' id='word_1_212' title='bbox 2951 1762 3017 1802; x_wconf 92' lang='lat' dir='ltr'><strong>ac</strong></span> <span class='ocrx_word' id='word_1_213' title='bbox 3062 1746 3378 1802; x_wconf 89' lang='lat' dir='ltr'><strong>herbarum.</strong></span> 
     </span>
    </p>
   </div>
   <div class='ocr_carea' id='block_1_34' title="bbox 106 1839 1701 1916">
    <p class='ocr_par' dir='ltr' id='par_1_34' title="bbox 106 1839 1701 1916">
     <span class='ocr_line' id='line_1_34' title="bbox 106 1839 1701 1916; baseline 0.007 -25"><span class='ocrx_word' id='word_1_214' title='bbox 106 1839 360 1909; x_wconf 79' lang='grc' dir='ltr'>ταχθῶσι</span> <span class='ocrx_word' id='word_1_215' title='bbox 393 1841 543 1913; x_wconf 86' lang='grc' dir='ltr'><strong>παρά</strong></span> <span class='ocrx_word' id='word_1_216' title='bbox 578 1842 691 1904; x_wconf 89' lang='grc' dir='ltr'>σοῦ,</span> <span class='ocrx_word' id='word_1_217' title='bbox 723 1843 832 1897; x_wconf 85' lang='grc' dir='ltr'><strong>τῶν</strong></span> <span class='ocrx_word' id='word_1_218' title='bbox 862 1844 1046 1913; x_wconf 83' lang='grc' dir='ltr'>φυτῶν</span> <span class='ocrx_word' id='word_1_219' title='bbox 1076 1845 1168 1899; x_wconf 76' lang='grc' dir='ltr'>καὶ</span> <span class='ocrx_word' id='word_1_220' title='bbox 1204 1846 1313 1899; x_wconf 88' lang='grc' dir='ltr'><strong>τῶν</strong></span> <span class='ocrx_word' id='word_1_221' title='bbox 1346 1845 1586 1916; x_wconf 83' lang='grc' dir='ltr'>βοτανῶν</span> <span class='ocrx_word' id='word_1_222' title='bbox 1638 1847 1701 1901; x_wconf 81' lang='grc' dir='ltr'><strong>τὸ</strong></span> 
     </span>
    </p>
   </div>
   <div class='ocr_carea' id='block_1_35' title="bbox 110 1932 1697 2012">
    <p class='ocr_par' dir='ltr' id='par_1_35' title="bbox 110 1932 1697 2012">
     <span class='ocr_line' id='line_1_35' title="bbox 110 1932 1697 2012; baseline 0.007 -29"><span class='ocrx_word' id='word_1_223' title='bbox 110 1932 343 2003; x_wconf 80' lang='grc' dir='ltr'>πλῆθος.</span> <span class='ocrx_word' id='word_1_224' title='bbox 401 1934 512 1988; x_wconf 78' lang='grc' dir='ltr'><strong>Καὶ</strong></span> <span class='ocrx_word' id='word_1_225' title='bbox 539 1934 599 1987; x_wconf 78' lang='grc' dir='ltr'><strong>ού</strong></span> <span class='ocrx_word' id='word_1_226' title='bbox 641 1935 801 2007; x_wconf 79' lang='grc' dir='ltr'>μόνον</span> <span class='ocrx_word' id='word_1_227' title='bbox 854 1937 947 1990; x_wconf 79' lang='grc' dir='ltr'>τὸν</span> <span class='ocrx_word' id='word_1_228' title='bbox 986 1938 1189 2009; x_wconf 77' lang='grc' dir='ltr'>κόσμον</span> <span class='ocrx_word' id='word_1_229' title='bbox 1237 1939 1697 2012; x_wconf 79' lang='grc' dir='ltr'>ἐδημιούργησας·</span> 
     </span>
    </p>
   </div>
   <div class='ocr_carea' id='block_1_36' title="bbox 109 2024 1701 2103">
    <p class='ocr_par' dir='ltr' id='par_1_36' title="bbox 109 2024 1701 2103">
     <span class='ocr_line' id='line_1_36' title="bbox 109 2024 1701 2103; baseline 0.006 -27"><span class='ocrx_word' id='word_1_230' title='bbox 109 2024 249 2077; x_wconf 85' lang='grc' dir='ltr'><strong>ἀλλά</strong></span> <span class='ocrx_word' id='word_1_231' title='bbox 280 2024 380 2079; x_wconf 75' lang='grc' dir='ltr'><strong>καὶ</strong></span> <span class='ocrx_word' id='word_1_232' title='bbox 424 2026 515 2078; x_wconf 83' lang='grc' dir='ltr'><strong>τὸν</strong></span> <span class='ocrx_word' id='word_1_233' title='bbox 571 2028 967 2099; x_wconf 87' lang='grc' dir='ltr'>κοσμοπολίτην</span> <span class='ocrx_word' id='word_1_234' title='bbox 1019 2029 1306 2101; x_wconf 81' lang='grc' dir='ltr'>ἄνθρωπον</span> <span class='ocrx_word' id='word_1_235' title='bbox 1358 2033 1416 2085; x_wconf 83' lang='grc' dir='ltr'><strong>ὲν</strong></span> <span class='ocrx_word' id='word_1_236' title='bbox 1466 2032 1616 2103; x_wconf 82' lang='grc' dir='ltr'>αύτῷ</span> <span class='ocrx_word' id='word_1_237' title='bbox 1644 2034 1701 2086; x_wconf 77' lang='grc' dir='ltr'><strong>ὲ·-</strong></span> 
     </span>
    </p>
   </div>
   <div class='ocr_carea' id='block_1_37' title="bbox 111 2116 1699 2193">
    <p class='ocr_par' dir='ltr' id='par_1_37' title="bbox 111 2116 1699 2193">
     <span class='ocr_line' id='line_1_37' title="bbox 111 2116 1699 2193; baseline 0.009 -26"><span class='ocrx_word' id='word_1_238' title='bbox 111 2116 371 2188; x_wconf 81' lang='grc' dir='ltr'>ποίησας,</span> <span class='ocrx_word' id='word_1_239' title='bbox 403 2119 608 2190; x_wconf 87' lang='grc' dir='ltr'>κόσμου</span> <span class='ocrx_word' id='word_1_240' title='bbox 638 2119 840 2190; x_wconf 86' lang='grc' dir='ltr'>κόσμον</span> <span class='ocrx_word' id='word_1_241' title='bbox 871 2121 1031 2175; x_wconf 78' lang='grc' dir='ltr'>αὑτὸν</span> <span class='ocrx_word' id='word_1_242' title='bbox 1063 2121 1174 2193; x_wconf 76' lang='grc'><strong>(52)</strong></span> <span class='ocrx_word' id='word_1_243' title='bbox 1195 2124 1497 2191; x_wconf 75' lang='grc' dir='ltr'>ἀναδείξας.</span> <span class='ocrx_word' id='word_1_244' title='bbox 1518 2119 1699 2189; x_wconf 76' lang='grc' dir='ltr'>Εἷπας</span> 
     </span>
    </p>
   </div>
   <div class='ocr_carea' id='block_1_38' title="bbox 109 2208 1698 2287">
    <p class='ocr_par' dir='ltr' id='par_1_38' title="bbox 109 2208 1698 2287">
     <span class='ocr_line' id='line_1_38' title="bbox 109 2208 1698 2287; baseline 0.006 -26"><span class='ocrx_word' id='word_1_245' title='bbox 109 2208 219 2281; x_wconf 75' lang='grc' dir='ltr'>γὰρ</span> <span class='ocrx_word' id='word_1_246' title='bbox 248 2213 320 2281; x_wconf 79' lang='grc' dir='ltr'>τῇ</span> <span class='ocrx_word' id='word_1_247' title='bbox 352 2213 417 2280; x_wconf 80' lang='grc' dir='ltr'>σῇ</span> <span class='ocrx_word' id='word_1_248' title='bbox 446 2210 636 2281; x_wconf 60' lang='grc' dir='ltr'>Σοφίᾳ·</span> <span class='ocrx_word' id='word_1_249' title='bbox 668 2231 685 2262; x_wconf 87' lang='grc'><strong>‹</strong></span> <span class='ocrx_word' id='word_1_250' title='bbox 724 2210 1047 2284; x_wconf 78' lang='grc' dir='ltr'>Ποιήσωμεν</span> <span class='ocrx_word' id='word_1_251' title='bbox 1078 2215 1364 2287; x_wconf 75' lang='grc' dir='ltr'>ἄνθρωπον</span> <span class='ocrx_word' id='word_1_252' title='bbox 1404 2218 1521 2270; x_wconf 87' lang='grc' dir='ltr'>κατ’</span> <span class='ocrx_word' id='word_1_253' title='bbox 1553 2217 1698 2271; x_wconf 83' lang='grc' dir='ltr'>είκό-</span> 
     </span>
    </p>
   </div>
   <div class='ocr_carea' id='block_1_39' title="bbox 111 2302 1696 2380">
    <p class='ocr_par' dir='ltr' id='par_1_39' title="bbox 111 2302 1696 2380">
     <span class='ocr_line' id='line_1_39' title="bbox 111 2302 1696 2380; baseline 0.006 -27"><span class='ocrx_word' id='word_1_254' title='bbox 111 2319 178 2355; x_wconf 83' lang='grc' dir='ltr'><strong>να</strong></span> <span class='ocrx_word' id='word_1_255' title='bbox 224 2302 527 2373; x_wconf 71' lang='grc' dir='ltr'>ἡμετέραν,</span> <span class='ocrx_word' id='word_1_256' title='bbox 569 2304 663 2356; x_wconf 80' lang='grc' dir='ltr'><strong>καὶ</strong></span> <span class='ocrx_word' id='word_1_257' title='bbox 717 2304 840 2358; x_wconf 75' lang='grc' dir='ltr'>καθ’</span> <span class='ocrx_word' id='word_1_258' title='bbox 895 2305 1172 2377; x_wconf 60' lang='grc' dir='ltr'>ὁμοίωσιν</span> <span class='ocrx_word' id='word_1_259' title='bbox 1229 2308 1324 2361; x_wconf 77' lang='grc' dir='ltr'><strong>καὶ</strong></span> <span class='ocrx_word' id='word_1_260' title='bbox 1379 2308 1696 2380; x_wconf 79' lang='grc' dir='ltr'>ἀρχέτωσαν</span> 
     </span>
    </p>
   </div>
   <div class='ocr_carea' id='block_1_40' title="bbox 107 2394 1693 2469">
    <p class='ocr_par' dir='ltr' id='par_1_40' title="bbox 107 2394 1693 2469">
     <span class='ocr_line' id='line_1_40' title="bbox 107 2394 1693 2469; baseline 0.005 -23"><span class='ocrx_word' id='word_1_261' title='bbox 107 2395 217 2448; x_wconf 83' lang='grc' dir='ltr'><strong>τῶν</strong></span> <span class='ocrx_word' id='word_1_262' title='bbox 251 2394 455 2465; x_wconf 73' lang='grc' dir='ltr'>ἰχθύων</span> <span class='ocrx_word' id='word_1_263' title='bbox 484 2397 584 2468; x_wconf 82' lang='grc' dir='ltr'><strong>τῆς</strong></span> <span class='ocrx_word' id='word_1_264' title='bbox 636 2396 931 2469; x_wconf 80' lang='grc' dir='ltr'>θαλάσσης,</span> <span class='ocrx_word' id='word_1_265' title='bbox 981 2401 1074 2453; x_wconf 69' lang='grc' dir='ltr'>καὶ</span> <span class='ocrx_word' id='word_1_266' title='bbox 1122 2400 1230 2452; x_wconf 89' lang='grc' dir='ltr'><strong>τῶν</strong></span> <span class='ocrx_word' id='word_1_267' title='bbox 1287 2400 1547 2453; x_wconf 87' lang='grc' dir='ltr'>πετεινῶν</span> <span class='ocrx_word' id='word_1_268' title='bbox 1599 2401 1693 2455; x_wconf 92' lang='grc' dir='ltr'><strong>τοῦ</strong></span> 
     </span>
    </p>
   </div>
   <div class='ocr_carea' id='block_1_41' title="bbox 108 2486 1695 2564">
    <p class='ocr_par' dir='ltr' id='par_1_41' title="bbox 108 2486 1695 2564">
     <span class='ocr_line' id='line_1_41' title="bbox 108 2486 1695 2564; baseline 0.006 -26"><span class='ocrx_word' id='word_1_269' title='bbox 108 2486 365 2557; x_wconf 78' lang='grc' dir='ltr'>ούρανοῦ.</span> <span class='ocrx_word' id='word_1_270' title='bbox 400 2508 417 2538; x_wconf 72' lang='grc' dir='ltr'><strong>ι</strong></span> <span class='ocrx_word' id='word_1_271' title='bbox 451 2489 540 2541; x_wconf 82' lang='grc' dir='ltr'>Διὸ</span> <span class='ocrx_word' id='word_1_272' title='bbox 568 2490 661 2542; x_wconf 69' lang='grc' dir='ltr'><strong>καὶ</strong></span> <span class='ocrx_word' id='word_1_273' title='bbox 694 2490 1000 2563; x_wconf 79' lang='grc' dir='ltr'>πεποίηκας</span> <span class='ocrx_word' id='word_1_274' title='bbox 1028 2493 1191 2546; x_wconf 79' lang='grc' dir='ltr'>αὐτὸν</span> <span class='ocrx_word' id='word_1_275' title='bbox 1218 2493 1285 2545; x_wconf 81' lang='grc' dir='ltr'>ὲκ</span> <span class='ocrx_word' id='word_1_276' title='bbox 1328 2492 1506 2564; x_wconf 79' lang='grc' dir='ltr'>ψυχῆς</span> <span class='ocrx_word' id='word_1_277' title='bbox 1561 2491 1695 2547; x_wconf 86' lang='grc' dir='ltr'>ἀθα-</span> 
     </span>
    </p>
   </div>
   <div class='ocr_carea' id='block_1_42' title="bbox 107 2581 1691 2659">
    <p class='ocr_par' dir='ltr' id='par_1_42' title="bbox 107 2581 1691 2659">
     <span class='ocr_line' id='line_1_42' title="bbox 107 2581 1691 2659; baseline 0.004 -27"><span class='ocrx_word' id='word_1_278' title='bbox 107 2581 273 2633; x_wconf 82' lang='grc' dir='ltr'>νάτου</span> <span class='ocrx_word' id='word_1_279' title='bbox 332 2582 427 2634; x_wconf 71' lang='grc' dir='ltr'>καὶ</span> <span class='ocrx_word' id='word_1_280' title='bbox 471 2581 719 2653; x_wconf 83' lang='grc' dir='ltr'>σώματος</span> <span class='ocrx_word' id='word_1_281' title='bbox 777 2584 1091 2638; x_wconf 87' lang='grc' dir='ltr'>σκεδαστοῦ·</span> <span class='ocrx_word' id='word_1_282' title='bbox 1125 2584 1224 2658; x_wconf 83' lang='grc' dir='ltr'>τῆς</span> <span class='ocrx_word' id='word_1_283' title='bbox 1272 2585 1371 2656; x_wconf 80' lang='grc' dir='ltr'>μὲν</span> <span class='ocrx_word' id='word_1_284' title='bbox 1399 2587 1462 2639; x_wconf 72' lang='grc' dir='ltr'>ἐκ</span> <span class='ocrx_word' id='word_1_285' title='bbox 1488 2585 1583 2639; x_wconf 91' lang='grc' dir='ltr'><strong>τοῦ</strong></span> <span class='ocrx_word' id='word_1_286' title='bbox 1617 2587 1691 2659; x_wconf 78' lang='grc' dir='ltr'>μὴ</span> 
     </span>
    </p>
   </div>
   <div class='ocr_carea' id='block_1_43' title="bbox 106 2673 1693 2749">
    <p class='ocr_par' dir='ltr' id='par_1_43' title="bbox 106 2673 1693 2749">
     <span class='ocr_line' id='line_1_43' title="bbox 106 2673 1693 2749; baseline 0.004 -23"><span class='ocrx_word' id='word_1_287' title='bbox 106 2674 283 2737; x_wconf 76' lang='grc' dir='ltr'>δντος,</span> <span class='ocrx_word' id='word_1_288' title='bbox 318 2673 410 2726; x_wconf 87' lang='grc' dir='ltr'><strong>τοῦ</strong></span> <span class='ocrx_word' id='word_1_289' title='bbox 439 2674 494 2727; x_wconf 80' lang='grc' dir='ltr'><strong>δὲ</strong></span> <span class='ocrx_word' id='word_1_290' title='bbox 524 2676 589 2728; x_wconf 84' lang='grc' dir='ltr'>ὲκ</span> <span class='ocrx_word' id='word_1_291' title='bbox 616 2676 723 2727; x_wconf 87' lang='grc' dir='ltr'><strong>τῶν</strong></span> <span class='ocrx_word' id='word_1_292' title='bbox 777 2677 1059 2749; x_wconf 85' lang='grc' dir='ltr'>τεσσάρων</span> <span class='ocrx_word' id='word_1_293' title='bbox 1115 2678 1412 2749; x_wconf 71' lang='grc' dir='ltr'>στοιχείωνο</span> <span class='ocrx_word' id='word_1_294' title='bbox 1459 2678 1554 2733; x_wconf 76' lang='grc' dir='ltr'><strong>καὶ</strong></span> <span class='ocrx_word' id='word_1_295' title='bbox 1606 2679 1693 2733; x_wconf 84' lang='grc' dir='ltr'><strong>δέ·</strong></span> 
     </span>
    </p>
   </div>
   <div class='ocr_carea' id='block_1_44' title="bbox 104 2765 1690 2842">
    <p class='ocr_par' dir='ltr' id='par_1_44' title="bbox 104 2765 1690 2842">
     <span class='ocr_line' id='line_1_44' title="bbox 104 2765 1690 2842; baseline 0.006 -26"><span class='ocrx_word' id='word_1_296' title='bbox 104 2765 292 2827; x_wconf 87' lang='grc' dir='ltr'>δωκας</span> <span class='ocrx_word' id='word_1_297' title='bbox 343 2765 529 2833; x_wconf 79' lang='grc' dir='ltr'>αὐτῷ,</span> <span class='ocrx_word' id='word_1_298' title='bbox 589 2766 727 2820; x_wconf 84' lang='grc' dir='ltr'><strong>κατά</strong></span> <span class='ocrx_word' id='word_1_299' title='bbox 786 2768 885 2839; x_wconf 81' lang='grc' dir='ltr'><strong>μὲν</strong></span> <span class='ocrx_word' id='word_1_300' title='bbox 934 2769 1033 2840; x_wconf 75' lang='grc' dir='ltr'>τὴν</span> <span class='ocrx_word' id='word_1_301' title='bbox 1089 2769 1267 2842; x_wconf 72' lang='grc' dir='ltr'>ψυχὴν</span> <span class='ocrx_word' id='word_1_302' title='bbox 1292 2811 1306 2835; x_wconf 93' lang='grc'><strong>,</strong></span> <span class='ocrx_word' id='word_1_303' title='bbox 1381 2772 1479 2842; x_wconf 78' lang='grc' dir='ltr'><strong>τὴν</strong></span> <span class='ocrx_word' id='word_1_304' title='bbox 1542 2770 1690 2841; x_wconf 88' lang='grc' dir='ltr'>λογι-</span> 
     </span>
    </p>
   </div>
   <div class='ocr_carea' id='block_1_45' title="bbox 105 2858 1685 2935">
    <p class='ocr_par' dir='ltr' id='par_1_45' title="bbox 105 2858 1685 2935">
     <span class='ocr_line' id='line_1_45' title="bbox 105 2858 1685 2935; baseline 0.005 -26"><span class='ocrx_word' id='word_1_305' title='bbox 105 2858 211 2928; x_wconf 81' lang='grc' dir='ltr'>κὴν</span> <span class='ocrx_word' id='word_1_306' title='bbox 242 2858 572 2926; x_wconf 86' lang='grc' dir='ltr'>διάγνωσιν,</span> <span class='ocrx_word' id='word_1_307' title='bbox 619 2858 899 2925; x_wconf 74' lang='grc' dir='ltr'>εὐσεϐείας</span> <span class='ocrx_word' id='word_1_308' title='bbox 943 2861 1037 2914; x_wconf 77' lang='grc' dir='ltr'><strong>καὶ</strong></span> <span class='ocrx_word' id='word_1_309' title='bbox 1090 2861 1343 2926; x_wconf 72' lang='grc' dir='ltr'>ἀσεϐείας</span> <span class='ocrx_word' id='word_1_310' title='bbox 1393 2864 1685 2935; x_wconf 82' lang='grc' dir='ltr'>διάκρισιν,</span> 
     </span>
    </p>
   </div>
   <div class='ocr_carea' id='block_1_46' title="bbox 104 2950 1688 3029">
    <p class='ocr_par' dir='ltr' id='par_1_46' title="bbox 104 2950 1688 3029">
     <span class='ocr_line' id='line_1_46' title="bbox 104 2950 1688 3029; baseline 0.005 -27"><span class='ocrx_word' id='word_1_311' title='bbox 104 2950 316 3004; x_wconf 83' lang='grc' dir='ltr'>δικαίου</span> <span class='ocrx_word' id='word_1_312' title='bbox 348 2952 442 3005; x_wconf 74' lang='grc' dir='ltr'>καὶ</span> <span class='ocrx_word' id='word_1_313' title='bbox 468 2953 652 3007; x_wconf 83' lang='grc' dir='ltr'>ἀδίκου</span> <span class='ocrx_word' id='word_1_314' title='bbox 706 2955 1116 3026; x_wconf 57' lang='grc' dir='ltr'>παρατήρησιν</span> <span class='ocrx_word' id='word_1_315' title='bbox 1162 2956 1303 3009; x_wconf 86' lang='grc' dir='ltr'><strong>κατά</strong></span> <span class='ocrx_word' id='word_1_316' title='bbox 1330 2957 1385 3010; x_wconf 77' lang='grc' dir='ltr'>δὲ</span> <span class='ocrx_word' id='word_1_317' title='bbox 1419 2956 1482 3010; x_wconf 78' lang='grc' dir='ltr'>τὸ</span> <span class='ocrx_word' id='word_1_318' title='bbox 1529 2956 1688 3029; x_wconf 87' lang='grc' dir='ltr'>σῶμα</span> 
     </span>
    </p>
   </div>
   <div class='ocr_carea' id='block_1_47' title="bbox 103 3044 1687 3121">
    <p class='ocr_par' dir='ltr' id='par_1_47' title="bbox 103 3044 1687 3121">
     <span class='ocr_line' id='line_1_47' title="bbox 103 3044 1687 3121; baseline 0.003 -24"><span class='ocrx_word' id='word_1_319' title='bbox 103 3044 206 3117; x_wconf 74' lang='grc' dir='ltr'>τὴν</span> <span class='ocrx_word' id='word_1_320' title='bbox 262 3044 557 3098; x_wconf 85' lang='grc' dir='ltr'>πένταθλον</span> <span class='ocrx_word' id='word_1_321' title='bbox 613 3045 852 3117; x_wconf 78' lang='grc' dir='ltr'>ἐχαρίσω</span> <span class='ocrx_word' id='word_1_322' title='bbox 895 3045 1165 3117; x_wconf 77' lang='grc' dir='ltr'>αἴσθησιν,</span> <span class='ocrx_word' id='word_1_323' title='bbox 1219 3047 1311 3100; x_wconf 74' lang='grc' dir='ltr'>καὶ</span> <span class='ocrx_word' id='word_1_324' title='bbox 1366 3049 1466 3121; x_wconf 76' lang='grc' dir='ltr'><strong>τὴν</strong></span> <span class='ocrx_word' id='word_1_325' title='bbox 1522 3065 1687 3118; x_wconf 67' lang='grc' dir='ltr'>μεται-</span> 
     </span>
    </p>
   </div>
   <div class='ocr_carea' id='block_1_48' title="bbox 1804 1833 3379 1907">
    <p class='ocr_par' dir='ltr' id='par_1_48' title="bbox 1804 1833 3379 1907">
     <span class='ocr_line' id='line_1_48' title="bbox 1804 1833 3379 1907; baseline 0.002 -19"><span class='ocrx_word' id='word_1_326' title='bbox 1804 1833 1989 1905; x_wconf 84' lang='lat' dir='ltr'><strong>Neque</strong></span> <span class='ocrx_word' id='word_1_327' title='bbox 2020 1835 2197 1891; x_wconf 91' lang='lat' dir='ltr'><strong>solum</strong></span> <span class='ocrx_word' id='word_1_328' title='bbox 2230 1835 2526 1891; x_wconf 91' lang='lat' dir='ltr'><strong>condidisti</strong></span> <span class='ocrx_word' id='word_1_329' title='bbox 2552 1837 2841 1903; x_wconf 91' lang='lat' dir='ltr'><strong>mundum,</strong></span> <span class='ocrx_word' id='word_1_330' title='bbox 2869 1838 2965 1895; x_wconf 87' lang='lat' dir='ltr'><strong>sed</strong></span> <span class='ocrx_word' id='word_1_331' title='bbox 3013 1850 3069 1894; x_wconf 88' lang='lat' dir='ltr'><strong>et</strong></span> <span class='ocrx_word' id='word_1_332' title='bbox 3125 1837 3183 1891; x_wconf 92' lang='lat' dir='ltr'><strong>in</strong></span> <span class='ocrx_word' id='word_1_333' title='bbox 3238 1837 3379 1907; x_wconf 88' lang='lat' dir='ltr'><strong>ipso,</strong></span> 
     </span>
    </p>
   </div>
   <div class='ocr_carea' id='block_1_49' title="bbox 1802 1927 3383 1996">
    <p class='ocr_par' dir='ltr' id='par_1_49' title="bbox 1802 1927 3383 1996">
     <span class='ocr_line' id='line_1_49' title="bbox 1802 1927 3383 1996; baseline 0.001 -16"><span class='ocrx_word' id='word_1_334' title='bbox 1802 1927 1989 1981; x_wconf 89' lang='lat' dir='ltr'><strong>mundi</strong></span> <span class='ocrx_word' id='word_1_335' title='bbox 2029 1927 2204 1983; x_wconf 84' lang='lat' dir='ltr'><strong>civem</strong></span> <span class='ocrx_word' id='word_1_336' title='bbox 2261 1927 2538 1983; x_wconf 89' lang='lat' dir='ltr'><strong>hominem</strong></span> <span class='ocrx_word' id='word_1_337' title='bbox 2593 1928 2843 1996; x_wconf 73' lang='lat' dir='ltr'><strong>effecisti,</strong></span> <span class='ocrx_word' id='word_1_338' title='bbox 2900 1944 2965 1985; x_wconf 89' lang='lat' dir='ltr'><strong>ac</strong></span> <span class='ocrx_word' id='word_1_339' title='bbox 3015 1942 3139 1985; x_wconf 92' lang='lat' dir='ltr'><strong>eum</strong></span> <span class='ocrx_word' id='word_1_340' title='bbox 3190 1929 3383 1984; x_wconf 88' lang='lat' dir='ltr'><strong>mundi</strong></span> 
     </span>
    </p>
   </div>
   <div class='ocr_carea' id='block_1_50' title="bbox 1799 2018 3384 2083">
    <p class='ocr_par' dir='ltr' id='par_1_50' title="bbox 1799 2018 3384 2083">
     <span class='ocr_line' id='line_1_50' title="bbox 1799 2018 3384 2083; baseline 0.001 -10"><span class='ocrx_word' id='word_1_341' title='bbox 1799 2019 2087 2083; x_wconf 88' lang='lat' dir='ltr'><strong>mundum,</strong></span> <span class='ocrx_word' id='word_1_342' title='bbox 2142 2035 2240 2077; x_wconf 85' lang='lat' dir='ltr'><strong>seu</strong></span> <span class='ocrx_word' id='word_1_343' title='bbox 2287 2028 2517 2078; x_wconf 89' lang='lat' dir='ltr'><strong>ornatus</strong></span> <span class='ocrx_word' id='word_1_344' title='bbox 2560 2029 2815 2077; x_wconf 85' lang='lat' dir='ltr'><strong>ornatum</strong></span> <span class='ocrx_word' id='word_1_345' title='bbox 2882 2018 3241 2079; x_wconf 88' lang='lat' dir='ltr'><strong>constituisti.</strong></span> <span class='ocrx_word' id='word_1_346' title='bbox 3288 2020 3384 2074; x_wconf 87' lang='lat' dir='ltr'><strong>Di-</strong></span> 
     </span>
    </p>
   </div>
   <div class='ocr_carea' id='block_1_51' title="bbox 1797 2109 3383 2182">
    <p class='ocr_par' dir='ltr' id='par_1_51' title="bbox 1797 2109 3383 2182">
     <span class='ocr_line' id='line_1_51' title="bbox 1797 2109 3383 2182; baseline 0.001 -19"><span class='ocrx_word' id='word_1_347' title='bbox 1797 2109 1924 2163; x_wconf 82' lang='lat' dir='ltr'><strong>xisti</strong></span> <span class='ocrx_word' id='word_1_348' title='bbox 1957 2110 2102 2165; x_wconf 90' lang='lat' dir='ltr'><strong>enim</strong></span> <span class='ocrx_word' id='word_1_349' title='bbox 2129 2111 2421 2182; x_wconf 72' lang='lat' dir='ltr'><strong>Sapientiae</strong></span> <span class='ocrx_word' id='word_1_350' title='bbox 2452 2121 2558 2166; x_wconf 66' lang='lat' dir='ltr'><strong>tua!</strong></span> <span class='ocrx_word' id='word_1_351' title='bbox 2599 2131 2611 2166; x_wconf 90' lang='lat'>:</span> <span class='ocrx_word' id='word_1_352' title='bbox 2642 2133 2659 2165; x_wconf 77' lang='grc' dir='ltr'><strong>ι</strong></span> <span class='ocrx_word' id='word_1_353' title='bbox 2691 2112 2981 2169; x_wconf 84' lang='lat' dir='ltr'><strong>Faciamus</strong></span> <span class='ocrx_word' id='word_1_354' title='bbox 3013 2113 3288 2168; x_wconf 87' lang='lat' dir='ltr'><strong>hominem</strong></span> <span class='ocrx_word' id='word_1_355' title='bbox 3312 2110 3383 2165; x_wconf 86' lang='lat' dir='ltr'><strong>ad</strong></span> 
     </span>
    </p>
   </div>
   <div class='ocr_carea' id='block_1_52' title="bbox 1798 2196 3383 2269">
    <p class='ocr_par' dir='ltr' id='par_1_52' title="bbox 1798 2196 3383 2269">
     <span class='ocr_line' id='line_1_52' title="bbox 1798 2196 3383 2269; baseline 0.001 -17"><span class='ocrx_word' id='word_1_356' title='bbox 1798 2196 2087 2269; x_wconf 82' lang='lat' dir='ltr'><strong>imaginem</strong></span> <span class='ocrx_word' id='word_1_357' title='bbox 2112 2208 2380 2266; x_wconf 90' lang='lat' dir='ltr'><strong>nostram,</strong></span> <span class='ocrx_word' id='word_1_358' title='bbox 2416 2209 2472 2257; x_wconf 92' lang='lat' dir='ltr'><strong>et</strong></span> <span class='ocrx_word' id='word_1_359' title='bbox 2513 2201 2581 2256; x_wconf 88' lang='lat' dir='ltr'><strong>ad</strong></span> <span class='ocrx_word' id='word_1_360' title='bbox 2617 2201 3032 2258; x_wconf 89' lang='lat' dir='ltr'><strong>similitudinem</strong></span> <span class='ocrx_word' id='word_1_361' title='bbox 3068 2220 3081 2256; x_wconf 92' lang='lat'>:</span> <span class='ocrx_word' id='word_1_362' title='bbox 3121 2210 3176 2256; x_wconf 90' lang='lat' dir='ltr'><strong>et</strong></span> <span class='ocrx_word' id='word_1_363' title='bbox 3206 2199 3383 2256; x_wconf 89' lang='lat' dir='ltr'><strong>domi-</strong></span> 
     </span>
    </p>
   </div>
   <div class='ocr_carea' id='block_1_53' title="bbox 1796 2293 3383 2363">
    <p class='ocr_par' dir='ltr' id='par_1_53' title="bbox 1796 2293 3383 2363">
     <span class='ocr_line' id='line_1_53' title="bbox 1796 2293 3383 2363; baseline 0.003 -18"><span class='ocrx_word' id='word_1_364' title='bbox 1796 2302 1998 2346; x_wconf 90' lang='lat' dir='ltr'><strong>nentur</strong></span> <span class='ocrx_word' id='word_1_365' title='bbox 2014 2294 2260 2363; x_wconf 85' lang='lat' dir='ltr'><strong>piscibus</strong></span> <span class='ocrx_word' id='word_1_366' title='bbox 2274 2309 2361 2349; x_wconf 90' lang='lat' dir='ltr'><strong>ma</strong></span> <span class='ocrx_word' id='word_1_367' title='bbox 2372 2295 2469 2359; x_wconf 87' lang='lat' dir='ltr'><strong>ris,</strong></span> <span class='ocrx_word' id='word_1_368' title='bbox 2487 2304 2541 2350; x_wconf 91' lang='lat' dir='ltr'><strong>et</strong></span> <span class='ocrx_word' id='word_1_369' title='bbox 2557 2296 2873 2351; x_wconf 82' lang='lat' dir='ltr'><strong>volatilibus</strong></span> <span class='ocrx_word' id='word_1_370' title='bbox 2886 2294 3013 2350; x_wconf 89' lang='lat' dir='ltr'><strong>coeli</strong></span> <span class='ocrx_word' id='word_1_371' title='bbox 3031 2294 3102 2349; x_wconf 82' lang='grc'><strong>’³.</strong></span> <span class='ocrx_word' id='word_1_372' title='bbox 3130 2313 3151 2346; x_wconf 74' lang='grc' dir='ltr'><strong>ι</strong></span> <span class='ocrx_word' id='word_1_373' title='bbox 3171 2296 3218 2326; x_wconf 73' lang='grc'><strong>’⁵</strong></span> <span class='ocrx_word' id='word_1_374' title='bbox 3233 2293 3383 2349; x_wconf 81' lang='lat' dir='ltr'><strong>Ideo-</strong></span> 
     </span>
    </p>
   </div>
   <div class='ocr_carea' id='block_1_54' title="bbox 1800 2385 3382 2458">
    <p class='ocr_par' dir='ltr' id='par_1_54' title="bbox 1800 2385 3382 2458">
     <span class='ocr_line' id='line_1_54' title="bbox 1800 2385 3382 2458; baseline 0.004 -21"><span class='ocrx_word' id='word_1_375' title='bbox 1800 2400 1908 2455; x_wconf 90' lang='lat' dir='ltr'><strong>que</strong></span> <span class='ocrx_word' id='word_1_376' title='bbox 1932 2385 2107 2442; x_wconf 79' lang='lat' dir='ltr'><strong>fecisti</strong></span> <span class='ocrx_word' id='word_1_377' title='bbox 2140 2401 2265 2442; x_wconf 93' lang='lat' dir='ltr'><strong>eum</strong></span> <span class='ocrx_word' id='word_1_378' title='bbox 2296 2403 2363 2443; x_wconf 83' lang='lat' dir='ltr'><strong>ex</strong></span> <span class='ocrx_word' id='word_1_379' title='bbox 2397 2389 2579 2443; x_wconf 88' lang='lat' dir='ltr'><strong>anima</strong></span> <span class='ocrx_word' id='word_1_380' title='bbox 2607 2389 2904 2443; x_wconf 88' lang='lat' dir='ltr'><strong>immortali</strong></span> <span class='ocrx_word' id='word_1_381' title='bbox 2935 2396 2989 2444; x_wconf 93' lang='lat' dir='ltr'><strong>et</strong></span> <span class='ocrx_word' id='word_1_382' title='bbox 3020 2403 3250 2458; x_wconf 87' lang='lat' dir='ltr'><strong>corpore</strong></span> <span class='ocrx_word' id='word_1_383' title='bbox 3272 2388 3382 2444; x_wconf 84' lang='lat' dir='ltr'><strong>dis-</strong></span> 
     </span>
    </p>
   </div>
   <div class='ocr_carea' id='block_1_55' title="bbox 1793 2477 3373 2559">
    <p class='ocr_par' dir='ltr' id='par_1_55' title="bbox 1793 2477 3373 2559">
     <span class='ocr_line' id='line_1_55' title="bbox 1793 2477 3373 2559; baseline 0.004 -28"><span class='ocrx_word' id='word_1_384' title='bbox 1793 2477 2033 2550; x_wconf 90' lang='lat' dir='ltr'><strong>sipabili;</strong></span> <span class='ocrx_word' id='word_1_385' title='bbox 2069 2478 2159 2533; x_wconf 86' lang='lat' dir='ltr'><strong>illa</strong></span> <span class='ocrx_word' id='word_1_386' title='bbox 2190 2480 2409 2551; x_wconf 90' lang='lat' dir='ltr'><strong>quidem</strong></span> <span class='ocrx_word' id='word_1_387' title='bbox 2451 2496 2518 2535; x_wconf 86' lang='lat' dir='ltr'><strong>ex</strong></span> <span class='ocrx_word' id='word_1_388' title='bbox 2550 2480 2723 2535; x_wconf 88' lang='lat' dir='ltr'><strong>nihilo</strong></span> <span class='ocrx_word' id='word_1_389' title='bbox 2752 2480 2968 2545; x_wconf 84' lang='lat' dir='ltr'><strong>eﬂecta,</strong></span> <span class='ocrx_word' id='word_1_390' title='bbox 2999 2481 3275 2559; x_wconf 57' lang='lat' dir='ltr'><strong>hocyero</strong></span> <span class='ocrx_word' id='word_1_391' title='bbox 3302 2496 3373 2537; x_wconf 78' lang='lat' dir='ltr'><strong>ex</strong></span> 
     </span>
    </p>
   </div>
   <div class='ocr_carea' id='block_1_56' title="bbox 1792 2572 3375 2644">
    <p class='ocr_par' dir='ltr' id='par_1_56' title="bbox 1792 2572 3375 2644">
     <span class='ocr_line' id='line_1_56' title="bbox 1792 2572 3375 2644; baseline 0.002 -19"><span class='ocrx_word' id='word_1_392' title='bbox 1792 2580 2029 2643; x_wconf 88' lang='lat' dir='ltr'><strong>quatuor</strong></span> <span class='ocrx_word' id='word_1_393' title='bbox 2056 2572 2364 2637; x_wconf 89' lang='lat' dir='ltr'><strong>elementis,</strong></span> <span class='ocrx_word' id='word_1_394' title='bbox 2399 2579 2453 2629; x_wconf 93' lang='lat' dir='ltr'><strong>et</strong></span> <span class='ocrx_word' id='word_1_395' title='bbox 2479 2572 2678 2629; x_wconf 90' lang='lat' dir='ltr'><strong>dedisti</strong></span> <span class='ocrx_word' id='word_1_396' title='bbox 2710 2574 2782 2637; x_wconf 91' lang='lat' dir='ltr'><strong>ei,</strong></span> <span class='ocrx_word' id='word_1_397' title='bbox 2814 2573 2868 2627; x_wconf 88' lang='lat' dir='ltr'><strong>in</strong></span> <span class='ocrx_word' id='word_1_398' title='bbox 2914 2573 3098 2627; x_wconf 85' lang='lat' dir='ltr'><strong>anima</strong></span> <span class='ocrx_word' id='word_1_399' title='bbox 3153 2573 3375 2644; x_wconf 88' lang='lat' dir='ltr'><strong>quidem</strong></span> 
     </span>
    </p>
   </div>
   <div class='ocr_carea' id='block_1_57' title="bbox 1791 2663 3374 2736">
    <p class='ocr_par' dir='ltr' id='par_1_57' title="bbox 1791 2663 3374 2736">
     <span class='ocr_line' id='line_1_57' title="bbox 1791 2663 3374 2736; baseline 0.001 -19"><span class='ocrx_word' id='word_1_400' title='bbox 1791 2663 2114 2719; x_wconf 87' lang='lat' dir='ltr'><strong>rationalem</strong></span> <span class='ocrx_word' id='word_1_401' title='bbox 2175 2664 2643 2734; x_wconf 91' lang='lat' dir='ltr'><strong>dijudicationem,</strong></span> <span class='ocrx_word' id='word_1_402' title='bbox 2695 2664 2917 2736; x_wconf 89' lang='lat' dir='ltr'><strong>pietatis</strong></span> <span class='ocrx_word' id='word_1_403' title='bbox 2959 2679 3023 2720; x_wconf 89' lang='lat' dir='ltr'><strong>ac</strong></span> <span class='ocrx_word' id='word_1_404' title='bbox 3073 2665 3374 2735; x_wconf 78' lang='lat' dir='ltr'><strong>impietatis</strong></span> 
     </span>
    </p>
   </div>
   <div class='ocr_carea' id='block_1_58' title="bbox 1789 2753 3372 2827">
    <p class='ocr_par' dir='ltr' id='par_1_58' title="bbox 1789 2753 3372 2827">
     <span class='ocr_line' id='line_1_58' title="bbox 1789 2753 3372 2827; baseline 0.001 -18"><span class='ocrx_word' id='word_1_405' title='bbox 1789 2753 2200 2818; x_wconf 85' lang='lat' dir='ltr'><strong>discretionem,</strong></span> <span class='ocrx_word' id='word_1_406' title='bbox 2228 2755 2364 2826; x_wconf 82' lang='lat' dir='ltr'><strong>justi</strong></span> <span class='ocrx_word' id='word_1_407' title='bbox 2388 2770 2453 2811; x_wconf 90' lang='lat' dir='ltr'><strong>ac</strong></span> <span class='ocrx_word' id='word_1_408' title='bbox 2482 2755 2673 2827; x_wconf 90' lang='lat' dir='ltr'><strong>injusti</strong></span> <span class='ocrx_word' id='word_1_409' title='bbox 2708 2756 3265 2825; x_wconf 82' lang='lat' dir='ltr'><strong>animadversionem;</strong></span> <span class='ocrx_word' id='word_1_410' title='bbox 3312 2757 3372 2812; x_wconf 90' lang='lat' dir='ltr'><strong>in</strong></span> 
     </span>
    </p>
   </div>
   <div class='ocr_carea' id='block_1_59' title="bbox 1788 2848 3375 2920">
    <p class='ocr_par' dir='ltr' id='par_1_59' title="bbox 1788 2848 3375 2920">
     <span class='ocr_line' id='line_1_59' title="bbox 1788 2848 3375 2920; baseline 0.002 -18"><span class='ocrx_word' id='word_1_411' title='bbox 1788 2862 2020 2917; x_wconf 88' lang='lat' dir='ltr'><strong>corpore</strong></span> <span class='ocrx_word' id='word_1_412' title='bbox 2046 2855 2231 2903; x_wconf 91' lang='lat' dir='ltr'><strong>autem</strong></span> <span class='ocrx_word' id='word_1_413' title='bbox 2258 2848 2475 2904; x_wconf 85' lang='lat' dir='ltr'><strong>donasti</strong></span> <span class='ocrx_word' id='word_1_414' title='bbox 2518 2850 2930 2920; x_wconf 86' lang='lat' dir='ltr'><strong>quinquertium</strong></span> <span class='ocrx_word' id='word_1_415' title='bbox 2966 2865 3227 2907; x_wconf 90' lang='lat' dir='ltr'><strong>sensuum</strong></span> <span class='ocrx_word' id='word_1_416' title='bbox 3287 2862 3375 2905; x_wconf 88' lang='lat' dir='ltr'><strong>at-</strong></span> 
     </span>
    </p>
   </div>
   <div class='ocr_carea' id='block_1_60' title="bbox 1787 2941 3374 3013">
    <p class='ocr_par' dir='ltr' id='par_1_60' title="bbox 1787 2941 3374 3013">
     <span class='ocr_line' id='line_1_60' title="bbox 1787 2941 3374 3013; baseline 0.002 -19"><span class='ocrx_word' id='word_1_417' title='bbox 1787 2955 1894 3009; x_wconf 92' lang='lat' dir='ltr'><strong>que</strong></span> <span class='ocrx_word' id='word_1_418' title='bbox 1930 2950 2132 2994; x_wconf 90' lang='lat' dir='ltr'><strong>motum</strong></span> <span class='ocrx_word' id='word_1_419' title='bbox 2170 2942 2601 3012; x_wconf 86' lang='lat' dir='ltr'><strong>progressivum.</strong></span> <span class='ocrx_word' id='word_1_420' title='bbox 2642 2941 2724 2997; x_wconf 91' lang='lat' dir='ltr'><strong>Tu</strong></span> <span class='ocrx_word' id='word_1_421' title='bbox 2764 2958 3024 3013; x_wconf 86' lang='lat' dir='ltr'><strong>namque,</strong></span> <span class='ocrx_word' id='word_1_422' title='bbox 3068 2942 3213 2999; x_wconf 90' lang='lat' dir='ltr'><strong>Deus</strong></span> <span class='ocrx_word' id='word_1_423' title='bbox 3254 2958 3374 2999; x_wconf 79' lang='lat' dir='ltr'><strong>om-</strong></span> 
     </span>
    </p>
   </div>
   <div class='ocr_carea' id='block_1_61' title="bbox 1786 3032 3370 3103">
    <p class='ocr_par' dir='ltr' id='par_1_61' title="bbox 1786 3032 3370 3103">
     <span class='ocr_line' id='line_1_61' title="bbox 1786 3032 3370 3103; baseline 0.004 -18"><span class='ocrx_word' id='word_1_424' title='bbox 1786 3032 2079 3101; x_wconf 86' lang='lat' dir='ltr'><strong>nipotens,</strong></span> <span class='ocrx_word' id='word_1_425' title='bbox 2134 3048 2232 3103; x_wconf 90' lang='lat' dir='ltr'><strong>per</strong></span> <span class='ocrx_word' id='word_1_426' title='bbox 2280 3033 2600 3099; x_wconf 87' lang='lat' dir='ltr'><strong>Christum,</strong></span> <span class='ocrx_word' id='word_1_427' title='bbox 2639 3034 2696 3090; x_wconf 93' lang='lat' dir='ltr'><strong>in</strong></span> <span class='ocrx_word' id='word_1_428' title='bbox 2759 3035 2943 3091; x_wconf 89' lang='lat' dir='ltr'><strong>Edene</strong></span> <span class='ocrx_word' id='word_1_429' title='bbox 2984 3035 3050 3090; x_wconf 90' lang='lat' dir='ltr'><strong>ad</strong></span> <span class='ocrx_word' id='word_1_430' title='bbox 3101 3038 3370 3092; x_wconf 83' lang='lat' dir='ltr'><strong>orientem</strong></span> 
     </span>
    </p>
   </div>
   <div class='ocr_carea' id='block_1_62' title="bbox 106 3124 1706 3213">
    <p class='ocr_par' dir='ltr' id='par_1_62' title="bbox 106 3136 1685 3213">
     <span class='ocr_line' id='line_1_62' title="bbox 106 3136 1685 3213; baseline 0.004 -24"><span class='ocrx_word' id='word_1_431' title='bbox 106 3136 338 3209; x_wconf 73' lang='grc' dir='ltr'>ϐατικὴν</span> <span class='ocrx_word' id='word_1_432' title='bbox 398 3137 630 3209; x_wconf 84' lang='grc' dir='ltr'>κίνησιν.</span> <span class='ocrx_word' id='word_1_433' title='bbox 684 3137 757 3192; x_wconf 81' lang='grc' dir='ltr'><strong>Σὺ</strong></span> <span class='ocrx_word' id='word_1_434' title='bbox 804 3138 942 3210; x_wconf 84' lang='grc' dir='ltr'>γὰρ,</span> <span class='ocrx_word' id='word_1_435' title='bbox 992 3139 1092 3193; x_wconf 81' lang='grc' dir='ltr'>Θεὲ</span> <span class='ocrx_word' id='word_1_436' title='bbox 1142 3140 1549 3213; x_wconf 85' lang='grc' dir='ltr'>παντόκρατορ,</span> <span class='ocrx_word' id='word_1_437' title='bbox 1597 3138 1685 3195; x_wconf 81' lang='grc' dir='ltr'>διὰ</span> 
     </span>
    </p>
   </div>
   <div class='ocr_carea' id='block_1_63' title="bbox 1791 3124 3369 3213">
    <p class='ocr_par' dir='ltr' id='par_1_63' title="bbox 1791 3124 3369 3200">
     <span class='ocr_line' id='line_1_63' title="bbox 1791 3124 3369 3200; baseline 0.004 -22"><span class='ocrx_word' id='word_1_438' title='bbox 1791 3124 2044 3194; x_wconf 87' lang='lat' dir='ltr'><strong>plantasti</strong></span> <span class='ocrx_word' id='word_1_439' title='bbox 2082 3126 2397 3197; x_wconf 86' lang='lat' dir='ltr'><strong>paradisum</strong></span> <span class='ocrx_word' id='word_1_440' title='bbox 2418 3128 2486 3194; x_wconf 82' lang='lat'><strong>”,</strong></span> <span class='ocrx_word' id='word_1_441' title='bbox 2518 3130 2668 3183; x_wconf 89' lang='lat' dir='ltr'><strong>omni</strong></span> <span class='ocrx_word' id='word_1_442' title='bbox 2717 3144 2915 3200; x_wconf 79' lang='lat' dir='ltr'><strong>genere</strong></span> <span class='ocrx_word' id='word_1_443' title='bbox 2957 3130 3369 3185; x_wconf 84' lang='lat' dir='ltr'><strong>esculentarum</strong></span> 
     </span>
    </p>
   </div>
   <div class='ocr_carea' id='block_1_64' title="bbox 106 3218 1706 3304">
    <p class='ocr_par' dir='ltr' id='par_1_64' title="bbox 106 3230 1685 3304">
     <span class='ocr_line' id='line_1_64' title="bbox 106 3230 1685 3304; baseline 0.001 -18"><span class='ocrx_word' id='word_1_444' title='bbox 106 3230 344 3303; x_wconf 79' lang='grc' dir='ltr'>Χριστοῦ</span> <span class='ocrx_word' id='word_1_445' title='bbox 377 3230 702 3302; x_wconf 78' lang='grc' dir='ltr'>παράδεισον</span> <span class='ocrx_word' id='word_1_446' title='bbox 730 3232 789 3284; x_wconf 83' lang='grc' dir='ltr'>ὲν</span> <span class='ocrx_word' id='word_1_447' title='bbox 824 3232 980 3304; x_wconf 85' lang='grc' dir='ltr'>Ἐδὲμ</span> <span class='ocrx_word' id='word_1_448' title='bbox 1011 3234 1149 3286; x_wconf 85' lang='grc' dir='ltr'><strong>κατά</strong></span> <span class='ocrx_word' id='word_1_449' title='bbox 1176 3234 1437 3298; x_wconf 83' lang='grc' dir='ltr'>ἀνατολὰς</span> <span class='ocrx_word' id='word_1_450' title='bbox 1467 3234 1685 3303; x_wconf 74' lang='grc' dir='ltr'>ἐφύτευ-</span> 
     </span>
    </p>
   </div>
   <div class='ocr_carea' id='block_1_65' title="bbox 1791 3218 3370 3304">
    <p class='ocr_par' dir='ltr' id='par_1_65' title="bbox 1791 3218 3370 3294">
     <span class='ocr_line' id='line_1_65' title="bbox 1791 3218 3370 3294; baseline 0.004 -23"><span class='ocrx_word' id='word_1_451' title='bbox 1791 3218 2099 3288; x_wconf 89' lang='lat' dir='ltr'><strong>plantarum</strong></span> <span class='ocrx_word' id='word_1_452' title='bbox 2144 3230 2431 3288; x_wconf 88' lang='lat' dir='ltr'><strong>ornatum,</strong></span> <span class='ocrx_word' id='word_1_453' title='bbox 2469 3229 2524 3277; x_wconf 93' lang='lat' dir='ltr'><strong>et</strong></span> <span class='ocrx_word' id='word_1_454' title='bbox 2556 3223 2612 3278; x_wconf 88' lang='lat' dir='ltr'><strong>in</strong></span> <span class='ocrx_word' id='word_1_455' title='bbox 2640 3238 2765 3279; x_wconf 90' lang='lat' dir='ltr'><strong>eum</strong></span> <span class='ocrx_word' id='word_1_456' title='bbox 2793 3230 3053 3294; x_wconf 87' lang='lat' dir='ltr'><strong>tanquam</strong></span> <span class='ocrx_word' id='word_1_457' title='bbox 3090 3224 3145 3278; x_wconf 90' lang='lat' dir='ltr'><strong>in</strong></span> <span class='ocrx_word' id='word_1_458' title='bbox 3176 3224 3370 3294; x_wconf 88' lang='lat' dir='ltr'><strong>opipa-</strong></span> 
     </span>
    </p>
   </div>
   <div class='ocr_carea' id='block_1_66' title="bbox 106 3312 1706 3401">
    <p class='ocr_par' dir='ltr' id='par_1_66' title="bbox 106 3322 1684 3401">
     <span class='ocr_line' id='line_1_66' title="bbox 106 3322 1684 3401; baseline 0.004 -26"><span class='ocrx_word' id='word_1_459' title='bbox 106 3340 226 3387; x_wconf 86' lang='grc' dir='ltr'>σας,</span> <span class='ocrx_word' id='word_1_460' title='bbox 271 3323 539 3376; x_wconf 83' lang='grc' dir='ltr'>παντοίων</span> <span class='ocrx_word' id='word_1_461' title='bbox 582 3322 855 3395; x_wconf 78' lang='grc' dir='ltr'>ἐδωδίμων</span> <span class='ocrx_word' id='word_1_462' title='bbox 904 3325 1116 3397; x_wconf 85' lang='grc' dir='ltr'>κόσμῳ,</span> <span class='ocrx_word' id='word_1_463' title='bbox 1159 3326 1253 3379; x_wconf 55' lang='grc' dir='ltr'><strong>καὶ⁸</strong></span> <span class='ocrx_word' id='word_1_464' title='bbox 1307 3326 1365 3379; x_wconf 83' lang='grc' dir='ltr'><strong>ὲν</strong></span> <span class='ocrx_word' id='word_1_465' title='bbox 1413 3325 1562 3401; x_wconf 86' lang='grc' dir='ltr'>αύτῷ</span> <span class='ocrx_word' id='word_1_466' title='bbox 1606 3325 1684 3391; x_wconf 84' lang='grc' dir='ltr'>ὡς</span> 
     </span>
    </p>
   </div>
   <div class='ocr_carea' id='block_1_67' title="bbox 1791 3312 3367 3401">
    <p class='ocr_par' dir='ltr' id='par_1_67' title="bbox 1791 3312 3367 3387">
     <span class='ocr_line' id='line_1_67' title="bbox 1791 3312 3367 3387; baseline 0.004 -21"><span class='ocrx_word' id='word_1_467' title='bbox 1791 3326 1903 3367; x_wconf 90' lang='lat' dir='ltr'><strong>ram</strong></span> <span class='ocrx_word' id='word_1_468' title='bbox 1945 3312 2167 3368; x_wconf 90' lang='lat' dir='ltr'><strong>domum</strong></span> <span class='ocrx_word' id='word_1_469' title='bbox 2202 3313 2467 3369; x_wconf 79' lang='lat' dir='ltr'><strong>induxisti</strong></span> <span class='ocrx_word' id='word_1_470' title='bbox 2503 3315 2805 3384; x_wconf 86' lang='lat' dir='ltr'><strong>hominem;</strong></span> <span class='ocrx_word' id='word_1_471' title='bbox 2848 3333 3040 3387; x_wconf 87' lang='lat' dir='ltr'><strong>quem,</strong></span> <span class='ocrx_word' id='word_1_472' title='bbox 3073 3332 3199 3373; x_wconf 90' lang='lat' dir='ltr'><strong>cum</strong></span> <span class='ocrx_word' id='word_1_473' title='bbox 3248 3318 3367 3372; x_wconf 72' lang='lat' dir='ltr'><strong>elli-</strong></span> 
     </span>
    </p>
   </div>
   <div class='ocr_carea' id='block_1_68' title="bbox 104 3407 1706 3492">
    <p class='ocr_par' dir='ltr' id='par_1_68' title="bbox 104 3416 1681 3492">
     <span class='ocr_line' id='line_1_68' title="bbox 104 3416 1681 3492; baseline 0.003 -24"><span class='ocrx_word' id='word_1_474' title='bbox 104 3416 170 3469; x_wconf 81' lang='grc' dir='ltr'><strong>ἂν</strong></span> <span class='ocrx_word' id='word_1_475' title='bbox 216 3418 275 3469; x_wconf 81' lang='grc' dir='ltr'>ὲν</span> <span class='ocrx_word' id='word_1_476' title='bbox 325 3416 479 3488; x_wconf 71' lang='grc' dir='ltr'>ἑστίᾳ</span> <span class='ocrx_word' id='word_1_477' title='bbox 533 3417 813 3470; x_wconf 84' lang='grc' dir='ltr'>πολυτελεῖ</span> <span class='ocrx_word' id='word_1_478' title='bbox 868 3419 1158 3490; x_wconf 82' lang='grc' dir='ltr'>εἰσήγαγες</span> <span class='ocrx_word' id='word_1_479' title='bbox 1204 3418 1384 3472; x_wconf 76' lang='grc' dir='ltr'>αὐτόν’</span> <span class='ocrx_word' id='word_1_480' title='bbox 1440 3421 1547 3477; x_wconf 80' lang='grc' dir='ltr'><strong>κάν</strong></span> <span class='ocrx_word' id='word_1_481' title='bbox 1602 3420 1681 3492; x_wconf 83' lang='grc' dir='ltr'>τῷ</span> 
     </span>
    </p>
   </div>
   <div class='ocr_carea' id='block_1_69' title="bbox 1791 3407 3365 3492">
    <p class='ocr_par' dir='ltr' id='par_1_69' title="bbox 1791 3407 3365 3481">
     <span class='ocr_line' id='line_1_69' title="bbox 1791 3407 3365 3481; baseline 0.005 -21"><span class='ocrx_word' id='word_1_482' title='bbox 1791 3420 1960 3471; x_wconf 84' lang='lat' dir='ltr'><strong>ceres,</strong></span> <span class='ocrx_word' id='word_1_483' title='bbox 2006 3407 2125 3479; x_wconf 89' lang='lat' dir='ltr'><strong>lege</strong></span> <span class='ocrx_word' id='word_1_484' title='bbox 2178 3409 2421 3464; x_wconf 87' lang='lat' dir='ltr'><strong>naturali</strong></span> <span class='ocrx_word' id='word_1_485' title='bbox 2451 3424 2516 3465; x_wconf 89' lang='lat' dir='ltr'><strong>ac</strong></span> <span class='ocrx_word' id='word_1_486' title='bbox 2560 3410 2724 3465; x_wconf 88' lang='lat' dir='ltr'><strong>insita</strong></span> <span class='ocrx_word' id='word_1_487' title='bbox 2773 3409 3014 3475; x_wconf 86' lang='lat' dir='ltr'><strong>donasti,</strong></span> <span class='ocrx_word' id='word_1_488' title='bbox 3058 3426 3168 3481; x_wconf 91' lang='lat' dir='ltr'><strong>quo</strong></span> <span class='ocrx_word' id='word_1_489' title='bbox 3215 3410 3365 3468; x_wconf 85' lang='lat' dir='ltr'><strong>intus</strong></span> 
     </span>
    </p>
   </div>
   <div class='ocr_carea' id='block_1_70' title="bbox 102 3502 1706 3581">
    <p class='ocr_par' dir='ltr' id='par_1_70' title="bbox 102 3508 1680 3581">
     <span class='ocr_line' id='line_1_70' title="bbox 102 3508 1680 3581; baseline 0.003 -21"><span class='ocrx_word' id='word_1_490' title='bbox 102 3512 275 3561; x_wconf 85' lang='grc' dir='ltr'>ποιεῖν</span> <span class='ocrx_word' id='word_1_491' title='bbox 302 3509 467 3580; x_wconf 86' lang='grc' dir='ltr'>νόμον</span> <span class='ocrx_word' id='word_1_492' title='bbox 503 3508 741 3572; x_wconf 78' lang='grc' dir='ltr'>δέδωκας</span> <span class='ocrx_word' id='word_1_493' title='bbox 780 3510 930 3581; x_wconf 81' lang='grc' dir='ltr'>αὐτῷ</span> <span class='ocrx_word' id='word_1_494' title='bbox 976 3510 1236 3581; x_wconf 74' lang='grc' dir='ltr'>ἔμφυτον,</span> <span class='ocrx_word' id='word_1_495' title='bbox 1274 3511 1422 3575; x_wconf 82' lang='grc' dir='ltr'>ὅπως</span> <span class='ocrx_word' id='word_1_496' title='bbox 1470 3511 1680 3566; x_wconf 80' lang='grc' dir='ltr'>οἴκοθεν</span> 
     </span>
    </p>
   </div>
   <div class='ocr_carea' id='block_1_71' title="bbox 1791 3502 3361 3581">
    <p class='ocr_par' dir='ltr' id='par_1_71' title="bbox 1791 3502 3361 3574">
     <span class='ocr_line' id='line_1_71' title="bbox 1791 3502 3361 3574; baseline 0.004 -20"><span class='ocrx_word' id='word_1_497' title='bbox 1791 3514 1847 3555; x_wconf 80' lang='lat' dir='ltr'><strong>ac</strong></span> <span class='ocrx_word' id='word_1_498' title='bbox 1873 3516 1938 3555; x_wconf 79' lang='lat' dir='ltr'><strong>ex</strong></span> <span class='ocrx_word' id='word_1_499' title='bbox 1971 3516 2031 3557; x_wconf 91' lang='lat' dir='ltr'><strong>se</strong></span> <span class='ocrx_word' id='word_1_500' title='bbox 2075 3502 2301 3559; x_wconf 89' lang='lat' dir='ltr'><strong>haberet</strong></span> <span class='ocrx_word' id='word_1_501' title='bbox 2330 3503 2661 3574; x_wconf 80' lang='lat' dir='ltr'><strong>cognitionis</strong></span> <span class='ocrx_word' id='word_1_502' title='bbox 2691 3503 2786 3559; x_wconf 89' lang='lat' dir='ltr'><strong>Dei</strong></span> <span class='ocrx_word' id='word_1_503' title='bbox 2831 3505 3063 3560; x_wconf 88' lang='lat' dir='ltr'><strong>semina.</strong></span> <span class='ocrx_word' id='word_1_504' title='bbox 3094 3503 3361 3560; x_wconf 80' lang='lat' dir='ltr'><strong>Introdu-</strong></span> 
     </span>
    </p>
   </div>
   <div class='ocr_carea' id='block_1_72' title="bbox 102 3601 1674 3676">
    <p class='ocr_par' dir='ltr' id='par_1_72' title="bbox 102 3601 1674 3676">
     <span class='ocr_line' id='line_1_72' title="bbox 102 3601 1674 3676; baseline 0.003 -23"><span class='ocrx_word' id='word_1_505' title='bbox 102 3602 189 3653; x_wconf 77' lang='grc' dir='ltr'>καὶ</span> <span class='ocrx_word' id='word_1_506' title='bbox 219 3603 350 3672; x_wconf 86' lang='grc' dir='ltr'>παρ’</span> <span class='ocrx_word' id='word_1_507' title='bbox 382 3601 573 3654; x_wconf 78' lang='grc' dir='ltr'>ἑαυτοῦ</span> <span class='ocrx_word' id='word_1_508' title='bbox 610 3601 719 3672; x_wconf 79' lang='grc' dir='ltr'>ἔχοι</span> <span class='ocrx_word' id='word_1_509' title='bbox 748 3602 816 3655; x_wconf 82' lang='grc' dir='ltr'><strong>τά</strong></span> <span class='ocrx_word' id='word_1_510' title='bbox 861 3603 1151 3675; x_wconf 84' lang='grc' dir='ltr'>σπέρματα</span> <span class='ocrx_word' id='word_1_511' title='bbox 1196 3604 1295 3676; x_wconf 82' lang='grc' dir='ltr'>τῆς</span> <span class='ocrx_word' id='word_1_512' title='bbox 1329 3604 1674 3673; x_wconf 85' lang='grc' dir='ltr'>θεογνωσίας.</span> 
     </span>
    </p>
   </div>
   <div class='ocr_carea' id='block_1_73' title="bbox 101 3678 1676 3767">
    <p class='ocr_par' dir='ltr' id='par_1_73' title="bbox 101 3678 1676 3767">
     <span class='ocr_line' id='line_1_73' title="bbox 101 3678 1676 3767; baseline 0.003 -22"><span class='ocrx_word' id='word_1_513' title='bbox 101 3693 420 3762; x_wconf 80' lang='grc' dir='ltr'>Εἱσαγαγὼν</span> <span class='ocrx_word' id='word_1_514' title='bbox 449 3693 505 3746; x_wconf 79' lang='grc' dir='ltr'>δὲ</span> <span class='ocrx_word' id='word_1_515' title='bbox 535 3695 613 3758; x_wconf 85' lang='grc' dir='ltr'><strong>είς</strong></span> <span class='ocrx_word' id='word_1_516' title='bbox 648 3695 739 3748; x_wconf 76' lang='grc' dir='ltr'><strong>τὸν</strong></span> <span class='ocrx_word' id='word_1_517' title='bbox 770 3695 868 3767; x_wconf 84' lang='grc' dir='ltr'>τῆς</span> <span class='ocrx_word' id='word_1_518' title='bbox 904 3678 1115 3767; x_wconf 81' lang='grc' dir='ltr'>τρυφῆς</span> <span class='ocrx_word' id='word_1_519' title='bbox 1153 3696 1503 3767; x_wconf 82' lang='grc' dir='ltr'>παράδεισον,</span> <span class='ocrx_word' id='word_1_520' title='bbox 1536 3696 1676 3750; x_wconf 88' lang='grc' dir='ltr'>πάν-</span> 
     </span>
    </p>
   </div>
   <div class='ocr_carea' id='block_1_74' title="bbox 96 3774 1673 3861">
    <p class='ocr_par' dir='ltr' id='par_1_74' title="bbox 96 3774 1673 3861">
     <span class='ocr_line' id='line_1_74' title="bbox 96 3774 1673 3861; baseline 0.004 -25"><span class='ocrx_word' id='word_1_521' title='bbox 96 3800 199 3837; x_wconf 83' lang='grc' dir='ltr'><strong>των</strong></span> <span class='ocrx_word' id='word_1_522' title='bbox 241 3787 340 3856; x_wconf 80' lang='grc' dir='ltr'><strong>μὲν</strong></span> <span class='ocrx_word' id='word_1_523' title='bbox 375 3774 593 3857; x_wconf 48' lang='grc' dir='ltr'>’ἀνῆκας</span> <span class='ocrx_word' id='word_1_524' title='bbox 630 3787 778 3858; x_wconf 80' lang='grc' dir='ltr'>αὐτῷ</span> <span class='ocrx_word' id='word_1_525' title='bbox 821 3788 921 3860; x_wconf 82' lang='grc' dir='ltr'>τὴν</span> <span class='ocrx_word' id='word_1_526' title='bbox 960 3787 1205 3852; x_wconf 78' lang='grc' dir='ltr'>ἐξουσίαν</span> <span class='ocrx_word' id='word_1_527' title='bbox 1246 3790 1386 3860; x_wconf 82' lang='grc' dir='ltr'>πρὸς</span> <span class='ocrx_word' id='word_1_528' title='bbox 1435 3789 1673 3861; x_wconf 84' lang='grc' dir='ltr'>μετάλη-</span> 
     </span>
    </p>
   </div>
   <div class='ocr_carea' id='block_1_75' title="bbox 94 3875 1673 3952">
    <p class='ocr_par' dir='ltr' id='par_1_75' title="bbox 94 3875 1673 3952">
     <span class='ocr_line' id='line_1_75' title="bbox 94 3875 1673 3952; baseline 0.005 -25"><span class='ocrx_word' id='word_1_529' title='bbox 94 3875 205 3944; x_wconf 59' lang='grc' dir='ltr'>ψιν,</span> <span class='ocrx_word' id='word_1_530' title='bbox 240 3877 360 3938; x_wconf 77' lang='grc' dir='ltr'>ἑνὸς</span> <span class='ocrx_word' id='word_1_531' title='bbox 395 3878 453 3931; x_wconf 76' lang='grc' dir='ltr'>δὲ</span> <span class='ocrx_word' id='word_1_532' title='bbox 493 3879 653 3949; x_wconf 85' lang='grc' dir='ltr'>μόνου</span> <span class='ocrx_word' id='word_1_533' title='bbox 690 3879 790 3952; x_wconf 80' lang='grc' dir='ltr'><strong>τὴν</strong></span> <span class='ocrx_word' id='word_1_534' title='bbox 839 3878 1029 3949; x_wconf 85' lang='grc' dir='ltr'>γεῦσιν</span> <span class='ocrx_word' id='word_1_535' title='bbox 1069 3880 1310 3943; x_wconf 86' lang='grc' dir='ltr'>ἀπεῖπας</span> <span class='ocrx_word' id='word_1_536' title='bbox 1358 3881 1445 3934; x_wconf 81' lang='grc' dir='ltr'><strong>ἐπ’</strong></span> <span class='ocrx_word' id='word_1_537' title='bbox 1499 3881 1673 3936; x_wconf 78' lang='grc' dir='ltr'>ἑλπίδι</span> 
     </span>
    </p>
   </div>
   <div class='ocr_carea' id='block_1_76' title="bbox 93 3969 1673 4044">
    <p class='ocr_par' dir='ltr' id='par_1_76' title="bbox 93 3969 1673 4044">
     <span class='ocr_line' id='line_1_76' title="bbox 93 3969 1673 4044; baseline 0.004 -25"><span class='ocrx_word' id='word_1_538' title='bbox 93 3969 455 4039; x_wconf 80' lang='grc' dir='ltr'>κρειττόνων,</span> <span class='ocrx_word' id='word_1_539' title='bbox 501 3971 608 4036; x_wconf 82' lang='grc' dir='ltr'>ἵνα,</span> <span class='ocrx_word' id='word_1_540' title='bbox 635 3971 729 4024; x_wconf 84' lang='grc' dir='ltr'><strong>ὲάν</strong></span> <span class='ocrx_word' id='word_1_541' title='bbox 782 3972 989 4044; x_wconf 78' lang='grc' dir='ltr'>φυλάξῃ</span> <span class='ocrx_word' id='word_1_542' title='bbox 1037 3973 1135 4044; x_wconf 83' lang='grc' dir='ltr'>τὴν</span> <span class='ocrx_word' id='word_1_543' title='bbox 1180 3972 1429 4044; x_wconf 76' lang='grc' dir='ltr'>ἐντολὴν,</span> <span class='ocrx_word' id='word_1_544' title='bbox 1478 3973 1673 4044; x_wconf 83' lang='grc' dir='ltr'>μισθὸν</span> 
     </span>
    </p>
   </div>
   <div class='ocr_carea' id='block_1_77' title="bbox 94 4062 1671 4137">
    <p class='ocr_par' dir='ltr' id='par_1_77' title="bbox 94 4062 1671 4137">
     <span class='ocr_line' id='line_1_77' title="bbox 94 4062 1671 4137; baseline 0.004 -24"><span class='ocrx_word' id='word_1_545' title='bbox 94 4062 293 4129; x_wconf 80' lang='grc' dir='ltr'>ταύτης</span> <span class='ocrx_word' id='word_1_546' title='bbox 343 4062 444 4134; x_wconf 79' lang='grc' dir='ltr'><strong>τὴν</strong></span> <span class='ocrx_word' id='word_1_547' title='bbox 484 4062 779 4117; x_wconf 86' lang='grc' dir='ltr'>ἀθανασίαν</span> <span class='ocrx_word' id='word_1_548' title='bbox 828 4065 1139 4136; x_wconf 84' lang='grc' dir='ltr'>κομίσηται.</span> <span class='ocrx_word' id='word_1_549' title='bbox 1196 4064 1567 4137; x_wconf 83' lang='grc' dir='ltr'>Ἀμελήσαντα</span> <span class='ocrx_word' id='word_1_550' title='bbox 1614 4065 1671 4119; x_wconf 77' lang='grc' dir='ltr'><strong>δὲ</strong></span> 
     </span>
    </p>
   </div>
   <div class='ocr_carea' id='block_1_78' title="bbox 91 4153 1668 4231">
    <p class='ocr_par' dir='ltr' id='par_1_78' title="bbox 91 4153 1668 4231">
     <span class='ocr_line' id='line_1_78' title="bbox 91 4153 1668 4231; baseline 0.005 -27"><span class='ocrx_word' id='word_1_551' title='bbox 91 4154 188 4224; x_wconf 84' lang='grc' dir='ltr'>τῆς</span> <span class='ocrx_word' id='word_1_552' title='bbox 221 4153 463 4225; x_wconf 76' lang='grc' dir='ltr'>ἐντολῆς,</span> <span class='ocrx_word' id='word_1_553' title='bbox 490 4154 583 4208; x_wconf 74' lang='grc' dir='ltr'><strong>καὶ</strong></span> <span class='ocrx_word' id='word_1_554' title='bbox 612 4155 944 4227; x_wconf 87' lang='grc' dir='ltr'>γευσάμενον</span> <span class='ocrx_word' id='word_1_555' title='bbox 973 4157 1420 4229; x_wconf 86' lang='grc' dir='ltr'>ἀπηγορευμένου</span> <span class='ocrx_word' id='word_1_556' title='bbox 1452 4157 1668 4231; x_wconf 80' lang='grc' dir='ltr'>καρποῦ</span> 
     </span>
    </p>
   </div>
   <div class='ocr_carea' id='block_1_79' title="bbox 89 4245 1668 4324">
    <p class='ocr_par' dir='ltr' id='par_1_79' title="bbox 89 4245 1668 4324">
     <span class='ocr_line' id='line_1_79' title="bbox 89 4245 1668 4324; baseline 0.006 -26"><span class='ocrx_word' id='word_1_557' title='bbox 89 4246 268 4318; x_wconf 77' lang='grc' dir='ltr'>ἀπάτῃ</span> <span class='ocrx_word' id='word_1_558' title='bbox 317 4245 495 4316; x_wconf 63' lang='grc' dir='ltr'>ὄφεως</span> <span class='ocrx_word' id='word_1_559' title='bbox 527 4250 619 4302; x_wconf 78' lang='grc' dir='ltr'><strong>καὶ</strong></span> <span class='ocrx_word' id='word_1_560' title='bbox 650 4250 948 4322; x_wconf 78' lang='grc' dir='ltr'>συμϐουλίᾳ</span> <span class='ocrx_word' id='word_1_561' title='bbox 992 4253 1270 4321; x_wconf 85' lang='grc' dir='ltr'>γυναικὸς,</span> <span class='ocrx_word' id='word_1_562' title='bbox 1303 4251 1397 4305; x_wconf 91' lang='grc' dir='ltr'><strong>τοῦ</strong></span> <span class='ocrx_word' id='word_1_563' title='bbox 1437 4254 1535 4324; x_wconf 86' lang='grc' dir='ltr'>μὲν</span> <span class='ocrx_word' id='word_1_564' title='bbox 1564 4273 1668 4307; x_wconf 87' lang='grc' dir='ltr'>πα-</span> 
     </span>
    </p>
   </div>
   <div class='ocr_carea' id='block_1_80' title="bbox 90 4340 1667 4417">
    <p class='ocr_par' dir='ltr' id='par_1_80' title="bbox 90 4340 1667 4417">
     <span class='ocr_line' id='line_1_80' title="bbox 90 4340 1667 4417; baseline 0.006 -27"><span class='ocrx_word' id='word_1_565' title='bbox 90 4340 333 4409; x_wconf 81' lang='grc' dir='ltr'>ραδείσου</span> <span class='ocrx_word' id='word_1_566' title='bbox 359 4340 582 4404; x_wconf 86' lang='grc' dir='ltr'>δικαίως</span> <span class='ocrx_word' id='word_1_567' title='bbox 608 4340 813 4407; x_wconf 78' lang='grc' dir='ltr'>ἐξωσας</span> <span class='ocrx_word' id='word_1_568' title='bbox 844 4344 1026 4407; x_wconf 78' lang='grc' dir='ltr'>αὑτὸν,</span> <span class='ocrx_word' id='word_1_569' title='bbox 1065 4344 1361 4417; x_wconf 83' lang='grc' dir='ltr'>ἀγαθότητι</span> <span class='ocrx_word' id='word_1_570' title='bbox 1396 4346 1453 4399; x_wconf 84' lang='grc' dir='ltr'>δὲ</span> <span class='ocrx_word' id='word_1_571' title='bbox 1499 4347 1580 4410; x_wconf 86' lang='grc' dir='ltr'><strong>είς</strong></span> <span class='ocrx_word' id='word_1_572' title='bbox 1604 4346 1667 4401; x_wconf 82' lang='grc' dir='ltr'>τὸ</span> 
     </span>
    </p>
   </div>
   <div class='ocr_carea' id='block_1_81' title="bbox 1779 3597 3361 3670">
    <p class='ocr_par' dir='ltr' id='par_1_81' title="bbox 1779 3597 3361 3670">
     <span class='ocr_line' id='line_1_81' title="bbox 1779 3597 3361 3670; baseline 0.003 -21"><span class='ocrx_word' id='word_1_573' title='bbox 1779 3610 1910 3651; x_wconf 89' lang='lat' dir='ltr'><strong>cens</strong></span> <span class='ocrx_word' id='word_1_574' title='bbox 1943 3604 2123 3652; x_wconf 90' lang='lat' dir='ltr'><strong>autem</strong></span> <span class='ocrx_word' id='word_1_575' title='bbox 2152 3614 2279 3652; x_wconf 90' lang='lat' dir='ltr'><strong>eum</strong></span> <span class='ocrx_word' id='word_1_576' title='bbox 2309 3597 2362 3652; x_wconf 88' lang='lat' dir='ltr'><strong>in</strong></span> <span class='ocrx_word' id='word_1_577' title='bbox 2395 3597 2709 3668; x_wconf 84' lang='lat' dir='ltr'><strong>paradisum</strong></span> <span class='ocrx_word' id='word_1_578' title='bbox 2735 3598 3081 3664; x_wconf 88' lang='lat' dir='ltr'><strong>deliciarum,</strong></span> <span class='ocrx_word' id='word_1_579' title='bbox 3117 3606 3361 3670; x_wconf 88' lang='lat' dir='ltr'><strong>potesta-</strong></span> 
     </span>
    </p>
   </div>
   <div class='ocr_carea' id='block_1_82' title="bbox 1778 3691 3354 3763">
    <p class='ocr_par' dir='ltr' id='par_1_82' title="bbox 1778 3691 3354 3763">
     <span class='ocr_line' id='line_1_82' title="bbox 1778 3691 3354 3763; baseline 0 -15"><span class='ocrx_word' id='word_1_580' title='bbox 1778 3700 1887 3748; x_wconf 86' lang='lat' dir='ltr'><strong>tem</strong></span> <span class='ocrx_word' id='word_1_581' title='bbox 1915 3692 2135 3763; x_wconf 90' lang='lat' dir='ltr'><strong>quidem</strong></span> <span class='ocrx_word' id='word_1_582' title='bbox 2167 3694 2411 3748; x_wconf 90' lang='lat' dir='ltr'><strong>omnium</strong></span> <span class='ocrx_word' id='word_1_583' title='bbox 2438 3691 2506 3746; x_wconf 91' lang='lat' dir='ltr'><strong>ad</strong></span> <span class='ocrx_word' id='word_1_584' title='bbox 2540 3691 2981 3763; x_wconf 87' lang='lat' dir='ltr'><strong>participandum</strong></span> <span class='ocrx_word' id='word_1_585' title='bbox 3008 3692 3354 3762; x_wconf 83' lang='lat' dir='ltr'><strong>concessisti,</strong></span> 
     </span>
    </p>
   </div>
   <div class='ocr_carea' id='block_1_83' title="bbox 1778 3784 3355 3856">
    <p class='ocr_par' dir='ltr' id='par_1_83' title="bbox 1778 3784 3355 3856">
     <span class='ocr_line' id='line_1_83' title="bbox 1778 3784 3355 3856; baseline -0.001 -15"><span class='ocrx_word' id='word_1_586' title='bbox 1778 3785 1941 3841; x_wconf 91' lang='lat' dir='ltr'><strong>unius</strong></span> <span class='ocrx_word' id='word_1_587' title='bbox 1976 3800 2107 3839; x_wconf 83' lang='lat' dir='ltr'><strong>vero</strong></span> <span class='ocrx_word' id='word_1_588' title='bbox 2139 3785 2311 3841; x_wconf 80' lang='lat' dir='ltr'><strong>solius</strong></span> <span class='ocrx_word' id='word_1_589' title='bbox 2348 3792 2623 3855; x_wconf 76' lang='lat' dir='ltr'><strong>gustatum</strong></span> <span class='ocrx_word' id='word_1_590' title='bbox 2655 3784 2713 3838; x_wconf 89' lang='lat' dir='ltr'><strong>in</strong></span> <span class='ocrx_word' id='word_1_591' title='bbox 2747 3799 2899 3856; x_wconf 86' lang='lat' dir='ltr'><strong>spem</strong></span> <span class='ocrx_word' id='word_1_592' title='bbox 2947 3785 3234 3838; x_wconf 90' lang='lat' dir='ltr'><strong>meliorum</strong></span> <span class='ocrx_word' id='word_1_593' title='bbox 3267 3800 3355 3840; x_wconf 84' lang='lat' dir='ltr'><strong>re-</strong></span> 
     </span>
    </p>
   </div>
   <div class='ocr_carea' id='block_1_84' title="bbox 1775 3875 3352 3941">
    <p class='ocr_par' dir='ltr' id='par_1_84' title="bbox 1775 3875 3352 3941">
     <span class='ocr_line' id='line_1_84' title="bbox 1775 3875 3352 3941; baseline 0.001 -10"><span class='ocrx_word' id='word_1_594' title='bbox 1775 3893 1896 3931; x_wconf 92' lang='lat' dir='ltr'><strong>rum</strong></span> <span class='ocrx_word' id='word_1_595' title='bbox 1925 3876 2278 3941; x_wconf 79' lang='lat' dir='ltr'><strong>interdixisti,</strong></span> <span class='ocrx_word' id='word_1_596' title='bbox 2311 3886 2371 3932; x_wconf 91' lang='lat' dir='ltr'><strong>ut</strong></span> <span class='ocrx_word' id='word_1_597' title='bbox 2402 3877 2449 3933; x_wconf 91' lang='lat' dir='ltr'><strong>si</strong></span> <span class='ocrx_word' id='word_1_598' title='bbox 2481 3875 2800 3931; x_wconf 89' lang='lat' dir='ltr'><strong>mandatum</strong></span> <span class='ocrx_word' id='word_1_599' title='bbox 2844 3875 3169 3941; x_wconf 90' lang='lat' dir='ltr'><strong>custodiret,</strong></span> <span class='ocrx_word' id='word_1_600' title='bbox 3203 3878 3352 3934; x_wconf 91' lang='lat' dir='ltr'><strong>illius</strong></span> 
     </span>
    </p>
   </div>
   <div class='ocr_carea' id='block_1_85' title="bbox 1774 3967 3355 4027">
    <p class='ocr_par' dir='ltr' id='par_1_85' title="bbox 1774 3967 3355 4027">
     <span class='ocr_line' id='line_1_85' title="bbox 1774 3967 3355 4027; baseline -0.003 0"><span class='ocrx_word' id='word_1_601' title='bbox 1774 3971 1974 4027; x_wconf 83' lang='lat' dir='ltr'><strong>servati</strong></span> <span class='ocrx_word' id='word_1_602' title='bbox 2011 3971 2314 4027; x_wconf 89' lang='lat' dir='ltr'><strong>mercedem</strong></span> <span class='ocrx_word' id='word_1_603' title='bbox 2351 3970 2517 4026; x_wconf 80' lang='lat' dir='ltr'><strong>ferret</strong></span> <span class='ocrx_word' id='word_1_604' title='bbox 2556 3969 3043 4024; x_wconf 85' lang='lat' dir='ltr'><strong>immortalitatem.</strong></span> <span class='ocrx_word' id='word_1_605' title='bbox 3075 3967 3213 4024; x_wconf 90' lang='lat' dir='ltr'><strong>Cum</strong></span> <span class='ocrx_word' id='word_1_606' title='bbox 3254 3986 3355 4024; x_wconf 78' lang='lat' dir='ltr'><strong>au—</strong></span> 
     </span>
    </p>
   </div>
   <div class='ocr_carea' id='block_1_86' title="bbox 1772 4062 3349 4135">
    <p class='ocr_par' dir='ltr' id='par_1_86' title="bbox 1772 4062 3349 4135">
     <span class='ocr_line' id='line_1_86' title="bbox 1772 4062 3349 4135; baseline -0.001 -17"><span class='ocrx_word' id='word_1_607' title='bbox 1772 4071 1879 4119; x_wconf 92' lang='lat' dir='ltr'><strong>tem</strong></span> <span class='ocrx_word' id='word_1_608' title='bbox 1914 4064 2232 4119; x_wconf 91' lang='lat' dir='ltr'><strong>mandatum</strong></span> <span class='ocrx_word' id='word_1_609' title='bbox 2263 4064 2523 4135; x_wconf 76' lang='lat' dir='ltr'><strong>neglexit,</strong></span> <span class='ocrx_word' id='word_1_610' title='bbox 2567 4072 2624 4119; x_wconf 91' lang='lat' dir='ltr'><strong>et</strong></span> <span class='ocrx_word' id='word_1_611' title='bbox 2662 4062 2857 4119; x_wconf 84' lang='lat' dir='ltr'><strong>fraude</strong></span> <span class='ocrx_word' id='word_1_612' title='bbox 2886 4064 3180 4133; x_wconf 89' lang='lat' dir='ltr'><strong>serpentis,</strong></span> <span class='ocrx_word' id='word_1_613' title='bbox 3225 4079 3349 4117; x_wconf 58' lang='lat' dir='ltr'><strong>mue</strong></span> 
     </span>
    </p>
   </div>
   <div class='ocr_carea' id='block_1_87' title="bbox 1770 4155 3348 4228">
    <p class='ocr_par' dir='ltr' id='par_1_87' title="bbox 1770 4155 3348 4228">
     <span class='ocr_line' id='line_1_87' title="bbox 1770 4155 3348 4228; baseline -0.001 -16"><span class='ocrx_word' id='word_1_614' title='bbox 1770 4157 2031 4227; x_wconf 86' lang='lat' dir='ltr'><strong>lierisque</strong></span> <span class='ocrx_word' id='word_1_615' title='bbox 2062 4158 2314 4223; x_wconf 90' lang='lat' dir='ltr'><strong>consilio,</strong></span> <span class='ocrx_word' id='word_1_616' title='bbox 2344 4156 2589 4228; x_wconf 83' lang='lat' dir='ltr'><strong>gustavit</strong></span> <span class='ocrx_word' id='word_1_617' title='bbox 2617 4156 2951 4227; x_wconf 89' lang='lat' dir='ltr'><strong>prohibitum</strong></span> <span class='ocrx_word' id='word_1_618' title='bbox 2982 4155 3247 4223; x_wconf 87' lang='lat' dir='ltr'><strong>lructum;</strong></span> <span class='ocrx_word' id='word_1_619' title='bbox 3281 4169 3348 4210; x_wconf 81' lang='lat' dir='ltr'><strong>ex</strong></span> 
     </span>
    </p>
   </div>
   <div class='ocr_carea' id='block_1_88' title="bbox 1769 4248 3350 4322">
    <p class='ocr_par' dir='ltr' id='par_1_88' title="bbox 1769 4248 3350 4322">
     <span class='ocr_line' id='line_1_88' title="bbox 1769 4248 3350 4322; baseline 0.001 -18"><span class='ocrx_word' id='word_1_620' title='bbox 1769 4251 2024 4322; x_wconf 88' lang='lat' dir='ltr'><strong>paradiso</strong></span> <span class='ocrx_word' id='word_1_621' title='bbox 2053 4250 2275 4321; x_wconf 90' lang='lat' dir='ltr'><strong>quidem</strong></span> <span class='ocrx_word' id='word_1_622' title='bbox 2318 4249 2468 4320; x_wconf 89' lang='lat' dir='ltr'><strong>juste</strong></span> <span class='ocrx_word' id='word_1_623' title='bbox 2518 4249 2673 4303; x_wconf 90' lang='lat' dir='ltr'><strong>illum</strong></span> <span class='ocrx_word' id='word_1_624' title='bbox 2703 4248 3057 4319; x_wconf 79' lang='lat' dir='ltr'><strong>expulisti&quot;,</strong></span> <span class='ocrx_word' id='word_1_625' title='bbox 3103 4248 3350 4306; x_wconf 86' lang='lat' dir='ltr'><strong>bonitate</strong></span> 
     </span>
    </p>
   </div>
   <div class='ocr_carea' id='block_1_89' title="bbox 1766 4340 3349 4412">
    <p class='ocr_par' dir='ltr' id='par_1_89' title="bbox 1766 4340 3349 4412">
     <span class='ocr_line' id='line_1_89' title="bbox 1766 4340 3349 4412; baseline -0.001 -13"><span class='ocrx_word' id='word_1_626' title='bbox 1766 4360 1895 4399; x_wconf 90' lang='lat' dir='ltr'><strong>vero</strong></span> <span class='ocrx_word' id='word_1_627' title='bbox 1923 4351 2039 4405; x_wconf 89' lang='lat' dir='ltr'><strong>tua,</strong></span> <span class='ocrx_word' id='word_1_628' title='bbox 2073 4342 2325 4399; x_wconf 77' lang='lat' dir='ltr'><strong>funditus</strong></span> <span class='ocrx_word' id='word_1_629' title='bbox 2357 4350 2675 4412; x_wconf 88' lang='lat' dir='ltr'><strong>pereuntem</strong></span> <span class='ocrx_word' id='word_1_630' title='bbox 2706 4356 2817 4396; x_wconf 90' lang='lat' dir='ltr'><strong>non</strong></span> <span class='ocrx_word' id='word_1_631' title='bbox 2859 4340 3159 4411; x_wconf 80' lang='lat' dir='ltr'><strong>despexisti</strong></span> <span class='ocrx_word' id='word_1_632' title='bbox 3185 4362 3198 4397; x_wconf 95' lang='lat'>:</span> <span class='ocrx_word' id='word_1_633' title='bbox 3229 4351 3349 4397; x_wconf 83' lang='lat' dir='ltr'><strong>erat</strong></span> 
     </span>
    </p>
   </div>
   <div class='ocr_carea' id='block_1_90' title="bbox 88 4432 1706 4527">
    <p class='ocr_par' dir='ltr' id='par_1_90' title="bbox 88 4432 1706 4527">
     <span class='ocr_line' id='line_1_90' title="bbox 88 4432 1706 4527; baseline 0.007 -45"><span class='ocrx_word' id='word_1_634' title='bbox 88 4432 341 4495; x_wconf 80' lang='grc' dir='ltr'>παντελὲς</span> <span class='ocrx_word' id='word_1_635' title='bbox 369 4432 737 4505; x_wconf 84' lang='grc' dir='ltr'>ἀπολλύμενον</span> <span class='ocrx_word' id='word_1_636' title='bbox 764 4436 862 4507; x_wconf 83' lang='grc' dir='ltr'><strong>οὑχ</strong></span> <span class='ocrx_word' id='word_1_637' title='bbox 892 4437 1188 4509; x_wconf 70' lang='grc' dir='ltr'>ὑπερεῖδες</span> <span class='ocrx_word' id='word_1_638' title='bbox 1225 4438 1314 4492; x_wconf 80' lang='grc' dir='ltr'>σὺν</span> <span class='ocrx_word' id='word_1_639' title='bbox 1340 4439 1449 4512; x_wconf 81' lang='grc' dir='ltr'><strong>γὰρ</strong></span> <span class='ocrx_word' id='word_1_640' title='bbox 1476 4434 1544 4512; x_wconf 78' lang='grc' dir='ltr'><strong>ἦν</strong></span> <span class='ocrx_word' id='word_1_641' title='bbox 1570 4440 1663 4512; x_wconf 82' lang='grc' dir='ltr'><strong>δη-</strong></span> <span class='ocrx_word' id='word_1_642' title='bbox 1692 4470 1706 4527; x_wconf 69' lang='grc'><strong>1</strong></span> 
     </span>
    </p>
   </div>
   <div class='ocr_carea' id='block_1_91' title="bbox 1791 4432 3346 4527">
    <p class='ocr_par' dir='ltr' id='par_1_91' title="bbox 1791 4432 3346 4506">
     <span class='ocr_line' id='line_1_91' title="bbox 1791 4432 3346 4506; baseline 0 -17"><span class='ocrx_word' id='word_1_643' title='bbox 1791 4437 1910 4491; x_wconf 78' lang='lat' dir='ltr'><strong>:nim</strong></span> <span class='ocrx_word' id='word_1_644' title='bbox 1937 4434 2218 4506; x_wconf 83' lang='lat' dir='ltr'><strong>opiﬁcium</strong></span> <span class='ocrx_word' id='word_1_645' title='bbox 2247 4443 2435 4502; x_wconf 89' lang='lat' dir='ltr'><strong>tuum;</strong></span> <span class='ocrx_word' id='word_1_646' title='bbox 2460 4432 2556 4490; x_wconf 88' lang='lat' dir='ltr'><strong>sed</strong></span> <span class='ocrx_word' id='word_1_647' title='bbox 2584 4433 2679 4504; x_wconf 88' lang='lat' dir='ltr'><strong>qui</strong></span> <span class='ocrx_word' id='word_1_648' title='bbox 2708 4432 2759 4490; x_wconf 92' lang='lat' dir='ltr'><strong>ei</strong></span> <span class='ocrx_word' id='word_1_649' title='bbox 2788 4434 3104 4505; x_wconf 87' lang='lat' dir='ltr'><strong>subjeceras</strong></span> <span class='ocrx_word' id='word_1_650' title='bbox 3127 4443 3346 4490; x_wconf 85' lang='lat' dir='ltr'><strong>creatu-</strong></span> 
     </span>
    </p>
   </div>
   <div class='ocr_carea' id='block_1_92' title="bbox 91 4523 1706 4603">
    <p class='ocr_par' dir='ltr' id='par_1_92' title="bbox 91 4523 1706 4603">
     <span class='ocr_line' id='line_1_92' title="bbox 91 4523 1706 4603; baseline 0.006 -27"><span class='ocrx_word' id='word_1_651' title='bbox 91 4523 420 4596; x_wconf 73' lang='grc' dir='ltr'>μιούργημαο</span> <span class='ocrx_word' id='word_1_652' title='bbox 467 4526 600 4580; x_wconf 81' lang='grc' dir='ltr'>ἀλλὰ</span> <span class='ocrx_word' id='word_1_653' title='bbox 640 4527 1015 4594; x_wconf 78' lang='grc' dir='ltr'>καθυποτάξας</span> <span class='ocrx_word' id='word_1_654' title='bbox 1040 4530 1187 4601; x_wconf 85' lang='grc' dir='ltr'>αύτῷ</span> <span class='ocrx_word' id='word_1_655' title='bbox 1219 4530 1320 4603; x_wconf 83' lang='grc' dir='ltr'><strong>τὴν</strong></span> <span class='ocrx_word' id='word_1_656' title='bbox 1350 4531 1543 4595; x_wconf 88' lang='grc' dir='ltr'>κτίσιν,</span> <span class='ocrx_word' id='word_1_657' title='bbox 1578 4532 1661 4586; x_wconf 83' lang='grc' dir='ltr'><strong>δέ-</strong></span> <span class='ocrx_word' id='word_1_658' title='bbox 1693 4523 1706 4527; x_wconf 60' lang='grc'><em>’</em></span> 
     </span>
    </p>
   </div>
   <div class='ocr_carea' id='block_1_93' title="bbox 1791 4523 3342 4603">
    <p class='ocr_par' dir='ltr' id='par_1_93' title="bbox 1791 4526 3342 4592">
     <span class='ocr_line' id='line_1_93' title="bbox 1791 4526 3342 4592; baseline -0.001 -10"><span class='ocrx_word' id='word_1_659' title='bbox 1791 4543 1913 4592; x_wconf 84' lang='lat' dir='ltr'><strong>am,</strong></span> <span class='ocrx_word' id='word_1_660' title='bbox 1956 4526 2156 4583; x_wconf 89' lang='lat' dir='ltr'><strong>dedisti</strong></span> <span class='ocrx_word' id='word_1_661' title='bbox 2206 4535 2265 4582; x_wconf 93' lang='lat' dir='ltr'><strong>ut</strong></span> <span class='ocrx_word' id='word_1_662' title='bbox 2311 4526 2428 4582; x_wconf 91' lang='lat' dir='ltr'><strong>suis</strong></span> <span class='ocrx_word' id='word_1_663' title='bbox 2481 4526 2779 4582; x_wconf 84' lang='lat' dir='ltr'><strong>sudoribus</strong></span> <span class='ocrx_word' id='word_1_664' title='bbox 2812 4541 2876 4581; x_wconf 90' lang='lat' dir='ltr'><strong>ac</strong></span> <span class='ocrx_word' id='word_1_665' title='bbox 2924 4527 3205 4582; x_wconf 89' lang='lat' dir='ltr'><strong>laboribus</strong></span> <span class='ocrx_word' id='word_1_666' title='bbox 3234 4526 3342 4581; x_wconf 82' lang='lat' dir='ltr'><strong>sibi</strong></span> 
     </span>
    </p>
   </div>
   <div class='ocr_carea' id='block_1_94' title="bbox 86 4616 1660 4696">
    <p class='ocr_par' dir='ltr' id='par_1_94' title="bbox 86 4616 1660 4696">
     <span class='ocr_line' id='line_1_94' title="bbox 86 4616 1660 4696; baseline 0.006 -27"><span class='ocrx_word' id='word_1_667' title='bbox 86 4616 254 4682; x_wconf 85' lang='grc' dir='ltr'>δωκας</span> <span class='ocrx_word' id='word_1_668' title='bbox 283 4618 433 4690; x_wconf 81' lang='grc' dir='ltr'>αύτῷ</span> <span class='ocrx_word' id='word_1_669' title='bbox 461 4620 679 4683; x_wconf 85' lang='grc' dir='ltr'>οἰκείοις</span> <span class='ocrx_word' id='word_1_670' title='bbox 715 4621 899 4693; x_wconf 78' lang='grc' dir='ltr'>ἱδρῶσι</span> <span class='ocrx_word' id='word_1_671' title='bbox 930 4624 1025 4676; x_wconf 72' lang='grc' dir='ltr'>καὶ</span> <span class='ocrx_word' id='word_1_672' title='bbox 1052 4623 1233 4688; x_wconf 88' lang='grc' dir='ltr'>πόνοις</span> <span class='ocrx_word' id='word_1_673' title='bbox 1260 4623 1502 4696; x_wconf 79' lang='grc' dir='ltr'>πορίζειν</span> <span class='ocrx_word' id='word_1_674' title='bbox 1532 4627 1660 4680; x_wconf 83' lang='grc' dir='ltr'>ἑαυ-</span> 
     </span>
    </p>
   </div>
   <div class='ocr_carea' id='block_1_95' title="bbox 83 4708 1658 4784">
    <p class='ocr_par' dir='ltr' id='par_1_95' title="bbox 83 4708 1658 4784">
     <span class='ocr_line' id='line_1_95' title="bbox 83 4708 1658 4784; baseline 0.007 -23"><span class='ocrx_word' id='word_1_675' title='bbox 83 4708 157 4779; x_wconf 82' lang='grc' dir='ltr'>τῷ</span> <span class='ocrx_word' id='word_1_676' title='bbox 197 4710 297 4782; x_wconf 80' lang='grc' dir='ltr'><strong>τὴν</strong></span> <span class='ocrx_word' id='word_1_677' title='bbox 344 4713 571 4784; x_wconf 82' lang='grc' dir='ltr'>τροφὴν,</span> <span class='ocrx_word' id='word_1_678' title='bbox 612 4712 705 4765; x_wconf 91' lang='grc' dir='ltr'><strong>σοῦ</strong></span> <span class='ocrx_word' id='word_1_679' title='bbox 751 4713 928 4767; x_wconf 88' lang='grc' dir='ltr'>πάντα</span> <span class='ocrx_word' id='word_1_680' title='bbox 984 4715 1208 4784; x_wconf 79' lang='grc' dir='ltr'>φύοντος</span> <span class='ocrx_word' id='word_1_681' title='bbox 1262 4719 1354 4771; x_wconf 77' lang='grc' dir='ltr'><strong>καὶ</strong></span> <span class='ocrx_word' id='word_1_682' title='bbox 1405 4717 1658 4784; x_wconf 79' lang='grc' dir='ltr'>αὔξοντος</span> 
     </span>
    </p>
   </div>
   <div class='ocr_carea' id='block_1_96' title="bbox 85 4801 1658 4880">
    <p class='ocr_par' dir='ltr' id='par_1_96' title="bbox 85 4801 1658 4880">
     <span class='ocr_line' id='line_1_96' title="bbox 85 4801 1658 4880; baseline 0.007 -27"><span class='ocrx_word' id='word_1_683' title='bbox 85 4801 173 4880; x_wconf 68' lang='grc' dir='ltr'><strong>καὶ</strong></span> <span class='ocrx_word' id='word_1_684' title='bbox 214 4804 586 4868; x_wconf 87' lang='grc' dir='ltr'>πεπαίνοντος·</span> <span class='ocrx_word' id='word_1_685' title='bbox 619 4806 795 4878; x_wconf 84' lang='grc' dir='ltr'>χρόνῳ</span> <span class='ocrx_word' id='word_1_686' title='bbox 834 4808 890 4861; x_wconf 82' lang='grc' dir='ltr'>δὲ</span> <span class='ocrx_word' id='word_1_687' title='bbox 930 4808 1069 4880; x_wconf 84' lang='grc' dir='ltr'>πρὸς</span> <span class='ocrx_word' id='word_1_688' title='bbox 1106 4809 1284 4878; x_wconf 88' lang='grc' dir='ltr'>ὀλίγον</span> <span class='ocrx_word' id='word_1_689' title='bbox 1330 4810 1492 4863; x_wconf 82' lang='grc' dir='ltr'>αὐτὸν</span> <span class='ocrx_word' id='word_1_690' title='bbox 1544 4828 1658 4864; x_wconf 89' lang='grc' dir='ltr'>κοι-</span> 
     </span>
    </p>
   </div>
   <div class='ocr_carea' id='block_1_97' title="bbox 86 4874 1651 4973">
    <p class='ocr_par' dir='ltr' id='par_1_97' title="bbox 86 4874 1651 4973">
     <span class='ocr_line' id='line_1_97' title="bbox 86 4874 1651 4973; baseline 0.007 -27"><span class='ocrx_word' id='word_1_691' title='bbox 86 4874 258 4961; x_wconf 53' lang='grc' dir='ltr'>μθσας,</span> <span class='ocrx_word' id='word_1_692' title='bbox 291 4894 441 4966; x_wconf 77' lang='grc' dir='ltr'>ὅρκῳ</span> <span class='ocrx_word' id='word_1_693' title='bbox 490 4899 570 4960; x_wconf 85' lang='grc' dir='ltr'><strong>είς</strong></span> <span class='ocrx_word' id='word_1_694' title='bbox 606 4874 1022 4968; x_wconf 81' lang='grc' dir='ltr'>παλιγγενεσίαν</span> <span class='ocrx_word' id='word_1_695' title='bbox 1066 4874 1348 4965; x_wconf 76' lang='grc' dir='ltr'>ἐκάλεσας·</span> <span class='ocrx_word' id='word_1_696' title='bbox 1389 4902 1514 4973; x_wconf 79' lang='grc' dir='ltr'>ὅρον</span> <span class='ocrx_word' id='word_1_697' title='bbox 1554 4902 1651 4956; x_wconf 87' lang='grc' dir='ltr'>θα-</span> 
     </span>
    </p>
   </div>
   <div class='ocr_carea' id='block_1_98' title="bbox 83 4985 1654 5066">
    <p class='ocr_par' dir='ltr' id='par_1_98' title="bbox 83 4985 1654 5066">
     <span class='ocr_line' id='line_1_98' title="bbox 83 4985 1654 5066; baseline 0.008 -29"><span class='ocrx_word' id='word_1_698' title='bbox 83 4985 230 5039; x_wconf 84' lang='grc' dir='ltr'>νάτου</span> <span class='ocrx_word' id='word_1_699' title='bbox 273 4987 461 5052; x_wconf 88' lang='grc' dir='ltr'>λύσας,</span> <span class='ocrx_word' id='word_1_700' title='bbox 504 4988 648 5062; x_wconf 76' lang='grc' dir='ltr'>ζωὴν</span> <span class='ocrx_word' id='word_1_701' title='bbox 674 4990 734 5056; x_wconf 82' lang='grc' dir='ltr'>ἐξ</span> <span class='ocrx_word' id='word_1_702' title='bbox 777 4993 1125 5057; x_wconf 86' lang='grc' dir='ltr'>ἀναστάσεως</span> <span class='ocrx_word' id='word_1_703' title='bbox 1175 4995 1512 5066; x_wconf 79' lang='grc' dir='ltr'>ὲπηγγείλω’</span> <span class='ocrx_word' id='word_1_704' title='bbox 1562 4996 1654 5050; x_wconf 75' lang='grc' dir='ltr'><strong>καὶ</strong></span> 
     </span>
    </p>
   </div>
   <div class='ocr_carea' id='block_1_99' title="bbox 82 5066 1654 5159">
    <p class='ocr_par' dir='ltr' id='par_1_99' title="bbox 82 5066 1654 5159">
     <span class='ocr_line' id='line_1_99' title="bbox 82 5066 1654 5159; baseline 0.008 -30"><span class='ocrx_word' id='word_1_705' title='bbox 82 5079 138 5130; x_wconf 74' lang='grc' dir='ltr'><strong>οὐ</strong></span> <span class='ocrx_word' id='word_1_706' title='bbox 165 5081 318 5134; x_wconf 80' lang='grc' dir='ltr'>τοῦτο</span> <span class='ocrx_word' id='word_1_707' title='bbox 353 5081 532 5152; x_wconf 87' lang='grc' dir='ltr'>μόνον,</span> <span class='ocrx_word' id='word_1_708' title='bbox 563 5084 698 5138; x_wconf 83' lang='grc' dir='ltr'><strong>ἀλλά</strong></span> <span class='ocrx_word' id='word_1_709' title='bbox 728 5086 823 5138; x_wconf 79' lang='grc' dir='ltr'>καὶ</span> <span class='ocrx_word' id='word_1_710' title='bbox 855 5087 982 5149; x_wconf 84' lang='grc' dir='ltr'>τοὺς</span> <span class='ocrx_word' id='word_1_711' title='bbox 1020 5085 1080 5151; x_wconf 76' lang='grc' dir='ltr'>ἐξ</span> <span class='ocrx_word' id='word_1_712' title='bbox 1114 5086 1278 5140; x_wconf 86' lang='grc' dir='ltr'>αὐτοῦ</span> <span class='ocrx_word' id='word_1_713' title='bbox 1316 5066 1404 5150; x_wconf 79' lang='grc' dir='ltr'><strong>⁴είς</strong></span> <span class='ocrx_word' id='word_1_714' title='bbox 1452 5087 1654 5159; x_wconf 82' lang='grc' dir='ltr'>πλῆθος</span> 
     </span>
    </p>
   </div>
   <div class='ocr_carea' id='block_1_100' title="bbox 82 5170 1653 5249">
    <p class='ocr_par' dir='ltr' id='par_1_100' title="bbox 82 5170 1653 5249">
     <span class='ocr_line' id='line_1_100' title="bbox 82 5170 1653 5249; baseline 0.008 -28"><span class='ocrx_word' id='word_1_715' title='bbox 82 5170 371 5245; x_wconf 68' lang='grc' dir='ltr'>ἀνάριθμον</span> <span class='ocrx_word' id='word_1_716' title='bbox 419 5176 533 5247; x_wconf 80' lang='grc'><strong>(55)</strong></span> <span class='ocrx_word' id='word_1_717' title='bbox 577 5177 737 5247; x_wconf 82' lang='grc' dir='ltr'>χέας,</span> <span class='ocrx_word' id='word_1_718' title='bbox 778 5179 905 5241; x_wconf 81' lang='grc' dir='ltr'>τοὺς</span> <span class='ocrx_word' id='word_1_719' title='bbox 943 5177 1305 5249; x_wconf 81' lang='grc' dir='ltr'>ὲμμείναντάς</span> <span class='ocrx_word' id='word_1_720' title='bbox 1352 5196 1432 5231; x_wconf 91' lang='grc' dir='ltr'><strong>σοι</strong></span> <span class='ocrx_word' id='word_1_721' title='bbox 1470 5179 1653 5244; x_wconf 77' lang='grc' dir='ltr'>ἐδόξα-</span> 
     </span>
    </p>
   </div>
   <div class='ocr_carea' id='block_1_101' title="bbox 145 5309 706 5380">
    <p class='ocr_par' dir='ltr' id='par_1_101' title="bbox 145 5309 706 5380">
     <span class='ocr_line' id='line_1_101' title="bbox 145 5309 706 5380; baseline 0.009 -17"><span class='ocrx_word' id='word_1_722' title='bbox 145 5311 187 5343; x_wconf 78' lang='grc'><strong>⁹¹</strong></span> <span class='ocrx_word' id='word_1_723' title='bbox 222 5309 321 5368; x_wconf 83' lang='lat' dir='ltr'><strong>Joh</strong></span> <span class='ocrx_word' id='word_1_724' title='bbox 369 5329 561 5380; x_wconf 81' lang='lat' dir='ltr'><strong>xxvm,</strong></span> <span class='ocrx_word' id='word_1_725' title='bbox 614 5314 706 5370; x_wconf 75' lang='grc'><strong>25.</strong></span> 
     </span>
    </p>
   </div>
   <div class='ocr_carea' id='block_1_102' title="bbox 82 5378 430 5438">
    <p class='ocr_par' dir='ltr' id='par_1_102' title="bbox 82 5378 430 5438">
     <span class='ocr_line' id='line_1_102' title="bbox 82 5378 430 5438; baseline 0.003 -2"><span class='ocrx_word' id='word_1_726' title='bbox 82 5378 113 5409; x_wconf 76' lang='grc'><strong>’⁷</strong></span> <span class='ocrx_word' id='word_1_727' title='bbox 154 5381 317 5438; x_wconf 82' lang='lat' dir='ltr'><strong>Hebr.</strong></span> <span class='ocrx_word' id='word_1_728' title='bbox 358 5400 430 5438; x_wconf 75' lang='lat' dir='ltr'><strong>vr.</strong></span> 
     </span>
    </p>
   </div>
   <div class='ocr_carea' id='block_1_103' title="bbox 806 5314 1209 5381">
    <p class='ocr_par' dir='ltr' id='par_1_103' title="bbox 806 5314 1209 5381">
     <span class='ocr_line' id='line_1_103' title="bbox 806 5314 1209 5381; baseline -0.002 -11"><span class='ocrx_word' id='word_1_729' title='bbox 806 5317 854 5348; x_wconf 77' lang='grc'><strong>⁸³</strong></span> <span class='ocrx_word' id='word_1_730' title='bbox 891 5316 1025 5374; x_wconf 87' lang='lat' dir='ltr'><strong>Gen.</strong></span> <span class='ocrx_word' id='word_1_731' title='bbox 1050 5332 1088 5381; x_wconf 84' lang='grc' dir='ltr'><strong>ι,</strong></span> <span class='ocrx_word' id='word_1_732' title='bbox 1119 5314 1209 5370; x_wconf 73' lang='lat'><strong>26.</strong></span> 
     </span>
    </p>
   </div>
   <div class='ocr_carea' id='block_1_104' title="bbox 1336 5316 2348 5392">
    <p class='ocr_par' dir='ltr' id='par_1_104' title="bbox 1336 5316 2348 5392">
     <span class='ocr_line' id='line_1_104' title="bbox 1336 5316 2348 5392; baseline 0 -18"><span class='ocrx_word' id='word_1_733' title='bbox 1336 5316 1384 5349; x_wconf 73' lang='lat'>”</span> <span class='ocrx_word' id='word_1_734' title='bbox 1421 5318 1829 5392; x_wconf 84' lang='lat' dir='ltr'><strong>pseudo-lgnat.</strong></span> <span class='ocrx_word' id='word_1_735' title='bbox 1862 5360 1878 5385; x_wconf 92' lang='lat'><strong>,</strong></span> <span class='ocrx_word' id='word_1_736' title='bbox 1932 5321 2001 5376; x_wconf 90' lang='lat' dir='ltr'><strong>ad</strong></span> <span class='ocrx_word' id='word_1_737' title='bbox 2065 5320 2267 5376; x_wconf 86' lang='lat' dir='ltr'><strong>Heron.</strong></span> <span class='ocrx_word' id='word_1_738' title='bbox 2294 5320 2348 5375; x_wconf 68' lang='grc'><strong>4.</strong></span> 
     </span>
    </p>
   </div>
   <div class='ocr_carea' id='block_1_105' title="bbox 1762 4620 3341 4693">
    <p class='ocr_par' dir='ltr' id='par_1_105' title="bbox 1762 4620 3341 4693">
     <span class='ocr_line' id='line_1_105' title="bbox 1762 4620 3341 4693; baseline -0.002 -17"><span class='ocrx_word' id='word_1_739' title='bbox 1762 4628 1980 4693; x_wconf 88' lang='lat' dir='ltr'><strong>pararet</strong></span> <span class='ocrx_word' id='word_1_740' title='bbox 2006 4621 2243 4686; x_wconf 90' lang='lat' dir='ltr'><strong>victum,</strong></span> <span class='ocrx_word' id='word_1_741' title='bbox 2289 4628 2344 4675; x_wconf 91' lang='lat' dir='ltr'><strong>te</strong></span> <span class='ocrx_word' id='word_1_742' title='bbox 2388 4620 2571 4676; x_wconf 87' lang='lat' dir='ltr'><strong>omnia</strong></span> <span class='ocrx_word' id='word_1_743' title='bbox 2603 4620 2961 4691; x_wconf 88' lang='lat' dir='ltr'><strong>producente,</strong></span> <span class='ocrx_word' id='word_1_744' title='bbox 3013 4626 3245 4690; x_wconf 78' lang='lat' dir='ltr'><strong>augente</strong></span> <span class='ocrx_word' id='word_1_745' title='bbox 3274 4632 3341 4673; x_wconf 93' lang='lat' dir='ltr'><strong>ac</strong></span> 
     </span>
    </p>
   </div>
   <div class='ocr_carea' id='block_1_106' title="bbox 1760 4712 3340 4783">
    <p class='ocr_par' dir='ltr' id='par_1_106' title="bbox 1760 4712 3340 4783">
     <span class='ocr_line' id='line_1_106' title="bbox 1760 4712 3340 4783; baseline -0.001 -15"><span class='ocrx_word' id='word_1_746' title='bbox 1760 4720 2108 4769; x_wconf 88' lang='lat' dir='ltr'><strong>maturaute:</strong></span> <span class='ocrx_word' id='word_1_747' title='bbox 2142 4722 2305 4783; x_wconf 88' lang='lat' dir='ltr'><strong>atque</strong></span> <span class='ocrx_word' id='word_1_748' title='bbox 2344 4727 2469 4768; x_wconf 89' lang='lat' dir='ltr'><strong>eum</strong></span> <span class='ocrx_word' id='word_1_749' title='bbox 2513 4712 2664 4768; x_wconf 90' lang='lat' dir='ltr'><strong>brevi</strong></span> <span class='ocrx_word' id='word_1_750' title='bbox 2698 4727 2894 4768; x_wconf 90' lang='lat' dir='ltr'><strong>somno</strong></span> <span class='ocrx_word' id='word_1_751' title='bbox 2925 4712 3202 4775; x_wconf 61' lang='lat' dir='ltr'><strong>allectum,</strong></span> <span class='ocrx_word' id='word_1_752' title='bbox 3241 4727 3340 4781; x_wconf 89' lang='lat' dir='ltr'><strong>per</strong></span> 
     </span>
    </p>
   </div>
   <div class='ocr_carea' id='block_1_107' title="bbox 1752 4803 3336 4878">
    <p class='ocr_par' dir='ltr' id='par_1_107' title="bbox 1752 4803 3336 4878">
     <span class='ocr_line' id='line_1_107' title="bbox 1752 4803 3336 4878; baseline -0.001 -18"><span class='ocrx_word' id='word_1_753' title='bbox 1752 4806 2139 4878; x_wconf 88' lang='lat' dir='ltr'><strong>jusjurandum</strong></span> <span class='ocrx_word' id='word_1_754' title='bbox 2181 4803 2247 4860; x_wconf 90' lang='lat' dir='ltr'><strong>ad</strong></span> <span class='ocrx_word' id='word_1_755' title='bbox 2293 4806 2761 4877; x_wconf 78' lang='lat' dir='ltr'><strong>regenerationem</strong></span> <span class='ocrx_word' id='word_1_756' title='bbox 2811 4804 3059 4870; x_wconf 87' lang='lat' dir='ltr'><strong>vocasti;</strong></span> <span class='ocrx_word' id='word_1_757' title='bbox 3114 4804 3336 4859; x_wconf 89' lang='lat' dir='ltr'><strong>decreto</strong></span> 
     </span>
    </p>
   </div>
   <div class='ocr_carea' id='block_1_108' title="bbox 1758 4896 3330 4967">
    <p class='ocr_par' dir='ltr' id='par_1_108' title="bbox 1758 4896 3330 4967">
     <span class='ocr_line' id='line_1_108' title="bbox 1758 4896 3330 4967; baseline 0 -13"><span class='ocrx_word' id='word_1_758' title='bbox 1758 4900 1954 4955; x_wconf 89' lang='lat' dir='ltr'><strong>mortis</strong></span> <span class='ocrx_word' id='word_1_759' title='bbox 1984 4899 2188 4962; x_wconf 92' lang='lat' dir='ltr'><strong>soluto,</strong></span> <span class='ocrx_word' id='word_1_760' title='bbox 2215 4900 2382 4953; x_wconf 89' lang='lat' dir='ltr'><strong>vitam</strong></span> <span class='ocrx_word' id='word_1_761' title='bbox 2407 4913 2475 4953; x_wconf 78' lang='lat' dir='ltr'><strong>ex</strong></span> <span class='ocrx_word' id='word_1_762' title='bbox 2507 4897 2910 4953; x_wconf 83' lang='lat' dir='ltr'><strong>resurrectione</strong></span> <span class='ocrx_word' id='word_1_763' title='bbox 2939 4896 3241 4967; x_wconf 87' lang='lat' dir='ltr'><strong>promisisti</strong></span> <span class='ocrx_word' id='word_1_764' title='bbox 3262 4898 3330 4954; x_wconf 66' lang='grc' dir='ltr'>θ’.</span> 
     </span>
    </p>
   </div>
   <div class='ocr_carea' id='block_1_109' title="bbox 1758 4990 3331 5063">
    <p class='ocr_par' dir='ltr' id='par_1_109' title="bbox 1758 4990 3331 5063">
     <span class='ocr_line' id='line_1_109' title="bbox 1758 4990 3331 5063; baseline -0.002 -16"><span class='ocrx_word' id='word_1_765' title='bbox 1758 4992 1945 5063; x_wconf 84' lang='lat' dir='ltr'><strong>Neque</strong></span> <span class='ocrx_word' id='word_1_766' title='bbox 1973 4990 2312 5059; x_wconf 83' lang='lat' dir='ltr'><strong>hoc&#39;solum;</strong></span> <span class='ocrx_word' id='word_1_767' title='bbox 2347 5007 2540 5047; x_wconf 89' lang='lat' dir='ltr'><strong>verum</strong></span> <span class='ocrx_word' id='word_1_768' title='bbox 2568 4992 2734 5046; x_wconf 89' lang='lat' dir='ltr'><strong>etiam</strong></span> <span class='ocrx_word' id='word_1_769' title='bbox 2764 5006 2830 5046; x_wconf 81' lang='lat' dir='ltr'><strong>ex</strong></span> <span class='ocrx_word' id='word_1_770' title='bbox 2866 4993 3101 5061; x_wconf 85' lang='lat' dir='ltr'><strong>posteris</strong></span> <span class='ocrx_word' id='word_1_771' title='bbox 3132 4990 3275 5061; x_wconf 85' lang='lat' dir='ltr'><strong>ejus.</strong></span> <span class='ocrx_word' id='word_1_772' title='bbox 3299 5006 3331 5045; x_wconf 89' lang='lat' dir='ltr'><strong>a</strong></span> 
     </span>
    </p>
   </div>
   <div class='ocr_carea' id='block_1_110' title="bbox 1755 5084 3328 5154">
    <p class='ocr_par' dir='ltr' id='par_1_110' title="bbox 1755 5084 3328 5154">
     <span class='ocr_line' id='line_1_110' title="bbox 1755 5084 3328 5154; baseline 0.001 -15"><span class='ocrx_word' id='word_1_773' title='bbox 1755 5093 1808 5142; x_wconf 91' lang='lat' dir='ltr'><strong>te</strong></span> <span class='ocrx_word' id='word_1_774' title='bbox 1835 5087 1890 5141; x_wconf 89' lang='lat' dir='ltr'><strong>in</strong></span> <span class='ocrx_word' id='word_1_775' title='bbox 1926 5086 2328 5141; x_wconf 91' lang='lat' dir='ltr'><strong>multitudinem</strong></span> <span class='ocrx_word' id='word_1_776' title='bbox 2358 5084 2813 5140; x_wconf 87' lang='lat' dir='ltr'><strong>innumerabilem</strong></span> <span class='ocrx_word' id='word_1_777' title='bbox 2860 5084 3070 5149; x_wconf 79' lang='lat' dir='ltr'><strong>eti&#39;usis,</strong></span> <span class='ocrx_word' id='word_1_778' title='bbox 3099 5100 3195 5141; x_wconf 89' lang='lat' dir='ltr'><strong>eos</strong></span> <span class='ocrx_word' id='word_1_779' title='bbox 3233 5085 3328 5154; x_wconf 77' lang='lat' dir='ltr'><strong>qui</strong></span> 
     </span>
    </p>
   </div>
   <div class='ocr_carea' id='block_1_111' title="bbox 1754 5178 3327 5250">
    <p class='ocr_par' dir='ltr' id='par_1_111' title="bbox 1754 5178 3327 5250">
     <span class='ocr_line' id='line_1_111' title="bbox 1754 5178 3327 5250; baseline -0.002 -15"><span class='ocrx_word' id='word_1_780' title='bbox 1754 5180 1855 5236; x_wconf 91' lang='lat' dir='ltr'><strong>tibi</strong></span> <span class='ocrx_word' id='word_1_781' title='bbox 1885 5180 2252 5244; x_wconf 82' lang='lat' dir='ltr'><strong>adhaeserunt,</strong></span> <span class='ocrx_word' id='word_1_782' title='bbox 2285 5178 2625 5250; x_wconf 85' lang='lat' dir='ltr'><strong>gloriﬁcasti,</strong></span> <span class='ocrx_word' id='word_1_783' title='bbox 2658 5194 2755 5235; x_wconf 90' lang='lat' dir='ltr'><strong>eos</strong></span> <span class='ocrx_word' id='word_1_784' title='bbox 2783 5194 2913 5233; x_wconf 88' lang='lat' dir='ltr'><strong>vero</strong></span> <span class='ocrx_word' id='word_1_785' title='bbox 2942 5180 3033 5249; x_wconf 91' lang='lat' dir='ltr'><strong>qui</strong></span> <span class='ocrx_word' id='word_1_786' title='bbox 3078 5193 3109 5232; x_wconf 89' lang='lat' dir='ltr'><strong>a</strong></span> <span class='ocrx_word' id='word_1_787' title='bbox 3146 5185 3201 5233; x_wconf 90' lang='lat' dir='ltr'><strong>te</strong></span> <span class='ocrx_word' id='word_1_788' title='bbox 3231 5178 3327 5232; x_wconf 87' lang='lat' dir='ltr'><strong>de-</strong></span> 
     </span>
    </p>
   </div>
   <div class='ocr_carea' id='block_1_112' title="bbox 2478 5313 3319 5381">
    <p class='ocr_par' dir='ltr' id='par_1_112' title="bbox 2478 5313 3319 5381">
     <span class='ocr_line' id='line_1_112' title="bbox 2478 5313 3319 5381; baseline -0.002 -7"><span class='ocrx_word' id='word_1_789' title='bbox 2478 5318 2525 5351; x_wconf 80' lang='lat'>&quot;</span> <span class='ocrx_word' id='word_1_790' title='bbox 2561 5316 2696 5374; x_wconf 86' lang='lat' dir='ltr'><strong>Gen.</strong></span> <span class='ocrx_word' id='word_1_791' title='bbox 2754 5334 2814 5376; x_wconf 86' lang='lat' dir='ltr'><strong>ll.</strong></span> <span class='ocrx_word' id='word_1_792' title='bbox 2964 5317 3009 5349; x_wconf 81' lang='lat'><strong>”</strong></span> <span class='ocrx_word' id='word_1_793' title='bbox 3048 5313 3184 5372; x_wconf 86' lang='lat' dir='ltr'><strong>Gen.</strong></span> <span class='ocrx_word' id='word_1_794' title='bbox 3233 5330 3319 5381; x_wconf 77' lang='lat' dir='ltr'><strong>tu.</strong></span> 
     </span>
    </p>
   </div>
   <div class='ocr_carea' id='block_1_113' title="bbox 1368 5536 2004 5600">
    <p class='ocr_par' dir='ltr' id='par_1_113' title="bbox 1368 5536 2004 5600">
     <span class='ocr_line' id='line_1_113' title="bbox 1368 5536 2004 5600; baseline 0.008 -5"><span class='ocrx_word' id='word_1_795' title='bbox 1368 5536 1734 5599; x_wconf 77' lang='lat' dir='ltr'><strong>VARIORUM</strong></span> <span class='ocrx_word' id='word_1_796' title='bbox 1773 5541 2004 5600; x_wconf 64' lang='grc' dir='ltr'><strong>ΝΟΤᾹῘ.</strong></span> 
     </span>
    </p>
   </div>
   <div class='ocr_carea' id='block_1_114' title="bbox 143 5692 1633 5772">
    <p class='ocr_par' dir='ltr' id='par_1_114' title="bbox 143 5692 1633 5772">
     <span class='ocr_line' id='line_1_114' title="bbox 143 5692 1633 5772; baseline 0.008 -25"><span class='ocrx_word' id='word_1_797' title='bbox 143 5692 247 5765; x_wconf 78' lang='grc'><strong>(51)</strong></span> <span class='ocrx_word' id='word_1_798' title='bbox 280 5698 404 5762; x_wconf 76' lang='grc' dir='ltr'>Εἰς.</span> <span class='ocrx_word' id='word_1_799' title='bbox 439 5698 700 5763; x_wconf 82' lang='lat' dir='ltr'><strong>Quamvis</strong></span> <span class='ocrx_word' id='word_1_800' title='bbox 730 5702 954 5757; x_wconf 89' lang='lat' dir='ltr'><strong>minime</strong></span> <span class='ocrx_word' id='word_1_801' title='bbox 984 5702 1165 5772; x_wconf 90' lang='lat' dir='ltr'><strong>inepta</strong></span> <span class='ocrx_word' id='word_1_802' title='bbox 1198 5702 1269 5757; x_wconf 87' lang='lat' dir='ltr'><strong>sit</strong></span> <span class='ocrx_word' id='word_1_803' title='bbox 1303 5702 1416 5758; x_wconf 61' lang='lat' dir='ltr'><strong>hac</strong></span> <span class='ocrx_word' id='word_1_804' title='bbox 1451 5703 1633 5767; x_wconf 81' lang='lat' dir='ltr'><strong>lectio.</strong></span> 
     </span>
    </p>
   </div>
   <div class='ocr_carea' id='block_1_115' title="bbox 86 5770 1635 5842">
    <p class='ocr_par' dir='ltr' id='par_1_115' title="bbox 86 5770 1635 5842">
     <span class='ocr_line' id='line_1_115' title="bbox 86 5770 1635 5842; baseline 0.013 -29"><span class='ocrx_word' id='word_1_805' title='bbox 86 5770 299 5842; x_wconf 59' lang='lat' dir='ltr'><strong>attamen</strong></span> <span class='ocrx_word' id='word_1_806' title='bbox 347 5783 689 5839; x_wconf 81' lang='lat' dir='ltr'><strong>nequaquam</strong></span> <span class='ocrx_word' id='word_1_807' title='bbox 740 5773 1046 5842; x_wconf 88' lang='lat' dir='ltr'><strong>spernenda</strong></span> <span class='ocrx_word' id='word_1_808' title='bbox 1078 5770 1191 5827; x_wconf 45' lang='lat' dir='ltr'><strong>_est</strong></span> <span class='ocrx_word' id='word_1_809' title='bbox 1244 5772 1364 5829; x_wconf 89' lang='lat' dir='ltr'><strong>cod.</strong></span> <span class='ocrx_word' id='word_1_810' title='bbox 1398 5772 1635 5833; x_wconf 80' lang='lat' dir='ltr'><strong>Vindob.</strong></span> 
     </span>
    </p>
   </div>
   <div class='ocr_carea' id='block_1_116' title="bbox 86 5827 1243 5911">
    <p class='ocr_par' dir='ltr' id='par_1_116' title="bbox 86 5827 1243 5911">
     <span class='ocr_line' id='line_1_116' title="bbox 86 5827 1243 5911; baseline 0.016 -28"><span class='ocrx_word' id='word_1_811' title='bbox 86 5827 231 5891; x_wconf 80' lang='lat' dir='ltr'><strong>lectio</strong></span> <span class='ocrx_word' id='word_1_812' title='bbox 259 5836 353 5900; x_wconf 84' lang='grc' dir='ltr'>ὡς,</span> <span class='ocrx_word' id='word_1_813' title='bbox 390 5827 625 5894; x_wconf 50' lang='lat' dir='ltr'><strong>tamen;</strong></span> <span class='ocrx_word' id='word_1_814' title='bbox 655 5852 713 5894; x_wconf 84' lang='lat' dir='ltr'><strong>ut</strong></span> <span class='ocrx_word' id='word_1_815' title='bbox 742 5827 1038 5911; x_wconf 58' lang='lat' dir='ltr'><strong>planitiem.</strong></span> <span class='ocrx_word' id='word_1_816' title='bbox 1074 5843 1243 5901; x_wconf 69' lang='lat' dir='ltr'><strong>Cum.</strong></span> 
     </span>
    </p>
   </div>
   <div class='ocr_carea' id='block_1_117' title="bbox 253 5932 749 5997">
    <p class='ocr_par' dir='ltr' id='par_1_117' title="bbox 253 5932 749 5997">
     <span class='ocr_line' id='line_1_117' title="bbox 253 5932 749 5997; baseline 0.012 -6"><span class='ocrx_word' id='word_1_817' title='bbox 253 5932 527 5995; x_wconf 67' lang='grc' dir='ltr'>Ρλτιιοι..</span> <span class='ocrx_word' id='word_1_818' title='bbox 573 5934 686 5996; x_wconf 73' lang='lat' dir='ltr'><strong>Gs.</strong></span> <span class='ocrx_word' id='word_1_819' title='bbox 725 5935 749 5997; x_wconf 82' lang='grc' dir='ltr'>Ι</span> 
     </span>
    </p>
   </div>
   <div class='ocr_carea' id='block_1_118' title="bbox 1830 5704 3318 5777">
    <p class='ocr_par' dir='ltr' id='par_1_118' title="bbox 1830 5704 3318 5777">
     <span class='ocr_line' id='line_1_118' title="bbox 1830 5704 3318 5777; baseline 0.003 -16"><span class='ocrx_word' id='word_1_820' title='bbox 1830 5706 1919 5777; x_wconf 76' lang='lat'><strong>52)</strong></span> <span class='ocrx_word' id='word_1_821' title='bbox 1962 5707 2175 5777; x_wconf 60' lang='grc' dir='ltr'>Λύτόν.</span> <span class='ocrx_word' id='word_1_822' title='bbox 2208 5704 2489 5762; x_wconf 88' lang='lat' dir='ltr'><strong>Omittitur</strong></span> <span class='ocrx_word' id='word_1_823' title='bbox 2510 5707 2565 5761; x_wconf 87' lang='lat' dir='ltr'><strong>in</strong></span> <span class='ocrx_word' id='word_1_824' title='bbox 2614 5707 2737 5764; x_wconf 76' lang='lat' dir='ltr'><strong>cod.</strong></span> <span class='ocrx_word' id='word_1_825' title='bbox 2771 5704 3030 5773; x_wconf 80' lang='lat' dir='ltr'><strong>Vindob.,</strong></span> <span class='ocrx_word' id='word_1_826' title='bbox 3061 5707 3156 5763; x_wconf 87' lang='lat' dir='ltr'><strong>sed</strong></span> <span class='ocrx_word' id='word_1_827' title='bbox 3196 5711 3318 5766; x_wconf 66' lang='lat' dir='ltr'><strong>PC!“</strong></span> 
     </span>
    </p>
   </div>
   <div class='ocr_carea' id='block_1_119' title="bbox 1735 5774 2114 5834">
    <p class='ocr_par' dir='ltr' id='par_1_119' title="bbox 1735 5774 2114 5834">
     <span class='ocr_line' id='line_1_119' title="bbox 1735 5774 2114 5834; baseline -0.005 0"><span class='ocrx_word' id='word_1_828' title='bbox 1735 5774 1864 5834; x_wconf 85' lang='lat' dir='ltr'><strong>inde</strong></span> <span class='ocrx_word' id='word_1_829' title='bbox 1901 5774 2007 5830; x_wconf 83' lang='lat' dir='ltr'><strong>est.</strong></span> <span class='ocrx_word' id='word_1_830' title='bbox 2037 5774 2114 5832; x_wconf 83' lang='lat' dir='ltr'><strong>lu.</strong></span> 
     </span>
    </p>
   </div>
   <div class='ocr_carea' id='block_1_120' title="bbox 1809 5845 3210 5921">
    <p class='ocr_par' dir='ltr' id='par_1_120' title="bbox 1809 5845 3210 5921">
     <span class='ocr_line' id='line_1_120' title="bbox 1809 5845 3210 5921; baseline 0.003 -21"><span class='ocrx_word' id='word_1_831' title='bbox 1809 5847 1922 5920; x_wconf 74' lang='lat'><strong>(53)</strong></span> <span class='ocrx_word' id='word_1_832' title='bbox 1975 5845 2344 5918; x_wconf 63' lang='lat' dir='ltr'><strong>’Ardpwpor.</strong></span> <span class='ocrx_word' id='word_1_833' title='bbox 2378 5846 2539 5906; x_wconf 76' lang='lat' dir='ltr'><strong>Vind.</strong></span> <span class='ocrx_word' id='word_1_834' title='bbox 2565 5850 2687 5906; x_wconf 73' lang='lat' dir='ltr'><strong>eod.</strong></span> <span class='ocrx_word' id='word_1_835' title='bbox 2714 5848 3100 5921; x_wconf 78' lang='grc' dir='ltr'>ἀναρίθμητον.</span> <span class='ocrx_word' id='word_1_836' title='bbox 3134 5849 3210 5904; x_wconf 82' lang='lat' dir='ltr'><strong>lu.</strong></span> 
     </span>
    </p>
   </div>
   <div class='ocr_carea' id='block_1_121' title="bbox 2887 5940 2964 6001">
    <p class='ocr_par' dir='ltr' id='par_1_121' title="bbox 2887 5940 2964 6001">
     <span class='ocr_line' id='line_1_121' title="bbox 2887 5940 2964 6001; baseline 0.013 -1"><span class='ocrx_word' id='word_1_837' title='bbox 2887 5940 2964 6001; x_wconf 84' lang='lat'><strong>35</strong></span> 
     </span>
    </p>
   </div>
  </div>
