3812 6354
449 478 728 537 fecerunt,
759 464 1055 541 punivisti;
1101 458 1343 516 admisso
1368 452 1587 526 quidem
1622 448 1809 503 Abelis
1850 442 2023 502 sacri-
2052 446 2099 503 Α

449 572 597 635 ficio,
631 575 691 623 ut
720 539 1029 619 innocentis
1050 558 1129 623 ’9;
1162 549 1459 608 fratricida:
1498 553 1679 601 autem
1714 539 1870 597 Caini
1901 553 2022 592 mu-

450 632 603 727 nere,
646 668 707 716 ut
750 651 1081 714 detestandi,
1114 644 1379 703 fastidito.
1421 639 1488 695 Et
1536 636 1605 692 ad
1648 636 1764 690 haec
1795 632 2022 689 Sethum

449 774 516 814 ac
560 756 799 811 Enosum
832 743 1153 814 suscepisti,
1200 746 1366 807 atque
1413 730 1734 788 Henochum
1777 734 2025 781 transtuv

450 850 564 906 listi
590 848 660 902 9’.
691 842 774 898 'l‘u
808 842 954 897 enim
982 852 1044 893 es
1074 831 1254 903 Opifex
1290 825 1593 887 hominum,
1618 822 1741 876 vitae
1774 819 2022 887 largitor,

451 937 766 1009 indigentiae
802 931 1077 1002 expletor;
1123 925 1301 993 legum
1347 919 1523 980 dator,
1567 929 1769 986 easque
1800 926 2026 967 servan-

452 1034 589 1088 tium
639 1031 1041 1088 remunerator,
1091 1015 1610 1088 transgredientium
1664 1007 1885 1065 vindex.
1920 1004 2025 1071 Qui

452 1124 717 1190 diluvium
766 1120 958 1190 ingens
1002 1112 1207 1169 mundo
1270 1116 1488 1181 propter
1528 1103 1692 1175 impie
1726 1099 2026 1157 viventium

453 1189 858 1271 multitudinem
876 1206 1130 1271 intulisti,
1153 1212 1283 1259 eteo
1305 1218 1371 1257 ex
1385 1198 1590 1255 diluvio
1614 1196 1669 1250 in
1687 1208 1811 1249 arca
1832 1189 2030 1261 eripui-

453 1309 522 1365 sti
552 1321 663 1361 una
707 1318 833 1359 cum
858 1309 984 1357 octo
1007 1296 1294 1353 animabus
1319 1293 1529 1364 justum
1553 1288 1723 1343 Noam
1750 1285 1840 1351 '°°,
1865 1284 2028 1338 finem

453 1400 672 1475 quidem
728 1410 920 1453 eorum
970 1392 1064 1464 qui
1113 1388 1523 1461 praeterieram,
1576 1380 1843 1452 originem
1900 1390 2029 1431 vero

454 1502 929 1550 successurorum.
974 1484 1079 1551 Qui
1122 1479 1460 1536 horrendum
1522 1476 1704 1545 ignem
1765 1469 2029 1525 adversus

455 1582 868 1640 Sodomitanam
918 1574 1252 1646 pentapolitn
1319 1568 1676 1633 concitasti‘,
1719 1574 1774 1621 et
1826 1572 2031 1644 terram

453 1674 775 1745 frugiferam
804 1671 861 1725 in
882 1667 1215 1737 salsuginem
1239 1666 1282 1729 ’,
1311 1670 1533 1734 propter
1562 1658 1861 1729 nequitiam
1884 1655 2031 1711 illius

455 1767 785 1827 incolarum,
839 1759 1119 1831 redegisti,
1165 1771 1230 1811 ac
1280 1762 1529 1811 sanctum
1581 1751 1779 1805 Lotum
1825 1765 1894 1805 ex
1945 1748 2033 1802 in—

455 1859 654 1916 cendio
696 1856 888 1913 eruisti
913 1854 954 1908 ³.
985 1851 1070 1907 Tu
1115 1867 1175 1907 cs
1219 1850 1313 1920 qui
1367 1846 1740 1901 Abrahamum
1787 1841 2031 1897 liberasti

456 1950 603 2006 avita
651 1948 949 2019 impietate,
991 1953 1045 2000 et
1096 1942 1286 1998 mundi
1337 1938 1608 1994 heredem
1659 1933 2029 1998 constituisti,

457 2043 677 2115 ipsique
704 2040 985 2097 Christum
1019 2046 1174 2093 tuum
1224 2048 1488 2105 apparere
1517 2029 1719 2086 fecisti.
1751 2026 1856 2095 Qui
1902 2026 2037 2081 Mel~

456 2135 805 2194 chisedecum
837 2131 1143 2203 pontificem
1167 2128 1338 2185 divini
1366 2126 1548 2181 cultus
1573 2121 1896 2194 designasti.
1929 2119 2033 2186 Qui

456 2229 630 2284 multa
684 2241 910 2298 passum
974 2224 1236 2279 famulum
1283 2228 1437 2275 tuum
1496 2217 1724 2283 Jobum,
1769 2216 2033 2269 victorem

458 2318 757 2394 serpentis,
789 2318 1019 2390 originis
1049 2316 1339 2378 malorum,
1367 2308 1661 2366 declarasti
1685 2308 1727 2363 δ.
1761 2305 1865 2372 Qui
1895 2303 2039 2359 Isaa-

457 2429 585 2470 cum
637 2410 869 2469 effecisti
932 2409 1103 2463 tilium
1156 2402 1563 2477 promissionis.
1617 2399 1723 2465 Qui
1771 2396 2035 2453 Iacobum

460 2504 749 2562 duodecim
795 2503 1032 2558 filiorum
1073 2507 1306 2572 patrem,
1354 2496 1583 2566 ejusque
1619 2498 1930 2563 postremos
1980 2486 2039 2542 in

459 2596 868 2654 multitudinem
902 2592 1236 2665 propagasti,
1288 2597 1343 2646 et
1385 2588 1454 2643 ad
1505 2584 1800 2657 Egyptum
1847 2582 1904 2636 in
1952 2596 2042 2637 se-

461 2689 748 2761 ptuaginta
790 2689 1031 2758 quinque
1084 2683 1372 2739 animabus
1437 2676 1789 2735 introduxisti
1814 2676 1888 2735 ⁸.,
1919 2673 2037 2739 Tu,

461 2782 723 2848 Domine,
770 2797 878 2837 non
922 2778 1221 2850 despexisti
1273 2775 1601 2844 Josephum;
1648 2771 1745 2828 sed
1784 2769 1897 2834 illi,
1942 2782 2041 2839 pro

462 2876 719 2937 mercede
770 2874 1044 2932 castitatis
1085 2881 1177 2926 tua
1217 2884 1384 2924 causa
1435 2872 1692 2928 servatae,
1741 2852 1939 2916 dedisti
1983 2866 2043 2913 ut

465 2968 740 3041 Egyptiis
767 2975 1045 3038 praeesset.
1069 2963 1174 3031 Tu,
1207 2960 1455 3024 Domine,
1486 2957 1743 3013 Hebraaos
1777 2954 1845 3009 ab
1874 2952 2045 3023 Egy-

466 3061 600 3133 ptiis
630 3074 945 3131 oppressos,
970 3057 1040 3112 ob
1071 3054 1343 3126 promissa
1372 3052 1619 3123 patribus
1655 3065 1845 3106 eorum
1877 3046 2041 3113 facta,

2128 454 2247 499 σας,
2278 434 2404 497 τοὺς
2431 431 2487 485 δὲ
2527 427 2870 489 ἀποστάντας
2918 440 3009 476 σου
3049 420 3326 482 ἐκόλασας·
3361 415 3459 471 καὶ
3481 414 3574 469 τοῦ
3608 419 3701 486 μὲν

2137 525 2311 589 Ἀὁέλ,
2343 524 2420 587 ὡς
2467 522 2612 577 ὁσίου
2652 516 3084 591 προσδεξάμενος
3122 514 3222 584 τὴν
3268 510 3481 573 θυσίαν,
3523 507 3616 560 τοῦ
3649 508 3702 562 δὲ

2123 616 2510 687 ἀδελφοκτόνου
2550 613 2693 667 Κάῖν
2738 608 3109 680 ἀποστραφεὶς
3144 604 3206 657 τὸ
3239 602 3435 673 δῶρον,
3472 600 3546 663 ὡς
3583 602 3702 653 ἐνα-

2122 710 2273 781 γοῦς.
2304 709 2414 764 Καὶ
2443 706 2579 777 πρὸς
2602 702 2813 765 τούτοις
2832 700 2924 753 τὸν
2954 695 3198 769 ΣὴθΑκαὶ
3223 694 3315 747 τὸν
3357 691 3520 754 Ἑνὼς
3544 708 3706 762 προσ.

2123 779 2353 865 ελάϐου,
2396 799 2491 853 καὶ
2534 798 2628 849 τὸν
2668 793 2846 864 Ἑνὼχ
2895 789 3300 862 μετατεθεικας.
3338 786 3413 837 Σὺ
3456 783 3563 854 γὰρ
3596 779 3644 835 εἴ
3676 785 3705 836 ὁ

2124 891 2455 965 δημιουργὸς
2495 888 2607 942 τῶν
2645 886 2743 941 ἀνθ
2755 885 2982 957 ρώπων,
3020 882 3114 935 καὶ
3150 881 3252 949 τῆς
3283 876 3431 947 ζωῆς
3458 874 3701 945 χορηγὸς,

2126 985 2219 1038 καὶ
2255 984 2355 1055 τῆς
2398 980 2605 1043 ἐνδείας
2644 978 2751 1049 πλη
2764 977 2960 1048 ρωτής·
3000 974 3094 1027 καὶ
3137 971 3247 1024 τῶν
3303 969 3487 1038 νόμιον
3530 966 3704 1037 δοτὴρ,

2126 1078 2221 1130 καὶ
2249 1075 2358 1127 τῶν
2390 1067 2997 1143 φυλατώντωνάύτοὺς
3031 1061 3450 1136 μισθαποδότης,
3488 1056 3707 1110 καὶτῶν

2126 1166 2576 1241 παραϐαινόντων
2619 1162 2819 1225 αὐτοὺς
2849 1159 3079 1220 ἔκδικος.
3125 1157 3183 1209 Ὀ
3216 1155 3306 1207 τὸν
3349 1152 3521 1223 μέγαν
3552 1165 3708 1201 κατα-

2128 1238 2366 1331 κλυσμὸν
2421 1253 2715 1325 ἐπαγαγὼν
2753 1252 2832 1323 τῷ
2880 1250 3070 1320 κόσμῳ
3114 1247 3201 1301 διὰ
3244 1244 3305 1298 τὸ
3361 1241 3565 1313 πλῆθος
3606 1238 3707 1291 τῶν

2128 1330 2533 1423 ἀσεϐησάντων,
2562 1347 2659 1401 καὶ
2684 1346 2781 1400 τὸν
2807 1344 3014 1397 δίκαιον
3044 1340 3168 1394 Νῶε
3206 1335 3513 1408 ῥυσάμενος
3537 1334 3598 1384 ἐκ
3618 1330 3704 1384 τοῦ

2131 1439 2515 1513 κατακλυσμοῦ
2547 1441 2604 1492 ἐν
2628 1437 2859 1509 λάρνακι
2885 1435 2981 1488 σὺν
3016 1429 3160 1485 όκτὼ
3185 1428 3406 1499 ψυχαῖς,
3439 1423 3589 1485 τέλος
3620 1423 3707 1493 μὲν

2130 1534 2239 1588 τῶν
2282 1531 2714 1605 παρῳχηκότων,
2747 1527 2922 1600 ἀρχὴν
2951 1525 3009 1578 δὲ
3053 1523 3160 1576 τῶν
3196 1519 3500 1592 μελλόντων
3543 1514 3709 1581 ἐπιγί-

2131 1624 2338 1679 νεσθαι.
2380 1625 2438 1676 Ὁ
2467 1623 2529 1676 τὸ
2557 1619 2788 1692 φοϐερὸν
2819 1617 2930 1689 πῦρ
2959 1615 3100 1669 κατά
3127 1615 3224 1685 τῆς
3253 1610 3566 1682 Σοδομηνῆς
3597 1625 3709 1660 πεν-

2132 1717 2409 1779 ταπόλεως
2456 1714 2688 1783 ἐξάψας,
2728 1711 2824 1765 καὶ
2866 1710 2970 1780 γῆν
3022 1705 3370 1779 καρποφόρον
3422 1705 3503 1764 είς
3546 1700 3709 1771 ἆλμην

2063 1806 2105 1861 Β
2135 1811 2360 1881 θέμενος
2399 1808 2507 1862 ἀπὸ
2536 1805 2735 1868 κακίας
2760 1804 2869 1856 τῶν
2918 1800 3312 1855 κατοικούντων
3350 1799 3408 1849 ἐν
3440 1794 3599 1865 αὐτῇ,
3627 1794 3712 1846 καὶ

2130 1880 2222 1955 τὸν
2252 1902 2396 1954 ὅσιον
2432 1897 2557 1952 Λὼτ
2591 1894 2903 1968 ἐξαρπάσας
2946 1891 3039 1945 τοῦ
3091 1886 3446 1962 ἐμπρησμοῦ.
3488 1886 3562 1938 Σὺ
3599 1880 3645 1936 εἷ
3682 1885 3711 1937 ό

2130 1994 2221 2048 τὸν
2278 1990 2530 2063 Ἀϐραάμ
2582 1988 2883 2060 ῥυσάμενος
2931 1983 3261 2056 προγονικῆς
3313 1978 3594 2039 ἀσεϐείας,
3628 1977 3712 2029 καὶ

2133 2083 2465 2157 κληρονόμον
2493 2079 2587 2134 τοῦ
2620 2075 2826 2150 κόσμου
2855 2076 3227 2147 καταστήσας,
3279 2072 3373 2128 καὶ
3422 2066 3710 2140 ἐμφανίσας

2134 2176 2283 2249 αύτῷ
2310 2175 2399 2229 τὸν
2440 2172 2672 2246 Χριστόν
2705 2188 2818 2224 σου.
2856 2168 2920 2222 '0
2948 2168 3039 2221 τὸν
3083 2162 3444 2235 Μελχισεδὲκ,
3475 2159 3714 2231 ἀρχιερέα

2134 2270 2234 2340 τῆς
2270 2266 2525 2339 λατρείας
2548 2261 3055 2336 προχειρισάμενος.
3070 2253 3131 2313 ’0
3150 2258 3240 2311 τὸν
3274 2254 3613 2309 πολύτλαντα
3639 2251 3714 2303 θε-

2139 2360 2383 2435 ράποντά
2409 2376 2502 2413 σου
2542 2356 2664 2411 Ἰὼϐ
2690 2354 2917 2426 νικητὴν
2937 2350 3033 2405 τοῦ
3063 2346 3373 2421 ἀρχεκάκου
3402 2345 3583 2413 ὖφεως
3608 2343 3717 2395 άναο

2137 2454 2331 2518 δείξας.
2376 2453 2434 2506 'U
2470 2451 2562 2503 τὸν
2606 2446 2792 2501 Ἰσαὰκ
2832 2443 3162 2513 ἐπαγγελίας
3191 2441 3306 2494 υἱὸν
3337 2436 3711 2507 ποιησάμενος·

2138 2548 2166 2600 ό
2190 2546 2282 2599 τὸν
2316 2542 2509 2598 Ἰακὼϐ
2539 2541 2751 2611 πατέρα
2783 2536 2991 2591 δώδεκα
3015 2534 3240 2595 παίδων,
3273 2532 3369 2586 καὶ
3397 2530 3533 2591 τοὺς
3559 2527 3617 2591 ἐξ
3640 2528 3717 2579 αὺ-

2137 2635 2233 2690 τοῦ
2261 2638 2340 2700 είς
2369 2634 2573 2706 πλῆθος
2600 2610 2753 2702 χέας,
2784 2630 2879 2683 καὶ
2908 2623 3214 2695 εἰσαγαγὼν
3248 2625 3327 2685 είς
3359 2622 3634 2690 Αἴγυπτον
3669 2619 3718 2669 ἐν

2142 2727 2507 2798 ἐὸδομήκοντα
2551 2724 2713 2776 πέντε
2753 2718 2971 2789 ψυχαῖς.
3010 2718 3083 2770 Σὺ
3118 2715 3313 2787 Κύριε,
3368 2710 3574 2782 Ἰωσὴφ
3620 2707 3718 2780 (54)

2141 2822 2240 2890 οὐχ
2269 2817 2566 2889 ὑπερεῖδες·
2601 2813 2736 2867 ἀλλά
2772 2810 2963 2883 μισθὸν
2992 2809 3092 2880 τῆς
3134 2806 3221 2859 διὰ
3271 2806 3331 2858 σέ
3379 2800 3721 2874 σωφροσύνης

2143 2910 2345 2972 ἔδωκας
2386 2906 2533 2978 αύτῷ
2570 2906 2631 2959 τὸ
2658 2904 2765 2957 τῶν
2804 2900 3115 2970 Αἰγυπτίων
3160 2898 3368 2969 ἄρχειν.
3412 2896 3489 2947 Σὺ
3538 2892 3718 2963 Κύριε,

2155 3001 2438 3073 Ἐϐραίους
2481 2998 2586 3052 ὑπὸ
2636 2993 2952 3064 Αἰγυπτίων
2988 2987 3497 3059 καταπονουμένους
3535 2985 3597 3037 οὐ
3635 2999 3721 3034 πε-

2150 3093 2369 3165 ριεῖδες,
2406 3090 2495 3143 διὰ
2521 3089 2620 3152 τὰς
2660 3087 2798 3159 πρὸς
2835 3086 2962 3147 τοὺς
3002 3082 3244 3153 πατέρας
3278 3078 3463 3132 αὐτῶν
3501 3078 3723 3144 ἐπαγγεο

468 3168 580 3209 non
610 3150 928 3223 neglexisti;
958 3163 1170 3212 verum,
1196 3144 1464 3217 [Egyptiis
1488 3143 1719 3215 punitis,
1748 3140 2040 3196 liberasti‘.

2146 3140 2282 3250 λίας·
2751 3140 2987 3240 κολάσας
3037 3140 3384 3243 Αίγῦπτίους.
3420 3140 3723 3240 Παραφθει-

468 3264 717 3336 Cumque
743 3263 990 3321 homines
1024 3263 1197 3333 legem
1227 3258 1535 3314 naturalem
1565 3255 1964 3327 corrupissent,
1993 3265 2048 3311 et

461 3334 780 3443 fcreaturam
793 3396 808 3420 ,
837 3354 1000 3409 modo
1016 3354 1261 3437 .quidem
1285 3351 1567 3406 fortuitam
1619 3349 2044 3416 arbitrarentur,

470 3448 637 3505 modo
664 3456 847 3502 autem
889 3448 1179 3517 plusquam
1206 3450 1422 3515 oportet
1453 3443 1810 3507 honorarent,
1841 3456 1903 3497 ac
1947 3441 2047 3496 tibi

472 3541 717 3596 omnium
750 3538 860 3594 Deo
889 3544 1298 3608 compararent;
1325 3550 1436 3591 non
1462 3535 1640 3591 sivisti
1667 3549 1855 3589 errore
1884 3533 2043 3600 duci;

473 3635 607 3704 quin
643 3633 824 3703 potius
869 3631 1018 3687 edito
1062 3638 1253 3687 sancto
1305 3628 1509 3684 famulo
1554 3636 1648 3683 tuo
1699 3627 1905 3699 Moyse,
1952 3642 2049 3697 per

473 3742 601 3782 eum
644 3726 817 3797 legem
847 3725 1106 3794 scriptam
1151 3723 1207 3777 in
1256 3722 1526 3778 naturalis
1581 3720 1915 3791 adjutorium
1949 3719 2048 3772 tri-

476 3819 726 3886 buisti';
763 3825 818 3874 et
862 3824 1145 3872 creaturas
1191 3814 1482 3872 ostendisti
1523 3828 1663 3883 opus
1710 3819 1868 3866 tuum
1903 3825 2048 3874 esse,

468 3925 721 3994 errorem
747 3924 878 3965 vero
905 3908 972 3963 de
1002 3906 1352 3962 multitudine
1380 3905 1628 3973 deorum,
1651 3901 2048 3958 exterminasti.

470 4004 756 4085 IAaronem
798 4010 853 4058 et
900 4008 1152 4071 posteros
1187 3999 1309 4068 ejus
1336 3998 1548 4053 honore
1586 3994 1912 4053 sacerdotali
1955 3993 2054 4049 de-

470 4094 685 4163 lcorasti
710 4127 724 4162 :
757 4106 1037 4170 Hebraeos,
1063 4120 1189 4160 cum
1211 4108 1501 4174 peccarent
1522 4142 1537 4166 ,
1564 4098 1882 4170 castigasti;
1926 4111 2054 4152 cum

356 4250 361 4253 χ
473 4209 908 4295 reverterentur,
949 4198 1277 4268 suscepisti:
1310 4195 1614 4267 'Aigyptios
1643 4194 1832 4248 decem
1880 4190 2055 4263 plagis

472 4285 632 4383 Lultus
666 4309 726 4349 es
764 4313 777 4347 :
812 4294 948 4348 mari
991 4291 1168 4346 diviso
1216 4289 1485 4359 traiecisti
1536 4286 1812 4343 lsraelitas
1855 4305 1868 4338 :
1903 4285 2053 4340 inse-

474 4380 644 4465 ;cutos
672 4385 959 4458 Egyptios
988 4384 1234 4440 delevisti
1267 4381 1647 4440 submersione
1675 4399 1688 4434 :
1723 4380 1874 4450 ligno
1913 4393 2057 4432 ama-

474 4470 603 4535 ram
663 4494 860 4551 aquam
910 4479 1229 4535 dulcescere
1286 4477 1462 4533 fecisti

484 4587 681 4642 aquam
711 4570 1001 4642 profudisti
1029 4590 1042 4625 :
1072 4586 1103 4626 e
1124 4571 1264 4626 cmlo
1301 4582 1559 4623 mannam
1594 4564 1850 4635 depluisti
1876 4584 1887 4618 :
1920 4578 2059 4633 prae-

2150 3279 2361 3352 ράντων
2399 3276 2455 3329 δὲ
2493 3274 2604 3328 τῶν
2647 3269 2950 3342 ἀνθρώπων
2992 3266 3083 3319 τὸν
3127 3262 3353 3334 φυσικὸν
3394 3259 3599 3331 νόμον,
3642 3258 3725 3309 καὶ

2146 3348 2248 3444 τὴν
2291 3368 2489 3431 κτίσιν,
2535 3364 2667 3417 ποτέ
2718 3363 2813 3433 μὲν
2844 3357 3151 3428 αὐτόματον
3198 3351 3571 3425 νομισάντων,
3611 3348 3725 3400 ποτὲ

2148 3437 2216 3518 δὲ.
2248 3461 2429 3516 πλεῖον
2466 3457 2499 3529 ἢ
2538 3456 2619 3509 δεῖ
2667 3450 3035 3524 τιμησάντων,
3067 3446 3162 3501 καὶ
3213 3444 3300 3497 σοὶ
3336 3442 3421 3514 τῷ
3462 3440 3585 3511 Θεῷ
3627 3437 3724 3491 τῶν

2150 3554 2365 3608 πάντων
2397 3545 2814 3602 συνταττόντων·
2847 3542 2949 3595 οὐκ
2978 3539 3163 3599 εῐασας
3209 3532 3552 3598 πλανᾶσθαιῖ,
3607 3528 3725 3584 ἀλλὰ

2151 3642 2428 3710 ἀναδείξας
2454 3639 2545 3693 τὸν
2574 3636 2728 3705 ἆγιόν
2750 3652 2842 3688 σου
2868 3631 3170 3703 θεράποντα
3199 3626 3462 3695 Μωῦσῆν,
3484 3624 3555 3676 δι’
3580 3619 3725 3674 αὑτοῦ

2151 3737 2290 3811 πρὸς
2324 3733 2574 3805 βοήθειαν
2600 3728 2695 3781 τοῦ
2727 3724 2956 3797 φυσικοῦ
2990 3723 3083 3775 τὸν
3114 3718 3358 3792 γραπτὸν
3387 3715 3558 3786 νόμον
3592 3712 3724 3765 δέδω-

2152 3802 2275 3896 κάς,
2308 3802 2529 3897 καὶήτὴν
2574 3822 2752 3877 κτίσιν
2792 3817 2996 3883 ἔδειξας
3039 3814 3129 3867 σὺν
3159 3812 3318 3884 ἔργον
3364 3802 3531 3871 εἶναι,
3556 3804 3650 3875 τὴν
3677 3802 3723 3853 δὲ

2154 3890 2412 3977 πολύθεον
2441 3890 2648 3985 πλάνην
2694 3910 2980 3982 ἐξώρισας.
3020 3906 3123 3958 Τὸν
3171 3899 3378 3973 ’Δαρὼν
3410 3899 3507 3952 καὶ
3532 3898 3654 3958 τοὺς
3677 3890 3725 3959 ἑξ

2156 4012 2319 4067 αὐτοῦ
2351 4010 2601 4082 ἱερατικῇ
2643 4007 2780 4075 τιμῇ
2821 3998 3098 4064 ἐδόξασας·
3138 3993 3426 4065 Ἐϐραίους
3477 3986 3725 4059 ἁμαρτόν-

2154 4124 2251 4170 τας
2293 4080 2587 4165 ἐκόλασας,
2634 4092 3058 4166 ἐπιστρέφοντας
3121 4085 3313 4151 ἐδέξω·
3366 4082 3494 4144 τοὺς
3537 4080 3721 4145 Αἰγυπ-

2154 4200 2302 4261 τίους
2332 4192 2658 4262 δεκαπλήγῳ
2695 4186 3043 4258 ἐτιμωρήσω·
3080 4178 3353 4234 θάλασσαν
3387 4170 3606 4238 διελὼν,
3645 4170 3727 4221 '1:-

2156 4351 2411 4454 ῦρυχίους
2449 4374 2737 4435 ἀπώλεσας
2782 4370 2916 4442 (55)-
2962 4365 3102 4435 ξύλῳ
3161 4361 3356 4432 πικρὸν
3399 4358 3552 4427 ὓδωρ
3592 4351 3726 4454 tym-

1518 4496 1531 4529 ε
1579 4490 1646 4528 ex
1707 4444 1861 4543 petra
1918 4472 2040 4527 dur:

2160 4444 2347 4536 κᾷνᾶς-
2388 4472 2453 4523 ἐκ
2486 4467 2692 4538 πέτρας
2730 4459 3035 4533 άκροτόμου
3081 4454 3228 4525 ὕδωρ
3262 4451 3516 4519 ἀνέχεας·
3559 4444 3725 4509 ἐξ·οὖο

2163 4563 2322 4637 ρανοῦ
2356 4562 2417 4615 τὸ
2465 4536 2639 4631 μάννα
2670 4550 2828 4617 ῦσας·
2870 4550 3077 4623 τροφὴν
3120 4546 3178 4612 ἐξ
3221 4544 3385 4616 ἀέρος
3438 4536 3725 4637 ὀρωγομήτ

484 4664 656 4721 buisti
704 4681 769 4722 ex
813 4678 938 4718 aere
966 4678 1169 4730 escam,
1215 4666 1679 4732 ortygometram:
1722 4656 2039 4710 constituist

2157 4626 2312 4729 τραν·
2350 4626 2539 4706 στῦλον
2582 4647 2754 4720 πυρὸς
2783 4645 2882 4715 τὴν
2913 4643 3085 4696 νύκτα
3134 4635 3271 4709 πρὸς
3317 4632 3619 4704 φωτισμὸν,
3651 4626 3727 4680 καὶ

485 4766 649 4814 nocte
674 4759 987 4813 columnam
1019 4755 1162 4828 ignis
1190 4753 1259 4808 ad
1290 4752 1734 4813 illustrationem,
1760 4757 1815 4804 et
1842 4749 1934 4804 die
1965 4764 2059 4804 co-

488 4850 732 4905 lumnam
766 4850 926 4904 nubis
954 4850 1022 4903 ad
1051 4845 1429 4901 umbraculum
1460 4844 1517 4897 in
1542 4849 1699 4897 aestu.
1736 4840 1842 4896 Per
1871 4840 2058 4896 Jesum

2162 4720 2350 4803 στῦλον
2373 4745 2600 4815 νεφέλης
2628 4741 2841 4813 ἡμέραν
2867 4736 3004 4808 πρὸς
3045 4728 3314 4800 σκιασμὸν
3347 4726 3609 4786 θάλπους.
3642 4720 3725 4771 Τόν

2174 4839 2378 4910 Ἰησοῦν
2417 4812 2720 4908 στρατηγὸν
2762 4827 3063 4892 ἀναδείξας,
3095 4822 3234 4877 ἑπτά
3270 4819 3400 4891 ἔθνη
3428 4812 3727 4898 Χαναναίνν

480 4932 684 4996 [ducem
736 4941 1011 4996 exercitus
1039 4957 1067 4994 a
1112 4947 1167 4993 te
1206 4936 1565 5000 declaratum,
1615 4942 1822 5003 septem
1872 4941 2040 5003 gente:

2161 4933 2225 4987 δι’
2256 4930 2420 4987 αὑτοῦ
2453 4927 2724 4990 καθεῖλες,
2768 4919 3037 4991 Ἰορδάνην
3080 4911 3391 4987 διὲῥρηξας,
3424 4911 3555 4971 τοὺς
3584 4918 3724 4958 ποτα-

487 5034 924 5091 Cbananaeorum
950 5031 1241 5099 evertisti',
1260 5027 1551 5083 Jordanem
1582 5025 1863 5095 dirupisti,
1955 5025 2052 5079 [lu-

2158 5027 2293 5097 μοὺς
2335 5022 2513 5093 Ἡθάμ
2553 5020 2849 5088 ἐξήρανας,
2896 5011 3054 5080 τείχη
3088 5004 3426 5077 κατέρριψας
3475 4998 3585 5071 (56)
3621 4996 3726 5049 ἄνευ

562 5172 609 5204 ’⁸
647 5171 783 5227 Gen.
816 5185 890 5223 tv.
966 5169 1011 5200 ⁹⁹
1052 5166 1217 5222 Eccli.
1242 5182 1392 5229 xux,
1424 5165 1512 5231 i9;
1536 5164 1671 5219 Gen.
1720 5180 1792 5225 iv,
1833 5179 1886 5218 ν.
1960 5163 2027 5193 ¹⁰⁰

2146 5178 2201 5216 n.
2233 5176 2309 5231 vt,
2334 5152 2679 5231 νιῃ-ΙλΡεξιιχἒ
2707 5163 2823 5231 ttt,_
2848 5147 2939 5231 20:
2980 5145 3034 5231 n‘
3062 5140 3197 5196 Gen.
3232 5154 3397 5231 xum;
3427 5135 3567 5231 Sap.l
3589 5127 3724 5231 ᾗ,

565 5197 608 5204 ’”
647 5197 783 5227 υιτιι.
816 5197 890 5223 IV.
970 5197 1005 5200 ν
1054 5197 1217 5222 υυυιι.
1246 5197 1392 5229 suum,
1429 5197 1512 5231 Ia,
1536 5197 1671 5219 ucu-
1722 5197 1792 5225 ιν,
1841 5197 1886 5218 ν.

491 5245 512 5274 ’
552 5241 701 5297 Psal.
728 5258 840 5306 ενι,
862 5242 951 5295 54.
1030 5238 1049 5269 ³
1071 5236 1205 5293 Gen.
1239 5254 1337 5301 xu,
1370 5248 1477 5291 etc.
1547 5233 1856 5306 filngnat:
1883 5233 2040 5302 inter]

2148 5197 2225 5287 321
2242 5197 2770 5285 ’ΫτξιίίῙίθ-ιιῖὲῐῆ.
2780 5197 2941 5271 ’⁸7.”ὲ
2978 5214 3115 5270 Gen.
3150 5225 3297 5271 XLVI,
3327 5197 3397 5261 27
3422 5197 3570 5279 apud
3589 5197 3721 5256 LXX.

490 5311 515 5344 ⁵
555 5310 728 5367 Exod.
756 5329 793 5375 ι,
815 5303 919 5366 etc.
995 5311 1014 5340 "
1043 5308 1079 5361 ι.
1102 5307 1203 5362 lsa.
1234 5324 1330 5362 νιιι
1365 5305 1436 5359 20
1464 5308 1517 5359 in
1546 5303 1730 5358 LXXI
1782 5305 1803 5334 ⁸
1824 5303 1935 5357 los.
1967 5304 2162 5365 111,10.

1791 5466 2158 5533 VARIORUM
2199 5472 2437 5531 ΝΟΤᾸΞ.

578 5626 686 5698 (ει)
738 5625 978 5694 Ἰωσήφ.
1010 5622 1202 5681 Melius
1241 5583 1333 5674 τὸν
1380 5618 1597 5689 Ἰωσήφ,
1638 5616 1694 5669 in
1751 5613 1873 5669 cod.
1905 5610 2068 5667 Vind.

496 5694 669 5753 Cuia.

574 5768 687 5835 (55)
739 5765 1100 5829 Ἀπώλεσας.
1156 5761 1470 5823 Ἐκόλασας,
1500 5757 1564 5835 (1..
1690 5755 1881 5835 .minus
1915 5753 2071 5835 bene,

496 5823 628 5911 .cuin
654 5823 891 5911 Egyptii
923 5851 1031 5890 non
1059 5823 1250 5903 pmnas
1280 5838 1491 5885 tantum
1520 5826 1790 5893 dederint,
1810 5823 1955 5895 quod
1983 5838 2075 5879 su-

2178 5605 2501 5681 perstitibus
2546 5600 2725 5671 potuit
2767 5594 3107 5661 contingere,
3148 5589 3241 5645 sed
3293 5586 3549 5641 funditus
3579 5580 3727 5655 perie-

2179 5677 2797 5819 Πῐίὲίὶ;,1)ιίῖςι·ινέ,ρῤιψαςἰ
2812 5735 2977 5789 Recte
3005 5727 3366 5819 quidemtsed
3396 5743 3501 5782 nec
3531 5724 3659 5781 male
3682 5722 3727 5775 in

2183 5798 2492 5876 codjvi’ind.
2520 5798 2864 5883 δῖέτέρῤἠξας
2888 5798 3192 5874 perrupit“.
3219 5798 3295 5855 In.
