3712 6254
99 382 203 435 1101

907 386 1485 445 CONSTITUTIONES
1518 384 2051 439 APOSTOLIC.£.—
2084 382 2207 436 LIB.
2247 382 2379 438 Vl".

3110 381 3241 437 H02

93 494 463 564 μηχανημάτων
496 498 596 552 καὶ
624 502 807 571 χειρδς
842 502 1193 574 ἀνθρωπίνης.
1237 500 1401 569 ’Υπὲρ
1440 498 1608 552 ἁπάν-

1717 497 1825 549 vios
1846 495 2016 548 Ethan
2046 496 2317 559 siccasti’,
2342 510 2525 550 muros
2553 495 2889 565 prostravisti
2906 496 3107 565 absque
3136 513 3243 550 ma-

87 600 179 638 των
205 600 280 637 σοι
317 587 350 654 ἠ
389 586 532 652 δόξα,
574 591 825 644 Δέσποτα
865 593 1251 662 παντόκρατορ.
1281 592 1618 660 Σὲ,προσκυ-

85 675 239 728 νούσιν
280 676 568 747 ἀνάριθμοι
620 682 874 751 στρατιαὶ
921 681 1195 749 ἀγγέλων,
1248 680 1615 751 ἁρχαγγέλων,

84 765 288 836 θρόνων,
339 770 700 838 κυριοτήτων,
753 771 955 841 ἀρχῶν,
1001 770 1272 834 ἐξουσιῶν,
1320 769 1613 837 δυνάμεων,

83 856 336 925 στρατιῶν,
366 855 603 910 αἰώνων·
636 859 709 912 τά
739 860 1020 930 χερουϐὶμ,
1052 862 1143 913 καὶ
1173 860 1240 912 τὰ
1284 858 1618 929 ἑξαπτέρυγα

81 946 313 1015 σεραφὶμ,
339 949 457 1009 ταῖς
500 948 599 1016 μὲν
628 949 753 1001 δυσὶ
782 949 1251 1002 κατακαλύπτοντα
1276 950 1398 1010 τοὺς
1433 947 1613 1012 πόδας,

76 1038 175 1097 ταῖς
198 1035 249 1087 δὲ
272 1035 389 1087 δυσὶ
421 1035 522 1098 τὰς
553 1038 817 1105 κεφαλὰς,
838 1042 952 1100 ταῖς
974 1039 1029 1090 δὲ
1056 1038 1172 1090 δυσὶ
1204 1037 1491 1107 πετόμενα,
1525 1037 1618 1089 καὶ

76 1123 292 1191 λέγοντα,
326 1124 442 1194 ἅμα
478 1126 687 1193 χιλίαις
729 1128 959 1196 χιλιάσιν
995 1126 1361 1197 άρχαγγέλων,
1404 1126 1496 1180 καὶ
1528 1142 1619 1194 μυ-

76 1216 198 1285 ρίαις
243 1215 499 1285 μυριάσιν
537 1216 812 1283 ἀγγέλων,
842 1216 1267 1277 ἀκαταπαύστως
1298 1215 1389 1267 καὶ
1424 1214 1617 1284 ἁσιγή-

74 1323 167 1367 τως
196 1303 442 1373 βοώσαις·
476 1306 573 1357 καὶ
616 1307 727 1368 πᾶς
758 1309 785 1358 6
813 1305 938 1368 λαὸς
967 1306 1079 1375 ἅμα
1108 1305 1327 1358 εἰπάτω’
1364 1324 1382 1357 ι
1413 1305 1616 1372 Ἀγιος,

73 1395 223 1463 ἅγιος,
248 1394 424 1463 ἅγιος,
457 1396 672 1466 Κύριος
710 1396 951 1448 Σαϐαώθ·
986 1395 1192 1466 πλήρης
1219 1397 1248 1447 6
1277 1394 1498 1464 οὐρανὸς
1528 1395 1618 1447 καὶ

75 1486 187 1555 ήγῆ
216 1487 311 1555 τῆς
351 1485 515 1554 δόξης
553 1485 748 1537 αὐτού·
790 1484 1073 1554 εὐλογητὸς
1113 1487 1191 1547 είς
1232 1485 1354 1546 τοὺς
1400 1485 1613 1546 αἰῶνας.

84 1576 252 1647 Ἀμήν.
275 1595 292 1627 ι
328 1576 440 1629 Καὶ
467 1578 497 1629 6
529 1577 823 1647 ἀρχιερεὺς
849 1575 974 1644 ἑξῆς
997 1574 1212 1641 λεγέτω·
1242 1575 1423 1642 ’Ἄγιος
1441 1575 1547 1646 γάρ
1570 1572 1620 1627 εἷ

72 1667 136 1727 ὡς
175 1665 414 1736 άληθῶς,
454 1668 551 1718 καὶ
598 1666 889 1733 πανάγιος,
934 1663 1149 1732 ὕψιστος
1188 1664 1278 1715 καὶ
1318 1664 1617 1733 ὐπερυψού-

78 1772 210 1824 μενος
239 1758 314 1818 είς
344 1757 472 1819 τοὺς
492 1756 720 1817 αἰῶνας.
747 1756 928 1823 ’Ἄγιος
955 1754 1010 1806 δὲ
1038 1755 1129 1806 καὶ
1153 1756 1180 1804 6
1213 1754 1495 1823 μονογενής
1526 1770 1616 1805 σου

1714 586 1891 639 chinis
1928 594 1981 639 et
2027 586 2228 654 absque
2272 600 2433 638 manu
2483 586 2716 638 humana
2739 586 2803 640 ¹⁰.
2836 584 2941 639 Pro
2988 587 3242 641 ouinibus

1712 675 1809 728 tibi
1838 675 2025 744 gloria,
2056 662 2276 729 Domine
2306 676 2664 745 omnipotens.
2688 676 2727 707 ¹¹
2760 674 2835 730 Te
2885 676 3113 729 adorant
3158 678 3243 730 in-

1712 765 2068 820 numerabiles
2125 765 2290 832 copia:
2358 766 2701 834 angelorum,
2755 765 3240 834 archangelorum,

1712 857 2060 918 thronorum,
2107 854 2562 921 dominationum,
2610 856 3036 925 principatuum,
3090 864 3244 923 pote-

1714 952 1947 1008 statum,
1993 945 2285 1008 virtutum,
2336 944 2702 1009 exercituum,
2765 946 3080 999 saeculorum
3148 959 3243 998 seu

1712 1044 2067 1099 aeternorum;
2115 1044 2169 1088 et
2215 1034 2538 1101 cherubini;
2591 1036 2717 1089 item
2776 1035 3049 1103 seraphini
3098 1035 3244 1089 senis

1714 1127 1814 1181 alis
1862 1124 2098 1194 praediti,
2146 1125 2288 1179 binis
2330 1126 2542 1193 quidem
2590 1127 2829 1183 velantes
2878 1124 3038 1194 pedes
3084 1140 3243 1187 suos,

1712 1217 1855 1271 binis
1888 1230 2015 1269 vero
2056 1216 2265 1284 capita,
2310 1223 2362 1270 et
2404 1216 2611 1269 duabus
2653 1216 2773 1268 aliis
2815 1217 3059 1270 volantes
3087 1215 3151 1278 ¹¹,
3183 1230 3245 1268 ac

1714 1306 1953 1360 dicentes
1982 1318 2087 1357 una
2115 1319 2237 1357 cum
2272 1305 2414 1358 mille
2444 1305 2681 1359 millibus
2724 1304 3163 1373 archangelorum
3193 1313 3247 1358 et

1714 1395 1867 1450 denis
1899 1395 2135 1449 millibus
2160 1394 2353 1448 denum
2389 1395 2615 1448 millium
2654 1396 2965 1463 angelorum
2994 1396 3056 1459 “,
3098 1395 3249 1449 inde-

1715 1486 1951 1540 sinenter
1986 1501 2050 1539 ac
2105 1486 2222 1539 sine
2256 1485 2406 1539 vocis
2454 1485 2851 1539 intermissione
2888 1486 3248 1539 clamantibus

1716 1579 1791 1645 (et
1818 1578 1992 1632 omnis
2018 1577 2245 1646 populus
2269 1575 2425 1629 simul
2448 1575 2611 1643 dicat)
2636 1594 2649 1628 :
2686 1595 2703 1625 ‹
2729 1573 2982 1638 Sanctus,
3007 1584 3247 1637 sanctus,

1716 1675 1966 1729 sanctus,
2019 1665 2276 1718 Dominus
2331 1663 2611 1717 Sabaoth:
2656 1664 2796 1732 pleni
2847 1672 2975 1717 sunt
3021 1665 3144 1718 cmli
3195 1672 3248 1719 et

1717 1764 1860 1809 terra
1887 1755 2055 1825 gloria
2087 1754 2204 1823 ejus
2229 1771 2244 1807 :
2274 1753 2595 1807 Benedictus
2625 1752 2679 1805 in
2709 1755 2923 1807 saacula.
2947 1754 3115 1807 Amen
3138 1755 3201 1807 “.
3222 1773 3242 1804 ι

70 1822 218 1909 ῩἿὸςό
244 1848 443 1918 Κύριος
476 1847 644 1917 ἡμῶν
685 1847 777 1899 καὶ
815 1846 944 1908 Θεὸς
982 1845 1184 1915 Ἰησοῦς
1271 1822 1518 1915 Χριστόςο
1558 1846 1616 1907 ὃς

1717 1846 1780 1898 Et
1808 1822 2045 1914 pontifex
2070 1854 2256 1913 postea
2286 1844 2429 1897 dicat
2455 1862 2468 1897 :
2505 1842 2736 1897 Sanctus
2758 1844 2900 1897 enim
2924 1859 3047 1898 vere
3073 1859 3155 1908 es,
3186 1859 3250 1897 ac

77 1940 143 1999 εἰς
178 1938 342 1990 πάντα
394 1937 887 2009 ὑπηρετησάμενός
933 1953 1013 1988 σοι
1061 1936 1137 2005 τῷ
1188 1935 1303 2005 Θεῷ
1335 1935 1493 1987 αὐτοῦ
1523 1936 1616 1988 καὶ

78 2028 246 2096 Πατρὶ,
261 2028 409 2095 είςξτε
429 2028 795 2097 δημιουργίαν
821 2026 1087 2095 διάφορον,
1112 2026 1203 2077 καὶ
1228 2024 1472 2094 πρόνοιαν
1498 2042 1615 2077 κατ-

80 2115 302 2187 άλληλον,
328 2117 390 2169 οὐ
424 2117 668 2187 περιεῖδε
702 2116 763 2167 τὸ
786 2116 938 2183 γένος
979 2116 1083 2167 τῶν
1123 2115 1415 2186 ἀνθρώπων
1450 2115 1614 2169 ἀπολ-

80 2206 298 2276 λύμενον,
343 2206 479 2259 ἀλλὰ
532 2204 679 2275 μετὰ
724 2203 947 2272 φυσικὸν
987 2204 1175 2274 νόμον,
1207 2204 1343 2274 μετὰ
1390 2206 1615 2275 νομικὴν

83 2296 391 2367 παραίνεσιν,
440 2294 581 2365 μετὰ
642 2294 1005 2363 προφητικῶς
1051 2293 1327 2362 ἐλέγχους,
1379 2298 1471 2347 καὶ
1518 2295 1615 2359 τὰς

83 2386 173 2439 τῶν
232 2386 471 2454 ἀγγέλων
533 2382 869 2448 ὲπιστασίας,
909 2383 1372 2453 παραφθειρόντων
1408 2386 1501 2437 σὺν
1539 2385 1614 2455 τῷ

86 2475 201 2544 θετῷ
243 2478 336 2528 κα)⁸
366 2476 456 2526 τὸν
490 2474 721 2542 φυσικὸν
762 2473 950 2542 νόμον,
995 2473 1086 2524 καὶ¹
1124 2473 1223 2541 τῆς
1273 2474 1484 2543 μνήμης
1524 2475 1614 2526 ὲκ-

88 2566 357 2618 ϐαλλόντων
401 2566 493 2618 τὸν
550 2563 946 2632 κατακλυσμὸν,
984 2564 1082 2633 τὴν
1136 2561 1468 2633 ἐκπύρωσιν,
1517 2566 1614 2627 τὰς

90 2659 188 2707 κατ’
208 2655 510 2723 Αἰγυπτίων
541 2653 775 2723 πληγὰς,
804 2653 899 2715 τάς
927 2653 1064 2705 κατὰ
1093 2652 1467 2722 Παλαιστηνῶν
1490 2672 1615 2722 σφα-

91 2745 200 2811 γὰς,
231 2746 319 2798 καὶ
355 2744 656 2814 μελλόντων
703 2744 824 2795 ὅσον
858 2742 1063 2795 οὐδέπω
1112 2742 1435 2795 ἀπόλλυσθαι
1480 2744 1611 2796 πάν-

90 2851 196 2897 των,
236 2835 516 2903 εὐδόκησεν
563 2833 726 2895 αὐτὸς
762 2831 949 2902 γνώμῃ
992 2834 1055 2901 σῇ
1090 2835 1117 2884 6
1153 2832 1475 2902 δημιουργὸς
1523 2835 1614 2886 ἁν-

95 2922 299 2993 θρώπου,
342 2924 629 2994 ἄνθρωπος
676 2922 948 2988 γενέσθαι,
983 2922 1011 2974 6
1050 2922 1337 2992 νομοθέτης
1380 2923 1482 2976 ὐπὸ
1527 2925 1612 2977 νί-

99 3028 225 3079 μους,
261 3016 289 3066 6
316 3014 607 3083 ἀρχιερεὺς
654 3013 861 3081 ἱερεῖον,
895 3013 923 3063 6
960 3012 1157 3081 ποιμὴν
1198 3012 1480 3082 πρόϐατον,
1522 3015 1614 3066 καὶ

1715 1938 2108 1997 sanctissimus,
2148 1934 2441 1989 altissimus
2484 1942 2537 1988 et
2570 1934 2997 2003 superexaltatus
3047 1933 3103 1985 in
3149 1947 3249 1986 sa:-

1713 2029 1854 2082 cula.
1886 2026 2118 2081 Sanctus
2162 2040 2376 2094 quoque
2425 2024 2734 2093 unigenitus
2764 2032 2889 2077 tuus
2920 2023 3110 2085 Filius,
3145 2022 3251 2076 Do-

1713 2118 1890 2171 minus
1923 2126 2103 2171 noster
2129 2124 2182 2169 et
2210 2114 2370 2175 Deus,
2401 2112 2558 2167 Jesus
2596 2112 2884 2178 Christus;
2915 2113 3006 2181 qui
3040 2113 3107 2166 ad
3133 2126 3250 2167 om:

1713 2206 1803 2259 nia
1842 2206 1935 2259 tibi
1964 2206 2071 2259 Deo
2103 2219 2202 2259 suo
2230 2211 2285 2257 et
2320 2202 2500 2266 Patri,
2539 2211 2653 2255 tum
2696 2202 2752 2255 in
2780 2203 2929 2255 varia
2957 2202 3246 2267 creatione,

1712 2303 1825 2348 tum
1872 2295 1928 2348 in
1974 2293 2310 2362 providentia
2358 2291 2735 2353 convenienti,
2774 2291 3109 2353 ministrans,
3142 2306 3249 2344 non

1711 2384 1953 2453 despexit
1985 2398 2153 2453 genus
2195 2383 2486 2435 humanum
2526 2381 2667 2450 quod
2716 2380 2961 2449 peribat:
2996 2381 3090 2435 sed
3132 2389 3253 2449 post

1712 2476 2010 2529 naturalem
2040 2475 2228 2543 legem,
2257 2482 2377 2542 post
2401 2473 2621 2541 legalem
2653 2471 3095 2536 admonitionem,
3123 2478 3247 2539 post

1711 2564 2047 2635 propheticas
2100 2563 2573 2632 reprehensiones,
2610 2569 2664 2616 et
2708 2562 3015 2631 angelorum
3061 2560 3251 2629 praefe-

1712 2668 1926 2721 cturas;
1957 2670 2081 2708 cum
2112 2654 2278 2724 legem
2306 2654 2603 2708 naturalem
2636 2666 2742 2706 una
2768 2667 2890 2705 cum
2918 2651 3031 2719 lege
3052 2651 3252 2719 scripta

1712 2761 1805 2801 seu
1854 2747 2026 2816 posita
2073 2746 2370 2807 violarent,
2415 2752 2574 2811 atque
2602 2758 2634 2797 e
2662 2742 2917 2796 memoria
2952 2741 3246 2825 abjicerent

1711 2838 2004 2901 diluvium,
2048 2835 2517 2904 conﬂagrationem
2588 2832 3003 2895 Sodomiticam,
3064 2830 3251 2898 plagas

1713 2927 1993 2997 Egyptiis,
2035 2934 2089 2980 et
2116 2925 2288 2980 credes
2319 2923 2616 2977 Palaestinis
2649 2923 2844 2984 illatas,
2898 2934 3130 2989 cumque
3176 2920 3246 2970 il—

1714 3018 1817 3072 lico
1864 3016 2087 3086 perituri
2118 3024 2297 3071 essent
2341 3029 2557 3081 omnes;
2602 3029 2668 3068 ex
2712 3012 2973 3068 sententia
3004 3019 3095 3062 tua
3140 3009 3255 3078 ipse

98 3101 438 3173 ὲξευμενίσατό
458 3119 517 3155 σε
548 3101 640 3153 τὸν
669 3100 857 3165 ἑαυτοῦ
884 3100 1010 3152 Θεὸν
1037 3102 1127 3153 καὶ
1152 3101 1386 3172 Πατέρα,
1417 3104 1509 3156 καί
1535 3104 1610 3174 τῷ

1717 3106 1889 3176 elegit,
1918 3116 2130 3160 creator
2161 3106 2417 3169 hominis,
2452 3105 2612 3159 homo
2640 3105 2784 3169 fieri;
2830 3103 3122 3173 legislator,
3153 3103 3255 3155 sub

102 3192 259 3261 κόσμῳ
296 3192 614 3264 κατήλλαξε,
661 3191 754 3244 καὶ
786 3191 881 3261 τῆς
920 3192 1259 3261 ἐπικειμένης
1296 3193 1458 3263 ὀργῆς
1492 3194 1615 3254 τοὺς

101 3282 277 3345 πάντας
310 3283 668 3354 ἠλευθέρωσε,
715 3282 996 3351 γενόμενος
1039 3282 1101 3333 ὲκ
1134 3282 1425 3353 παρθένου,
1470 3281 1618 3350 γενό-

106 3388 237 3440 μενος
270 3375 323 3425 ὲν
367 3374 547 3444 σαρκὶ,
582 3374 611 3424 6
644 3373 772 3436 Θεὸς
803 3372 986 3439 Λόγος,
1029 3374 1057 3425 6
1088 3373 1361 3442 ἀγαπητὸς
1399 3373 1543 3437 Υἱὸς,
1590 3375 1618 3425 6

104 3463 407 3530 πρωτότοκος
452 3462 636 3530 πάσης
683 3460 925 3523 κτίσεως,
970 3461 1106 3513 κατὰ
1143 3461 1239 3525 τὰς
1284 3462 1409 3533 περὶ
1458 3463 1617 3515 αὐτοῦ

100 3551 177 3601 ὐπ’
212 3551 363 3604 αὐτοῦ
404 3549 802 3622 προρρηθείσας
842 3551 1169 3620 προφητείας
1214 3552 1277 3604 ὲκ
1316 3553 1619 3623 σπέρματος

101 3640 252 3707 Δαϐὶδ,
280 3642 369 3694 καὶ
406 3640 676 3711 Ἀϐραάμ,
724 3639 890 3709 φυλῆς
949 3641 1130 3693 Ἰούδα·
1179 3642 1272 3694 καὶ
1301 3643 1517 3711 γέγονεν
1562 3644 1618 3695 ὲν

104 3732 259 3802 μήτρᾳ
293 3732 555 3802 παρθένου
596 3733 625 3782 6
664 3730 999 3783 διαπλάσσων
1034 3732 1236 3794 πάντας
1273 3735 1394 3795 τοὺς
1421 3749 1617 3800 γεννω-

102 3819 287 3887 μένους,
311 3823 400 3874 καὶ
425 3818 813 3890 ὲνεσαρκὼθηό
834 3821 1085 3890 ἄσαρκος,
1113 3823 1141 3873 6
1170 3822 1407 3892 ἀχρόνως
1434 3840 1620 3893 γεννη-

100 3909 197 3972 θεὶς
228 3913 281 3963 ἐν
315 3912 489 3982 χρόνῳ
517 3910 824 3978 γεγένηται⁸
868 3910 1306 3981 πολιτευσάμενος
1341 3912 1497 3975 ὁσίως
1529 3916 1621 3967 καὶ

101 4002 367 4063 παιδεύσας
407 4001 701 4069 ὲνθέσμως,
734 4001 910 4052 πᾶσαν
940 4001 1087 4053 νόσον
1128 4002 1220 4054 καὶ
1250 4004 1424 4055 πᾶσαν
1454 4004 1622 4073 μαλα-

99 4090 207 4142 κίαν
231 4091 288 4155 ἐξ
313 4092 611 4162 ἀνθρώπων
656 4090 945 4157 ἀπελάσας,
986 4092 1181 4161 σημεῖά
1210 4109 1268 4144 τε
1306 4093 1397 4145 καὶ
1426 4094 1623 4165 τέρατα

98 4179 150 4231 ἐν
172 4182 241 4250 τῷ
264 4182 374 4252 λαῷ
404 4184 653 4252 ποιήσαςο
686 4182 888 4251 τροφῆς
917 4183 1008 4234 καὶ
1035 4182 1195 4234 ποτοῦ
1226 4185 1316 4235 καὶ
1341 4182 1505 4236 ὐπνου
1538 4203 1623 4255 με·

98 4270 339 4337 ταλαϐὼν,
371 4276 401 4325 6
432 4273 646 4344 τρέφων
684 4272 887 4335 πάντας
925 4274 1047 4335 τούς
1075 4273 1365 4343 χρῄζοντας
1399 4278 1620 4346 τροφῆς.

1715 3196 1956 3266 legibus;
1986 3196 2246 3265 pontifex,
2275 3196 2484 3260 hostia;
2516 3206 2719 3264 pastor,
2748 3195 2903 3258 ovis;
2934 3202 2986 3248 et
3016 3201 3067 3247 te
3097 3207 3253 3247 suum

1715 3285 1880 3340 Deum
1928 3301 1992 3340 ac
2038 3285 2250 3341 Patrem
2306 3286 2538 3356 placavit
2590 3294 2751 3354 atque
2782 3285 2982 3337 mundo
3014 3284 3255 3336 reconci-

1715 3377 1883 3441 liavit,
1914 3386 2244 3447 cunctosque
2278 3378 2343 3431 ab
2382 3377 2693 3430 imminente
2732 3377 2811 3429 ira
2862 3374 3130 3435 liberavit,
3177 3372 3257 3424 fa-

1715 3475 1834 3522 ctus
1880 3482 1945 3520 ex
1978 3466 2202 3536 virgine,
2249 3466 2423 3519 factus
2471 3466 2527 3518 in
2572 3480 2756 3530 carne,
2810 3464 2950 3518 Deus
2988 3462 3252 3521 Verbum,

1716 3557 1941 3611 dilectus
1991 3556 2194 3619 Filius,
2233 3556 2619 3625 primogenitus
2664 3555 2841 3608 omnis
2879 3559 3161 3612 creaturae,
3201 3558 3256 3602 et

1716 3647 2009 3701 secundum
2044 3646 2351 3715 prophetias
2391 3645 2458 3698 ab
2503 3645 2622 3713 ipso
2664 3644 2730 3698 de
2761 3660 2818 3697 se
2848 3642 3129 3712 praadictas
3167 3653 3256 3691 or-

1716 3743 1804 3789 tus
1845 3751 1907 3789 ex
1952 3736 2155 3790 semine
2204 3734 2417 3789 Davidis
2458 3742 2513 3787 et
2558 3732 2848 3787 Abrahami
2896 3747 2959 3785 ac
3003 3731 3070 3784 de
3112 3728 3256 3782 tribu

1716 3824 1864 3881 Juda:
1890 3844 1903 3878 :
1934 3825 1976 3854 ¹⁸
2005 3834 2059 3879 et
2089 3826 2262 3879 factus
2299 3834 2383 3879 cst
2424 3825 2477 3877 in
2519 3832 2674 3877 utero
2705 3822 2960 3889 Virginis,
2999 3821 3259 3874 formator

1717 3918 1955 3972 omnium
1992 3918 2085 3987 qui
2112 3915 2432 3987 gignuntur;
2460 3914 2773 3967 incarnatus
2798 3920 2901 3974 est,
2945 3911 3036 3979 qui
3077 3908 3258 3962 carnis

1716 4024 1937 4078 expers;
1990 4008 2081 4078 qui
2138 4009 2255 4063 sine
2310 4018 2549 4077 tempore
2606 4007 2853 4078 genitus,
2908 4004 2961 4055 in
3024 4012 3260 4068 tempore

1718 4106 1877 4152 natus
1898 4107 2020 4152 est:
2048 4106 2232 4153 sancte
2264 4099 2417 4161 vixit,
2458 4108 2511 4151 et
2541 4098 2773 4167 legitime
2803 4094 3014 4161 docuit;
3045 4103 3259 4144 onmem

1719 4188 1962 4241 morbum
2020 4196 2076 4243 et
2139 4203 2351 4242 omnem
2407 4187 2772 4242 infirmitatem
2829 4188 2895 4240 ab
2951 4180 3261 4240 hominibus

1718 4279 1956 4346 expulit;
2022 4278 2174 4347 signa
2238 4286 2291 4333 et
2352 4280 2593 4348 prodigia
2659 4278 2714 4331 in
2781 4278 2977 4347 populo
3039 4275 3255 4329 edidit:

100 4362 183 4411 καὶ
200 4363 525 4432 ὲμπιμπλῶν
555 4364 661 4415 πᾶν
707 4362 843 4425 ζῶον
886 4362 1142 4425 εὐδοκίας
1181 4364 1481 4435 ὲφανέρωσέ
1529 4383 1621 4419 σου

1720 4367 1927 4432 cibum,
1982 4376 2193 4436 potum,
2246 4383 2493 4422 somnum
2566 4369 2708 4436 cepit
2759 4368 2836 4430 is,
2889 4367 2980 4435 qui
3033 4370 3260 4418 cunctos

99 4450 153 4500 τὸ
189 4430 350 4521 ama
388 4456 502 4515 τοῖς
541 4452 821 4520 ἀγνοοῦσιν
850 4453 997 4518 αὐτὸ,
1030 4454 1127 4523 τὴν
1167 4430 1382 4521 ἄγνοιάν
1427 4457 1624 4525 ἐφυγά-

1722 4460 1973 4513 alimento
2022 4458 2321 4528 indigentes
2370 4459 2571 4521 nutrit,
2610 4472 2874 4525 omneque
2921 4454 3119 4508 animal
3154 4452 3260 4504 im-

100 4538 256 4605 δευσε,
284 4545 379 4613 τὴν
419 4543 695 4595 εὐσέϐειαν
738 4543 1153 4615 ἀνεζωπύρωσε,
1186 4547 1245 4598 τὸ
1283 4546 1487 4616 θέλημά
1532 4565 1622 4601 σου

103 4628 383 4701 ἐπλήρωσε,
420 4633 482 4686 τὸ
511 4634 669 4704 ἔργον
699 4634 727 4685 ὃ
769 4633 968 4696 ἔδωκας
999 4635 1142 4704 αὐτῷ
1185 4636 1477 4690 ἐτελείωσε.
1517 4640 1625 4692 Καὶ

106 4718 257 4772 ταῦτα
281 4723 452 4775 πάντα
480 4723 842 4795 κατορθώσας,
888 4726 1070 4794 χερσὶν
1112 4725 1322 4795 ἀνόμων
1363 4743 1624 4798 κατασχε-

110 4806 228 4872 θέις,
273 4813 457 4882 ἱερέων
497 4816 588 4868 καὶ
626 4814 924 4885 ἀρχιερέων
958 4814 1316 4884 ψευδωνύμων
1360 4816 1451 4869 καὶ
1499 4818 1625 4870 λαοῦ

112 4900 421 4971 παρανόμου,
445 4903 701 4972 προδοσίᾳ
724 4901 815 4954 τοῦ
846 4902 942 4971 τὴν
962 4902 1154 4955 κακίαν
1180 4907 1514 4976 νοσήσαντος,
1537 4910 1629 4961 καὶ⁸

120 4988 269 5043 πολλὰ
297 4992 477 5045 παθὼν
510 4995 601 5045 ὐπ’
620 4991 814 5054 αὐτῶν,
839 4992 931 5044 καὶ
957 4992 1131 5043 πᾶσαν
1162 4993 1378 5064 ἀτιμίαν
1400 4998 1631 5061 ὑποστάς

120 5082 174 5147 σῇ
196 5085 533 5154 συγχωρήσει,
562 5079 882 5151 παραδοθεὶς
909 5080 1119 5149 Πιλάτῳ
1144 5082 1221 5150 τῷ
1262 5086 1513 5155 ἡγεμόνι,
1540 5090 1632 5141 καὶ

128 5171 298 5237 ιριθεὶς
318 5176 345 5225 6
366 5176 575 5244 κριτὴς,
613 5174 707 5225 καὶ
740 5170 1080 5240 κατακριθεὶς
1101 5171 1130 5220 6
1161 5173 1381 5245 Σωτὴρ,
1420 5180 1632 5248 σταυρῷ

125 5262 403 5334 προσηλώθη
422 5267 449 5315 6
467 5262 707 5331 ἀπαθὴς,
731 5262 818 5313 καὶ
840 5258 1095 5313 ἀπέθανεν
1121 5260 1150 5310 6
1179 5265 1245 5333 τῇ
1272 5253 1635 5331 φύσειάθάνᾶ-

1724 4549 1833 4619 plet
1877 4547 2208 4614 heneplacito
2238 4550 2279 4579 ¹⁶
2311 4564 2324 4602 :
2364 4548 2722 4602 manifestavit
2761 4561 2953 4600 nomen
2996 4554 3143 4597 tuum
3192 4540 3260 4593 iis

1725 4639 1819 4708 qui
1868 4637 1999 4692 illud
2057 4640 2408 4708 ignorabant;
2465 4638 2669 4707 fugavit
2720 4635 3111 4705 ignorantiam;
3148 4630 3261 4698 pie-

1726 4737 1889 4784 tatem
1953 4730 2334 4795 exsuscitavit;
2390 4730 2718 4782 voluntatem
2780 4735 2925 4777 tuam
2985 4721 3259 4790 implevit;

1729 4836 1864 4891 opus
1901 4822 2043 4889 quod
2080 4821 2127 4875 ei
2165 4820 2390 4883 dedisti,
2430 4817 2823 4873 consummavit
2859 4816 2898 4845 "
2930 4835 2942 4869 :
2984 4823 3141 4881 atque
3177 4811 3262 4865 his

1731 4911 1981 4965 omnibus
2014 4911 2240 4965 feliciter
2269 4910 2456 4979 gestis,
2487 4922 2579 4978 per
2602 4906 2963 4975 proditionem
3007 4904 3151 4956 illius
3171 4902 3262 4968 qui

1733 5002 1948 5055 malitiae
1976 5001 2162 5054 morbo
2192 5000 2493 5068 languebat,
2521 4994 2943 5062 comprehensus
2983 5002 3066 5046 est
3096 4991 3264 5043 maui-

1733 5090 1833 5145 bus
1861 5090 2266 5159 flagitiosorum,
2292 5101 2482 5156 nempe
2511 5084 2647 5137 falso
2676 5085 2899 5136 nomine
2925 5081 3263 5152 gaudentium

1735 5181 2069 5235 sacerdotum
2098 5194 2161 5233 ac
2190 5178 2522 5246 pontificum,
2550 5181 2602 5226 et
2628 5173 2820 5239 p0puli
2852 5172 3022 5239 iniqui
3046 5186 3065 5232 ;
3104 5184 3133 5221 a
3152 5169 3265 5236 qui-

1734 5270 1834 5326 bus
1856 5271 2020 5326 multa
2048 5282 2240 5340 passus
2273 5275 2374 5332 est,
2403 5274 2455 5321 et
2480 5277 2694 5318 omnem
2715 5262 2759 5292 ⁸⁸
2790 5261 3137 5331 ignominiam
3154 5274 3270 5313 sus-

172 5507 575 5597 "Psal.-‘r;xxu‘ll,
610 5508 755 5597 ἐξ...
808 5508 1019 5597 £168..
1060 5528 1137 5597 Vl.-
1168 5581 1211 5597 Μ
1253 5518 1499 5597 ίξ-Ιεηλαι.
1542 5523 1791 5597 inici-po],
1824 5531 1889 5585 ad
1918 5530 2079 5584 Tm“,
2124 5527 2179 5597 5,7
2288 5530 2329 5561 ιι
2362 5525 2587 5597 !sa_v1,
2627 5520 2681 5572 2.
2748 5520 2845 5597 “f‘
2880 5519 3015 5597 Dan:
3043 5535 3149 5582 vn,
3194 5518 3283 5570 10.

128 5569 267 5691 εἶδε.
301 5594 357 5658 γι,
386 5581 439 5632 3.
523 5578 571 5606 “
610 5574 777 5641 lsnat-
807 5577 1039 5646 ὶηίθτρυιο
1072 5583 1139 5637 ad
1168 5569 2212 5669 ΤιἐιιιοἾᾶἶεῖἓὰιῗνῖξᾶἷιΜιῖέὶίλὶ.
2291 5600 2332 5630 ι·
2357 5569 2711 5654 ﬂamini,
2742 5588 2838 5643 16.
2883 5569 3289 5642 vigesima.

197 5655 314 5691 mat.
342 5656 537 5691 intem.
570 5645 641 5691 ad
672 5641 828 5691 Trall.
854 5646 931 5691 10.

196 5655 314 5711 gnat.
340 5649 537 5712 interp.
570 5645 641 5694 ad
672 5641 828 5697 Trall.
854 5646 931 5701 ro.
