3812 6354
492 368 631 422 “05

1326 363 1381 417 S.
1425 360 1871 417 CLEMENTISI
1911 361 2080 421 ROM.
2118 361 2319 419 PONT.
2361 360 2590 417 OPERA
2628 361 2854 418 DUBIA.

3612 369 3731 423 ιιοι

483 482 670 547 tinuit,
704 482 975 549 permissu
1035 490 1165 544 tuo;
1199 479 1436 535 traditus
1466 486 1552 535 est
1597 478 1773 534 Pilato
1800 479 2018 548 pra:sidi
2051 498 2065 546 ;

2172 497 2282 545 τος,
2312 480 2407 532 καὶ
2432 480 2603 551 ἐτάφη
2634 481 2662 532 ὁ
2702 478 2982 544 ζωοποιὸς,
3018 479 3103 531 ἵνα
3134 478 3338 542 πάθους
3366 478 3503 549 λύσῃ
3532 483 3622 534 καὶ
3648 483 3731 535 θα-

479 574 759 642 judicatus
804 582 908 638 est,
948 572 1151 641 judex;
1184 572 1581 626 condemnatus
1612 580 1716 635 est,
1764 572 2014 626 Salvator
2046 590 2061 637 ;

482 668 633 719 cruci
665 666 856 719 allixus
878 672 984 729 est,
1015 665 1109 733 qui
1143 665 1250 734 pati
1292 681 1400 719 non
1434 672 1644 734 potest;
1680 676 1928 719 mortuus
1959 672 2062 728 est,

483 766 687 811 natura
721 757 1077 822 immortalis;
1124 758 1372 826 sepultus
1402 766 1509 819 est,
1552 758 1678 811 vita:
1708 758 1972 824 effector;
2005 765 2064 810 ut

484 850 609 903 illos
640 860 861 918 propter
901 864 1042 918 quos
1095 848 1412 910 advenerat.
1445 864 1474 902 a
1517 850 1777 919 passione
1808 850 2062 913 solveret,

483 948 537 990 et
563 952 589 991 ε
619 947 790 993 morte
814 938 1067 1008 eriperet,
1098 949 1159 993 ut
1183 939 1385 994 diaboli
1420 939 1634 993 vincula
1668 950 1962 1007 rumperet,
1993 937 2062 989 il-

485 1028 699 1097 liusque
731 1044 797 1083 ex
838 1028 1049 1085 fallacia
1081 1031 1337 1086 liberaret
1367 1031 1616 1085 homines
1643 1050 1656 1084 :
1704 1029 2004 1084 resurrexit
2032 1044 2063 1084 e

483 1122 715 1176 mortuis
740 1122 899 1177 tertia
930 1124 1017 1179 die
1049 1143 1061 1178 :
1091 1124 1450 1193 quadraginta
1472 1124 1667 1179 diebus
1692 1133 2065 1180 commoratus

481 1230 606 1269 cum
630 1214 938 1285 discipulis,
963 1226 1277 1285 assumptus
1305 1226 1388 1269 est
1411 1217 1465 1269 in
1485 1216 1655 1271 cmlos
1675 1234 1689 1282 ;
1713 1225 1767 1271 et
1794 1217 1860 1271 ad
1878 1216 2067 1272 dexte-

482 1324 601 1363 ram
636 1310 842 1363 assidet
867 1309 983 1373 tibi,
1021 1308 1130 1363 Deo
1160 1324 1224 1361 ac
1270 1307 1417 1361 Patri
1448 1323 1568 1363 suo.
1597 1309 1637 1339 ¹⁹
1666 1308 1932 1363 Memores
1964 1308 2065 1378 igi-

486 1410 575 1457 tur
605 1418 795 1457 eorum
831 1419 952 1472 quae
976 1411 1197 1471 propter
1226 1416 1327 1455 nos
1356 1402 1599 1471 pertulit,
1624 1402 1827 1471 gratias
1851 1403 2063 1468 agimus

484 1494 606 1557 tibi,
645 1492 789 1549 Deus
824 1494 1199 1562 omnipotens,
1233 1508 1341 1547 non
1394 1502 1660 1563 quantum
1691 1493 1973 1557 debemus,
2009 1501 2065 1547 at

483 1593 749 1656 quantum
779 1602 1108 1655 possumus;
1147 1593 1200 1642 et
1230 1587 1681 1640 constitutionem
1714 1586 1834 1655 ejus
1873 1586 2065 1656 imple-

483 1694 627 1733 mus.
655 1678 713 1731 In
738 1694 845 1747 qua
876 1679 1020 1734 enim
1047 1687 1211 1734 nocte
1236 1679 1577 1742 tradebatur,
1610 1694 1751 1749 pane
1772 1680 1978 1735 sanctis
1999 1694 2063 1733 ac

484 1770 851 1827 immaculatis
886 1773 1142 1826 manibus
1172 1773 1287 1828 suis
1311 1780 1556 1842 accepto,
1591 1779 1645 1826 et
1680 1772 1903 1828 elevatis
1930 1788 2063 1827 ocu-

2168 580 2330 629 νάτου
2360 575 2607 644 ἐξέληται
2636 575 2857 637 τούτους
2882 574 3008 636 τοὺς
3042 574 3153 644 (57)
3184 574 3250 627 δι’
3269 575 3362 637 οῦς
3388 577 3730 645 παρεγένετο,

2167 668 2263 721 καὶ
2292 666 2427 739 mea
2456 668 2527 720 τὰ
2569 668 2746 737 δεσμά
2790 666 2884 719 τοῦ
2926 666 3195 729 διαϐόλου,
3240 668 3332 719 καὶ⁵
3359 668 3589 738 ρύσηται
3622 672 3733 734 τοὺς

2168 758 2487 832 ἀνθρώπους
2530 761 2595 813 ὲκ
2638 760 2737 830 τῆς
2785 761 2999 831 ἀπάτης
3040 759 3204 814 αὐτοῦ
3230 777 3243 788 ·
3297 761 3393 812 καὶ
3442 761 3635 833 ἀνέστη
3676 766 3732 817 ἐκ

2166 854 2377 925 νεκρῶν
2412 856 2479 925 τῇ
2525 852 2682 925 τρίτῃ
2718 852 2939 923 ἠμέρᾳο
2974 853 3068 904 καὶ
3092 852 3500 923 τεσσαράκοντα
3538 854 3731 923 ἡμέρας

2167 945 2514 1017 ἐνδιατρίψας
2556 945 2668 1014 (58)
2696 948 2810 1007 τοῖς
2851 943 3144 1014 μαθηταῖς,
3177 942 3455 1014 ἀνελήφθη
3503 947 3582 1007 εἰς
3620 947 3728 1009 τοὺς

2165 1038 2447 1109 οὐρανοὺς,
2479 1036 2575 1089 καὶ
2617 1035 2885 1106 ἐκαθέσθη
2910 1037 2973 1088 ὲκ
3018 1034 3207 1099 δεξιῶν
3244 1052 3336 1088 σου
3367 1035 3464 1087 τοῦ
3492 1034 3623 1088 Θεοῦ
3650 1040 3730 1091 καὶ

2166 1128 2379 1199 Πατρὸς
2400 1127 2583 1181 αὑτοῦ.
2608 1127 2963 1198 Μεμνημένοι
2984 1124 3075 1180 οὖν
3096 1121 3169 1180 ὧν
3190 1126 3256 1179 δι’
3275 1129 3307 1197 ἡ
3317 1128 3425 1197 μᾶς
3460 1128 3726 1196 ὑπέμεινε,

2166 1218 2594 1291 εὐχαριστοῦμεν
2625 1236 2727 1282 σοι,
2758 1218 2859 1271 Θεὲ
2895 1220 3297 1291 παντόκρατορ,
3325 1221 3425 1289 οὐχ
3452 1221 3573 1273 ὅσον
3600 1222 3730 1291 ὀφεί-

2164 1308 2349 1382 λομεν,
2394 1310 2509 1364 ἀλλ’
2532 1312 2655 1363 ὅσον
2701 1310 2999 1381 δυνάμεθα,
3044 1311 3139 1363 καὶ
3175 1311 3275 1382 τὴν
3311 1311 3556 1377 διάταξιν
3583 1313 3727 1367 αὑτοῦ

2164 1400 2495 1473 πληροῦμεν.
2538 1402 2625 1455 Ἐν
2717 1401 2826 1473 γὰρ
2849 1404 3003 1454 νυκτὶ
3022 1403 3355 1474 παρεδίδοτο,
3387 1403 3567 1456 λαϐὼν
3588 1406 3729 1476 ἄρτον

2162 1496 2283 1556 ταῖς
2316 1494 2499 1561 ἁγίαις
2521 1495 2617 1546 καὶ
2638 1492 2890 1565 ἀμώμοις
2911 1493 3075 1546 αὑτοῦ
3098 1495 3275 1566 χερσὶ,
3316 1496 3413 1548 καὶ
3442 1496 3729 1565 ἀναϐλέψας

2164 1584 2301 1655 πρὸς
2336 1585 2396 1636 σὲ
2428 1586 2520 1639 τὸν
2565 1585 2698 1639 Θεὸν
2742 1585 2908 1639 αὐτοῦ
2958 1587 3053 1639 καὶ
3098 1587 3339 1658 Πατέρα,
3387 1589 3483 1640 καὶ
3525 1590 3725 1653 κλάσας,

2163 1676 2331 1730 ἔδωκε
2368 1680 2481 1741 τοῖς
2517 1678 2787 1749 μαθηταῖς
2825 1676 2996 1732 εἰπών
3021 1696 3034 1710 ο
3069 1697 3088 1730 ι
3127 1679 3298 1732 Τοῦτο
3341 1680 3404 1732 τὸ
3454 1684 3728 1753 μυστήριον

2162 1768 2260 1839 τῆς
2271 1769 2473 1839 Καινῆς
2486 1770 2757 1841 Διαθήκης
2776 1788 2788 1800 ·
2810 1770 3005 1824 λάϐετε
3025 1769 3085 1836 ὲξ
3104 1771 3292 1835 αὑτοῦ,
3319 1771 3524 1841 φάγετε
3545 1790 3560 1802 ’
3590 1774 3728 1827 τοῦτό

482 1862 553 1917 lis
584 1864 649 1918 ad
675 1871 728 1918 te
754 1863 923 1919 Deum
957 1880 1117 1919 suum
1151 1880 1213 1919 ac
1240 1838 1480 1927 Patrem,
1516 1864 1696 1935 fregit,
1725 1876 1777 1919 et
1800 1864 1951 1920 dedit
1978 1866 2064 1919 di-

2163 1838 2278 1914 ὲστι
2306 1860 2369 1913 τὸ
2394 1838 2555 1932 σῶμά
2590 1838 2723 1933 μου,
2747 1864 2808 1915 τὸ
2835 1863 2965 1935 περὶ
3002 1862 3215 1915 πολλῶν
3260 1838 3629 1934 θρυπτόμενον
3662 1868 3727 1929 εἰς

486 1955 735 2024 scipulis,
760 1956 988 2011 dicens:
1021 1953 1043 2006 ἰ
1090 1955 1204 2011 lloc
1233 1965 1318 2012 est
1350 1958 1673 2025 mysterium
1700 1958 1838 2013 Novi
1870 1956 2063 2013 Testa—

484 2048 679 2112 menti,
722 2050 954 2119 accipite
980 2065 1045 2104 ex
1071 2065 1158 2113 eo,
1210 2050 1541 2105 manducate
1569 2069 1584 2105 :
1614 2050 1717 2106 hoc
1740 2057 1824 2106 est
1860 2066 2062 2121 corpus

481 2154 688 2205 meum,
719 2140 864 2209 quod
904 2156 1002 2211 pro
1045 2142 1234 2197 multis
1274 2140 1568 2212 frangitur,
1595 2142 1651 2196 in
1682 2143 2063 2199 remissionem

481 2240 855 2299 peccatorum.
891 2232 1158 2287 Similiter
1194 2233 1425 2288 calicem
1458 2234 1680 2289 miscuit
1716 2249 1783 2289 ex
1831 2233 1960 2289 vino
2007 2241 2062 2289 et

480 2335 644 2391 aqua,
680 2324 1065 2388 sanctilicavit,
1093 2339 1157 2378 ac
1182 2324 1333 2379 dedit
1367 2325 1583 2392 iisdem,
1627 2325 1855 2381 dicens:
1887 2325 2063 2381 Bibite

480 2428 547 2468 ex
575 2430 639 2470 eo
668 2429 861 2471 omnes
888 2435 900 2471 :
936 2416 1026 2470 hic
1055 2423 1140 2471 est
1172 2418 1399 2487 sanguis
1429 2433 1606 2484 meus,
1631 2418 1722 2489 qui
1750 2433 1850 2488 pro
1876 2419 2061 2473 multis

479 2507 779 2562 effunditur
797 2508 852 2562 in
872 2509 1256 2565 remissionem
1279 2518 1650 2581 peccatorum.
1680 2510 1795 2565 Hoc
1817 2509 1979 2565 facite
2004 2510 2061 2565 in

479 2615 656 2655 meam
730 2604 1329 2658 commemorationem.
1391 2603 1842 2673 Quotiescunque
1912 2604 2061 2659 enim

479 2695 885 2750 manducabitis
918 2712 1112 2766 panem
1143 2697 1310 2761 hunc,
1329 2705 1383 2751 et
1409 2698 1607 2752 bibetis
1633 2697 1780 2752 hunc
1807 2697 2057 2762 calicem,

478 2794 712 2842 mortem
744 2803 923 2843 meam
978 2790 1399 2854 annuntiabitis,
1452 2790 1627 2844 donec
1681 2789 1894 2843 veniam
1932 2790 1999 2843 ¹⁰.
2036 2808 2055 2841 ι

478 2879 522 2909 ’⁸
553 2878 744 2949 Itaque
777 2897 1048 2937 memores
1099 2883 1375 2953 passionis
1414 2883 1558 2951 ejus,
1604 2891 1657 2937 et
1699 2883 1915 2948 mortis,
1946 2890 2000 2937 et
2026 2897 2057 2936 a

477 2973 711 3027 mortuis
756 2975 1202 3038 resurrectionis,
1254 2984 1418 3044 atque
1454 2975 1510 3029 in
1542 2976 1744 3030 cmlum
1793 2976 2055 3044 reditus;

478 3080 694 3119 necnon
722 3067 950 3121 secundi
980 3068 1269 3133 adventus,
1304 3084 1465 3138 quem
1494 3067 1637 3123 idem
1669 3068 1915 3123 facturus
1942 3075 2055 3131 est,

2161 1952 2353 2022 ἄφεσιν
2383 1954 2665 2025 ἁμαρτιῶν
2686 1972 2699 1984 ·
2733 1954 2995 2017 ὡσαύτως
3013 1955 3107 2007 καὶ
3125 1954 3188 2008 τὸ
3218 1957 3481 2026 ποτήριον
3512 1956 3728 2025 κεράσας

2161 2045 2220 2112 ἐξ
2243 2046 2389 2099 οἴνου
2428 2047 2523 2099 καὶ
2562 2045 2756 2110 ὓδατος
2799 2046 2932 2118 (59),
2972 2047 3067 2100 καὶ
3100 2046 3353 2115 ἁγιάσας,
3386 2047 3726 2099 ἐπέδωκενη·

2162 2138 2364 2202 αὐτοῖς,
2396 2138 2598 2208 λέγων’
2618 2139 2777 2192 Πίετε
2805 2140 2862 2205 ἐξ
2891 2139 3056 2193 αὑτοῦ
3090 2140 3289 2202 πάντες
3313 2156 3327 2169 ι
3358 2139 3520 2192 τοῦτὸ
3548 2141 3655 2192 ἐστι
3676 2142 3725 2193 τὸ

2162 2224 2303 2301 αἷμά
2344 2247 2478 2301 μου,
2516 2231 2577 2285 τὸ
2612 2232 2740 2303 περὶ
2774 2231 2985 2285 πολλῶν
3022 2233 3383 2303 ὲκχυνόμενον
3431 2235 3514 2297 εἰς
3558 2236 3725 2303 ἄφεσιν

2164 2322 2464 2393 ἁμαρτιῶν.
2509 2323 2680 2377 Τοῦτο
2722 2326 2927 2377 ποιεῖτε
2968 2325 3049 2387 είς
3089 2324 3189 2395 τὴν
3240 2326 3381 2396 ἐμὴν
3416 2326 3721 2397 ἀνάμνησιν.

2174 2414 2392 2479 Ὁσάκις
2423 2414 2532 2487 γὰρ
2573 2415 2669 2469 ὲάν
2699 2415 2915 2487 ἐσθίητε
2953 2416 3045 2469 τὸν
3088 2417 3251 2488 ἄρτον
3270 2416 3491 2481 τοῦτον,
3533 2419 3625 2472 καὶ
3653 2419 3726 2471 πί-

2161 2524 2289 2580 νητε
2342 2507 2404 2560 τὸ
2460 2509 2718 2580 ποτήριον
2771 2507 2930 2561 τοῦτο
2952 2547 2967 2570 ,
3033 2508 3124 2561 τὸν
3168 2508 3399 2562 θάνατον
3459 2510 3553 2563 τὸν
3616 2512 3725 2581 ἐμὸν

2161 2599 2593 2668 καταγγέλλετε,
2641 2601 2801 2673 ἄχρις
2846 2599 2913 2654 ἂν
2960 2600 3119 2653 ἔλθω.
3158 2620 3177 2652 ι
3225 2602 3590 2672 Μεμνημένοι
3632 2604 3725 2655 τοί-

2160 2709 2255 2745 νυν
2292 2691 2387 2745 τοῦ
2436 2692 2642 2757 πάθους
2684 2692 2871 2757 αὑτοῦ,
2915 2693 3122 2747 καὶτοῦ
3154 2694 3409 2757 θανάτου,
3439 2695 3650 2765 καὶτῆς
3674 2698 3726 2749 ἐκ

2160 2784 2368 2856 νεκρῶν
2408 2785 2787 2850 ἀναστάσεως,
2830 2787 2925 2840 καὶ
2973 2788 3071 2858 τῆς
3115 2790 3196 2851 εἰς
3245 2789 3513 2859 οὐρανοὺς
3551 2792 3728 2843 ἐπανό-

2159 2874 2270 2939 δου,
2312 2877 2405 2930 καὶ
2432 2877 2534 2948 τῆς
2564 2877 2861 2949 μελλούσης
2896 2878 3061 2931 αὑτοῦ
3097 2880 3361 2952 δευτέρας
3403 2883 3723 2952 παρουσίας,

2161 2964 2273 3043 ὲνῇ
2304 2970 2521 3041 ἔρχεται
2559 2971 2698 3042 μετά
2724 2970 2880 3043 δόξης
2908 2973 3304 3044 καὶδυνάμεως
3328 2977 3514 3045 κρῖναι
3545 2974 3726 3040 ζῶντας

2162 3063 2254 3115 καὶ
2298 3063 2547 3134 νεκροὺς,
2602 3064 2696 3117 καὶ
2738 3064 3032 3119 ἀποδοῦναι
3066 3065 3282 3136 ἑκάστῳ
3325 3066 3471 3119 κατά
3508 3066 3579 3119 τά
3613 3067 3726 3138 ἔργα

479 3155 536 3210 in
555 3171 664 3227 quo
685 3173 809 3213 cum
831 3160 1001 3229 gloria
1033 3168 1086 3215 et
1113 3168 1383 3231 potestate
1419 3161 1600 3215 veniet
1624 3160 1872 3239 judicare
1907 3160 2060 3215 vivos

2163 3155 2349 3219 αὐτοῦ,
2400 3155 2782 3229 προσφέρομεν
2815 3174 2895 3210 σοι
2926 3157 3004 3228 τῷ
3027 3156 3235 3227 βασιλεί
3282 3160 3378 3211 καὶ⁸
3418 3158 3572 3229 Θεῷ,
3609 3160 3726 3211 κατὰ

480 3258 535 3304 et
566 3260 815 3306 mortuos
842 3253 909 3315 ¹’,
942 3259 996 3307 et
1042 3252 1270 3308 reddere
1302 3253 1535 3322 singulis
1558 3254 1717 3323 juxta
1762 3268 1930 3322 opera
1960 3267 2055 3307 eo-

479 3356 603 3395 rum
630 3342 711 3410 ²³;
758 3344 859 3398 tibi
909 3345 1024 3415 regi
1056 3361 1121 3399 ac
1166 3345 1278 3400 Deo
1309 3361 1501 3416 panem
1536 3346 1682 3400 hunc
1736 3352 1790 3401 et
1831 3346 2058 3401 calicem

477 3435 628 3489 hunc
684 3436 990 3501 offerimus,
1044 3437 1347 3493 secundum
1407 3438 1859 3493 constitutionem
1914 3437 2056 3507 ejus,

478 3530 684 3600 gratias
716 3531 813 3585 tibi
857 3547 955 3602 per
981 3547 1107 3586 eum
1154 3540 1400 3603 agentes,
1446 3532 1573 3601 quia
1605 3546 1707 3585 nos
1737 3530 1932 3605 dignos
1963 3534 2059 3583 han

480 3622 673 3688 buisti,
708 3624 804 3693 qui
841 3632 1117 3680 staremus
1146 3640 1331 3679 coram
1365 3632 1441 3691 te,
1480 3639 1545 3678 ac
1575 3624 1887 3679 sacerdotio
1934 3622 2061 3677 fun-

478 3731 731 3785 geremur
752 3717 850 3771 tibi
875 3734 889 3783 ;
913 3726 966 3770 et
990 3718 1270 3786 poscimus
1302 3725 1375 3780 te,
1403 3724 1463 3771 ut
1496 3732 1662 3786 super
1690 3716 1806 3771 haec
1834 3716 1980 3771 dona
2003 3715 2058 3769 in

479 3818 779 3880 conspectu
826 3819 921 3865 tuo
969 3810 1251 3880 proposita
1282 3810 1497 3879 placate
1525 3808 1814 3878 respicias,
1866 3815 1926 3862 tu
1964 3807 2059 3878 qui

476 3902 683 3957 nullius
717 3900 930 3973 indiges
969 3902 1133 3967 Deus,
1174 3909 1227 3957 ct
1258 3902 1619 3972 beneplaceas
1654 3902 1710 3956 in
1756 3901 1837 3955 eis
1862 3898 1930 3954 ad
1960 3899 2061 3954 bo-

479 4008 667 4047 norem
705 3993 913 4049 Christi
964 3994 1067 4059 tui,
1120 4002 1284 4065 atque
1333 4008 1502 4064 supra
1560 3993 1665 4048 hoc
1720 3991 2058 4047 sacriﬁcium

480 4085 667 4139 mittas
710 4095 960 4141 sanctum
992 4094 1147 4141 tuum
1178 4085 1466 4156 Spiritum,
1513 4092 1707 4140 testem
1738 4083 2059 4155 passionum

480 4174 695 4231 Domini
723 4176 875 4241 Jesu,
916 4186 974 4232 ut
1001 4179 1251 4234 exhibeat
1283 4194 1480 4249 panem
1511 4178 1656 4232 hunc
1679 4191 1881 4247 corpus
1901 4176 2061 4231 Chri-

482 4267 552 4322 sti
575 4268 674 4330 tui,
707 4276 760 4322 et
792 4269 1021 4325 calicem
1052 4270 1197 4326 hunc
1226 4270 1551 4341 sanguinem
1583 4268 1790 4323 Christi
1825 4267 1928 4331 tui,
1950 4281 2060 4338 quo

482 4362 778 4431 participes
808 4362 982 4427 illius,
1016 4364 1084 4419 ad
1129 4365 1386 4435 pietatem
1412 4362 1832 4424 conﬁrmentur,
1860 4361 2056 4416 remis-

481 4452 693 4506 sionem
739 4466 1090 4523 peccatorum
1120 4465 1557 4527 consequantur,
1587 4454 1805 4509 diabolo
1829 4454 2058 4524 ejusque

2160 3248 2260 3321 τὴν
2275 3248 2437 3302 αὐτοῦ
2465 3248 2727 3316 διάταξιν,
2752 3249 3036 3322 τὺν.ἀρτον
3055 3250 3263 3313 τοῦτον,
3287 3251 3383 3304 καὶ
3406 3252 3469 3304 τὸ
3492 3253 3725 3323 ποτήριον

2159 3340 2337 3404 τοῦτο,
2364 3342 2813 3411 εὐχαριστοῦντες
2839 3361 2923 3396 σοι
2942 3344 3009 3398 δι’
3032 3344 3219 3407 αὑτοῦ,
3255 3347 3340 3414 ἐφ’
3360 3341 3447 3408 οἷς
3474 3346 3721 3416 κατηξίω-

2162 3450 2263 3497 σας
2300 3435 2449 3504 ἡμᾶς
2488 3434 2709 3488 ἑστάναι
2738 3435 2968 3489 ἐνώπιόν
2997 3454 3113 3501 σου,
3147 3439 3241 3491 καὶ
3290 3438 3594 3509 ἱερατεύειν
3634 3457 3720 3503 σοι,

2161 3528 2255 3580 καὶ
2294 3526 2550 3599 ἀξιοῦμέν
2592 3544 2673 3590 σε,
2719 3529 2868 3593 ὅπως
2910 3531 3153 3601 εὐμενῶς
3201 3532 3506 3603 ὲπιϐλὲψῃς
3550 3535 3635 3585 ἐπὶ
3666 3536 3722 3586 τὰ

2159 3619 2496 3691 προκείμενα
2529 3619 2677 3692 δῶρα
2703 3621 2874 3674 ταῦτα
2903 3620 3133 3676 ἐνώπιόν
3166 3641 3282 3685 σου,
3315 3626 3382 3678 σὺ
3422 3627 3454 3677 ὁ
3494 3626 3721 3696 ἀνενδεὴς

2157 3710 2311 3775 Θεὸς,
2342 3711 2436 3765 καὶ
2458 3711 2757 3784 εύδοκήσης
2786 3714 2871 3765 ἐπ’
2892 3714 3073 3777 αὐτοῖς
3093 3717 3170 3778 είς
3198 3715 3367 3787 τιμὴν
3395 3715 3493 3769 τοῦ
3510 3718 3721 3787 Χριποῦ

2161 3820 2274 3867 σου,
2324 3804 2419 3857 καὶ
2456 3804 2823 3875 καταπέμψῃς
2850 3805 2910 3858 τὸ
2938 3805 3089 3874 ἅγιόν
3122 3823 3215 3859 σου
3263 3807 3495 3879 Πνεῦμα
3524 3810 3611 3861 ἐπὶ
3637 3810 3718 3876 τὴν

2157 3895 2345 3950 θυσίαν
2374 3896 2595 3969 ταύτην,
2625 3896 2716 3950 τὸν
2741 3898 2993 3970 μάρτυρα
3017 3898 3125 3952 τῶν
3147 3899 3490 3971 παθημάτων
3516 3901 3606 3954 τοῦ
3628 3904 3718 3955 Κυ-

2159 3989 2277 4059 ρίου
2322 3988 2525 4061 Ἱησοῦς
2540 3990 2688 4053 ὅπως
2705 3991 2955 4062 ἀποφήνῃ
2976 3991 3067 4043 τὸν
3082 3992 3244 4063 ἀρτον
3261 3992 3455 4045 τοῦτον
3476 3994 3628 4063 σῶμα
3641 3993 3716 4045 τοῦ

2157 4081 2395 4153 Χριστοῦ
2441 4098 2557 4143 σου,
2587 4082 2682 4135 καὶ
2710 4082 2773 4135 τὸ
2816 4084 3072 4154 ποτήριον
3116 4083 3277 4136 τοῦτο
3304 4078 3448 4157 αἷμα
3476 4085 3568 4138 τοῦ
3601 4086 3715 4155 Χρι-

2159 4174 2285 4228 στοῦ
2340 4192 2455 4238 σου,
2504 4175 2592 4227 ἶνα
2632 4176 2684 4227 οἱ
2732 4174 3128 4246 μεταλαϐόντες
3177 4176 3366 4238 αὑτοῦ,
3403 4176 3716 4247 βεϐαιωθῶσι

2158 4268 2297 4339 πρὸς
2326 4266 2629 4331 εὐσέϐειαν,
2671 4268 2921 4337 ἀφέσεως
2946 4254 3363 4339 ἁμαρτημάτων
3389 4269 3612 4339 τύχωσι,
3639 4268 3715 4321 τοῦ

2157 4359 2402 4413 διαϐόλου
2440 4361 2535 4413 καὶ
2561 4360 2663 4430 τῆς
2693 4360 2901 4432 πλάνης
2927 4360 3091 4414 αὐτοῦ
3126 4360 3388 4432 ρυσθῶσι,
3425 4361 3716 4431 Πνεύματος

2162 4452 2317 4521 ἁγίου
2354 4451 2733 4523 πληρωθῶσιν,
2760 4453 2899 4519 ἄξιοι
2924 4453 3016 4505 τοῦ
3044 4452 3278 4524 Χριστοῦ
3306 4470 3401 4506 σου
3434 4454 3712 4522 γένωνται.

478 4560 667 4601 errore
718 4548 1039 4615 liberentur,
1071 4549 1276 4620 Spiritu
1312 4557 1503 4605 sancto
1535 4550 1870 4621 repleantur,
1905 4548 2057 4618 digni

2163 4544 2309 4615 ζωῆς
2360 4544 2576 4597 αἰωνίου
2628 4545 2854 4615 τύχωσι,
2913 4543 3006 4597 σοῦ
3053 4544 3487 4613 καταᾺαγέΨτος
3535 4545 3711 4605 attack.

478 4637 699 4695 Christo
722 4649 821 4695 tuo
842 4642 994 4705 tiant,
1018 4642 1185 4696 vitam
1217 4644 1600 4712 sempiternam
1642 4641 1956 4711 impetrent,
2004 4650 2057 4696 te

479 4734 589 4789 illis
617 4738 992 4803 reconciliata,
1035 4735 1265 4791 Domine
1300 4735 1667 4805 omnipotens.
1700 4732 1894 4787 Adhuc
1929 4747 2056 4787 ora-

2160 4636 2406 4689 Δέσποτα
2438 4637 2837 4709 παντοκρατορ.
2870 4638 2991 4690 Ἔτι
3017 4636 3251 4708 δεόμεθά
3278 4655 3397 4700 σου,
3420 4639 3610 4709 Κύριε,
3638 4639 3711 4689 καὶ

2161 4729 2302 4801 ὑπὲρ
2339 4727 2441 4799 τῆς
2476 4729 2635 4798 ἁγίας
2678 4747 2771 4783 σου
2830 4729 3155 4801 Ἐκκλησίας
3198 4730 3300 4799 τῆς
3336 4731 3448 4784 ἀπὸ
3486 4732 3711 4802 περάτων

553 4874 813 4957 ¹⁹υζῖἰρρμ
845 4876 1196 4957 Methon._De
1217 4894 1433 4957 corpore
1461 4895 1510 4937 et
1540 4886 1795 4957 sanguine
1826 4883 2044 4957 Christi.
2122 4883 2167 4915 ²⁰
2199 4882 2524 4957 ΔΙ-(ἶοι-ηξιιξ¹
2546 4880 2735 4935 Matth.
2794 4895 2919 4957 XXXI
2948 4877 3195 4957 ;__h_l_arc.
3251 4890 3366 4957 xiv;
3413 4880 3544 4957 Luc.
3571 4893 3704 4957 __uu.

481 4946 708 5069 “‘6Nic.
747 4946 983 5003 Mctbon.
1017 4951 1169 5019 ἡμῖν.

481 5033 535 5069 ιι.
604 5060 616 5069 .

476 5033 535 5081 ιι,
563 5033 616 5072 υ.

1312 4952 1357 4981 ²¹
1397 4953 1568 5025 lguat.
1603 4952 1857 5026 interpol.
1883 4956 1949 5010 ad
1982 4956 2159 5025 Magn.
2190 4954 2277 5008 ll.

2392 4954 2436 4983 ¹²
2476 4950 2643 5007 Marc.
2678 4966 2795 5015 xm,
2846 4950 2937 5018 ‘16;
2972 4948 3016 5004 ll
3046 4948 3186 5004 Tim.
3224 4965 3299 5013 tv,
3335 4952 3385 5005 ι.
3494 4952 3536 4983 ³³
3571 4949 3704 5003 Rom.

1827 5139 2187 5197 VARIORUM
2220 5138 2449 5195 ΝΟΤιΈ.

554 5270 664 5339 (57)
708 5272 872 5337 Τούς.
902 5271 1064 5328 Deest
1093 5275 1299 5329 rectius
1322 5276 1376 5329 in
1405 5275 1529 5329 cod.
1562 5276 1724 5333 Vind.
1744 5278 1913 5335 CLER.

482 5340 1143 5466 Viﬁﬁhjﬁ‘amtpiﬁac-
1188 5347 1581 5419 Συνδιατρίψας
1610 5350 1805 5405 melius
1834 5351 1890 5405 in
1931 5349 2054 5405 cod.

530 5426 715 5467 ιῐιυθτ).
739 5426 829 5467 11)..

552 5481 658 5550 (59)
704 5484 771 5555 Τὸ
803 5484 1085 5552 ποτήριον
1114 5488 1373 5554 κεράσας
1394 5486 1467 5552 ἐξ
1496 5489 1663 5542 οἴνου
1694 5490 1791 5541 καὶ
1819 5489 2053 5555 ὕδατος.

480 5549 681 5631 Golitra
710 5553 847 5608 duas
872 5549 1108 5631 baavreses
1139 5549 1205 5631 ex
1238 5549 1471 5613 adverso
1503 5569 1842 5630 pugnantes;
1871 5549 2058 5613 Mono-

480 5622 828 5699 physitarum
860 5632 914 5678 et
944 5626 1326 5682 Armeniorum
1381 5622 1659 5685 solo-vi'no
1690 5632 1741 5683 in
1775 5622 2055 5700 mysteriis

480 5700 776 5771 utentium,
809 5703 971 5763 atque
1003 5700 1361 5771 aquariorum
1410 5701 1525 5753 sive
1576 5701 2058 5771 bydroparastata-

487 5775 621 5831 runt
642 5763 755 5814 sola
798 5778 959 5831 aqua.
1003 5763 1077 5820 ne
1114 5768 1199 5820 his
1228 5770 1584 5825 observabilis
1615 5763 1673 5823 'et
1718 5763 1866 5823 varia
1899 5773 2056 5825 lectio

489 5832 560 5884 2d
591 5828 715 5901 ιτς.
745 5828 952 5889 Δόιῖειι.
985 5834 1277 5893 Theodosii
1301 5841 1385 5893 tit.
1420 5841 1453 5895 5
1477 5839 1553 5895 De
1579 5839 1804 5908 Iudicis,
1845 5840 2054 5913 Hydro-

2157 5286 2485 5349 parastatgs,
2504 5286 2553 5331 et
2573 5276 2987 5348 Hydrophobos:
3006 5276 3181 5349 prima
3195 5277 3253 5349 in
3274 5274 3327 5327 Ν
3331 5276 3512 5349 anellis
3520 5291 3536 5338 ;
3560 5275 3703 5349 altera
3740 5276 3741 5283 ‘

2160 5343 2365 5421 citante
2392 5343 2729 5421 Rabano'vel
2755 5343 2863 5402 alio
2890 5343 3126 5421 (δειλίη,
3151 5348 3248 5421 lib.
3280 5356 3465 5421 contra
3480 5343 3700 5421 ζιιιζςᾳεε
3738 5390 3739 5395 η

2161 5437 2282 5491 quae
2310 5414 2571 5491 explicari
2602 5427 2784 5489 potest
2814 5434 2909 5489 per
2940 5413 3304 5491 Epiphanium
3354 5418 3449 5469 ubi
3480 5417 3544 5491 d_e
3567 5413 3701 5491 Ebio—

2160 5484 2293 5546 nieis
2317 5506 2329 5540 :
2356 5484 2514 5544 docet
2543 5484 2686 5544 enim
2710 5484 3119 5544 eos—haereticos
3140 5503 3340 5556 aquam
3372 5486 3603 5559 pro-Deo
3618 5484 3700 5559 ha.
3736 5486 3737 5501 ‘

2161 5562 2366 5619 buisse.
2396 5560 2654 5629 illamque
2684 5575 2890 5613 meram
2917 5562 2969 5611 in
3004 5566 3263 5629 sanctum
3295 5558 3521 5629 calicem
3540 5557 3699 5629 innuit
3732 5568 3735 5629 ι

2162 5634 2322 5687 sisse.
2346 5630 2519 5683 Erum
2548 5626 2730 5711 itaque
2753 5630 3121 5711 hydrophohze
3142 5630 3221 5711 vel
3238 5626 3607 5711 hydrophobi,
3732 5626 3733 5711 ι

2158 5716 2369 5773 aquam‘
2387 5698 2724 5773 reverentur.
2752 5698 3135 5773 Hydrotheitas
3162 5699 3333 5773 habes
3357 5698 3497 5773 apud
3526 5708 3699 5773 anouy-
3730 5718 3731 5773 γ

2158 5767 2305 5825 ιιιίιιιι
2337 5770 2414 5825 De
2441 5770 2722 5823 hwresibus
2747 5767 3068 5839 scriptorem
3092 5786 3123 5824 a
3158 5768 3453 5825 Sirmondo
3476 5769 3529 5821 iu
3551 5767 3697 5818 lucrm

2156 5844 2443 5907 emissum,
2471 5842 2663 5897 bzeresi
2699 5842 2781 5896 75.
2799 5840 2935 5895 Cor.
