3812 6350
164 291 294 347 “05

1028 283 1627 341 CONSTITETIONES
1656 274 2203 342 APOSTOLICIE.»
2224 286 2352 343 LIB.
2391 288 2528 345 Vlll.

3279 297 3417 354 HOC-

158 410 256 471 ἕως
285 402 646 478 περάτων,ἢν
682 402 1053 475 περιεποιήσω
1097 402 1177 473 τῷ
1203 402 1370 474 τιμίῳ
1411 390 1604 472 αἵματι
1631 401 1717 455 τοῦ

1787 417 1954 462 imus
1981 410 2055 469 te,
2090 401 2341 470 Domine,
2390 420 2492 475 pro
2544 417 2735 462 sancta
2775 403 3025 463 Ecclesia
3056 418 3171 473 tua,
3212 428 3333 481 qua:
3388 432 3416 466 ιι

154 498 383 572 Χριστοῦ
418 514 536 559 σου,
582 498 730 558 ὅπως
773 496 943 566 αὐτὴν
978 495 1311 566 διαφυλάξῃς
1343 496 1593 548 ἄσειστον
1631 496 1727 549 καὶ

155 591 565 653 ἀκλυδώνιστον,
595 590 723 661 ἀχρι
749 588 852 658 τῆς
898 587 1205 651 συντελείας
1235 586 1330 641 τοῦ
1370 588 1563 651 αἰῶνος
1588 607 1600 619 ·
1631 588 1726 642 καὶ

154 687 287 757 ὑπὲρ
316 686 500 755 πάσης
534 681 839 751 ἐπισκοπῆς
866 681 966 751 τῆς
1013 679 1412 752 ὀρθοτομούσης
1446 680 1539 732 τὸν
1568 679 1724 748 λόγον

150 783 241 851 τῆς
278 778 554 849 ἀληθείας.
605 776 724 827 Ἔτι
761 772 1184 845 παρακαλοῦμεν
1215 789 1275 825 σε
1321 773 1415 825 καὶ
1452 772 1591 843 ὑπὲρ
1620 772 1723 841 τῆς

150 873 279 944 ὲμῆς
317 870 409 924 τοῦ
442 866 842 941 προσφέροντος
866 883 947 918 σοι
973 865 1236 927 ούδενίας,
1273 864 1367 917 καὶ
1410 864 1550 935 ὑπὲρ
1582 880 1721 917 παν-

147 966 230 1028 τὸς
255 964 348 1017 τοῦ
383 960 798 1034 πρεσϐυτερίου,
831 959 971 1028 ὑπὲρ
1009 958 1116 1010 τῶν
1155 957 1416 1010 διακόνων
1446 958 1539 1009 καὶ
1582 974 1719 1010 παν-

145 1059 229 1122 τὸς
256 1055 350 1109 τοῦ
374 1055 596 1126 κλήρου,
628 1054 715 1105 ἵνα
727 1051 933 1113 πάντας
957 1050 1201 1118 σοφίσας,
1231 1050 1543 1119 Πνεύματος
1564 1049 1719 1118 ἁγίου

146 1147 453 1221 πληρώσῃς,
490 1148 608 1199 Ἔτι
639 1142 1064 1217 παρακαλοῦμέν
1107 1160 1193 1207 σε,
1218 1142 1412 1213 Κύριε,
1454 1142 1593 1213 ὑπὲρ
1621 1142 1717 1195 τοῦ

146 1242 420 1313 βασιλέως,
452 1240 543 1293 καί
576 1238 686 1291 τῶν
714 1239 771 1289 έν
797 1238 1038 1307 ὑπεροχῇ
1071 1236 1165 1288 καὶ
1205 1235 1408 1297 παντὸς
1429 1232 1522 1286 τοῦ
1549 1250 1715 1306 στρα-

141 1334 383 1395 τοπέδου,
417 1331 504 1384 ἶνα
537 1329 924 1401 είρηνεύωνται
953 1328 1021 1381 τά
1064 1328 1202 1400 πρὸς
1245 1329 1416 1399 ἡμᾶς,
1465 1329 1613 1392 ὅπως
1658 1331 1716 1381 ἐν

142 1426 334 1498 ἡσυχία
369 1425 463 1477 καὶ
492 1423 713 1494 ὁμονοίᾳ
740 1421 1017 1490 διάγοντες
1053 1420 1144 1473 τὸν
1189 1420 1367 1474 πάντα
1402 1421 1590 1491 χρόνον
1616 1422 1717 1492 τῆς

142 1518 277 1588 ζωῆς
315 1516 495 1588 ἡμῶν,
531 1514 841 1585 δοξάζωμέν
884 1531 943 1567 σε
986 1512 1074 1567 διὰ
1120 1512 1294 1586 Ἰησοῦ
1332 1513 1569 1587 Χριστοῦ
1614 1515 1715 1586 τῆς

141 1610 345 1673 ἐλπίδος
380 1607 559 1679 ἡμῶν.
596 1608 716 1660 Ἔτι
746 1606 1126 1677 προσφέρομέν
1163 1623 1243 1659 σοι
1274 1606 1368 1660 καὶ
1398 1607 1540 1679 ὑπὲρ
1574 1606 1712 1661 πάν-

138 1721 236 1757 των
264 1702 375 1755 τῶν
404 1703 498 1755 ἀπ’
524 1700 716 1763 αἰῶνος
744 1698 1231 1771 εύαρεστησάντων
1260 1716 1340 1752 σοι
1380 1699 1572 1769 ἁγίων,
1608 1717 1713 1753 πα-

137 1795 425 1869 τριαρχῶν,
472 1793 795 1867 προφητῶν,
829 1792 1075 1857 δικαίων,
1110 1792 1452 1857 ἀποστόλων,
1507 1794 1713 1866 μαρτύ-

139 1907 258 1961 ρων,
290 1887 663 1959 όμολογητῶν,
704 1886 1046 1949 ἐπισκόπων,
1080 1885 1494 1958 πρεσϐυτέρων,
1524 1886 1711 1940 διακό-

138 2001 251 2045 νων,
280 1981 670 2043 ὑποδιακόνων,
710 1978 1092 2048 ἀναγνωστῶν,
1116 1978 1357 2049 ψαλτῶν,
1388 1979 1672 2050 παρθένιον
1694 2019 1709 2043 ,

135 2050 334 2145 χηρῶν,
364 2072 597 2135 λαῖκῶν,
633 2072 728 2124 καὶ
771 2071 987 2125 πάντων
1014 2064 1089 2125 ὧν
1125 2071 1286 2135 αὐτὸς
1318 2071 1603 2124 ἐπίστασαι
1642 2071 1711 2125 τὰ

134 2166 383 2237 ὀνόματα.
410 2167 530 2218 Ἔτι
559 2164 936 2235 προσφέρομέν
958 2181 1038 2217 σοι
1070 2164 1211 2236 ὑπὲρ
1232 2164 1325 2217 τοῦ
1348 2163 1475 2217 λαοῦ
1496 2164 1706 2229 τούτου,

134 2259 213 2311 ἵνα
234 2257 517 2329 ἀναδείξης
547 2258 706 2312 αὑτὸν
725 2260 805 2320 εἰς
827 2256 1047 2310 ἔπαινον
1067 2256 1160 2309 τοῦ
1181 2256 1417 2327 Χριστοῦ
1436 2273 1529 2309 σου
1554 2256 1709 2326 βασί-

142 2347 275 2400 λειον
311 2347 634 2418 ἱεράτευμα,
666 2348 816 2413 ἔθνος
848 2350 1021 2418 ἀγιοψ
1048 2351 1189 2420 ὑπὲρ
1220 2351 1330 2406 τῶν
1370 2354 1429 2407 έν
1452 2349 1719 2424 παρθενίᾳ

142 2439 230 2490 καὶ
262 2439 479 2510 ἁγνείᾳ,
508 2440 649 2511 ὑπὲρ
688 2440 797 2493 τῶν
828 2440 1012 2512 χηρῶν
1046 2443 1147 2513 τῆς
1196 2444 1541 2515 Ἐκκλησίας,
1574 2443 1716 2517 ὑπὲρ

140 2530 239 2582 τῶν
262 2534 324 2583 ὲν
350 2535 567 2602 σεμνοῖς
590 2533 784 2603 γάμοις
807 2535 901 2586 καὶ
924 2535 1315 2604 τεκνογονίαις,
1343 2538 1483 2609 ὑπὲρ
1502 2536 1608 2589 τῶν
1631 2553 1719 2606 νη-

138 2624 268 2676 πίων
284 2625 382 2677 τοῦ
405 2625 535 2679 λαοῦ
562 2643 675 2689 σου,
692 2627 838 2689 ὅπως
858 2628 1060 2698 μηδένα
1079 2628 1236 2699 ἡμῶν
1252 2628 1555 2700 ἀπόϐλητον
1568 2645 1717 2699 ποιη-

138 2717 384 2785 σῃς.Ἐτι
407 2717 663 2787 ἀξιοῦμέν
690 2734 748 2771 σε
775 2720 869 2771 xal.
899 2718 1038 2790 ὑπὲρ
1062 2720 1159 2789 τῆς
1182 2720 1386 2783 πόλεως
1402 2719 1602 2789 ταύτης
1620 2717 1715 2771 καὶ

130 2811 230 2863 τῶν
252 2810 625 2871 ἐνοικούντων,
654 2809 795 2880 ὑπὲρ
821 2809 931 2862 τῶν
963 2811 1020 2863 ὲν
1037 2809 1390 2882 ἀρρωστίαις,
1414 2811 1555 2883 ὑπὲρ
1592 2810 1703 2867 τῶν

131 2904 182 2954 ἐν
212 2904 387 2974 πικρᾷ
411 2900 642 2972 δουλείᾳ,
674 2900 817 2973 ὑπὲρ
843 2900 951 2953 τῶν
979 2902 1035 2953 ὲν
1064 2902 1316 2974 ὲξορίαις,
1350 2903 1489 2975 ὑπὲρ
1514 2904 1622 2957 τῶν
1642 2907 1701 2959 ὲν

129 2996 404 3065 δημεύσει,
434 2995 574 3066 ὑπὲρ
614 2994 882 3047 πλεόντων
926 2996 1021 3047 καὶ
1060 2995 1481 3067 ὁδοιπορούντων
1505 3014 1518 3027 ⁸
1552 2998 1701 3062 ὅπως

1829 492 2032 551 finibus
2058 495 2125 551 ad
2146 497 2280 553 ﬁnes
2302 498 2638 563 extenditur,
2663 514 2828 568 quam
2855 502 3143 570 acquisisti
3171 504 3417 571 pretioso

1827 587 2095 657 sanguine
2125 587 2337 643 Christi
2382 591 2495 658 tui;
2528 600 2588 645 ut
2624 606 2746 645 eam
2787 592 3183 649 inconcussam
3216 610 3281 648 ac
3310 596 3417 649 mi—

1826 680 1973 734 nime
2020 679 2376 736 ﬂuctuantem
2421 697 2717 738 conserves
2747 699 2923 754 usque
2951 685 3005 738 in
3048 688 3234 740 saaculi
3283 692 3415 741 con:

1825 774 2242 827 summationem
2280 774 2442 828 :item
2473 790 2573 845 pro
2602 776 2864 832 universo
2886 778 3231 847 episcopatu,
3268 792 3416 835 recte

1821 863 2051 939 verbum
2081 866 2331 921 veritatis
2362 875 2633 922 tractante
2674 883 2737 922 ac
2782 868 3173 925 distribuenze.
3217 870 3413 926 Adhuc

1822 969 2079 1025 rogamus
2108 964 2163 1010 te
2210 972 2309 1026 pro
2336 970 2420 1012 me
2444 959 2651 1013 nullius
2682 960 2847 1030 pretii
2895 960 3139 1026 homine,
3177 964 3273 1032 qui
3308 964 3407 1019 tibi

1820 1047 2027 1114 oll‘ero;
2072 1057 2126 1103 et
2158 1066 2257 1119 pro
2303 1051 2453 1104 omni
2478 1052 2841 1123 presbyterio,
2870 1069 2971 1124 pro
3013 1056 3287 1123 diaconis,
3342 1073 3407 1112 ac

1818 1139 2078 1195 universo
2121 1140 2307 1205 clero;
2355 1150 2415 1196 ut
2443 1158 2635 1199 omnes
2666 1146 2990 1214 sapientiam
3021 1163 3051 1200 a
3078 1155 3130 1203 te
3158 1148 3405 1217 eductos,

1820 1230 2025 1303 Spiritu
2056 1242 2249 1288 sancto
2272 1234 2521 1304 impleas.
2546 1235 2741 1290 Adhuc
2761 1252 3021 1307 rogamus
3042 1246 3118 1304 te,
3152 1239 3403 1309 Domine,

1818 1340 1919 1394 pro
1959 1341 2107 1395 rege.
2141 1335 2196 1380 et
2224 1325 2291 1379 iis
2334 1327 2425 1397 qui
2478 1329 2533 1381 in
2582 1328 2923 1385 sublimitate
2954 1339 3083 1386 sunt
3119 1333 3185 1395 ",
3219 1342 3274 1389 et
3307 1349 3405 1403 pro

1816 1425 2017 1473 cuncto
2045 1419 2323 1485 exercitu;
2357 1429 2416 1473 ut
2445 1436 2535 1475 res
2572 1428 2775 1476 nostra:
2808 1422 2862 1477 in
2894 1439 3028 1493 pace
3062 1434 3351 1480 versentur
3386 1446 3401 1495 ;

1815 1526 1926 1582 quo
1957 1519 2132 1568 totum
2156 1514 2282 1568 vitae
2312 1521 2519 1569 nostra:
2552 1523 2768 1585 tempus
2800 1516 2852 1570 in
2883 1516 3066 1587 quiete
3096 1526 3149 1573 et
3178 1535 3409 1576 concor-

1816 1603 1905 1659 dia
1935 1603 2296 1673 trajicientes,
2339 1614 2393 1661 te
2419 1622 2515 1676 per
2545 1605 2731 1662 Jesum
2764 1608 3047 1664 Christum
3095 1627 3245 1683 spem
3296 1628 3402 1666 no-

1816 1703 1986 1750 stram
2016 1696 2190 1766 gloria
2221 1695 2544 1753 adiciamus.
2598 1697 2793 1753 Adhuc
2832 1699 3112 1758 oll‘erimus
3163 1703 3264 1757 tibi
3300 1719 3402 1774 pro

1815 1790 2072 1845 omnibus
2103 1791 2334 1849 sanctis.
2369 1792 2462 1862 qui
2500 1806 2530 1844 a
2562 1792 2767 1846 saeculo
2797 1792 3123 1863 placuerunt
3153 1796 3275 1859 tibi,
3301 1810 3402 1865 pa-

1814 1883 2093 1947 triarchis,
2129 1883 2434 1953 prophetis,
2478 1883 2668 1953 justis,
2719 1884 3009 1953 apostolis,
3039 1888 3397 1958 martyribus,

1814 1976 2243 2040 confessoribus,
2298 1976 2597 2047 episcopis,
2664 1978 3049 2049 presbyteris,
3103 1980 3396 2046 diaconis,

1812 2070 2186 2133 subdiaconis,
2222 2070 2538 2133 lectoribus,
2586 2071 2928 2136 cantoribus,
2954 2073 3283 2142 virginibus,
3315 2075 3400 2129 vi—

1811 2161 1958 2225 duis,
2005 2162 2163 2218 laicis
2190 2168 2246 2216 et
2291 2161 2551 2218 omnibus
2582 2177 2817 2232 quorum
2869 2170 2926 2216 tu
2979 2165 3121 2219 nosti
3151 2167 3394 2223 nomina.

1808 2254 2002 2310 Adhuc
2048 2255 2330 2310 offerimus
2369 2253 2468 2308 tibi
2520 2270 2620 2324 pro
2668 2256 2870 2326 populo
2902 2256 3045 2323 hoc;
3098 2266 3156 2310 ut
3186 2272 3311 2313 eum
3342 2260 3400 2315 in

1808 2347 2025 2402 laudem
2066 2346 2271 2402 Christi
2301 2347 2380 2401 tui
2435 2347 2694 2403 exhibeas
2748 2347 2931 2418 regale
2987 2350 3394 2418 sacerdotium,

1806 2448 2019 2511 gentem
2044 2448 2292 2495 sanctam
2327 2460 2340 2495 :
2373 2455 2473 2511 pro
2510 2440 2580 2495 iis
2610 2441 2702 2510 qui
2732 2442 2786 2495 in
2815 2442 3133 2511 virginitate
3152 2448 3205 2496 et
3227 2445 3398 2498 casti-

1807 2540 1919 2588 tate
1964 2533 2193 2599 vivunt;
2239 2548 2339 2603 pro
2382 2533 2565 2588 viduis
2616 2532 2907 2600 Ecclesiaa;
2941 2548 3042 2604 pro
3074 2534 3142 2588 iis
3187 2534 3280 2603 qui
3337 2536 3393 2592 in

1805 2624 2012 2695 nuptiis
2051 2625 2320 2686 honestis,
2369 2640 2433 2678 ac
2484 2624 2538 2679 in
2585 2626 3041 2695 progeneratione
3091 2625 3393 2681 liberorum

1805 2716 2043 2787 degunt;
2076 2732 2176 2787 pro
2207 2716 2511 2771 infantibus
2542 2716 2718 2786 plebis
2751 2726 2876 2780 tuae,
2911 2717 2991 2771 uti
3016 2724 3267 2771 nostrum
3298 2734 3395 2773 ne-

1804 2812 2006 2864 minem
2036 2809 2392 2880 rejiciendum
2419 2808 2643 2863 habeas.
2672 2809 2864 2863 Adhuc
2895 2810 3176 2880 poscimus
3218 2817 3270 2866 te
3293 2827 3393 2882 pro

1803 2901 1938 2956 urbe
1982 2901 2106 2967 hac,
2141 2910 2194 2957 et
2238 2901 2615 2957 habitantibus
2644 2902 2700 2955 in
2739 2916 2838 2967 ea;
2883 2917 2983 2971 pro
3017 2903 3257 2973 azgrotis,
3290 2919 3392 2973 pro

1805 2992 1944 3047 dura
1966 2993 2229 3049 servitute
2254 2992 2505 3059 amictis;
2531 3008 2631 3064 pro
2661 2995 2977 3061 exsulibus;
3011 3010 3112 3065 pro
3142 2997 3389 3065 proscri-

128 3088 410 3157 ἐπίκουρος
442 3086 550 3157 (60)
577 3087 708 3158 γένῃ
753 3087 971 3140 πάντων
999 3086 1191 3158 βοηθὸς
1213 3090 1305 3142 καὶ
1325 3090 1694 3164 ἀντιλήπτωρ.

1804 3086 1948 3156 ptis;
1984 3100 2083 3155 pro
2110 3086 2518 3155 navigantibus,
2551 3094 2605 3141 et
2646 3087 2751 3142 iter
2794 3086 3166 3157 facientibus;
3216 3099 3277 3145 ut
3309 3093 3390 3148 sis

131 3179 241 3231 Ἔτι
270 3178 697 3249 παρακαλοῦμέν
729 3195 788 3231 σε
822 3179 914 3231 καὶ
934 3179 1074 3250 ὑπὲρ
1091 3181 1198 3233 τῶν
1233 3182 1529 3251 μισούντων
1553 3186 1701 3256 ἡμᾶς

126 3270 212 3322 καὶ
238 3271 541 3324 διωκόντων
574 3272 721 3341 ἡμᾶς
740 3271 828 3325 διὰ
856 3272 915 3324 τὸ
938 3272 1109 3343 δνομά
1142 3289 1258 3336 σου,
1290 3256 1429 3346 ὑπὲρ
1448 3275 1555 3329 τῶν
1596 3276 1700 3343 ἔξω

124 3360 283 3415 όντων
322 3365 420 3417 καὶ
454 3362 912 3434 πεπλανημένων,
949 3364 1097 3428 ὅπως
1138 3347 1470 3438 έπιᾶτρέψῃς
1506 3368 1699 3433 αὐτοὺς

125 3458 196 3520 εἰς
232 3458 457 3526 ἀγαθὸν,
495 3458 588 3511 καὶ
617 3456 706 3510 τὸν
730 3456 899 3528 θυμὸν
938 3457 1117 3510 αὐτῶν
1141 3457 1407 3529 πραΰνῃς.
1442 3459 1562 3512 Ἔτι
1591 3477 1697 3512 πα-

126 3549 462 3620 ρακαλοῦμέν
495 3566 552 3601 σε
576 3550 669 3602 καλ⁸
698 3549 838 3621 ὑπὲρ
868 3549 976 3602 τῶν
1002 3551 1421 3622 κατηχουμένων
1444 3552 1542 3621 τῆς
1583 3551 1700 3605 Ἐκ-

123 3640 363 3712 κλησίας,
407 3642 500 3694 καὶ
528 3642 670 3714 ὑπὲρ
700 3641 809 3695 τῶν
838 3641 1249 3714 χειμαζομένων
1278 3643 1381 3697 ὑπὸ
1414 3643 1509 3697 τοῦ
1539 3644 1694 3697 ἀλλο-

122 3736 262 3806 τρίου
290 3736 428 3807 (61),
457 3736 549 3788 καὶ
572 3736 711 3806 ὑπὲρ
730 3735 836 3788 τῶν
868 3737 926 3787 ὲν
958 3736 1214 3807 μετανοίᾳ
1234 3735 1478 3804 ἀδελφῶν
1505 3735 1692 3806 ἡμῶνο

121 3827 258 3891 ὅπως
279 3828 408 3891 τοὺς
442 3827 538 3898 μὲν
557 3826 847 3898 τελειώσῃς
875 3826 931 3879 έν
955 3828 1022 3897 τῇ
1053 3826 1253 3892 πίστει,
1285 3828 1411 3890 τοὺς
1439 3826 1495 3879 δὲ
1527 3826 1696 3880 καθα-

124 3920 266 3990 ρίσῃς
303 3921 369 3972 ἐκ
390 3919 490 3989 τῆς
512 3919 792 3990 ἐνεργείας
823 3918 916 3972 τοῦ
940 3918 1201 3988 πονηροῦ,
1228 3918 1337 3971 τῶν
1368 3918 1426 3972 δὲ
1468 3919 1567 3990 τὴν
1592 3935 1689 3989 με-

117 4010 331 4063 τάνοιαν
360 4008 657 4082 προσδέξῃ,
715 4012 809 4064 καὶ
844 4014 1206 4083 συγχωρήσῃς
1243 4010 1339 4065 καὶ
1378 4010 1560 4074 αὐτοῖς
1598 4012 1695 4065 καὶ

116 4104 239 4172 ἡμῖν
264 4103 334 4156 τά
366 4102 787 4175 παραπτώματα
823 4106 854 4175 ἡ
866 4103 1002 4175 μῶν.
1048 4105 1168 4156 Ἔτι
1199 4103 1579 4175 προσφέρομέν
1609 4121 1691 4157 σοι

118 4197 205 4247 καὶ
233 4196 377 4267 ὑπὲρ
405 4196 506 4266 τῆς
544 4196 835 4268 εὐκρασίας
863 4196 955 4249 τοῦ
990 4196 1152 4268 ἀέρος
1182 4195 1276 4249 καὶ
1305 4196 1405 4266 τῆς
1433 4196 1692 4268 εὐφορίας

116 4287 218 4339 τῶν
248 4288 479 4360 καρπῶν
501 4305 513 4318 ο
547 4288 692 4352 ὅπως
719 4288 1016 4352 άνελλιπῶς
1064 4287 1568 4359 μεταλαμϐάνοντες
1581 4288 1690 4342 τῶν

116 4380 256 4451 παρὰ
290 4380 386 4433 σοῦ
413 4380 650 4449 ἀγαθῶν,
676 4381 912 4451 αίνῶμέν
942 4398 1000 4433 σε
1032 4380 1339 4444 ἀπαύστως,
1364 4379 1455 4433 τὸν
1483 4380 1690 4434 διδόντα

112 4475 313 4544 τροφὴν
341 4474 490 4545 πάσῃ
522 4474 702 4545 σαρκί,
740 4474 859 4526 Ἔτι
884 4472 1309 4546 παρακαλοῦμέν
1341 4490 1400 4525 σε
1431 4474 1524 4527 καὶ
1546 4474 1686 4546 ὑπὲρ

112 4568 214 4620 τῶν
244 4568 311 4622 δι’
332 4568 550 4637 εὔλογον
574 4567 750 4621 αἰτίαν
780 4568 1027 4621 ἀπόντων
1051 4583 1065 4598 ο
1097 4568 1243 4630 ὅπως
1274 4566 1520 4630 ἅπαντας
1540 4568 1690 4639 ἡμᾶς

111 4659 441 4734 διατηρήσας
478 4664 533 4715 ὲν
565 4665 631 4733 τῇ
663 4660 933 4732 εὐσεϐείᾳ,
968 4660 1375 4731 ὲπισυναγάγῃς
1402 4661 1459 4713 ὲν
1487 4663 1553 4731 τῇ
1588 4659 1685 4730 βα-

113 4753 284 4827 σιλεία
312 4755 407 4808 τοῦ
437 4754 671 4824 Χριστοῦ
710 4772 834 4816 σου,
879 4754 972 4806 τοῦ
1019 4753 1152 4807 Θεοῦ
1200 4754 1381 4824 πάσης
1425 4753 1687 4824 αἰσθητῆς

112 4848 202 4899 καὶ
224 4848 421 4918 νοητῆς
451 4849 683 4917 φύσεως,
722 4847 814 4900 τοῦ
856 4846 1118 4917 βασιλέως
1138 4847 1318 4919 ἡμῶν,
1349 4848 1681 4919 ἀτρέπτους,

108 4939 452 5009 ἀμέμπτους,
500 4938 864 5007 ἀνεγκλήτους
885 4957 898 4971 ·
932 4941 1013 4993 ὅτι
1047 4958 1129 4994 σοι
1168 4942 1315 4993 πᾶσα
1341 4940 1486 5007 δόξα,
1518 4940 1682 5003 σέϐας

114 5030 204 5080 καὶ
256 5028 576 5099 εὐχαριστία
597 5067 611 5091 ,
667 5028 800 5099 τιμὴ
827 5031 918 5082 καὶ
951 5031 1339 5102 προσκύνησις,
1370 5030 1449 5102 τῷ
1479 5031 1678 5104 Harp},

326 5189 372 5218 "
410 5188 428 5241 l
461 5185 602 5242 Tim.
633 5204 693 5253 ιι,
725 5187 780 5243 2.

1803 3178 2114 3241 auxiliator,
2151 3179 2397 3232 omnium
2425 3178 2647 3247 adjutor
2673 3194 2736 3234 ac
2760 3179 3038 3236 defensor.
3068 3181 3264 3237 Adhuc
3295 3198 3390 3237 ro-

1801 3287 1994 3342 gamus
2014 3278 2068 3326 te
2099 3287 2197 3342 pro
2218 3272 2286 3327 iis
2332 3272 2424 3340 qui
2454 3272 2688 3327 oderunt
2709 3286 2833 3337 nos,
2858 3284 2911 3328 et
2940 3281 3163 3345 propter
3186 3289 3387 3332 nomen

1800 3372 1953 3418 tuum
1984 3380 2085 3419 nos
2108 3372 2546 3434 persequuntur;
2577 3380 2676 3435 pro
2711 3365 2779 3419 iis
2827 3366 2919 3435 qui
2967 3366 3102 3422 foris
3132 3377 3286 3433 sunt,
3322 3385 3387 3425 ac

1799 3464 1986 3511 errant
2014 3475 2025 3510 :
2052 3464 2110 3509 ut
2137 3456 2379 3511 adducas
2400 3472 2494 3512 eos
2519 3457 2585 3510 ad
2608 3456 2834 3519 bonum,
2859 3467 2913 3511 et
2931 3458 3167 3512 furorem
3193 3474 3385 3514 eorum

1800 3549 2035 3617 mitiges.
2068 3548 2266 3603 lterum
2310 3564 2569 3619 rogamus
2601 3557 2653 3604 te
2694 3564 2793 3619 pro
2832 3548 3091 3605 Ecclesiae.
3122 3552 3385 3607 catechu-

1798 3641 1973 3695 menis
1998 3658 2012 3707 ;
2042 3648 2095 3694 et
2124 3656 2223 3711 pro
2255 3640 2323 3695 iis
2368 3641 2462 3711 qui
2491 3641 2561 3696 ab
2616 3641 2934 3696 adversario
2976 3642 3289 3712 jactantur;
3328 3653 3384 3700 et

1798 3747 1899 3802 pro
1942 3733 2320 3803 paenitentiam
2359 3734 2644 3803 agentibus
2702 3732 2969 3789 fratribus
3026 3736 3234 3791 nostris
3272 3756 3283 3791 ε
3323 3745 3381 3792 ut

1798 3824 2005 3894 primos
2032 3825 2252 3895 quidem
2278 3825 2529 3895 perﬁcias
2569 3825 2625 3879 in
2657 3825 2797 3890 (ide;
2831 3826 3032 3881 alteros
3065 3842 3194 3882 vero
3220 3843 3381 3882 mun-
3408 3848 3411 3849 ν

1796 3916 1893 3971 des
1911 3932 1937 3970 a
1964 3917 2250 3972 vexatione
2278 3918 2442 3984 mali;
2474 3919 2761 3973 tertiorum
2786 3926 2968 3973 autem
3001 3920 3380 3989 pmnitentiam

1796 4011 2090 4080 suscipias,
2117 4010 2502 4080 condonesque
2529 4024 2654 4065 cum
2682 4010 2772 4073 iis,
2808 4020 2922 4064 tum
2954 4010 3113 4066 nobis
3134 4027 3255 4081 qua:
3283 4012 3380 4067 de-

1796 4103 2077 4174 liquimus.
2103 4102 2394 4159 Otl‘erimus
2424 4117 2641 4172 quoque
2669 4102 2771 4156 tibi
2810 4116 2911 4173 pro
2941 4102 3085 4157 aeris
3114 4110 3379 4173 tempera-

1794 4204 1941 4260 tura,
1973 4209 2024 4252 et
2050 4198 2264 4268 frugum
2291 4196 2572 4262 ubertate;
2609 4202 2667 4250 ut
2691 4195 3063 4251 indesinenter
3096 4196 3239 4250 bona
3273 4204 3379 4253 ate

1794 4291 1990 4345 collata
2014 4290 2401 4360 percipientes,
2431 4287 2653 4343 assidue
2684 4287 2969 4343 laudemus
3004 4296 3080 4351 te,
3126 4288 3220 4357 qui
3276 4288 3378 4344 das

1794 4397 1975 4437 escam
1999 4382 2147 4436 omni
2170 4381 2343 4435 carni.
2378 4379 2553 4433 Etiam
2578 4395 2834 4450 rogamus
2863 4387 2916 4435 te
2938 4395 3037 4449 pro
3066 4380 3153 4443 iis,
3192 4380 3284 4450 qui
3307 4382 3377 4436 ob

1793 4490 2015 4529 causam
2048 4473 2386 4544 probabilem
2417 4473 2673 4527 absentes
2702 4482 2830 4527 sunt
2856 4491 2867 4525 :
2896 4480 2956 4524 ut
2980 4487 3173 4527 omnes
3195 4487 3294 4526 nos
3321 4473 3376 4527 in

1789 4568 1989 4637 pietate
2018 4573 2372 4621 conservatos
2402 4580 2432 4618 a
2460 4572 2534 4626 te,
2554 4565 2607 4618 in
2638 4563 2842 4619 Christi
2871 4564 2970 4627 tui,
2994 4564 3087 4618 Dei
3108 4564 3376 4618 universa:

1787 4668 1998 4714 natura:
2022 4660 2125 4714 sub
2162 4674 2384 4714 sensum
2410 4670 2462 4713 et
2506 4657 2923 4727 intelligentiam
2976 4656 3246 4718 cadentis,
3282 4671 3372 4710 re-

1788 4754 1980 4824 gisque
2011 4753 2183 4807 nostri
2214 4768 2385 4822 regno
2415 4765 2740 4821 congreges,
2774 4748 3166 4811 immutabiles,
3203 4748 3373 4801 incul-

1788 4854 1967 4916 patos,
1998 4844 2412 4913 irrcprehensos
2460 4858 2472 4893 :
2526 4842 2782 4911 quoniam
2817 4840 2914 4893 tibi
2953 4839 3133 4892 omnis
3163 4838 3368 4909 gloria,

1796 4940 2100 4999 veneratio,
2134 4936 2434 5006 gratiarum
2467 4935 2635 4997 actio,
2668 4933 2866 4997 honor,
2892 4930 3163 4993 adoratio,
3194 4928 3365 4992 Patri,

1789 5041 1842 5086 ct
1876 5028 2033 5094 Filio,
2078 5037 2132 5082 ct
2165 5026 2393 5098 Spiritui
2425 5035 2640 5092 sancto,
2672 5040 2839 5090 nunc,
2881 5033 2934 5079 et
2958 5039 3193 5093 semper,
3226 5031 3279 5077 et
3310 5024 3367 5076 in

1444 5368 1802 5425 V'AlllORUM
1839 5369 2065 5425 NOTAE.

176 5537 289 5610 (760’,
346 5538 704 5607 Ἐπίκουρος.
725 5538 1317 5610 Πάντων-ἐπίκουρος,
1356 5539 1407 5591 in
1439 5537 1674 5593 Vindob.

107 5609 225 5661 cod.
260 5618 320 5661 ut
345 5610 396 5662 in
440 5611 691 5666 versione
722 5609 930 5664 Latina.
963 5608 1130 5664 Cum.

174 5678 287 5745 (6|)
330 5679 759 5748 Χειμαζομένων
784 5680 898 5733 ὑπὸ
932 5680 1035 5733 τοῦ
1053 5680 1392 5746 ἀλλοτρίοις.
1424 5677 1526 5744 Qui
1549 5691 1671 5749 cap.

106 5745 172 5799 5ἷὶ
199 5756 251 5803 et
278 5750 351 5802 '57
382 5745 771 5820 Χειμαζόμενοι
805 5752 1125 5817 simpliciter
1173 5745 1459 5813 dicuntur,
1494 5756 1551 5820 ut
1581 5745 1672 5801 ra-

106 5832 246 5875 noue
284 5818 575 5889 Ancyrano
607 5818 691 5885 i7,
724 5830 776 5875 et
804 5839 831 5875 ιι
864 5821 1095 5877 Maximo
1120 5826 1185 5877 ad
1211 5831 1371 5891 caput
1400 5838 1448 5876 γι
1488 5818 1669 5874 Είείυο-

1788 5538 2020 5590 sinsticm
2041 5537 2370 5617 lucrare/inim:
2428 5534 2856 5617 Χειμαζόμενοιλ
3038 5533 3362 5617 πνευμάτων

1786 5608 2131 5678 ἀκαθάρτων,
2152 5616 2244 5659 aut
2274 5606 2376 5660 ὑπὸ
2394 5603 2698 5675 πνεύματος
2720 5603 3050 5678 ἀκαθάρτου,
3079 5606 3131 5657 in
3156 5603 3364 5678 Euclio-

1785 5675 1982 5749 logiisf
2002 5679 2089 5749 Sic
2115 5678 2334 5749 eosdem
2368 5690 2767 5749 energuineuus
2786 5675 3040 5749 invenies
3063 5675 3361 5749 appellatos

1780 5741 2195 5819 ἐνοχλουμένους
2218 5750 2269 5804 et
2291 5745 2395 5800 ὑπὸ
2424 5741 2744 5817 πνευμάτων
2775 5741 3110 5814 ἀκαθάρτων
3128 5741 3360 5813 ἐνοχλου-

1780 5821 1990 5889 μένους.
2024 5820 2161 5873 Cur.
