3812 6350
431 302 570 359 ΗΜ

1316 298 1372 353 S.
1411 296 1809 354 CLEMENTIS
1843 296 1863 351 l
1900 296 2067 355 ROM.
2105 295 2311 356 PONT.
2347 296 2578 387 OPERA
2612 298 2842 356 DUBlA.

3564 296 3695 352 1108

427 416 643 472 intlnita
689 430 753 471 ac
801 416 1136 486 sempiterna
1183 415 1387 469 saecula
1440 413 1796 469 saeculorum.
1848 410 2028 482 Atque
2055 446 2066 477 λ

2147 414 2241 467 καὶ
2259 413 2337 486 τῷ
2360 414 2496 487 Υἱῷ,
2523 416 2617 470 κα)⁵
2640 417 2717 489 τῷ
2735 416 2876 488 ἁγίῳ
2900 415 3039 471 Πνεὺ
3048 434 3196 489 ματι,
3223 416 3318 470 καί
3339 415 3457 483 νῦν,
3485 417 3579 471 καὶ
3600 416 3699 479 ἀεὶ,

428 509 611 564 omnis
648 509 885 580 populus
953 509 1122 562 Amen
1152 506 1506 577 respondeat.
1533 504 1600 559 Et
1623 504 1772 559 dicat
1807 504 2024 575 episco-

434 617 585 673 pus:
619 600 731 655 Pax
757 600 851 654 Dei
879 600 951 655 sit
990 615 1116 654 cum
1155 599 1415 653 omnibus
1450 596 1633 654 vobis.
1665 596 2024 667 Cunctusque

434 693 671 764 populus
722 691 1094 762 respondeat:
1138 690 1204 745 Et
1241 707 1367 747 cum
1412 691 1608 761 spiritu
1638 699 1756 747 tuo.
1795 692 1873 746 Ac
1900 691 2023 746 dia-

430 799 605 839 conus
625 784 819 839 itcrum
850 784 1107 854 przedicet
1130 802 1143 838 :

1028 1012 1258 1069 CAPUT
1300 1012 1434 1070 ΧΙΙΙ.

540 1130 724 1185 Oratio
746 1145 841 1198 pro
860 1128 1105 1198 ﬁdelibus
1136 1138 1255 1197 post
1280 1129 1518 1183 divinam
1544 1128 1894 1185 oblationem.

500 1288 696 1343 Adhuc
745 1295 909 1357 atque
965 1285 1147 1341 adhuc
1197 1301 1423 1341 oremus
1473 1285 1644 1342 Deum
1706 1302 1805 1357 per
1843 1255 2023 1341 .Chri-
2082 1292 2085 1293 ⁷

429 1390 575 1439 stum
623 1382 766 1451 ejus,
817 1396 917 1451 pro
949 1395 1197 1437 munere.
1249 1381 1395 1450 quod
1445 1379 1678 1436 Domino
1709 1380 1819 1436 Deo
1866 1381 2020 1435 obla-

428 1483 544 1528 tum
572 1482 658 1529 est
687 1492 702 1542 ;
738 1482 798 1527 ut
829 1472 995 1539 Deus,
1048 1473 1143 1542 qui
1193 1473 1374 1528 bonus
1410 1480 1517 1537 est,
1554 1472 1712 1537 illud,
1746 1471 2020 1530 mediante

428 1567 652 1623 Christo
693 1581 817 1628 suo,
863 1564 1098 1635 recipiat
1154 1565 1209 1620 in
1241 1566 1469 1620 cmleste
1500 1580 1660 1620 suum
1707 1565 1900 1627 altare,
1949 1564 2018 1619 ad

428 1659 652 1714 odorem
705 1658 1015 1714 suavitatis.
1073 1655 1179 1711 Pro
1227 1656 1474 1713 Ecclesia
1526 1657 1651 1719 hac,
1709 1664 1764 1713 et
1816 1656 2019 1727 populo

428 1767 688 1818 oremus;
749 1766 849 1822 pro
905 1751 1168 1806 universo
1222 1751 1585 1821 episcopatu,
1648 1749 1801 1805 omni
1854 1764 2012 1818 pres-

429 1846 667 1917 byterio,
694 1851 897 1901 cuncto
918 1842 1123 1899 Christi
1154 1842 1405 1897 diaconio
1419 1857 1482 1896 ac
1508 1841 1834 1903 ministerio,
1858 1840 2027 1896 omni'

432 1937 696 1993 Ecclesiae
726 1945 872 1991 coetu
897 1951 1155 2003 cremus;
1188 1946 1249 1989 ut
1276 1934 1541 1991 Dominus
1565 1936 1856 1991 universos
1884 1950 2018 1990 con-

430 2041 612 2086 servet
640 2039 803 2099 atquc
831 2028 1128 2084 custodiat.
1162 2025 1268 2083 Pro
1299 2028 1524 2099 regibus
1547 2068 1561 2089 .
1597 2035 1652 2083 et
1691 2029 1747 2083 in
1794 2029 2016 2085 sublimi

431 2139 701 2203 potestate
742 2129 1056 2185 constitutis
1098 2143 1352 2194 oremus;
1394 2134 1453 2183 ut
1495 2142 1582 2183 res
1620 2135 1824 2183 nostra:
1855 2126 2005 2197 paci-

431 2224 549 2278 ﬁcte
577 2223 721 2287 sint;
764 2236 874 2291 quo
903 2220 1067 2274 vitam
1099 2219 1337 2288 quietam
1367 2227 1421 2272 et
1456 2217 1802 2286 tranquillam
1834 2221 2002 2282 nacti,

432 2316 489 2371 iu
535 2316 685 2370 omni
732 2315 929 2383 pietate
979 2328 1042 2368 ac
1091 2327 1304 2365 morum
1349 2309 1602 2364 castitate
1642 2310 1902 2379 degamus
1932 2311 1999 2362 ”.

435 2406 754 2461 Sanctorum
787 2409 1086 2472 martyrum
1118 2415 1389 2455 memores
1414 2401 1619 2459 simus,
1649 2407 1709 2452 ut
1736 2399 1885 2468 digni
1914 2400 2006 2454 ha-

431 2498 662 2552 beamur
700 2495 991 2565 participes
1034 2493 1149 2547 fieri
1197 2508 1387 2548 eorum
1431 2492 1768 2547 certaminis.
1798 2490 1904 2548 Pro
1937 2492 2005 2549 iis

432 2588 525 2657 qui
562 2588 615 2641 in
651 2588 753 2641 lide
796 2586 1180 2655 requieverunt
1210 2599 1450 2639 oremus.
1482 2582 1586 2638 Pro
1627 2583 1750 2638 caeli
1798 2590 2005 2653 tempe-

431 2684 619 2729 ratura
652 2684 706 2730 et
736 2674 953 2745 frugum
997 2674 1309 2729 maturitate
1349 2689 1589 2728 oremus.
1623 2672 1726 2727 Pro
1756 2684 2003 2728 recenter

431 2767 703 2838 baptismo
724 2766 1042 2822 illuminatis
1059 2781 1302 2830 oremus,
1320 2765 1789 2820 utconiirmentur
1803 2765 1856 2819 in
1879 2765 2002 2833 (ide;

429 2872 646 2923 oumes,
680 2857 774 2911 alii
808 2856 876 2910 ab
919 2855 1043 2911 aliis
1080 2856 1397 2911 incitentur.
1426 2854 1641 2910 Suscita
1673 2871 1804 2920 nos,
1840 2854 2002 2927 Deus,

430 2950 488 3003 in
512 2950 688 3019 gratia
719 2957 833 3003 tua.
864 2946 1152 3010 Suscitati,
1179 2963 1281 3002 nos
1308 2948 1458 3018 ipsos
1480 2946 1591 3001 Deo
1613 2963 1709 3017 per
1725 2947 2009 3003 Christum

430 3042 555 3111 ejus
577 3041 1045 3096 commendemus.
1078 3039 1145 3094 Et
1167 3040 1465 3111 episcopus
1494 3039 1682 3094 dicat:
1716 3038 1884 3105 Deus,
1917 3043 2009 3112 qui

2143 506 2237 557 καὶ
2269 508 2349 569 εἰς
2378 506 2505 571 τοὺς
2527 507 2832 574 ἀνελλιπεῖς
2854 508 2949 562 καὶ
2965 508 3353 581 ἀτελευτήτους
3374 507 3577 572 αἰῶνας
3606 507 3705 560 τῶν

2142 596 2368 651 αἰώνων.
2410 598 2523 652 Καὶ
2565 602 2674 663 πᾶς
2700 600 2728 653 6
2759 600 2885 664 λαὸς
2911 600 3134 668 λεγέτω
3182 601 3380 672 Ἀμήν.
3405 600 3518 653 Καὶ
3544 601 3572 653 6
3599 600 3707 652 ὲπί-

2144 704 2343 753 σκοπος
2369 690 2598 745 εἰπάτω·
2636 692 2701 745 Ἡ
2724 692 2914 764 είρὴνη
2943 692 3037 746 τοῦ
3060 691 3195 745 Θεοῦ
3221 693 3306 761 εἴη
3334 691 3475 762 μετά
3501 691 3707 745 πάντων

2140 778 2316 849 ὑμῶν·
2354 780 2465 834 Καὶ
2498 783 2608 845 πᾶς
2638 783 2667 837 ὁ
2698 781 2827 845 λαὸς
2853 781 3077 851 λεγέτω·
3114 783 3225 836 Καὶ
3268 782 3408 854 μετά
3431 781 3528 835 τοῦ
3554 781 3705 835 πνεύ-

2143 871 2311 939 ματός
2343 888 2458 925 σου.
2492 874 2604 928 Καὶ
2632 876 2663 928 6
2681 874 2926 938 διάκονος
2948 874 3486 947 κηρυσσέτω-πάλιν·

2649 1012 3051 1069 ΚΕΦΑΛᾹΙΟΝ
3084 1012 3182 1067 ll".

2119 1125 2562 1195 Προσφώνησις
2582 1123 2679 1178 ἐπὶ
2706 1122 2827 1178 τῶν
2841 1122 3071 1208 πιστῶν
3083 1123 3235 1193 μετὰ
3254 1121 3370 1193 τὴν
3388 1122 3559 1177 θείαν
3574 1124 3707 1179 (ima

2810 1211 3026 1264 φοραν.

2195 1292 2317 1345 Ἔτι
2357 1291 2452 1345 καὶ
2480 1289 2561 1343 ἔτι
2589 1288 2871 1361 δεηθῶμεν
2910 1286 3003 1341 τοῦ
3036 1286 3171 1340 Θεοῦ
3208 1286 3299 1339 διὰ
3349 1285 3446 1340 τοῦ
3477 1287 3706 1358 Χριστοῦ

2120 1381 2307 1445 αὑτοῦ,
2341 1383 2483 1455 ὑπὲρ
2518 1382 2612 1436 τοῦ
2653 1380 2827 1454 δώρου
2852 1380 2947 1435 τοῦ
2984 1380 3481 1451 προσκομισθέντος
3526 1382 3708 1452 Κυρίῳ

2118 1474 2201 1546 τῷ
2231 1474 2371 1546 Θεῷ,
2405 1475 2553 1538 ὅπως
2594 1474 2624 1525 6
2658 1473 2863 1543 ἀγαθὸς
2900 1471 3035 1535 Θεὸς
3072 1471 3439 1544 προσδέξηται
3470 1471 3603 1527 αὐτὸ
3628 1474 3708 1527 διὰ

2116 1567 2219 1637 τῆς
2259 1567 2538 1639 μεσιτείας
2567 1565 2660 1620 τοῦ
2702 1564 2940 1639 Χριστοῦ
2972 1564 3138 1619 αὑτοῦ
3171 1567 3253 1629 εἰς
3288 1566 3351 1619 τὸ
3395 1566 3708 1638 ἐπουράνιον

2119 1658 2285 1713 αὑτοῦ
2330 1658 2737 1729 θυσιαστήριον,
2773 1657 2852 1720 είς
2882 1655 3060 1727 ὀσμὴν
3105 1655 3353 1719 εὑωδίας.
3402 1656 3578 1727 ’Υπὲρ
3615 1658 3709 1727 τῆς

2134 1750 2461 1823 Ἐκκλησίας
2480 1751 2685 1821 ταύτης
2706 1748 2911 1803 καὶτοῦ
2942 1748 3073 1802 λαοῦ
3094 1748 3399 1821 δεηθῶμεν,
3432 1749 3580 1822 ὑπὲρ
3608 1751 3706 1804 πά-

2114 1861 2213 1916 σης
2242 1844 2549 1914 ἐπισκοπῆς
2567 1882 2582 1907 ,
2607 1843 2807 1906 παντὸς
2836 1841 3229 1913 πρεσϐυτερίου
3249 1885 3264 1908 ,
3304 1842 3491 1914 πάσης
3520 1842 3621 1914 τῆς
3656 1844 3709 1895 ἐν

2117 1937 2341 2009 Χριστῷ
2385 1936 2660 2000 διακονίας
2707 1936 2803 1989 καὶ
2846 1935 3153 2006 ὑπηρεσίας
3180 1933 3313 2006 (62),
3366 1935 3575 1998 παντὸς
3618 1935 3706 1988 τοῦ

2119 2030 2484 2103 πληρώματος
2510 2030 2612 2100 τῆς
2652 2028 2981 2105 Ἐκκλησίας
3002 2026 3284 2099 δεηθῶμεν
3308 2045 3322 2058 ο
3349 2028 3503 2090 ὅπως
3539 2028 3570 2080 6
3607 2027 3709 2081 K6-

2123 2140 2235 2195 ριος
2265 2122 2475 2186 πάντας
2517 2121 2820 2193 δια-τηρήσῃ
2863 2121 2959 2175 καὶ
2986 2119 3311 2191 διαφυλάξῃ.
3353 2120 3533 2193 ’Υπὲρ
3564 2119 3705 2189 βασι-

2119 2216 2256 2270 λέων
2285 2215 2382 2269 καὶ
2412 2214 2522 2268 τῶν
2567 2216 2626 2268 ὲν
2660 2216 2904 2285 ὑπεροχῇ
2932 2212 3236 2284 δεηθῶμενο
3268 2214 3356 2266 ἵνα
3385 2213 3709 2284 είρηνεὺων-

2118 2326 2210 2363 ται
2249 2308 2319 2363 τὰ
2357 2308 2494 2380 πρὸς
2524 2309 2695 2380 ἡμᾶς,
2744 2308 2897 2371 ὅπως
2944 2308 3154 2379 ἦρεμον
3197 2307 3292 2360 καὶ
3336 2306 3571 2377 ἡσύχιον
3606 2305 3711 2376 βίον

2121 2400 2354 2471 ἔχοντες,
2387 2400 2663 2471 διάγωμεν
2690 2400 2750 2454 ἐν
2796 2399 2946 2471 πάσῃ
2978 2398 3230 2471 εὐσεϐείᾳ
3277 2398 3372 2452 καὶ
3400 2398 3706 2470 σεμνότητι.

2121 2495 2243 2548 Τῶν
2265 2486 2435 2563 ἁγίων
2467 2493 2645 2567 μαρτὺ
2656 2511 2763 2566 ρων
2785 2491 3269 2566 μνημονεύσωμεψ
3292 2493 3443 2555 ὅπως
3474 2493 3710 2545 κοινωνοὶ

2120 2587 2376 2657 γενέσθαι
2403 2587 2504 2657 τῆς
2532 2585 2815 2658 ἀθλήσεως
2845 2585 3028 2639 αὑτῶν
3057 2583 3509 2655 καταξιωθῶμεν.
3547 2584 3711 2656 ’Υπὲρ

2118 2680 2230 2736 τῶν
2256 2680 2315 2735 ὲν
2349 2680 2530 2733 πίστει
2561 2678 3034 2750 ἀναπαυσαμένων
3070 2677 3372 2748 δεηθῶμεν.
3410 2676 3591 2749 ’Υπὲρ
3618 2676 3711 2746 τῆς

2119 2772 2416 2846 εὐκρασίας
2449 2772 2557 2826 τῶν
2587 2772 2766 2843 ἀέρων
2810 2772 2906 2827 καὶ
2941 2770 3300 2843 τελεσφορίας
3332 2769 3445 2825 τῶν
3487 2770 3712 2842 καρπῶν

2119 2864 2418 2937 δεηθῶμεν.
2461 2864 2635 2937 ’Υπὲρ
2669 2863 2778 2917 τῶν
2824 2864 3200 2935 νεοφωτίστων
3233 2862 3539 2935 δεηθῶμεν·
3570 2864 3713 2926 ὅπως

2121 2955 2490 3027 βεδαιωθῶσιν
2519 2958 2579 3009 ὲν
2605 2958 2672 3028 τῇ
2704 2955 2921 3021 πίστει,
2953 2955 3154 3019 πάντες
3192 2955 3283 3008 ὑπ’
3314 2954 3496 3009 ἄλλων
3535 2971 3710 3025 παρα-

2119 3050 2469 3104 καλέσθωσαν
2513 3049 2645 3121 (65).
2700 3049 3030 3119 Ἀνάστησον
3082 3050 3233 3120 ἡμᾶς
3276 3049 3306 3100 6
3355 3048 3494 3112 Θεὸς
3536 3050 3597 3102 ἐν
3646 3050 3711 3119 τῇ

432 3147 667 3203 magnus
704 3140 758 3187 et
800 3132 982 3201 magni
1026 3132 1268 3186 nominis
1297 3146 1380 3192 es.
1426 3146 1655 3201 magnus
1686 3134 1920 3189 consilio
1943 3134 2012 3199 ",
2043 3177 2066 3232 ί

2142 3142 2302 3215 [ἀριτί
2358 3157 2475 3197 σουθ
2523 3142 2862 3207 ἀναστάντες
2913 3141 3139 3206 ἑαυτοὺς
3185 3141 3266 3213 τῷ
3308 3140 3431 3212 Θεῷ
3485 3141 3580 3195 διὰ
3622 3142 3711 3194 τοῦ

432 3232 487 3279 et
513 3232 709 3294 potens
740 3224 1043 3294 operibus;
1097 3222 1242 3280 Deus
1283 3231 1339 3278 et
1377 3222 1541 3279 Pater
1576 3225 1752 3279 sancti
1784 3224 1906 3280 Filii
1937 3227 2016 3281 tui

432 3316 565 3374 Jesu
601 3316 907 3372 Salvatoris
938 3317 1151 3381 nostri,
1185 3316 1401 3387 respice
1429 3331 1597 3387 super
1620 3332 1720 3373 nos
1747 3332 1811 3371 ac
1854 3335 2020 3391 super

433 3426 651 3481 gregem
692 3416 847 3465 tuum
932 3410 1103 3472 hunc,
1140 3424 1304 3479 quem
1356 3425 1453 3479 per
1491 3425 1617 3464 eum
1666 3410 1917 3481 delegisti
1949 3413 2018 3468 ad

432 3503 678 3558 nominis
695 3502 775 3557 tui
795 3500 1056 3574 gloriam;
1082 3507 1136 3557 et
1167 3501 1524 3557 sanetiiicans
1543 3516 1746 3572 corpus
1768 3511 2017 3558 nostrum

433 3604 491 3650 et
524 3596 761 3649 animam
795 3601 1044 3650 nostram
1071 3634 1086 3657 ,
1130 3592 1375 3648 concede
1396 3633 1411 3656 .
1460 3601 1519 3647 ut
1548 3594 1728 3649 eifecti
1776 3596 1900 3666 puri
1948 3596 2020 3651 ab

434 3687 587 3743 omni
622 3687 1039 3757 inquinamento
1069 3686 1255 3741 carnis
1286 3701 1349 3741 ac
1381 3686 1612 3757 spiritus
1634 3689 1702 3753 ",
1738 3692 2019 3762 proposita

430 3783 580 3834 bona
630 3793 1076 3849 consequamur;
1122 3777 1511 3849 neminemque
1561 3788 1813 3837 nostrum
1871 3783 2018 3840 indi-

433 3887 602 3943 gnum
622 3872 861 3943 judices,
888 3886 1074 3926 verum
1110 3872 1188 3926 sis
1214 3878 1405 3925 noster
1430 3871 1670 3942 adjutor,
1699 3875 2017 3945 opitulator,

435 3972 847 4034 propugnator,
901 3979 997 4034 per
1030 3963 1313 4020 Christum
1365 3973 1557 4033 tuum;
1604 3982 1729 4022 cum
1764 3984 1874 4040 quo
1923 3969 2019 4027 tibi

433 4057 639 4125 gloria,
673 4056 882 4119 honor,
922 4056 1074 4120 laus,
1118 4055 1448 4127 gloriﬁcatio
1472 4098 1487 4121 ,
1520 4061 1819 4129 gratiarum
1851 4060 2017 4128 actio,

433 4156 489 4203 et
518 4155 710 4205 sancto
737 4147 1002 4219 Spiritui,
1046 4149 1100 4203 in
1138 4149 1357 4205 sarcula.
1389 4150 1577 4205 Amen.
1611 4150 1678 4204 Et
1728 4160 2019 4223 postquam

358 4312 364 4317 Α
435 4256 633 4295 omnes
658 4240 934 4305 dixerint,
969 4239 1177 4309 Amen;
1227 4241 1499 4297 diaconus
1540 4242 1725 4299 dicat:
1759 4243 2021 4300 Attenda-

432 4348 581 4389 mus.
617 4333 697 4388 Ac
727 4335 1023 4405 episcopus
1064 4335 1139 4389 ita
1188 4335 1256 4389 ad
1306 4336 1567 4407 populum
1613 4337 2016 4408 proloquatur:

439 4425 641 4481 Sancta
713 4427 946 4483 sanctis.
1011 4426 1368 4498 Populusque
1420 4429 1750 4498 respondeat
1799 4449 1812 4484 :
1867 4428 2020 4488 Unus

2120 3233 2357 3307 Χριστοῦ
2388 3234 2555 3289 αὑτοῦ
2584 3232 2982 3307 παραθὼμεθα.
3020 3234 3132 3287 Καὶ
3160 3235 3188 3287 6
3224 3233 3528 3298 ἐπίσκοπος
3566 3233 3711 3301 λεγέ-

2119 3344 2197 3381 τω
2218 3344 2232 3357 ο
2277 3328 2333 3381 Ὀ
2362 3327 2493 3391 Θεὸς
2518 3328 2548 3381 6
2580 3328 2754 3399 μέγας
2783 3327 2877 3380 καὶ¹
2906 3326 3316 3399 μεγαλώνυμος,
3356 3327 3385 3379 6
3432 3326 3610 3398 μέγας
3647 3328 3708 3397 τῇ

2123 3419 2310 3492 βουλῇ,
2336 3421 2428 3474 καὶ
2464 3419 2726 3492 κραταιὸς
2768 3422 2883 3483 τοῖς
2913 3419 3124 3491 ἔργοις,
3157 3420 3187 3471 ὁ
3214 3419 3350 3483 Θεὸς
3380 3420 3478 3473 καὶ
3525 3418 3711 3491 Πατὴρ

2118 3511 2214 3566 τοῦ
2272 3513 2427 3581 ἁγίου
2482 3511 2682 3575 Παιδὸς
2715 3529 2809 3565 σου
2863 3510 3040 3583 Ἰησοῦ
3077 3511 3174 3565 τοῦ
3219 3512 3478 3584 Σωτῆρος
3534 3513 3707 3583 ἡμῶν,

2120 3603 2410 3675 ὲπίὸλεψον
2439 3607 2525 3675 ἐφ’
2554 3607 2704 3677 ἡμᾶς
2733 3605 2829 3659 καὶ
2871 3606 2966 3659 ἐπὶ
2994 3606 3056 3659 τὸ
3101 3605 3356 3677 ποίμνιον
3391 3622 3489 3657 σου
3536 3604 3708 3662 τοῦτο.

2120 3697 2150 3750 ὅ
2176 3697 2244 3750 δι’
2273 3696 2441 3753 αὑτοῦ
2472 3697 2700 3764 ἐξελέξω
2744 3700 2825 3762 εἰς
2852 3697 3011 3762 δόξαν
3037 3697 3132 3752 τοῦ
3162 3697 3429 3768 ὀνόματός
3464 3713 3592 3761 σου,
3621 3698 3708 3750 καὶ

2121 3788 2355 3859 ἁγιάσας
2383 3789 2543 3862 ἡμῶν
2565 3790 2627 3844 τὸ
2656 3788 2815 3861 σῶμα
2836 3789 2945 3859 (64)
2984 3791 3077 3843 καὶ
3104 3788 3203 3861 τὴν
3229 3789 3413 3860 ψυχὴν
3448 3788 3709 3853 καταξέω-

2121 3899 2214 3936 σον
2244 3882 2521 3955 καθαροὺς
2548 3882 2872 3953 γενομένους
2897 3882 3005 3936 ἀπὸ
3034 3882 3235 3945 παντὸς
3265 3881 3552 3953 μολυσμοῦ
3585 3898 3708 3953 σαρ-

2120 3976 2216 4041 κὸς
2244 3976 2339 4031 καὶ
2368 3974 2696 4046 πνεύματος,
2726 3978 2909 4046 τυχεῖν
2927 3975 3036 4029 τῶν
3058 3975 3439 4047 προκειμένων
3470 3974 3704 4043 ἀγαθῶν,

2121 4069 2219 4122 καὶ
2249 4067 2452 4139 μηδένα
2478 4068 2641 4139 ἡμῶν
2668 4066 2885 4133 ἀνάξιον
2922 4068 3133 4140 κρίνῃς,
3161 4066 3298 4120 ἀλλά
3330 4066 3526 4137 βοηθὸς
3555 4069 3589 4137 ἠ
3599 4065 3708 4137 μῶν

2120 4160 2309 4231 γενοῦ,
2335 4161 2715 4233 ἀντιλήπτωρ,
2748 4160 3181 4231 ὑπερασπιστὴς,
3210 4158 3299 4212 διὰ
3341 4158 3440 4211 τοῦ
3474 4157 3706 4230 Χριστοῦ

2123 4272 2217 4309 σου
2240 4272 2254 4285 ·
2294 4254 2412 4328 μεθ’
2444 4247 2507 4307 οῦ
2543 4271 2626 4308 σοι
2656 4254 2806 4320 δόξα,
2837 4253 2993 4324 τιμὴ,
3021 4248 3187 4315 αἶνος,
3220 4250 3526 4319 δοξολογία,
3552 4252 3707 4319 εὑχα-

2124 4348 2342 4422 ριστία,
2378 4348 2585 4419 καὶτῷ
2635 4348 2776 4417 ἁγίῳ
2818 4345 3125 4417 Πνεὺματι,
3174 4346 3255 4406 εἰς
3300 4345 3432 4407 τοὺς
3488 4342 3701 4404 αἰῶνας.

2135 4441 2326 4512 Ἀμήν.
2362 4442 2473 4495 Kal.
2508 4440 2646 4512 μετὰ
2676 4440 2736 4493 τὸ
2788 4439 2995 4501 πάντας
3031 4439 3205 4491 εἰπεῖν
3228 4476 3244 4500 ,
3286 4435 3481 4507 Ἀμήν·
3531 4434 3563 4486 6
3597 4434 3706 4488 διά-

436 4526 703 4585 sanctus,
736 4536 881 4575 unus
917 4518 1185 4574 Dominus
1206 4558 1222 4583 ,
1255 4536 1401 4575 unus
1429 4518 1592 4577 Jesus
1622 4521 1915 4586 Christus,
1961 4523 2015 4579 in
2049 4519 2066 4574 1

2142 4549 2277 4596 ιονος
2324 4532 2547 4602 λεγέτω·
2584 4532 2940 4605 Πρόσχωμεν.
2996 4529 3106 4583 Καὶ
3138 4530 3167 4582 6
3196 4528 3502 4591 ἐπίσκοπος
3545 4541 3704 4599 προσ-

436 4611 665 4682 gloriam
699 4610 794 4667 Dei
826 4611 1040 4675 Patris,
1088 4611 1413 4668 benedictus
1464 4613 1518 4667 in
1570 4615 1791 4669 saecula.
1821 4612 2015 4672 Amen.

2123 4625 2429 4695 cpwvnaatw
2474 4624 2554 4696 τῷ
2597 4624 2712 4696 λαῷ
2739 4623 2902 4678 οῦτωο
2941 4622 3022 4675 Ta
3051 4622 3182 4692 ἅγια
3220 4624 3335 4685 τοῖς
3368 4621 3567 4689 ἁγίοις.
3601 4618 3703 4671 Kal

441 4719 463 4755 ι
502 4701 688 4758 Gloria
719 4705 775 4759 in
814 4704 1104 4761 aitissimis
1136 4702 1272 4769 Deo,
1303 4716 1359 4759 et
1387 4705 1441 4759 in
1475 4714 1620 4762 terra
1658 4722 1760 4778 pax
1783 4747 1799 4773 ,
1831 4708 1888 4763 in
1920 4708 2014 4763 ho-

2142 4718 2151 4765 i
2181 4716 2308 4780 λαὸς
2354 4718 2692 4772 ὑπακουέτω·
2741 4716 2855 4789 (65)
2888 4713 2983 4781 Εἷς
3033 4714 3219 4784 ἅγιος,
3250 4710 3333 4779 εἷς
3364 4713 3598 4787 Κύριος,
3629 4706 3704 4772 εἷς

511 4861 815 4928 ’³1Τίιη.ιι,
849 4864 905 4919 2.
983 4863 1030 4896 ’⁸
1050 4862 1164 4920 Jer.
1196 4880 1371 4923 χχιιι.
1405 4865 1491 4920 19.
1570 4869 1613 4899 ’⁷
1646 4866 1690 4920 ll
1721 4869 1851 4924 Cor.
1881 4885 1979 4935 vn.
2013 4871 2066 4928 l.

1773 5066 2136 5128 umorum
2167 5046 2396 5128 Nom.

509 5250 772 5332 (6‘2)_Kal
817 5252 1192 5332 ὑπηρεσίας.-
1223 5249 1431 5332 Desunt
1478 5251 1535 5306 in
1582 5252 1706 5310 cod.
1747 5252 1909 5311 Vind.
1960 5271 2025 5311 ac

2142 5255 2792 5332 Constantiuntimperat,
2833 5272 2897 5332 _p.
2930 5256 3075 5332 636:
3112 5257 3222 5312 Ποῦ
3261 5256 3475 5332 πρέπον
3500 5256 3565 5332 ἦν
3597 5260 3697 5332 ,καὶ

440 5322 800 5402 θοῇς-ψέξεεεῖ
819 5323 960 5402 hinc
970 5330 1222 5393 possunt.
1254 5322 1427 5402 Cuia.
1459 5395 1478 5402 Δ
1716 5393 1738 5402 _
1918 5394 1934 5402 _

2142 5330 2273 5382 ὅσιον
2301 5322 2609 5382 ὑπακοῦσαὶ
2642 5329 2733 5382 τὸν
2762 5322 2889 5402 λαδν
2926 5326 2989 5382 τὸ
3016 5329 3218 5402 Ἀμήν]
3257 5322 3359 5382 Ubi
3397 5322 3693 5385 conveniens

532 5392 621 5472 65)
657 5392 800 5472 ςητ*
1090 5393 1667 5472 παρακαλέσθωσαῖ.
1716 5393 1777 5472 In
1832 5394 2023 5472 eodem

2142 5410 2242 5452 erat
2271 5409 2327 5472 et
2350 5408 2609 5462 sanctum,
2638 5408 2694 5472 ut
2722 5400 2943 5472 popaqu
2976 5392 3306 5470 responderet
3371 5401 3695 5457 Anten1’non

435 5463 627 5545 codice
650 5464 791 5545 ὑπὲρ
1089 5464 1580 5545 παρακαλέσωμεν.
1605 5464 1759 5531 Quod
1788 5468 2015 5529 rectius,

2142 5470 2445 5545 maxoﬁcat,
2471 5478 2529 5522 ut
2571 5463 2800 5545 nadir'et;
2850 5463 3114 5545 Patetgeg
3160 5486 3227 5526 eo
3268 5472 3421 5545 quod
3460 5476 3696 5545 sequitur

435 5532 791 5614 ﬁliis”)???
826 5532 1090 5614 ἔλλῆλὲἐῖθ·
1126 5532 1201 5614 ¹ἔίι
1466 5532 1474 5535 “
1529 5607 1544 5614 -
1730 5607 1800 5614 --
1995 5608 2011 5614 ,

2142 5540 2309 5614 eadem
2361 5557 2520 5614 pagg
2567 5541 2686 5614 ea»),
2709 5541 2989 5614 τοσούτων
3011 5542 3154 5614 λαῶν
3198 5532 3557 5614 συνελθόντων
3599 5541 3694 5611 μία

1365 5621 1418 5659 in
1444 5607 1566 5662 cod.
1606 5604 2012 5677 Vindob.,:1uod

2142 5574 2309 5596 ιηιισΙΙΙ
2362 5574 2520 5611 νημαι
2568 5574 2662 5594 ςυιν
2710 5574 2975 5596 νιυυυυιων
3013 5574 3153 5595 Λωυν
3198 5574 3556 5595 υυνςηυυνΛυν
3599 5574 3694 5611 μμ*

2142 5609 2345 5684 ξένηται
2373 5612 2544 5684 φωνὴ,
2567 5610 2830 5684 λεγόντων
2857 5613 2937 5683 τῷ
2964 5612 3083 5683 Θεῷ
3107 5612 3169 5665 τὸ
3200 5612 3398 5684 Ἀμήν·
3429 5614 3515 5666 ubi
3538 5630 3596 5665 ex
3624 5620 3695 5664 tot

438 5674 761 5755 mellitishlp
944 5745 956 5755 _
1094 5744 1151 5755 Μ
1188 5674 1210 5755 ⁷.
1391 5747 1483 5755 ____
1740 5747 1783 5755 __
1849 5674 1900 5677 ‘-
1970 5749 1981 5755 _
2124 5674 2649 5755 ἰαηιῖδηαείροριιιὶέ
2690 5686 2743 5755 in
2798 5674 2962 5737 tumin
3026 5674 3396 5752 congregatis,
3451 5702 3553 5738 una
3598 5696 3694 5737 ra:

443 5810 477 5825 η
510 5742 622 5825 (65)
664 5745 1060 5825 ’Υπςικρυέτα
1094 5744 1213 5825 Πὶιςξ
1238 5747 1484 5825 nonnihil
1519 5764 1709 5825 supra.
1740 5747 1895 5825 Nunc
1919 5749 2013 5825 ad:

2142 5742 2349 5820 priatu'r,
2384 5742 2667 5808 dicentium
2705 5754 2806 5809 Deo
2830 5771 2847 5806 :
2880 5756 3065 5811 Amen.
3100 5742 3237 5810 (ῗύτῖ

438 5815 571 5880 iicio
597 5815 1034 5871 emendationem
1084 5832 1136 5869 in
1182 5817 1236 5870 S.
1272 5815 1604 5879 Athanasio,
1634 5818 1891 5886 Apologia
1945 5820 2012 5874 ad
2338 5815 2345 5820 ’
2555 5857 2557 5859 ι
