3812 6352
1346 275 1403 330 S.
1439 276 1833 332 CLEMENTIS
1866 278 1883 331 1
1920 274 2085 337 ROM.
2126 280 2326 337 PONT.
2366 281 2594 338 OPERA
2629 280 2853 339 DUBiA.

453 392 554 455 ris,
580 391 636 445 in
675 388 982 446 custodiam
1016 386 1235 459 pietatis
1258 426 1272 450 ,
1317 388 1373 441 in
1405 388 1788 445 remissionem
1832 405 2019 459 pecca-

2130 393 2429 458 εὐσεόείας,
2447 397 2527 460 είς
2540 398 2733 467 ἄφεσιν
2750 397 3051 469 ἁμαρτιῶν,
3066 401 3146 464 είς
3165 400 3310 475 ζωὴν
3323 400 3419 456 τοῦ
3437 403 3700 476 μέλλοντα

452 490 655 546 torum,
687 482 745 537 in
771 483 936 537 vitam
970 480 1138 535 futuri
1172 480 1354 535 saeculi
1379 480 1445 536 '°.
1478 480 1800 551 Surgamus.
1826 481 1883 537 lu
1907 499 2031 555 gra-

452 579 525 632 tia
559 576 787 644 Christi,
852 589 954 629 nos
1003 574 1153 645 ipsos
1186 572 1324 633 Deo,
1354 574 1456 628 soli
1505 575 1749 643 ingenito
1792 575 1901 631 Deo
1924 616 1939 641 ,
1974 585 2027 633 et

449 669 676 724 Christo
720 668 841 737 ejus
867 665 1341 721 commendemus.
1371 665 1549 736 Atque
1584 668 1876 739 episcopus
1904 684 2029 740 gra-

449 762 649 815 tiarum
674 761 945 814 actionem
978 757 1219 828 proferat
1249 774 1263 811 :

1041 870 1272 928 CAPUT
1313 869 1430 925 XV.

765 987 1036 1043 Inrocatio
1094 997 1211 1056 post
1261 988 1705 1042 communionem.

514 1102 741 1158 Domine
772 1101 918 1158 Deus
949 1102 1321 1172 omnipotens,
1348 1100 1518 1157 Pater
1546 1100 1751 1158 Christi
1786 1101 1890 1167 tui,
1924 1101 2023 1157 be-

442 1197 645 1253 nedicti
683 1195 842 1263 Filii;
893 1196 1183 1251 exauditor
1222 1210 1413 1250 eorum
1443 1196 1535 1265 qui
1572 1202 1721 1250 recte
1766 1194 2024 1250 invocant

441 1298 515 1355 te,
547 1291 797 1361 cognitor
827 1303 1052 1361 precum
1082 1288 1244 1343 etiam
1278 1302 1467 1343 eorum
1512 1288 1604 1357 qui
1645 1296 1862 1353 tacent;
1896 1302 2022 1359 gra-

438 1383 547 1439 tias
599 1382 811 1453 agimus
842 1380 978 1441 tibi,
1031 1379 1177 1451 quod
1216 1392 1319 1435 nos
1369 1378 1566 1449 dignos
1621 1380 1886 1435 censuisti
1925 1380 2019 1452 qui

439 1474 898 1545 participaremus
924 1482 1116 1529 sancta
1150 1480 1243 1526 tua
1273 1471 1555 1543 mysteria,
1589 1486 1710 1540 quae
1740 1472 2018 1542 przebuisti

436 1567 598 1623 nobis
653 1566 720 1622 ad
775 1566 994 1635 plenam
1052 1578 1244 1620 eorum
1300 1578 1424 1634 qua:
1476 1562 1615 1618 bene
1660 1564 2018 1634 cognovimus

436 1660 874 1730 persuasionem,
905 1658 971 1712 ad
1006 1656 1310 1713 custodiam
1341 1656 1596 1726 pietatis,
1631 1655 1699 1709 ad
1732 1657 2014 1714 remissio-

2133 486 2344 550 αἰῶνος.
2390 487 2780 560 Ἑγειρώμεθα.
2817 490 2905 543 Ἐν
2922 492 3357 565 χάριτιΧριο-τοῦ
3389 496 3611 561 ἑαυτοὺς
3633 502 3699 571 τῷ

2129 577 2249 648 Θεῷ
2275 579 2406 651 (70),
2439 580 2518 650 τῷ
2566 582 2713 651 μόνῳ
2744 582 3026 653 ἀγεννήτῳ
3064 583 3209 655 Θεῷ,
3246 587 3340 639 καὶ
3379 586 3461 657 τῷ
3492 590 3699 662 Χριστῷ
3736 580 3739 581 ν

2128 670 2293 746 αὐτοῦ
2324 671 2714 744 παραϐώμεθα.
2750 674 2858 727 Καὶ
2889 678 2917 728 6
2950 675 3247 740 ἐπίσκοπος
3294 678 3699 749 εὐχαριστείτω.

2653 877 3048 931 ΚΕΦΑΛᾹΙΟΝ
3073 879 3173 932 lE'.

2386 988 2737 1060 Ἐπίκλησις
2774 992 2926 1062 μετὰ
2958 990 3073 1061 τὴν
3093 992 3463 1065 μετάληψιν.

2194 1104 2438 1159 Δέσποτα
2468 1107 2496 1158 6
2527 1105 2658 1169 Θεὸς
2678 1107 2706 1159 6
2732 1105 3147 1178 παντοκράτωρ,
3179 1104 3207 1157 ὁ
3232 1104 3428 1177 Πατὴρ
3450 1104 3545 1157 τοῦ
3566 1105 3695 1176 Χρι-

2129 1195 2256 1250 στοῦ
2281 1213 2374 1249 σου
2396 1197 2488 1250 τοῦ
2514 1196 2804 1268 εὐλογητοῦ
2831 1197 3049 1263 Παιδὸς,
3072 1199 3100 1251 6
3122 1196 3231 1250 τῶν
3257 1198 3376 1266 μετ’
3411 1196 3697 1268 εὐθύτητος

2126 1286 2567 1358 ἐπικαλουμένων
2592 1304 2651 1342 σε
2671 1290 2927 1360 ἐπήκοος,
2950 1291 2979 1343 6
2997 1289 3218 1342 καὶτῶν
3243 1288 3574 1343 σιωπώντων
3592 1292 3697 1343 ἐπι-

2124 1376 2387 1448 στάμενος
2409 1378 2506 1442 τὰς
2533 1378 2821 1446 ἐντεύξειςο
2856 1379 3284 1451 εὐχαριστοῦμέν
3301 1396 3409 1443 σοι,
3439 1381 3521 1433 ὃτι
3544 1398 3699 1452 κατηο

2124 1468 2320 1537 είωσας
2348 1474 2494 1543 ἡμᾶς
2522 1473 2842 1543 μεταλαϐεῖν
2860 1474 2967 1527 τῶν
2990 1472 3159 1541 ἀγίων
3181 1489 3274 1526 σου
3302 1473 3643 1544 μυστηρίων,
3664 1477 3698 1529 ἀ

2122 1564 2397 1635 παρέσχου
2422 1568 2574 1636 ἡμῖν,
2594 1564 2965 1635 πληροφορίαν
2983 1566 3090 1620 τῶν
3112 1564 3295 1629 καλῶς
3318 1567 3696 1639 ἐγνωσμένων,

2117 1661 2197 1723 είς
2225 1659 2470 1731 φυλακὴν
2497 1659 2597 1730 τῆς
2623 1659 2925 1723 εὐσεϐείας,
2956 1661 3037 1723 είς
3065 1659 3257 1728 ἄφεσιν
3290 1660 3699 1731 πλημμελημά-

434 1768 561 1808 nem
590 1752 915 1807 delictorum
944 1768 959 1817 ;
991 1750 1249 1821 quoniam
1280 1764 1482 1804 nomen
1512 1747 1719 1805 Christi
1751 1750 1829 1804 tui
1858 1750 2014 1804 invo—

2114 1767 2242 1804 των·
2276 1751 2356 1804 ὅτι
2400 1752 2461 1803 τὸ
2489 1750 2661 1821 ὄνομα
2691 1750 2787 1803 τοῦ
2825 1749 3063 1821 Χριστοῦ
3099 1768 3192 1804 σου
3227 1753 3591 1823 ἐπικέκληται
3617 1756 3699 1824 ἐφ’

435 1856 619 1900 catum
654 1852 739 1900 est
782 1859 949 1914 super
982 1858 1105 1904 nos,
1137 1850 1192 1898 et
1233 1842 1332 1896 tibi
1376 1841 1617 1912 adjuncti
1658 1856 1870 1898 sumus.
1907 1841 2012 1909 Qui

436 1938 735 2008 segregasti
778 1951 882 1990 nos
924 1935 992 1990 ab
1026 1934 1321 2005 impiorum
1361 1933 1785 1995 communione.
1833 1933 2013 1989 aduna

432 2045 558 2085 cum
590 2030 657 2084 iis
684 2028 779 2100 qui
812 2027 909 2084 tibi
943 2034 1073 2082 sunt
1106 2026 1436 2087 consecrati,
1470 2024 1624 2079 firma
1654 2040 1755 2082 nos
1780 2025 1837 2079 in
1870 2026 2014 2081 veri-

434 2131 547 2178 tate
579 2138 674 2193 per
706 2122 882 2179 sancti
915 2118 1158 2191 Spiritus
1190 2119 1510 2184 adventum,
1538 2135 1658 2190 quae
1693 2118 2011 2190 ignoramus

433 2216 634 2279 revela,
666 2231 786 2285 qua:
818 2214 1081 2270 deﬁciunt
1115 2214 1329 2284 supple,
1361 2228 1483 2282 qua:
1529 2212 1785 2267 novimus
1819 2228 2011 2267 corro-

431 2308 587 2363 bora.
625 2307 951 2364 Sacerdotes
982 2307 1294 2377 inculpatos
1319 2319 1582 2360 conserva
1613 2305 1669 2358 in
1698 2306 1847 2359 cultu
1874 2314 2005 2361 tuo:

430 2414 589 2471 reges
618 2409 773 2456 tuere
802 2401 855 2455 in
883 2414 1057 2469 pace;
1090 2399 1447 2468 magistratus
1476 2397 1531 2451 in
1551 2396 1763 2467 justitia
1785 2415 1802 2465 ;
1826 2412 2008 2454 aerem

430 2490 487 2545 in
510 2489 806 2561 temperie;
838 2490 1025 2561 fruges
1058 2491 1110 2544 in
1145 2488 1430 2553 ubertate;
1462 2488 1725 2543 mundum
1749 2490 1805 2544 in
1830 2490 2009 2544 omni-

427 2592 650 2655 potente
676 2584 1040 2655 providentia.
1066 2580 1269 2637 Gentes
1300 2582 1594 2637 bellicosas
1619 2581 1746 2637 seda
1774 2602 1786 2637 :
1814 2598 2006 2639 erran-

427 2684 513 2732 tes
550 2684 848 2733 converte:
887 2676 1146 2748 populum
1198 2682 1353 2730 tuum
1401 2675 1686 2731 sanctiliea
1718 2694 1732 2731 :
1764 2677 2005 2749 virgines

425 2783 729 2823 conserva:
752 2769 1014 2840 coniuges
1042 2767 1261 2824 custodi
1282 2767 1336 2821 in
1363 2766 1505 2822 ilde:
1542 2775 1728 2825 castos
1763 2770 2000 2828 robora:

422 2860 668 2916 infantes
692 2861 759 2916 ad
792 2869 1066 2916 maturam
1097 2868 1312 2916 :etatem
1342 2859 1587 2931 perduc:
1620 2877 1795 2931 nuper
1818 2862 2001 2917 initia-

423 2960 512 3008 tos
558 2952 712 3007 tirma
742 2972 757 3009 :
802 2953 1227 3009 catechumenos
1261 2952 1443 3017 crudi,
1478 2967 1542 3007 ac
1573 2952 1769 3023 dignos
1810 2955 1999 3010 initia-

426 3046 575 3099 tione
619 3043 829 3101 redde:
878 3059 1088 3115 nosque
1118 3058 1310 3099 omnes
1352 3058 1621 3115 congrega
1670 3046 1725 3099 in
1769 3061 1996 3118 regnum

424 3140 715 3203 caelorum,
751 3139 805 3194 in
857 3137 1082 3195 Christo
1134 3137 1263 3195 Jesu
1300 3136 1533 3195 Domino
1590 3148 1819 3208 nostro;
1870 3155 1995 3196 cum

422 3249 535 3302 quo
557 3233 655 3287 tibi
698 3233 892 3304 gloria,
922 3232 1100 3287 honor
1134 3246 1200 3285 ac
1233 3232 1534 3293 veneratio,
1567 3239 1622 3287 et
1652 3239 1845 3288 sancto
1877 3230 2000 3303 Spi-

421 3326 576 3388 ritui,
606 3326 660 3379 in
684 3326 903 3381 saecula.
936 3324 1130 3380 Amen.
1158 3323 1224 3378 Et
1245 3324 1513 3379 diaconus
1546 3324 1693 3379 dicat
1719 3344 1732 3378 :
1769 3322 1881 3380 Deo
1904 3340 2002 3395 per

419 3417 701 3472 Christum
742 3416 867 3486 ejus
892 3416 1171 3478 inclinate,
1197 3424 1252 3471 et
1281 3415 1511 3486 accipite
1536 3415 1995 3472 benedictionem.

420 3506 560 3563 Tum
597 3508 887 3579 episcopus
942 3516 1215 3579 precetur,
1258 3506 1347 3561 his
1388 3506 1605 3561 verbis:
1638 3506 1783 3563 Deus
1821 3508 1999 3562 omni-

421 3609 648 3672 potens,
687 3616 854 3656 vcrax
895 3608 950 3656 et
995 3600 1476 3671 incomparabilis,
1512 3599 1608 3670 qui
1661 3600 1863 3670 ubique
1902 3617 1999 3656 ex-

420 3695 605 3757 sistis,
648 3709 711 3749 ac
748 3693 1005 3749 omnibus
1047 3708 1289 3765 praesens
1321 3708 1413 3757 es,
1444 3701 1497 3747 et
1532 3693 1587 3747 in
1635 3692 1785 3746 nullo
1825 3694 1998 3747 instar

420 3801 610 3841 eorum
632 3801 752 3857 qua:
774 3785 963 3839 insunt
993 3785 1320 3841 contineris:
1348 3785 1438 3855 qui
1468 3784 1601 3840 locis
1624 3799 1732 3839 non
1758 3784 1995 3839 circum-

392 3866 701 3943 ‘scriberis,
733 3876 1071 3948 temporibus
1100 3892 1209 3931 non
1258 3876 1602 3941 vetustescis,
1638 3876 1854 3931 seculis
1885 3892 1993 3933 non

418 3971 754 4035 terminaris,
787 3971 971 4026 verbis
1006 3986 1115 4024 non
1144 3968 1459 4033 seduceris;
1490 3969 1585 4040 qui
1613 3969 1757 4024 ortui
1790 3984 1900 4023 non
1933 3984 1995 4025 es

420 4064 723 4133 subjectus,
747 4069 801 4117 et
830 4061 1079 4118 custodia
1109 4076 1219 4116 non
1251 4059 1487 4132 indiges,
1519 4069 1574 4115 et
1604 4075 1768 4131 supra
1804 4070 1989 4115 extra-

416 4173 523 4229 que
550 4157 829 4212 interitum
860 4172 942 4218 es,
965 4171 1029 4210 ac
1059 4156 1475 4210 conversionem
1499 4154 1744 4224 recipere
1772 4154 1991 4223 nequis,

418 4257 584 4319 atque
626 4256 823 4303 natura
866 4263 927 4303 es
976 4246 1375 4311 immutabilis;
1408 4244 1502 4316 qui
1546 4244 1721 4300 lucem
1778 4245 1993 4299 habitas

419 4340 756 4396 inaccessam
781 4340 848 4403 ³¹,
878 4348 932 4395 et
984 4346 1181 4393 natura
1219 4338 1512 4393 invisibilis
1557 4352 1654 4402 es;
1685 4335 1779 4406 qui
1814 4336 1994 4391 omni-

2115 1844 2283 1914 ἡμᾶς,
2310 1841 2407 1897 καὶ
2435 1840 2521 1895 σοὶ
2547 1842 3034 1915 προσῳκειώμεθα.
3069 1843 3126 1897 '0
3150 1844 3396 1916 χωρίσας
3424 1847 3577 1915 ἡμᾶς
3605 1846 3699 1917 τῆς

2112 1934 2223 1988 τῶν
2250 1934 2458 1987 ἀσεὸὦν
2496 1934 2808 1997 κοινωνίας,
2837 1934 3039 1988 ἐνωσον
3079 1937 3229 2007 ἡμᾶς
3259 1937 3402 2008 μετά
3429 1939 3541 1991 τῶν
3568 1941 3697 1993 καθα

2110 2025 2443 2096 ωσιωμένων
2489 2043 2609 2090 σοι,
2655 2025 2907 2098 στήριξον
2952 2028 3100 2097 ἡμᾶς
3148 2029 3207 2080 ἐν
3254 2032 3321 2101 τῇ
3358 2030 3588 2103 ἀληθείᾳ
3632 2037 3694 2104 τῇ

2110 2116 2205 2171 τοῦ
2252 2118 2409 2187 ἁγίου
2454 2118 2772 2189 Πνεύματος
2818 2120 3199 2191 ἐπιφοιτήσει,
3239 2118 3311 2173 τά
3359 2122 3696 2195 ἀγνοούμενα

2110 2208 2481 2280 ἀποκάλυψον,
2515 2210 2584 2263 τά
2610 2211 2869 2265 λείποντα
2895 2211 3007 2281 (71)
3040 2213 3603 2284 προσαναπλήρωσον,
3632 2218 3696 2270 τὰ

2110 2302 2428 2373 ἐγνωσμένα
2454 2302 2743 2373 κράτυνον.
2775 2303 2916 2367 Τοὺς
2946 2304 3115 2376 ἱερεῖς
3146 2304 3417 2376 ἀμώμους
3444 2308 3695 2379 διαφύλα-

2110 2391 2200 2456 ξον
2247 2394 2304 2446 ἐν
2336 2396 2403 2465 τῇ
2437 2392 2660 2465 λατρεία
2696 2410 2812 2447 σου·
2842 2396 2972 2459 τούς
3004 2395 3244 2465 βασιλεῖς
3280 2398 3613 2471 διατήρησον
3639 2404 3694 2457 ἐν

2108 2485 2323 2558 εἰρήνῃ,
2354 2488 2479 2551 τούς
2506 2489 2773 2558 ἄρχοντας
2804 2488 2862 2541 ἐν
2902 2488 3240 2561 δικαιοσύνῃ,
3273 2492 3406 2556 τοὺς
3442 2493 3613 2564 ἀέρας
3639 2497 3694 2548 ἐν

2106 2578 2394 2651 εὐκρασίᾳ,
2428 2581 2557 2644 τούς
2604 2582 2853 2653 καρποὺς
2886 2582 2945 2634 ἐν
2978 2583 3229 2655 εὐφορίᾳ,
3262 2583 3355 2637 τὸν
3401 2584 3608 2656 κόσμον
3637 2589 3692 2640 ἐν

2105 2670 2369 2725 παναλκεῖ
2389 2670 2498 2741 (72)
2522 2672 2766 2744 προνοίᾳ.
2790 2671 2871 2726 Τά
2888 2672 3013 2745 ἔθνη
3037 2673 3105 2725 τά
3137 2673 3409 2746 πολεμικά
3431 2678 3691 2748 πράύνον·

2102 2761 2173 2815 τὰ
2207 2762 2594 2835 πεπλανημένα
2625 2764 2971 2836 ἐπίστρεψον·
3003 2766 3096 2819 τὸν
3124 2766 3250 2819 λαόν
3300 2784 3397 2821 σου
3449 2770 3691 2837 ἁγίασον·

2101 2857 2227 2919 τοὺς
2244 2859 2300 2909 ἐν
2311 2856 2575 2928 παρθενίᾳ
2585 2856 2927 2930 διατήρησοψ
2948 2858 3074 2922 τούς
3092 2859 3149 2912 ἐν
3171 2860 3335 2931 γάμῳ
3370 2859 3693 2930 διαφύλαξον

2101 2950 2158 3002 ἐν
2177 2950 2375 3003 πίστει’
2405 2950 2531 3013 τούς
2548 2950 2606 3002 ἐν
2625 2950 2815 3022 ἁγνείᾳ
2834 2950 3229 3021 ἐνδυνάμωσον·
3242 2952 3311 3005 τά
3340 2954 3510 3025 νήπια
3532 2954 3695 3026 ἅδρυ-

2099 3056 2207 3095 νονο
2226 3041 2353 3107 τούς
2371 3041 2630 3107 νεοτελεῖς
2659 3041 2974 3113 βεϐαίωσοψ
2998 3043 3126 3106 τούς
3151 3044 3208 3096 ἐν
3246 3048 3546 3117 κατηχήσει
3567 3047 3692 3099 παί-

2098 3135 2317 3199 δευσον,
2354 3136 2449 3190 καὶ
2476 3136 2575 3208 τῆς
2607 3136 2859 3206 μυήσεως
2887 3132 3069 3201 ἀξίους
3095 3134 3392 3200 ἀνάδειξον·
3421 3138 3517 3192 καὶ
3554 3140 3690 3193 πάνυ

2097 3246 2196 3292 τας
2216 3229 2365 3298 ἡμᾶς
2392 3227 2760 3296 ἐπισυναγαγε
2781 3228 2860 3290 είς
2876 3227 2976 3298 τὴν
2995 3227 3102 3281 τῶν
3118 3228 3363 3299 οὐρανῶν
3389 3228 3686 3299 βασιλείαν,

2098 3323 2156 3375 ἐν
2183 3320 2404 3393 Χριστῷ
2436 3320 2609 3392 Ἰησοῦ
2638 3320 2716 3391 τῷ
2749 3320 2939 3391 Κυρίῳ
2962 3320 3139 3390 ἡμῶν·
3174 3321 3292 3391 μεθ’
3324 3316 3389 3375 οῦ
3420 3340 3503 3376 σοι
3536 3323 3683 3391 δόξα,

2095 3415 2229 3486 τιμὴ
2251 3414 2347 3468 καὶ
2375 3412 2557 3477 σέϐας,
2580 3414 2675 3466 καὶ
2700 3412 2780 3483 τῷ
2808 3413 2947 3484 ἀγίῳ
2971 3413 3268 3484 Πνεύματι,
3298 3416 3380 3479 είς
3408 3418 3536 3479 τούς
3551 3416 3683 3469 αίῶο

2097 3525 2211 3572 νας.
2257 3508 2447 3580 Ἀμήν.
2486 3506 2904 3569 Καὶόδιάκονος
2936 3504 3158 3576 λεγέτω·
3182 3507 3271 3577 Τῷ
3306 3506 3429 3578 Θεῷ
3460 3508 3548 3561 διὰ
3585 3509 3683 3562 τοῦ

2096 3600 2332 3674 Χριστοῦ
2376 3600 2537 3654 αὐτοῦ
2566 3600 2813 3663 κλίνατε,
2848 3601 2943 3654 καὶ
2987 3600 3314 3669 εὐλογεῖσοε.
3352 3602 3467 3653 Καὶ
3504 3604 3534 3655 6
3561 3602 3681 3655 ἐπί-

2098 3712 2296 3757 σκοπος
2327 3693 2659 3765 ἐπευχέσθω,
2696 3693 2890 3763 λέγων’
2932 3693 2989 3747 Ὀ
3014 3692 3147 3757 Θεὸς
3171 3693 3281 3764 (75)
3310 3695 3341 3747 6
3375 3696 3682 3767 παντοκρὰ-

2095 3804 2230 3861 τωρ,
2264 3788 2292 3843 6
2322 3786 2573 3858 ἀληθινὸς
2602 3786 2695 3839 καὶ
2723 3784 3075 3858 ἀσύγκριτος,
3109 3786 3137 3839 6
3169 3784 3453 3854 πανταχοῦ
3482 3785 3557 3839 ῶν
3586 3788 3681 3839 καὶ

2094 3884 2207 3945 τοῖς
2236 3881 2368 3933 πᾶσι
2394 3877 2584 3950 παρὼν
2610 3878 2706 3931 καὶ
2729 3879 2788 3931 ὲν
2818 3878 2995 3932 οὐδενὶ
3022 3878 3098 3941 ὡς
3130 3878 3249 3931 ἐνόν
3262 3878 3619 3949 τιύπάρχων,
3652 3882 3681 3933 ὁ

2094 3973 2281 4035 τόποις
2310 3971 2385 4043 μὴ
2418 3970 2913 4043 περιγραφόμενος,
2935 3973 2964 4024 6
2993 3971 3209 4043 χρόνοις
3238 3972 3314 4043 μὴ
3346 3972 3680 4042 παλαιούμε-

2094 4082 2213 4129 νος,
2247 4066 2275 4118 ὁ
2301 4062 2462 4117 αίῶσι
2496 4064 2570 4135 μὴ
2600 4063 3027 4134 περατούμενος,
3057 4064 3085 4116 6
3114 4061 3294 4131 λόγοις
3326 4064 3402 4135 μὴ
3439 4064 3681 4133 παραγό-

2098 4174 2276 4227 μενος,
2309 4157 2339 4210 6
2367 4155 2579 4225 γενέσει
2608 4157 2683 4227 μὴ
2717 4155 3096 4225 ὑποκείμενος,
3120 4156 3149 4207 6
3180 4153 3430 4223 φυλακῆς
3465 4155 3538 4226 μὴ
3564 4155 3679 4207 δεό-

2098 4265 2275 4320 μενος,
2306 4250 2335 4302 6
2383 4248 2587 4320 φθορᾶς
2614 4247 2884 4319 ἀνάγ-τερος
2905 4286 2920 4311 ,
2949 4247 2978 4299 6
3008 4245 3217 4318 τροπῆς
3245 4246 3616 4308 ἀνεπίδεκτος,
3649 4247 3679 4298 6

2094 4341 2251 4411 φύσει
2272 4339 2649 4403 ἀναλλοίωτος,
2674 4342 2702 4393 6
2722 4338 2837 4409 φῶς
2865 4338 3028 4392 οἰκῶν
3047 4337 3362 4409 ἀπρόσιτον,
3384 4337 3413 4389 6
3432 4340 3502 4407 τῇ
3523 4336 3677 4405 φύσει

418 4433 524 4489 bus
552 4435 768 4488 naturis
797 4432 1161 4487 rationalibus
1194 4438 1249 4486 te
1284 4430 1545 4485 benevole
1586 4428 1989 4499 requirentibus

2113 4433 2339 4505 ὶόρατος,
2385 4434 2416 4485 6
2443 4430 2684 4500 γνωστὸς
2714 4431 2915 4493 πάσαις
2955 4433 3075 4494 ταῖς
3115 4430 3231 4501 μετ’
3258 4428 3475 4491 εὐνοίας
3513 4429 3675 4499 ἐκζη-

417 4534 585 4579 notus
630 4540 712 4584 cs.
757 4532 813 4579 et
854 4523 1280 4594 deprehenderis
1317 4523 1386 4578 ab
1415 4522 1483 4578 iis
1524 4522 1619 4591 qui
1663 4522 1716 4575 in
1754 4522 1990 4576 benevo-

417 4616 581 4670 lentia
612 4616 883 4688 vestigant
913 4624 966 4671 te
993 4635 1005 4670 :
1040 4615 1183 4671 Deus
1216 4613 1453 4678 lsraelis,
1485 4628 1612 4667 vere
1642 4613 1899 4676 videntis,
1932 4614 1986 4669 in

418 4704 696 4764 Christum
746 4708 1021 4764 credentis
1068 4707 1255 4777 p0puli
1305 4705 1383 4759 tui
1423 4724 1435 4759 :
1470 4702 1738 4775 propitius
1789 4704 1986 4770 factus,

560 4844 606 4877 ³⁸
637 4846 657 4900 1
686 4843 810 4900 Cor.
836 4861 914 4909 ιι,
945 4842 1035 4898 29.
1115 4844 1156 4875 "
1194 4842 1214 4896 Ι
1245 4842 1386 4899 Tim.
1412 4858 1491 4909 vi,
1519 4844 1611 4898 16.

2092 4525 2309 4588 τούσαις
2351 4541 2411 4577 σε
2443 4524 2687 4591 λογικαῖς
2736 4522 3000 4592 φύσεσιν,
3043 4523 3073 4575 6
3124 4519 3681 4591 καταλαμϐανόμενοι

2094 4616 2199 4670 ὐπὸ
2222 4616 2329 4669 τῶν
2358 4618 2416 4669 ἐν
2456 4615 2639 4686 εὐνοία
2668 4613 3067 4685 ἐπιζητούντων
3095 4628 3175 4666 σε’
3201 4614 3231 4665 6
3268 4611 3408 4675 Θεὸς
3440 4609 3671 4683 Ἰσραὴλ.

2094 4707 2189 4762 τοῦ
2220 4707 2486 4780 ἀληθινῶς
2520 4705 2775 4779 ὁρῶντος,
2796 4706 2891 4761 τοῦ
2918 4709 2995 4771 εἰς
3017 4706 3249 4778 Χριστὸν
3280 4705 3670 4766 πιστεύσαντος

1755 5033 2055 5093 VARIORU
2064 5035 2111 5090 M
2143 5034 2370 5091 ΝΟΤᾸΞ.

488 5218 597 5288 (ῖο)
644 5219 737 5288 Τῷ
759 5216 904 5288 Θεῷ.
957 5213 1431 5288 RectiusAabsnnt
1482 5212 1709 5288 in_cod.
1753 5210 1986 5269 Vindob.

421 5283 591 5345 verba
616 5286 691 5357 τῷ
705 5283 865 5358 ’μόνῳ
882 5287 1160 5357 ἀγεννήτῳ
1182 5284 1321 5358 Θεῷ.
1342 5283 1603 5349 Quamvis
1623 5297 1755 5358 cum
1770 5292 1987 5358 recepta

412 5353 681 5415 Sententia
721 5353 847 5412 non
880 5353 1143 5426 pugnent,
1178 5356 1369 5426 nescio
1406 5354 1683 5426 quomodo
1730 5353 1983 5426 Arianis-

413 5443 564 5483 mum
600 5424 1157 5492 redolent;solebant
1178 5428 1322 5479 enim
1348 5424 1533 5478 Ariani
1569 5424 1881 5493 frequenter
1905 5424 1981 5476 ita

412 5499 585 5566 loqui.
620 5508 680 5551 ut
707 5499 1004 5553 discrimen
1046 5506 1365 5551 naturarum
1414 5494 1468 5548 in
1503 5496 1756 5564 personis
1782 5493 1982 5548 divinis

412 5570 724 5624 immerent.
753 5568 921 5622 CLI-2n.
1517 5606 1529 5617 .

486 5638 595 5709 (71)
631 5639 944 5709 Λείποντα.
1012 5636 1147 5692 Cod.
1181 5636 1341 5692 Vind.
1395 5652 1504 5691 non
1549 5642 1761 5690 mutato
1810 5649 1973 5689 sensu

410 5708 479 5762 τὰ
508 5707 820 5778 λειπόμενα.
844 5707 1010 5778 Cum.

489 5780 598 5840 (Η)
636 5774 951 5833 Παναλκεῖ.
989 5776 1080 5829 Est
1110 5777 1162 5830 in
1192 5778 1309 5831 cozl.
1348 5774 1504 5831 Vind.
1540 5777 1829 5845 παναρκεί,
1862 5792 1973 5830 ωηο

2092 5214 2244 5287 nibus
2290 5211 2595 5282 su/ﬁciente.
2627 5212 2770 5287 Nihil
2814 5214 3075 5287 interest,
3126 5222 3310 5271 utrum
3342 5232 3660 5287 sequamur.

2094 5282 2392 5357 Utramque
2415 5300 2604 5357 vocem
2636 5285 2796 5357 habet
2840 5285 3059 5346 Suidas.
3101 5294 3158 5341 et
3199 5282 3561 5357 posteriorem
3597 5287 3664 5342 de

2089 5356 2205 5427 sole
2232 5355 2366 5427 dici_
2386 5356 2641 5427 observat
2663 5393 2700 5427 ,_
2723 5354 3219 5427 i_ntcrpretaturqué
3262 5356 3419 5427 ἡλίου
3464 5374 3663 5427 παναρέ

2088 5425 2210 5496 κέος
2230 5463 2244 5485 ,
2275 5423 2369 5477 τοῦ
2401 5424 2646 5496 πανταχῆ
2686 5423 3005 5496 λάμποντος.
3060 5423 3226 5481 Recte
3257 5423 3484 5495 quidem
3504 5467 3519 5489 ,
3567 5423 3658 5481 sed

2085 5494 2266 5568 aptius
2288 5495 2396 5547 vim
2423 5495 2573 5568 vocis
2594 5494 2955 5568 expressisset
2983 5496 3130 5568 πάσῃ
3158 5499 3223 5567 τῇ
3248 5494 3319 5567 γῇ
3341 5496 3658 5568 ἀρκοῦντος,

2088 5563 2184 5617 toti
2214 5573 2368 5617 terra:
2396 5565 2719 5634 sti/ficientis.
2756 5563 2835 5619 lo.

2154 5635 2265 5707 (A75)
2303 5636 2370 5707 _‘0
2404 5635 2566 5707 Θεός.
2591 5633 2813 5707 _ln_cod.
2847 5633 3010 5689 Vind.
3038 5635 3229 5707 incipit
3254 5636 3384 5690 hinc
3415 5652 3536 5707 cap.
3567 5634 3656 5697 ιο,

2084 5705 2267 5779 addita
2303 5704 2830 5779 hacinscriptjone:
2882 5704 3198 5779 Ἐπίκλησις
3243 5704 3656 5776 κεφαλοκλισίαί

2084 5774 2287 5827 πιστῶν
2312 5772 2627 5840 ἀπολυτική.
2659 5774 2731 5830 In.
