  <div class='ocr_page' id='page_1' title='image "/cluster/home/n/w/nwhite01/storage/ocr_20150623/1 (St. Clemens; pt. 1)/nyp.33433019854052/567.png"; bbox 0 0 3812 6354; ppageno 0'>
   <div class='ocr_carea' id='block_1_1' title="bbox 488 277 629 331">
    <p class='ocr_par' dir='ltr' id='par_1_1' title="bbox 488 277 629 331">
     <span class='ocr_line' id='line_1_1' title="bbox 488 277 629 331; baseline 0.007 -1"><span class='ocrx_word' id='word_1_1' title='bbox 488 277 629 331; x_wconf 78' lang='lat' dir='ltr'><strong>HIS</strong></span> 
     </span>
    </p>
   </div>
   <div class='ocr_carea' id='block_1_2' title="bbox 1387 258 2879 329">
    <p class='ocr_par' dir='ltr' id='par_1_2' title="bbox 1387 258 2879 329">
     <span class='ocr_line' id='line_1_2' title="bbox 1387 258 2879 329; baseline -0.003 -10"><span class='ocrx_word' id='word_1_2' title='bbox 1387 269 1445 325; x_wconf 72' lang='grc' dir='ltr'>ς.</span> <span class='ocrx_word' id='word_1_3' title='bbox 1477 266 1869 329; x_wconf 81' lang='lat' dir='ltr'><strong>CLEMENTIS</strong></span> <span class='ocrx_word' id='word_1_4' title='bbox 1899 266 1919 322; x_wconf 90' lang='lat' dir='ltr'><strong>I</strong></span> <span class='ocrx_word' id='word_1_5' title='bbox 1952 264 2119 322; x_wconf 74' lang='lat' dir='ltr'><strong>BOM.</strong></span> <span class='ocrx_word' id='word_1_6' title='bbox 2154 263 2356 320; x_wconf 79' lang='grc' dir='ltr'>ΡΟΝΤ.</span> <span class='ocrx_word' id='word_1_7' title='bbox 2390 260 2619 319; x_wconf 75' lang='lat' dir='ltr'><strong>OPERA</strong></span> <span class='ocrx_word' id='word_1_8' title='bbox 2656 258 2879 316; x_wconf 76' lang='lat' dir='ltr'><strong>DUBIA.</strong></span> 
     </span>
    </p>
   </div>
   <div class='ocr_carea' id='block_1_3' title="bbox 3592 260 3705 318">
    <p class='ocr_par' dir='ltr' id='par_1_3' title="bbox 3592 260 3705 318">
     <span class='ocr_line' id='line_1_3' title="bbox 3592 260 3705 318; baseline 0.053 -5"><span class='ocrx_word' id='word_1_9' title='bbox 3592 260 3705 318; x_wconf 71' lang='grc'><strong>1116</strong></span> 
     </span>
    </p>
   </div>
   <div class='ocr_carea' id='block_1_4' title="bbox 488 368 2097 458">
    <p class='ocr_par' dir='ltr' id='par_1_4' title="bbox 488 380 2097 458">
     <span class='ocr_line' id='line_1_4' title="bbox 488 380 2097 458; baseline -0.007 -14"><span class='ocrx_word' id='word_1_10' title='bbox 488 391 596 444; x_wconf 83' lang='lat' dir='ltr'><strong>ritu</strong></span> <span class='ocrx_word' id='word_1_11' title='bbox 628 386 817 458; x_wconf 63' lang='lat' dir='ltr'><strong>gratiae</strong></span> <span class='ocrx_word' id='word_1_12' title='bbox 842 390 895 440; x_wconf 89' lang='lat' dir='ltr'><strong>et</strong></span> <span class='ocrx_word' id='word_1_13' title='bbox 925 382 1163 445; x_wconf 84' lang='lat' dir='ltr'><strong>consilii,</strong></span> <span class='ocrx_word' id='word_1_14' title='bbox 1197 387 1257 437; x_wconf 86' lang='lat' dir='ltr'><strong>ut</strong></span> <span class='ocrx_word' id='word_1_15' title='bbox 1298 381 1517 451; x_wconf 75' lang='lat' dir='ltr'><strong>adjuvet</strong></span> <span class='ocrx_word' id='word_1_16' title='bbox 1559 396 1623 435; x_wconf 87' lang='lat' dir='ltr'><strong>ac</strong></span> <span class='ocrx_word' id='word_1_17' title='bbox 1670 380 1939 452; x_wconf 88' lang='lat' dir='ltr'><strong>gubernet</strong></span> <span class='ocrx_word' id='word_1_18' title='bbox 1969 394 2097 448; x_wconf 36' lang='lat' dir='ltr'><strong>pom</strong></span> 
     </span>
    </p>
   </div>
   <div class='ocr_carea' id='block_1_5' title="bbox 2190 368 3707 458">
    <p class='ocr_par' dir='ltr' id='par_1_5' title="bbox 2190 368 3707 447">
     <span class='ocr_line' id='line_1_5' title="bbox 2190 368 3707 447; baseline -0.004 -19"><span class='ocrx_word' id='word_1_19' title='bbox 2190 374 2448 447; x_wconf 61' lang='grc' dir='ltr'>ὤυτέριον</span> <span class='ocrx_word' id='word_1_20' title='bbox 2470 372 2807 435; x_wconf 82' lang='grc' dir='ltr'>ὲπιδοθέντα,</span> <span class='ocrx_word' id='word_1_21' title='bbox 2829 370 2926 424; x_wconf 79' lang='grc' dir='ltr'>καὶ</span> <span class='ocrx_word' id='word_1_22' title='bbox 2950 368 3226 441; x_wconf 70' lang='grc' dir='ltr'>ἔμπλησον</span> <span class='ocrx_word' id='word_1_23' title='bbox 3239 368 3404 423; x_wconf 78' lang='grc' dir='ltr'>αὑτὸν</span> <span class='ocrx_word' id='word_1_24' title='bbox 3426 369 3707 443; x_wconf 75' lang='grc' dir='ltr'>πνεύματος</span> 
     </span>
    </p>
   </div>
   <div class='ocr_carea' id='block_1_6' title="bbox 489 471 2060 552">
    <p class='ocr_par' dir='ltr' id='par_1_6' title="bbox 489 471 2060 552">
     <span class='ocr_line' id='line_1_6' title="bbox 489 471 2060 552; baseline -0.008 -16"><span class='ocrx_word' id='word_1_25' title='bbox 489 482 677 552; x_wconf 74' lang='lat' dir='ltr'><strong>pulum</strong></span> <span class='ocrx_word' id='word_1_26' title='bbox 710 490 863 532; x_wconf 90' lang='lat' dir='ltr'><strong>tuum</strong></span> <span class='ocrx_word' id='word_1_27' title='bbox 903 477 957 529; x_wconf 93' lang='lat' dir='ltr'><strong>in</strong></span> <span class='ocrx_word' id='word_1_28' title='bbox 996 474 1163 529; x_wconf 89' lang='lat' dir='ltr'><strong>corde</strong></span> <span class='ocrx_word' id='word_1_29' title='bbox 1194 474 1399 528; x_wconf 88' lang='lat' dir='ltr'><strong>mundo</strong></span> <span class='ocrx_word' id='word_1_30' title='bbox 1430 492 1442 527; x_wconf 91' lang='lat'><strong>:</strong></span> <span class='ocrx_word' id='word_1_31' title='bbox 1476 471 1934 540; x_wconf 86' lang='lat' dir='ltr'><strong>quemadmodum</strong></span> <span class='ocrx_word' id='word_1_32' title='bbox 1965 487 2060 525; x_wconf 88' lang='lat' dir='ltr'><strong>re-</strong></span> 
     </span>
    </p>
   </div>
   <div class='ocr_carea' id='block_1_7' title="bbox 491 563 2061 644">
    <p class='ocr_par' dir='ltr' id='par_1_7' title="bbox 491 563 2061 644">
     <span class='ocr_line' id='line_1_7' title="bbox 491 563 2061 644; baseline -0.007 -16"><span class='ocrx_word' id='word_1_33' title='bbox 491 572 721 644; x_wconf 76' lang='lat' dir='ltr'><strong>spexisti</strong></span> <span class='ocrx_word' id='word_1_34' title='bbox 749 572 803 624; x_wconf 92' lang='lat' dir='ltr'><strong>in</strong></span> <span class='ocrx_word' id='word_1_35' title='bbox 838 568 1096 639; x_wconf 89' lang='lat' dir='ltr'><strong>populum</strong></span> <span class='ocrx_word' id='word_1_36' title='bbox 1127 567 1361 621; x_wconf 90' lang='lat' dir='ltr'><strong>electum</strong></span> <span class='ocrx_word' id='word_1_37' title='bbox 1409 573 1586 628; x_wconf 88' lang='lat' dir='ltr'><strong>tuum,</strong></span> <span class='ocrx_word' id='word_1_38' title='bbox 1616 572 1671 620; x_wconf 89' lang='lat' dir='ltr'><strong>et</strong></span> <span class='ocrx_word' id='word_1_39' title='bbox 1702 564 1847 620; x_wconf 91' lang='lat' dir='ltr'><strong>sicut</strong></span> <span class='ocrx_word' id='word_1_40' title='bbox 1885 563 2061 634; x_wconf 81' lang='lat' dir='ltr'>Moysi</span> 
     </span>
    </p>
   </div>
   <div class='ocr_carea' id='block_1_8' title="bbox 493 657 2059 737">
    <p class='ocr_par' dir='ltr' id='par_1_8' title="bbox 493 657 2059 737">
     <span class='ocr_line' id='line_1_8' title="bbox 493 657 2059 737; baseline -0.006 -18"><span class='ocrx_word' id='word_1_41' title='bbox 493 664 799 737; x_wconf 74' lang='lat' dir='ltr'><strong>praecepisti</strong></span> <span class='ocrx_word' id='word_1_42' title='bbox 851 662 1052 731; x_wconf 78' lang='lat' dir='ltr'><strong>eligere</strong></span> <span class='ocrx_word' id='word_1_43' title='bbox 1100 660 1370 726; x_wconf 81' lang='lat' dir='ltr'><strong>seniores,</strong></span> <span class='ocrx_word' id='word_1_44' title='bbox 1415 672 1556 729; x_wconf 90' lang='lat' dir='ltr'><strong>quos</strong></span> <span class='ocrx_word' id='word_1_45' title='bbox 1606 657 1900 727; x_wconf 90' lang='lat' dir='ltr'><strong>implevisti</strong></span> <span class='ocrx_word' id='word_1_46' title='bbox 1949 657 2059 727; x_wconf 81' lang='lat' dir='ltr'><strong>spi-</strong></span> 
     </span>
    </p>
   </div>
   <div class='ocr_carea' id='block_1_9' title="bbox 489 748 2063 827">
    <p class='ocr_par' dir='ltr' id='par_1_9' title="bbox 489 748 2063 827">
     <span class='ocr_line' id='line_1_9' title="bbox 489 748 2063 827; baseline -0.004 -17"><span class='ocrx_word' id='word_1_47' title='bbox 489 758 605 827; x_wconf 78' lang='lat' dir='ltr'><strong>ritu</strong></span> <span class='ocrx_word' id='word_1_48' title='bbox 628 756 692 809; x_wconf 71' lang='grc'><strong>³⁸.</strong></span> <span class='ocrx_word' id='word_1_49' title='bbox 727 753 793 806; x_wconf 88' lang='lat' dir='ltr'><strong>Et</strong></span> <span class='ocrx_word' id='word_1_50' title='bbox 822 768 991 815; x_wconf 89' lang='lat' dir='ltr'><strong>nunc,</strong></span> <span class='ocrx_word' id='word_1_51' title='bbox 1026 751 1276 814; x_wconf 89' lang='lat' dir='ltr'><strong>Domine,</strong></span> <span class='ocrx_word' id='word_1_52' title='bbox 1307 757 1530 821; x_wconf 67' lang='lat' dir='ltr'><strong>prmsta,</strong></span> <span class='ocrx_word' id='word_1_53' title='bbox 1563 764 1789 805; x_wconf 87' lang='lat' dir='ltr'><strong>servans</strong></span> <span class='ocrx_word' id='word_1_54' title='bbox 1818 749 1872 803; x_wconf 87' lang='lat' dir='ltr'><strong>in</strong></span> <span class='ocrx_word' id='word_1_55' title='bbox 1905 748 2063 804; x_wconf 90' lang='lat' dir='ltr'><strong>nobis</strong></span> 
     </span>
    </p>
   </div>
   <div class='ocr_carea' id='block_1_10' title="bbox 495 842 2065 918">
    <p class='ocr_par' dir='ltr' id='par_1_10' title="bbox 495 842 2065 918">
     <span class='ocr_line' id='line_1_10' title="bbox 495 842 2065 918; baseline -0.004 -16"><span class='ocrx_word' id='word_1_56' title='bbox 495 848 750 918; x_wconf 74' lang='lat' dir='ltr'><strong>spiritum</strong></span> <span class='ocrx_word' id='word_1_57' title='bbox 802 846 990 915; x_wconf 70' lang='lat' dir='ltr'><strong>gratia:</strong></span> <span class='ocrx_word' id='word_1_58' title='bbox 1028 852 1135 898; x_wconf 70' lang='lat' dir='ltr'><strong>tuae</strong></span> <span class='ocrx_word' id='word_1_59' title='bbox 1182 858 1290 897; x_wconf 92' lang='lat' dir='ltr'><strong>non</strong></span> <span class='ocrx_word' id='word_1_60' title='bbox 1315 842 1659 897; x_wconf 81' lang='lat' dir='ltr'><strong>deﬁcientem</strong></span> <span class='ocrx_word' id='word_1_61' title='bbox 1696 848 1797 896; x_wconf 88' lang='lat' dir='ltr'><strong>:ut</strong></span> <span class='ocrx_word' id='word_1_62' title='bbox 1825 842 2065 911; x_wconf 89' lang='lat' dir='ltr'><strong>repletus</strong></span> 
     </span>
    </p>
   </div>
   <div class='ocr_carea' id='block_1_11' title="bbox 496 933 2067 1008">
    <p class='ocr_par' dir='ltr' id='par_1_11' title="bbox 496 933 2067 1008">
     <span class='ocr_line' id='line_1_11' title="bbox 496 933 2067 1008; baseline -0.006 -14"><span class='ocrx_word' id='word_1_63' title='bbox 496 937 907 1008; x_wconf 76' lang='lat' dir='ltr'><strong>operationibus</strong></span> <span class='ocrx_word' id='word_1_64' title='bbox 939 936 1043 990; x_wconf 90' lang='lat' dir='ltr'><strong>vim</strong></span> <span class='ocrx_word' id='word_1_65' title='bbox 1070 935 1299 990; x_wconf 86' lang='lat' dir='ltr'><strong>sanandi</strong></span> <span class='ocrx_word' id='word_1_66' title='bbox 1328 933 1681 997; x_wconf 84' lang='lat' dir='ltr'><strong>habentibus,</strong></span> <span class='ocrx_word' id='word_1_67' title='bbox 1707 948 1772 987; x_wconf 91' lang='lat' dir='ltr'><strong>ac</strong></span> <span class='ocrx_word' id='word_1_68' title='bbox 1812 946 2067 987; x_wconf 82' lang='lat' dir='ltr'><strong>sermone</strong></span> 
     </span>
    </p>
   </div>
   <div class='ocr_carea' id='block_1_12' title="bbox 497 1025 2067 1097">
    <p class='ocr_par' dir='ltr' id='par_1_12' title="bbox 497 1025 2067 1097">
     <span class='ocr_line' id='line_1_12' title="bbox 497 1025 2067 1097; baseline -0.004 -13"><span class='ocrx_word' id='word_1_69' title='bbox 497 1029 565 1084; x_wconf 92' lang='lat' dir='ltr'><strong>ad</strong></span> <span class='ocrx_word' id='word_1_70' title='bbox 594 1028 896 1084; x_wconf 86' lang='lat' dir='ltr'><strong>docendum</strong></span> <span class='ocrx_word' id='word_1_71' title='bbox 927 1036 1074 1097; x_wconf 90' lang='lat' dir='ltr'><strong>apto,</strong></span> <span class='ocrx_word' id='word_1_72' title='bbox 1110 1026 1325 1082; x_wconf 90' lang='lat' dir='ltr'><strong>erudiat</strong></span> <span class='ocrx_word' id='word_1_73' title='bbox 1353 1041 1478 1080; x_wconf 91' lang='lat' dir='ltr'><strong>cum</strong></span> <span class='ocrx_word' id='word_1_74' title='bbox 1522 1025 1943 1080; x_wconf 84' lang='lat' dir='ltr'><strong>mansuetudine</strong></span> <span class='ocrx_word' id='word_1_75' title='bbox 1969 1040 2067 1093; x_wconf 91' lang='lat' dir='ltr'><strong>po-</strong></span> 
     </span>
    </p>
   </div>
   <div class='ocr_carea' id='block_1_13' title="bbox 498 1120 2069 1192">
    <p class='ocr_par' dir='ltr' id='par_1_13' title="bbox 498 1120 2069 1192">
     <span class='ocr_line' id='line_1_13' title="bbox 498 1120 2069 1192; baseline -0.003 -17"><span class='ocrx_word' id='word_1_76' title='bbox 498 1123 684 1192; x_wconf 90' lang='lat' dir='ltr'><strong>pulum</strong></span> <span class='ocrx_word' id='word_1_77' title='bbox 725 1130 910 1187; x_wconf 86' lang='lat' dir='ltr'><strong>tuum;</strong></span> <span class='ocrx_word' id='word_1_78' title='bbox 946 1120 1149 1175; x_wconf 80' lang='lat' dir='ltr'><strong>serviat</strong></span> <span class='ocrx_word' id='word_1_79' title='bbox 1191 1120 1290 1174; x_wconf 90' lang='lat' dir='ltr'><strong>tibi</strong></span> <span class='ocrx_word' id='word_1_80' title='bbox 1342 1120 1580 1183; x_wconf 86' lang='lat' dir='ltr'><strong>sincere,</strong></span> <span class='ocrx_word' id='word_1_81' title='bbox 1623 1126 1803 1172; x_wconf 89' lang='lat' dir='ltr'><strong>mente</strong></span> <span class='ocrx_word' id='word_1_82' title='bbox 1851 1133 1986 1187; x_wconf 89' lang='lat' dir='ltr'><strong>pura</strong></span> <span class='ocrx_word' id='word_1_83' title='bbox 2015 1126 2069 1172; x_wconf 91' lang='lat' dir='ltr'><strong>et</strong></span> 
     </span>
    </p>
   </div>
   <div class='ocr_carea' id='block_1_14' title="bbox 498 1210 2069 1283">
    <p class='ocr_par' dir='ltr' id='par_1_14' title="bbox 498 1210 2069 1283">
     <span class='ocr_line' id='line_1_14' title="bbox 498 1210 2069 1283; baseline -0.001 -16"><span class='ocrx_word' id='word_1_84' title='bbox 498 1215 679 1268; x_wconf 85' lang='lat' dir='ltr'><strong>anima</strong></span> <span class='ocrx_word' id='word_1_85' title='bbox 719 1214 934 1268; x_wconf 87' lang='lat' dir='ltr'><strong>volente</strong></span> <span class='ocrx_word' id='word_1_86' title='bbox 963 1220 1126 1283; x_wconf 88' lang='lat' dir='ltr'><strong>atque</strong></span> <span class='ocrx_word' id='word_1_87' title='bbox 1154 1227 1311 1267; x_wconf 89' lang='lat' dir='ltr'><strong>sacra</strong></span> <span class='ocrx_word' id='word_1_88' title='bbox 1344 1232 1359 1280; x_wconf 88' lang='lat'><strong>;</strong></span> <span class='ocrx_word' id='word_1_89' title='bbox 1389 1228 1508 1282; x_wconf 65' lang='lat' dir='ltr'><strong>quae</strong></span> <span class='ocrx_word' id='word_1_90' title='bbox 1538 1225 1636 1281; x_wconf 91' lang='lat' dir='ltr'><strong>pro</strong></span> <span class='ocrx_word' id='word_1_91' title='bbox 1680 1210 1880 1281; x_wconf 89' lang='lat' dir='ltr'><strong>populo</strong></span> <span class='ocrx_word' id='word_1_92' title='bbox 1923 1210 2069 1265; x_wconf 89' lang='lat' dir='ltr'><strong>cele-</strong></span> 
     </span>
    </p>
   </div>
   <div class='ocr_carea' id='block_1_15' title="bbox 497 1304 2066 1375">
    <p class='ocr_par' dir='ltr' id='par_1_15' title="bbox 497 1304 2066 1375">
     <span class='ocr_line' id='line_1_15' title="bbox 497 1304 2066 1375; baseline -0.003 -15"><span class='ocrx_word' id='word_1_93' title='bbox 497 1306 751 1371; x_wconf 82' lang='lat' dir='ltr'><strong>brantur,</strong></span> <span class='ocrx_word' id='word_1_94' title='bbox 789 1306 1067 1373; x_wconf 86' lang='lat' dir='ltr'><strong>inculpate</strong></span> <span class='ocrx_word' id='word_1_95' title='bbox 1098 1306 1385 1375; x_wconf 82' lang='lat' dir='ltr'><strong>perﬁciat;</strong></span> <span class='ocrx_word' id='word_1_96' title='bbox 1432 1321 1529 1375; x_wconf 88' lang='lat' dir='ltr'><strong>per</strong></span> <span class='ocrx_word' id='word_1_97' title='bbox 1572 1304 1852 1359; x_wconf 86' lang='lat' dir='ltr'><strong>Christum</strong></span> <span class='ocrx_word' id='word_1_98' title='bbox 1875 1311 2066 1367; x_wconf 90' lang='lat' dir='ltr'><strong>tuum,</strong></span> 
     </span>
    </p>
   </div>
   <div class='ocr_carea' id='block_1_16' title="bbox 499 1395 2069 1471">
    <p class='ocr_par' dir='ltr' id='par_1_16' title="bbox 499 1395 2069 1471">
     <span class='ocr_line' id='line_1_16' title="bbox 499 1395 2069 1471; baseline -0.004 -17"><span class='ocrx_word' id='word_1_99' title='bbox 499 1416 623 1454; x_wconf 88' lang='lat' dir='ltr'><strong>cum</strong></span> <span class='ocrx_word' id='word_1_100' title='bbox 650 1415 759 1471; x_wconf 90' lang='lat' dir='ltr'><strong>quo</strong></span> <span class='ocrx_word' id='word_1_101' title='bbox 810 1399 909 1453; x_wconf 89' lang='lat' dir='ltr'><strong>tibi</strong></span> <span class='ocrx_word' id='word_1_102' title='bbox 961 1398 1158 1469; x_wconf 85' lang='lat' dir='ltr'><strong>gloria,</strong></span> <span class='ocrx_word' id='word_1_103' title='bbox 1189 1398 1386 1461; x_wconf 83' lang='lat' dir='ltr'><strong>honor,</strong></span> <span class='ocrx_word' id='word_1_104' title='bbox 1426 1412 1491 1451; x_wconf 88' lang='lat' dir='ltr'><strong>ac</strong></span> <span class='ocrx_word' id='word_1_105' title='bbox 1521 1395 1825 1461; x_wconf 80' lang='lat' dir='ltr'><strong>veneratio,</strong></span> <span class='ocrx_word' id='word_1_106' title='bbox 1857 1401 1913 1449; x_wconf 88' lang='lat' dir='ltr'><strong>et</strong></span> <span class='ocrx_word' id='word_1_107' title='bbox 1941 1407 2069 1448; x_wconf 91' lang='lat' dir='ltr'><strong>san-</strong></span> 
     </span>
    </p>
   </div>
   <div class='ocr_carea' id='block_1_17' title="bbox 500 1488 1435 1561">
    <p class='ocr_par' dir='ltr' id='par_1_17' title="bbox 500 1488 1435 1561">
     <span class='ocr_line' id='line_1_17' title="bbox 500 1488 1435 1561; baseline -0.001 -16"><span class='ocrx_word' id='word_1_108' title='bbox 500 1500 589 1546; x_wconf 91' lang='lat' dir='ltr'><strong>cto</strong></span> <span class='ocrx_word' id='word_1_109' title='bbox 621 1490 872 1561; x_wconf 90' lang='lat' dir='ltr'><strong>Spiritui,</strong></span> <span class='ocrx_word' id='word_1_110' title='bbox 907 1491 964 1545; x_wconf 89' lang='lat' dir='ltr'><strong>in</strong></span> <span class='ocrx_word' id='word_1_111' title='bbox 993 1489 1214 1545; x_wconf 67' lang='lat' dir='ltr'><strong>saecula.</strong></span> <span class='ocrx_word' id='word_1_112' title='bbox 1240 1488 1435 1544; x_wconf 84' lang='lat' dir='ltr'><strong>Amen.</strong></span> 
     </span>
    </p>
   </div>
   <div class='ocr_carea' id='block_1_18' title="bbox 1078 1622 1508 1682">
    <p class='ocr_par' dir='ltr' id='par_1_18' title="bbox 1078 1622 1508 1682">
     <span class='ocr_line' id='line_1_18' title="bbox 1078 1622 1508 1682; baseline -0.007 0"><span class='ocrx_word' id='word_1_113' title='bbox 1078 1623 1309 1682; x_wconf 82' lang='lat' dir='ltr'><strong>CAPUT</strong></span> <span class='ocrx_word' id='word_1_114' title='bbox 1346 1622 1508 1679; x_wconf 81' lang='lat' dir='ltr'><strong>XVII.</strong></span> 
     </span>
    </p>
   </div>
   <div class='ocr_carea' id='block_1_19' title="bbox 587 1712 1997 1783">
    <p class='ocr_par' dir='ltr' id='par_1_19' title="bbox 587 1712 1997 1783">
     <span class='ocr_line' id='line_1_19' title="bbox 587 1712 1997 1783; baseline -0.004 -10"><span class='ocrx_word' id='word_1_115' title='bbox 587 1718 666 1773; x_wconf 86' lang='lat' dir='ltr'><strong>De</strong></span> <span class='ocrx_word' id='word_1_116' title='bbox 689 1718 1019 1773; x_wconf 77' lang='lat' dir='ltr'><strong>ordinatione</strong></span> <span class='ocrx_word' id='word_1_117' title='bbox 1046 1717 1391 1771; x_wconf 84' lang='lat' dir='ltr'><strong>diaconorum</strong></span> <span class='ocrx_word' id='word_1_118' title='bbox 1418 1714 1721 1769; x_wconf 77' lang='lat' dir='ltr'><strong>constitutio</strong></span> <span class='ocrx_word' id='word_1_119' title='bbox 1748 1712 1997 1783; x_wconf 79' lang='lat' dir='ltr'><strong>Philippi.</strong></span> 
     </span>
    </p>
   </div>
   <div class='ocr_carea' id='block_1_20' title="bbox 571 1848 2073 1920">
    <p class='ocr_par' dir='ltr' id='par_1_20' title="bbox 571 1848 2073 1920">
     <span class='ocr_line' id='line_1_20' title="bbox 571 1848 2073 1920; baseline -0.006 -10"><span class='ocrx_word' id='word_1_120' title='bbox 571 1852 649 1910; x_wconf 91' lang='lat' dir='ltr'><strong>De</strong></span> <span class='ocrx_word' id='word_1_121' title='bbox 677 1854 1027 1909; x_wconf 81' lang='lat' dir='ltr'><strong>ordinatione</strong></span> <span class='ocrx_word' id='word_1_122' title='bbox 1054 1869 1184 1909; x_wconf 86' lang='lat' dir='ltr'><strong>vero</strong></span> <span class='ocrx_word' id='word_1_123' title='bbox 1240 1852 1620 1913; x_wconf 87' lang='lat' dir='ltr'><strong>diaconornm,</strong></span> <span class='ocrx_word' id='word_1_124' title='bbox 1647 1864 1747 1920; x_wconf 87' lang='lat' dir='ltr'><strong>ego</strong></span> <span class='ocrx_word' id='word_1_125' title='bbox 1787 1848 2073 1918; x_wconf 85' lang='lat' dir='ltr'><strong>Philippus</strong></span> 
     </span>
    </p>
   </div>
   <div class='ocr_carea' id='block_1_21' title="bbox 503 1941 2077 2011">
    <p class='ocr_par' dir='ltr' id='par_1_21' title="bbox 503 1941 2077 2011">
     <span class='ocr_line' id='line_1_21' title="bbox 503 1941 2077 2011; baseline -0.006 -7"><span class='ocrx_word' id='word_1_126' title='bbox 503 1950 800 2005; x_wconf 88' lang='lat' dir='ltr'><strong>constituo.</strong></span> <span class='ocrx_word' id='word_1_127' title='bbox 838 1947 1140 2001; x_wconf 89' lang='lat' dir='ltr'><strong>Diaconum</strong></span> <span class='ocrx_word' id='word_1_128' title='bbox 1190 1944 1412 2008; x_wconf 84' lang='lat' dir='ltr'><strong>eﬂicies,</strong></span> <span class='ocrx_word' id='word_1_129' title='bbox 1473 1943 1750 2011; x_wconf 89' lang='lat' dir='ltr'><strong>episcope,</strong></span> <span class='ocrx_word' id='word_1_130' title='bbox 1788 1941 2077 2010; x_wconf 81' lang='lat' dir='ltr'><strong>imponens</strong></span> 
     </span>
    </p>
   </div>
   <div class='ocr_carea' id='block_1_22' title="bbox 502 2032 2078 2105">
    <p class='ocr_par' dir='ltr' id='par_1_22' title="bbox 502 2032 2078 2105">
     <span class='ocr_line' id='line_1_22' title="bbox 502 2032 2078 2105; baseline -0.006 -9"><span class='ocrx_word' id='word_1_131' title='bbox 502 2042 555 2096; x_wconf 89' lang='lat' dir='ltr'><strong>ei</strong></span> <span class='ocrx_word' id='word_1_132' title='bbox 608 2056 825 2103; x_wconf 89' lang='lat' dir='ltr'><strong>manus,</strong></span> <span class='ocrx_word' id='word_1_133' title='bbox 876 2046 1090 2093; x_wconf 85' lang='lat' dir='ltr'><strong>astante</strong></span> <span class='ocrx_word' id='word_1_134' title='bbox 1152 2037 1250 2091; x_wconf 88' lang='lat' dir='ltr'><strong>tibi</strong></span> <span class='ocrx_word' id='word_1_135' title='bbox 1305 2044 1503 2091; x_wconf 88' lang='lat' dir='ltr'><strong>cuncto</strong></span> <span class='ocrx_word' id='word_1_136' title='bbox 1550 2032 1891 2105; x_wconf 87' lang='lat' dir='ltr'><strong>presbyterio</strong></span> <span class='ocrx_word' id='word_1_137' title='bbox 1950 2045 2078 2087; x_wconf 90' lang='lat' dir='ltr'><strong>cum</strong></span> 
     </span>
    </p>
   </div>
   <div class='ocr_carea' id='block_1_23' title="bbox 505 2130 1299 2201">
    <p class='ocr_par' dir='ltr' id='par_1_23' title="bbox 505 2130 1299 2201">
     <span class='ocr_line' id='line_1_23' title="bbox 505 2130 1299 2201; baseline -0.006 -13"><span class='ocrx_word' id='word_1_138' title='bbox 505 2133 792 2201; x_wconf 88' lang='lat' dir='ltr'><strong>diaconis;</strong></span> <span class='ocrx_word' id='word_1_139' title='bbox 816 2141 871 2187; x_wconf 92' lang='lat' dir='ltr'><strong>et</strong></span> <span class='ocrx_word' id='word_1_140' title='bbox 898 2146 1085 2195; x_wconf 88' lang='lat' dir='ltr'><strong>orans,</strong></span> <span class='ocrx_word' id='word_1_141' title='bbox 1115 2130 1299 2185; x_wconf 90' lang='lat' dir='ltr'><strong>dices:</strong></span> 
     </span>
    </p>
   </div>
   <div class='ocr_carea' id='block_1_24' title="bbox 2162 460 3713 542">
    <p class='ocr_par' dir='ltr' id='par_1_24' title="bbox 2162 460 3713 542">
     <span class='ocr_line' id='line_1_24' title="bbox 2162 460 3713 542; baseline -0.006 -20"><span class='ocrx_word' id='word_1_142' title='bbox 2162 470 2382 542; x_wconf 86' lang='grc' dir='ltr'>χάριτος</span> <span class='ocrx_word' id='word_1_143' title='bbox 2426 468 2520 521; x_wconf 75' lang='grc' dir='ltr'>καὶ</span> <span class='ocrx_word' id='word_1_144' title='bbox 2567 463 2915 535; x_wconf 84' lang='grc' dir='ltr'>συμϐουλίας,</span> <span class='ocrx_word' id='word_1_145' title='bbox 2948 461 3043 516; x_wconf 78' lang='grc' dir='ltr'><strong>τοῦ</strong></span> <span class='ocrx_word' id='word_1_146' title='bbox 3094 460 3587 533; x_wconf 83' lang='grc' dir='ltr'>ἀντιλαμϐάνεσθαι</span> <span class='ocrx_word' id='word_1_147' title='bbox 3628 469 3713 519; x_wconf 73' lang='grc' dir='ltr'>καὶ</span> 
     </span>
    </p>
   </div>
   <div class='ocr_carea' id='block_1_25' title="bbox 2162 553 3713 634">
    <p class='ocr_par' dir='ltr' id='par_1_25' title="bbox 2162 553 3713 634">
     <span class='ocr_line' id='line_1_25' title="bbox 2162 553 3713 634; baseline -0.007 -17"><span class='ocrx_word' id='word_1_148' title='bbox 2162 563 2429 634; x_wconf 79' lang='grc' dir='ltr'>κυϐερνᾷν</span> <span class='ocrx_word' id='word_1_149' title='bbox 2457 560 2549 613; x_wconf 82' lang='grc' dir='ltr'>τὸν</span> <span class='ocrx_word' id='word_1_150' title='bbox 2583 558 2709 611; x_wconf 86' lang='grc' dir='ltr'>λαόν</span> <span class='ocrx_word' id='word_1_151' title='bbox 2736 574 2829 609; x_wconf 87' lang='grc' dir='ltr'><strong>σου</strong></span> <span class='ocrx_word' id='word_1_152' title='bbox 2862 556 2919 608; x_wconf 82' lang='grc' dir='ltr'>ὲν</span> <span class='ocrx_word' id='word_1_153' title='bbox 2951 553 3169 626; x_wconf 77' lang='grc' dir='ltr'><strong>καθαρᾷ</strong></span> <span class='ocrx_word' id='word_1_154' title='bbox 3192 555 3409 625; x_wconf 78' lang='grc' dir='ltr'>καρδίᾳ’</span> <span class='ocrx_word' id='word_1_155' title='bbox 3443 553 3503 607; x_wconf 83' lang='grc' dir='ltr'>ὃν</span> <span class='ocrx_word' id='word_1_156' title='bbox 3534 556 3713 625; x_wconf 74' lang='grc' dir='ltr'>τρόπον</span> 
     </span>
    </p>
   </div>
   <div class='ocr_carea' id='block_1_26' title="bbox 2164 645 3716 719">
    <p class='ocr_par' dir='ltr' id='par_1_26' title="bbox 2164 645 3716 719">
     <span class='ocr_line' id='line_1_26' title="bbox 2164 645 3716 719; baseline -0.006 -9"><span class='ocrx_word' id='word_1_157' title='bbox 2164 656 2344 718; x_wconf 78' lang='grc' dir='ltr'>ὲπίδες</span> <span class='ocrx_word' id='word_1_158' title='bbox 2366 654 2459 707; x_wconf 71' lang='grc' dir='ltr'><strong>ἐπὶ</strong></span> <span class='ocrx_word' id='word_1_159' title='bbox 2485 651 2611 705; x_wconf 76' lang='grc' dir='ltr'>λαὸν</span> <span class='ocrx_word' id='word_1_160' title='bbox 2632 648 2863 719; x_wconf 77' lang='grc' dir='ltr'><strong>ἐκλογῆς</strong></span> <span class='ocrx_word' id='word_1_161' title='bbox 2885 664 3003 712; x_wconf 91' lang='grc' dir='ltr'>σου,</span> <span class='ocrx_word' id='word_1_162' title='bbox 3027 648 3121 699; x_wconf 78' lang='grc' dir='ltr'>καὶ</span> <span class='ocrx_word' id='word_1_163' title='bbox 3154 645 3497 716; x_wconf 80' lang='grc' dir='ltr'><strong>προσέταξας</strong></span> <span class='ocrx_word' id='word_1_164' title='bbox 3515 648 3716 702; x_wconf 60' lang='lat' dir='ltr'><strong>Musas!</strong></span> 
     </span>
    </p>
   </div>
   <div class='ocr_carea' id='block_1_27' title="bbox 2164 736 3720 819">
    <p class='ocr_par' dir='ltr' id='par_1_27' title="bbox 2164 736 3720 819">
     <span class='ocr_line' id='line_1_27' title="bbox 2164 736 3720 819; baseline -0.005 -17"><span class='ocrx_word' id='word_1_165' title='bbox 2164 747 2434 819; x_wconf 85' lang='grc' dir='ltr'>αἱρεῖσθαι</span> <span class='ocrx_word' id='word_1_166' title='bbox 2456 742 2878 816; x_wconf 89' lang='grc' dir='ltr'>πρεσϐυτέρους,</span> <span class='ocrx_word' id='word_1_167' title='bbox 2908 738 3003 803; x_wconf 74' lang='grc' dir='ltr'>οὓς</span> <span class='ocrx_word' id='word_1_168' title='bbox 3022 739 3263 808; x_wconf 77' lang='grc' dir='ltr'>ἐπλησας</span> <span class='ocrx_word' id='word_1_169' title='bbox 3285 736 3599 807; x_wconf 77' lang='grc' dir='ltr'>πνεύματος.</span> <span class='ocrx_word' id='word_1_170' title='bbox 3619 742 3720 795; x_wconf 73' lang='grc' dir='ltr'><strong>Καὶ</strong></span> 
     </span>
    </p>
   </div>
   <div class='ocr_carea' id='block_1_28' title="bbox 2164 829 3719 911">
    <p class='ocr_par' dir='ltr' id='par_1_28' title="bbox 2164 829 3719 911">
     <span class='ocr_line' id='line_1_28' title="bbox 2164 829 3719 911; baseline -0.006 -17"><span class='ocrx_word' id='word_1_171' title='bbox 2164 840 2281 903; x_wconf 80' lang='grc' dir='ltr'>νῦν,</span> <span class='ocrx_word' id='word_1_172' title='bbox 2314 838 2506 911; x_wconf 81' lang='grc' dir='ltr'>Κύριε,</span> <span class='ocrx_word' id='word_1_173' title='bbox 2554 834 2869 906; x_wconf 79' lang='grc' dir='ltr'>παράσχου,</span> <span class='ocrx_word' id='word_1_174' title='bbox 2903 830 3189 894; x_wconf 82' lang='grc' dir='ltr'><strong>ἀνελλιπὲς</strong></span> <span class='ocrx_word' id='word_1_175' title='bbox 3222 829 3407 901; x_wconf 80' lang='grc' dir='ltr'>τηρῶν</span> <span class='ocrx_word' id='word_1_176' title='bbox 3436 831 3493 882; x_wconf 79' lang='grc' dir='ltr'>ὲν</span> <span class='ocrx_word' id='word_1_177' title='bbox 3519 832 3638 900; x_wconf 71' lang='grc' dir='ltr'>ἡμῖν</span> <span class='ocrx_word' id='word_1_178' title='bbox 3666 834 3719 886; x_wconf 76' lang='grc' dir='ltr'>τὸ</span> 
     </span>
    </p>
   </div>
   <div class='ocr_carea' id='block_1_29' title="bbox 2166 921 3720 1001">
    <p class='ocr_par' dir='ltr' id='par_1_29' title="bbox 2166 921 3720 1001">
     <span class='ocr_line' id='line_1_29' title="bbox 2166 921 3720 1001; baseline -0.01 -16"><span class='ocrx_word' id='word_1_179' title='bbox 2166 931 2382 1001; x_wconf 79' lang='grc' dir='ltr'>πνεῦμα</span> <span class='ocrx_word' id='word_1_180' title='bbox 2412 929 2511 999; x_wconf 82' lang='grc' dir='ltr'>τῆς</span> <span class='ocrx_word' id='word_1_181' title='bbox 2550 926 2772 999; x_wconf 88' lang='grc' dir='ltr'>χάριτός</span> <span class='ocrx_word' id='word_1_182' title='bbox 2808 940 2922 978; x_wconf 88' lang='grc' dir='ltr'>σου·</span> <span class='ocrx_word' id='word_1_183' title='bbox 2968 924 3114 987; x_wconf 56' lang='lat' dir='ltr'><strong><em>om»;</em></strong></span> <span class='ocrx_word' id='word_1_184' title='bbox 3148 921 3405 992; x_wconf 78' lang='grc' dir='ltr'><strong>πλησθεὶς</strong></span> <span class='ocrx_word' id='word_1_185' title='bbox 3434 922 3720 993; x_wconf 67' lang='grc' dir='ltr'>ὲνεργημά.</span> 
     </span>
    </p>
   </div>
   <div class='ocr_carea' id='block_1_30' title="bbox 2164 1013 3725 1086">
    <p class='ocr_par' dir='ltr' id='par_1_30' title="bbox 2164 1013 3725 1086">
     <span class='ocr_line' id='line_1_30' title="bbox 2164 1013 3725 1086; baseline -0.006 -10"><span class='ocrx_word' id='word_1_186' title='bbox 2164 1041 2273 1076; x_wconf 91' lang='grc' dir='ltr'><strong>των</strong></span> <span class='ocrx_word' id='word_1_187' title='bbox 2296 1020 2537 1083; x_wconf 83' lang='grc' dir='ltr'>ίατικῶν,</span> <span class='ocrx_word' id='word_1_188' title='bbox 2572 1019 2665 1073; x_wconf 73' lang='grc' dir='ltr'>καὶ</span> <span class='ocrx_word' id='word_1_189' title='bbox 2691 1017 2851 1086; x_wconf 84' lang='grc' dir='ltr'>λόγου</span> <span class='ocrx_word' id='word_1_190' title='bbox 2870 1013 3201 1079; x_wconf 82' lang='grc' dir='ltr'>διδακτικοῦ,</span> <span class='ocrx_word' id='word_1_191' title='bbox 3225 1014 3284 1066; x_wconf 77' lang='grc' dir='ltr'>ἐν</span> <span class='ocrx_word' id='word_1_192' title='bbox 3318 1013 3579 1084; x_wconf 76' lang='grc' dir='ltr'>πραότητι</span> <span class='ocrx_word' id='word_1_193' title='bbox 3609 1031 3725 1067; x_wconf 85' lang='grc' dir='ltr'>παι-</span> 
     </span>
    </p>
   </div>
   <div class='ocr_carea' id='block_1_31' title="bbox 2166 1104 3728 1185">
    <p class='ocr_par' dir='ltr' id='par_1_31' title="bbox 2166 1104 3728 1185">
     <span class='ocr_line' id='line_1_31' title="bbox 2166 1104 3728 1185; baseline -0.006 -18"><span class='ocrx_word' id='word_1_194' title='bbox 2166 1114 2295 1185; x_wconf 79' lang='grc' dir='ltr'><strong>δεύῃ</strong></span> <span class='ocrx_word' id='word_1_195' title='bbox 2331 1122 2423 1166; x_wconf 88' lang='grc' dir='ltr'><strong>σου</strong></span> <span class='ocrx_word' id='word_1_196' title='bbox 2467 1112 2557 1165; x_wconf 75' lang='grc' dir='ltr'>τὸν</span> <span class='ocrx_word' id='word_1_197' title='bbox 2602 1109 2761 1173; x_wconf 81' lang='grc' dir='ltr'>λαὸν,</span> <span class='ocrx_word' id='word_1_198' title='bbox 2795 1109 2892 1162; x_wconf 68' lang='grc' dir='ltr'><strong>καὶ</strong></span> <span class='ocrx_word' id='word_1_199' title='bbox 2934 1105 3160 1177; x_wconf 82' lang='grc' dir='ltr'>δουλεύῃ</span> <span class='ocrx_word' id='word_1_200' title='bbox 3198 1122 3284 1158; x_wconf 91' lang='grc' dir='ltr'><strong>σοι</strong></span> <span class='ocrx_word' id='word_1_201' title='bbox 3330 1104 3630 1177; x_wconf 82' lang='grc' dir='ltr'>εἰλικρινῶς</span> <span class='ocrx_word' id='word_1_202' title='bbox 3675 1108 3728 1158; x_wconf 77' lang='grc' dir='ltr'>ὲν</span> 
     </span>
    </p>
   </div>
   <div class='ocr_carea' id='block_1_32' title="bbox 2171 1196 3726 1277">
    <p class='ocr_par' dir='ltr' id='par_1_32' title="bbox 2171 1196 3726 1277">
     <span class='ocr_line' id='line_1_32' title="bbox 2171 1196 3726 1277; baseline -0.006 -17"><span class='ocrx_word' id='word_1_203' title='bbox 2171 1206 2389 1277; x_wconf 84' lang='grc' dir='ltr'>καθαρᾷ</span> <span class='ocrx_word' id='word_1_204' title='bbox 2414 1202 2621 1274; x_wconf 79' lang='grc' dir='ltr'>διανοίᾳ</span> <span class='ocrx_word' id='word_1_205' title='bbox 2657 1204 2749 1256; x_wconf 72' lang='grc' dir='ltr'><strong>καὶ</strong></span> <span class='ocrx_word' id='word_1_206' title='bbox 2784 1201 2929 1272; x_wconf 75' lang='grc' dir='ltr'>ψυχῇ</span> <span class='ocrx_word' id='word_1_207' title='bbox 2953 1198 3201 1270; x_wconf 76' lang='grc' dir='ltr'>θελούσῃ,</span> <span class='ocrx_word' id='word_1_208' title='bbox 3226 1198 3322 1251; x_wconf 82' lang='grc' dir='ltr'><strong>καί</strong></span> <span class='ocrx_word' id='word_1_209' title='bbox 3348 1196 3449 1260; x_wconf 88' lang='grc' dir='ltr'><strong>τάς</strong></span> <span class='ocrx_word' id='word_1_210' title='bbox 3480 1198 3616 1268; x_wconf 82' lang='grc' dir='ltr'>ὑπὲρ</span> <span class='ocrx_word' id='word_1_211' title='bbox 3640 1197 3726 1251; x_wconf 73' lang='grc' dir='ltr'>τοῦ</span> 
     </span>
    </p>
   </div>
   <div class='ocr_carea' id='block_1_33' title="bbox 2167 1286 3727 1368">
    <p class='ocr_par' dir='ltr' id='par_1_33' title="bbox 2167 1286 3727 1368">
     <span class='ocr_line' id='line_1_33' title="bbox 2167 1286 3727 1368; baseline -0.007 -18"><span class='ocrx_word' id='word_1_212' title='bbox 2167 1297 2297 1350; x_wconf 81' lang='grc' dir='ltr'>λαοῦ</span> <span class='ocrx_word' id='word_1_213' title='bbox 2332 1295 2635 1368; x_wconf 78' lang='grc' dir='ltr'>ἱερουργίας</span> <span class='ocrx_word' id='word_1_214' title='bbox 2670 1292 2935 1365; x_wconf 81' lang='grc' dir='ltr'><strong>ἀμώμους</strong></span> <span class='ocrx_word' id='word_1_215' title='bbox 2974 1290 3189 1361; x_wconf 79' lang='grc' dir='ltr'>ὲκτελῇ,</span> <span class='ocrx_word' id='word_1_216' title='bbox 3246 1288 3337 1342; x_wconf 85' lang='grc' dir='ltr'>διά</span> <span class='ocrx_word' id='word_1_217' title='bbox 3382 1286 3479 1340; x_wconf 78' lang='grc' dir='ltr'><strong>τσῦ</strong></span> <span class='ocrx_word' id='word_1_218' title='bbox 3509 1288 3727 1359; x_wconf 79' lang='grc' dir='ltr'>Χριστοό</span> 
     </span>
    </p>
   </div>
   <div class='ocr_carea' id='block_1_34' title="bbox 2171 1379 3727 1458">
    <p class='ocr_par' dir='ltr' id='par_1_34' title="bbox 2171 1379 3727 1458">
     <span class='ocr_line' id='line_1_34' title="bbox 2171 1379 3727 1458; baseline -0.006 -17"><span class='ocrx_word' id='word_1_219' title='bbox 2171 1405 2284 1442; x_wconf 79' lang='grc' dir='ltr'>σου’</span> <span class='ocrx_word' id='word_1_220' title='bbox 2324 1387 2438 1458; x_wconf 80' lang='grc' dir='ltr'>μεθ’</span> <span class='ocrx_word' id='word_1_221' title='bbox 2468 1380 2530 1439; x_wconf 71' lang='grc' dir='ltr'>οὗ</span> <span class='ocrx_word' id='word_1_222' title='bbox 2559 1402 2642 1439; x_wconf 88' lang='grc' dir='ltr'><strong>σοι</strong></span> <span class='ocrx_word' id='word_1_223' title='bbox 2672 1386 2819 1451; x_wconf 77' lang='grc' dir='ltr'>δόξα,</span> <span class='ocrx_word' id='word_1_224' title='bbox 2854 1383 2989 1455; x_wconf 79' lang='grc' dir='ltr'>τιμὴ</span> <span class='ocrx_word' id='word_1_225' title='bbox 3020 1383 3116 1436; x_wconf 74' lang='grc' dir='ltr'>καὶ</span> <span class='ocrx_word' id='word_1_226' title='bbox 3161 1381 3343 1446; x_wconf 86' lang='grc' dir='ltr'>σέϐας,</span> <span class='ocrx_word' id='word_1_227' title='bbox 3372 1380 3470 1435; x_wconf 84' lang='grc' dir='ltr'><strong>καί</strong></span> <span class='ocrx_word' id='word_1_228' title='bbox 3499 1379 3575 1451; x_wconf 78' lang='grc' dir='ltr'>τῷ</span> <span class='ocrx_word' id='word_1_229' title='bbox 3602 1380 3727 1451; x_wconf 75' lang='grc' dir='ltr'>ἁγίῳ</span> 
     </span>
    </p>
   </div>
   <div class='ocr_carea' id='block_1_35' title="bbox 2170 1475 3218 1551">
    <p class='ocr_par' dir='ltr' id='par_1_35' title="bbox 2170 1475 3218 1551">
     <span class='ocr_line' id='line_1_35' title="bbox 2170 1475 3218 1551; baseline -0.005 -18"><span class='ocrx_word' id='word_1_230' title='bbox 2170 1478 2466 1551; x_wconf 85' lang='grc' dir='ltr'>Πνεύματι,</span> <span class='ocrx_word' id='word_1_231' title='bbox 2494 1479 2575 1541; x_wconf 85' lang='grc' dir='ltr'><strong>είς</strong></span> <span class='ocrx_word' id='word_1_232' title='bbox 2598 1478 2727 1541; x_wconf 79' lang='grc' dir='ltr'>τοὺς</span> <span class='ocrx_word' id='word_1_233' title='bbox 2761 1475 2981 1540; x_wconf 82' lang='grc' dir='ltr'>αἰῶνας.</span> <span class='ocrx_word' id='word_1_234' title='bbox 3021 1475 3218 1545; x_wconf 85' lang='grc' dir='ltr'>Ἀμήν.</span> 
     </span>
    </p>
   </div>
   <div class='ocr_carea' id='block_1_36' title="bbox 2695 1566 3204 1623">
    <p class='ocr_par' dir='ltr' id='par_1_36' title="bbox 2695 1566 3204 1623">
     <span class='ocr_line' id='line_1_36' title="bbox 2695 1566 3204 1623; baseline -0.006 0"><span class='ocrx_word' id='word_1_235' title='bbox 2695 1568 3090 1623; x_wconf 77' lang='grc' dir='ltr'><strong>ΚΕΦΔΛΑΙΟΝ</strong></span> <span class='ocrx_word' id='word_1_236' title='bbox 3131 1566 3204 1621; x_wconf 91' lang='lat' dir='ltr'><strong>IZ&#39;</strong></span> 
     </span>
    </p>
   </div>
   <div class='ocr_carea' id='block_1_37' title="bbox 2171 1656 3729 1801">
    <p class='ocr_par' dir='ltr' id='par_1_37' title="bbox 2171 1656 3729 1801">
     <span class='ocr_line' id='line_1_37' title="bbox 2171 1656 3729 1801; baseline -0.004 -83"><span class='ocrx_word' id='word_1_237' title='bbox 2171 1662 2312 1733; x_wconf 79' lang='grc' dir='ltr'>Περι</span> <span class='ocrx_word' id='word_1_238' title='bbox 2359 1662 2727 1733; x_wconf 82' lang='grc' dir='ltr'>χειροτονίας</span> <span class='ocrx_word' id='word_1_239' title='bbox 2764 1661 3102 1801; x_wconf 54' lang='grc' dir='ltr'><strong>διῖἓόνιῖἔὸ)</strong></span> <span class='ocrx_word' id='word_1_240' title='bbox 3138 1659 3244 1715; x_wconf 85' lang='grc' dir='ltr'>τοῦ</span> <span class='ocrx_word' id='word_1_241' title='bbox 3295 1659 3594 1714; x_wconf 71' lang='grc' dir='ltr'>Φιλίππου</span> <span class='ocrx_word' id='word_1_242' title='bbox 3617 1656 3729 1711; x_wconf 72' lang='grc' dir='ltr'>διό-</span> 
     </span>
     <span class='ocr_line' id='line_1_38' title="bbox 2796 1748 3125 1797; baseline 0.003 -13"><span class='ocrx_word' id='word_1_243' title='bbox 2796 1749 2829 1785; x_wconf 85' lang='grc' dir='ltr'><strong>τ</strong></span> <span class='ocrx_word' id='word_1_244' title='bbox 2912 1748 2965 1797; x_wconf 85' lang='grc' dir='ltr'><strong>ις</strong></span> <span class='ocrx_word' id='word_1_245' title='bbox 3111 1771 3125 1785; x_wconf 95' lang='grc'><strong>.</strong></span> 
     </span>
    </p>
   </div>
   <div class='ocr_carea' id='block_1_38' title="bbox 2796 1748 3125 1785">
    <p class='ocr_par' dir='ltr' id='par_1_38' title="bbox 2796 1748 3125 1785">
     <span class='ocr_line' id='line_1_39' title="bbox 2796 1748 3125 1785; baseline 0 0"><span class='ocrx_word' id='word_1_246' title='bbox 2796 1748 2965 1785; x_wconf 67' lang='grc' dir='ltr'>ταειρ</span> <span class='ocrx_word' id='word_1_247' title='bbox 2993 1748 3125 1785; x_wconf 72' lang='grc' dir='ltr'><strong>(δυ).</strong></span> 
     </span>
    </p>
   </div>
   <div class='ocr_carea' id='block_1_39' title="bbox 2248 1751 3734 1898">
    <p class='ocr_par' dir='ltr' id='par_1_39' title="bbox 2248 1751 3734 1898">
     <span class='ocr_line' id='line_1_40' title="bbox 2796 1751 3125 1801; baseline 0 -16"><span class='ocrx_word' id='word_1_248' title='bbox 2796 1751 2965 1797; x_wconf 62' lang='lat' dir='ltr'><strong>facit;</strong></span> <span class='ocrx_word' id='word_1_249' title='bbox 2993 1751 3125 1801; x_wconf 58' lang='grc' dir='ltr'>(ου).</span> 
     </span>
     <span class='ocr_line' id='line_1_41' title="bbox 2248 1821 3734 1898; baseline -0.004 -18"><span class='ocrx_word' id='word_1_250' title='bbox 2248 1826 2384 1898; x_wconf 73' lang='grc' dir='ltr'>Περὶ</span> <span class='ocrx_word' id='word_1_251' title='bbox 2414 1825 2472 1880; x_wconf 84' lang='grc' dir='ltr'><strong>δὲ</strong></span> <span class='ocrx_word' id='word_1_252' title='bbox 2510 1825 2841 1896; x_wconf 81' lang='grc' dir='ltr'>χειροτονίας</span> <span class='ocrx_word' id='word_1_253' title='bbox 2874 1823 3161 1887; x_wconf 88' lang='grc' dir='ltr'>διακόνων,</span> <span class='ocrx_word' id='word_1_254' title='bbox 3196 1821 3309 1891; x_wconf 77' lang='grc' dir='ltr'><strong>ἐγὼ</strong></span> <span class='ocrx_word' id='word_1_255' title='bbox 3350 1821 3610 1882; x_wconf 80' lang='grc' dir='ltr'>Φίλιππος</span> <span class='ocrx_word' id='word_1_256' title='bbox 3634 1821 3734 1874; x_wconf 79' lang='grc' dir='ltr'>δια-</span> 
     </span>
    </p>
   </div>
   <div class='ocr_carea' id='block_1_40' title="bbox 2176 1909 3733 1989">
    <p class='ocr_par' dir='ltr' id='par_1_40' title="bbox 2176 1909 3733 1989">
     <span class='ocr_line' id='line_1_42' title="bbox 2176 1909 3733 1989; baseline -0.004 -17"><span class='ocrx_word' id='word_1_257' title='bbox 2176 1919 2466 1989; x_wconf 85' lang='grc' dir='ltr'>τάσσομαι.</span> <span class='ocrx_word' id='word_1_258' title='bbox 2516 1918 2771 1971; x_wconf 86' lang='grc' dir='ltr'>Διάκονον</span> <span class='ocrx_word' id='word_1_259' title='bbox 2804 1917 3204 1988; x_wconf 63' lang='grc' dir='ltr'>καταστήσεις,</span> <span class='ocrx_word' id='word_1_260' title='bbox 3239 1909 3283 1968; x_wconf 75' lang='grc' dir='ltr'><strong>ὦ</strong></span> <span class='ocrx_word' id='word_1_261' title='bbox 3315 1916 3598 1976; x_wconf 78' lang='grc' dir='ltr'>ἐπίσκοπε,</span> <span class='ocrx_word' id='word_1_262' title='bbox 3628 1915 3733 1965; x_wconf 75' lang='grc' dir='ltr'>ἐπι-</span> 
     </span>
    </p>
   </div>
   <div class='ocr_carea' id='block_1_41' title="bbox 2179 2004 3735 2089">
    <p class='ocr_par' dir='ltr' id='par_1_41' title="bbox 2179 2004 3735 2089">
     <span class='ocr_line' id='line_1_43' title="bbox 2179 2004 3735 2089; baseline -0.004 -25"><span class='ocrx_word' id='word_1_263' title='bbox 2179 2009 2292 2074; x_wconf 79' lang='grc' dir='ltr'>θεὶς</span> <span class='ocrx_word' id='word_1_264' title='bbox 2333 2009 2484 2080; x_wconf 84' lang='grc' dir='ltr'><strong>αὑτῷ</strong></span> <span class='ocrx_word' id='word_1_265' title='bbox 2524 2008 2623 2073; x_wconf 88' lang='grc' dir='ltr'><strong>τάς</strong></span> <span class='ocrx_word' id='word_1_266' title='bbox 2653 2012 2863 2081; x_wconf 87' lang='grc' dir='ltr'>χεῖρας,</span> <span class='ocrx_word' id='word_1_267' title='bbox 2903 2006 3253 2080; x_wconf 84' lang='grc' dir='ltr'>παρεστῶτός</span> <span class='ocrx_word' id='word_1_268' title='bbox 3296 2023 3381 2059; x_wconf 89' lang='grc' dir='ltr'><strong>σοι</strong></span> <span class='ocrx_word' id='word_1_269' title='bbox 3434 2006 3625 2089; x_wconf 77' lang='grc' dir='ltr'>παντὸς</span> <span class='ocrx_word' id='word_1_270' title='bbox 3654 2004 3735 2058; x_wconf 74' lang='grc' dir='ltr'>τοῦ</span> 
     </span>
    </p>
   </div>
   <div class='ocr_carea' id='block_1_42' title="bbox 2177 2097 3732 2175">
    <p class='ocr_par' dir='ltr' id='par_1_42' title="bbox 2177 2097 3732 2175">
     <span class='ocr_line' id='line_1_44' title="bbox 2177 2097 3732 2175; baseline -0.004 -19"><span class='ocrx_word' id='word_1_271' title='bbox 2177 2102 2570 2175; x_wconf 88' lang='grc' dir='ltr'>πρεσϐυτερίου</span> <span class='ocrx_word' id='word_1_272' title='bbox 2618 2099 2858 2155; x_wconf 77' lang='grc' dir='ltr'>καὶτῶν</span> <span class='ocrx_word' id='word_1_273' title='bbox 2905 2100 3189 2162; x_wconf 87' lang='grc' dir='ltr'>διακόνων,</span> <span class='ocrx_word' id='word_1_274' title='bbox 3238 2099 3333 2152; x_wconf 75' lang='grc' dir='ltr'>καὶ</span> <span class='ocrx_word' id='word_1_275' title='bbox 3386 2097 3732 2168; x_wconf 71' lang='grc' dir='ltr'>ἐπευξάμενος</span> 
     </span>
    </p>
   </div>
   <div class='ocr_carea' id='block_1_43' title="bbox 2060 2195 2345 2277">
    <p class='ocr_par' dir='ltr' id='par_1_43' title="bbox 2060 2195 2345 2277">
     <span class='ocr_line' id='line_1_45' title="bbox 2060 2195 2345 2277; baseline 0.004 -30"><span class='ocrx_word' id='word_1_276' title='bbox 2060 2271 2065 2277; x_wconf 30' lang='grc'><strong><em>.</em></strong></span> <span class='ocrx_word' id='word_1_277' title='bbox 2177 2195 2345 2266; x_wconf 74' lang='grc' dir='ltr'>ἐρεῖς·</span> 
     </span>
    </p>
   </div>
   <div class='ocr_carea' id='block_1_44' title="bbox 1054 2283 1511 2342">
    <p class='ocr_par' dir='ltr' id='par_1_44' title="bbox 1054 2283 1511 2342">
     <span class='ocr_line' id='line_1_46' title="bbox 1054 2283 1511 2342; baseline -0.004 0"><span class='ocrx_word' id='word_1_278' title='bbox 1054 2284 1282 2342; x_wconf 85' lang='lat' dir='ltr'><strong>CAPUT</strong></span> <span class='ocrx_word' id='word_1_279' title='bbox 1322 2283 1511 2340; x_wconf 79' lang='lat' dir='ltr'><strong>XVIII.</strong></span> 
     </span>
    </p>
   </div>
   <div class='ocr_carea' id='block_1_45' title="bbox 837 2376 1748 2453">
    <p class='ocr_par' dir='ltr' id='par_1_45' title="bbox 837 2376 1748 2453">
     <span class='ocr_line' id='line_1_47' title="bbox 837 2376 1748 2453; baseline -0.002 -19"><span class='ocrx_word' id='word_1_280' title='bbox 837 2379 1108 2434; x_wconf 80' lang='lat' dir='ltr'><strong>lnvocatio</strong></span> <span class='ocrx_word' id='word_1_281' title='bbox 1139 2378 1490 2453; x_wconf 79' lang='lat' dir='ltr'><strong>ordinationis</strong></span> <span class='ocrx_word' id='word_1_282' title='bbox 1513 2376 1748 2432; x_wconf 75' lang='lat' dir='ltr'><strong>diaconi.</strong></span> 
     </span>
    </p>
   </div>
   <div class='ocr_carea' id='block_1_46' title="bbox 574 2468 2079 2542">
    <p class='ocr_par' dir='ltr' id='par_1_46' title="bbox 574 2468 2079 2542">
     <span class='ocr_line' id='line_1_48' title="bbox 574 2468 2079 2542; baseline -0.001 -16"><span class='ocrx_word' id='word_1_283' title='bbox 574 2473 720 2529; x_wconf 88' lang='lat' dir='ltr'><strong>Deus</strong></span> <span class='ocrx_word' id='word_1_284' title='bbox 749 2473 1099 2542; x_wconf 91' lang='lat' dir='ltr'><strong>omnipotens</strong></span> <span class='ocrx_word' id='word_1_285' title='bbox 1120 2511 1135 2535; x_wconf 97' lang='lat'><strong>,</strong></span> <span class='ocrx_word' id='word_1_286' title='bbox 1167 2486 1355 2534; x_wconf 85' lang='lat' dir='ltr'><strong>verax,</strong></span> <span class='ocrx_word' id='word_1_287' title='bbox 1389 2478 1444 2527; x_wconf 89' lang='lat' dir='ltr'><strong>et</strong></span> <span class='ocrx_word' id='word_1_288' title='bbox 1470 2486 1647 2540; x_wconf 89' lang='lat' dir='ltr'><strong>neque</strong></span> <span class='ocrx_word' id='word_1_289' title='bbox 1676 2468 1872 2524; x_wconf 79' lang='lat' dir='ltr'><strong>fallens</strong></span> <span class='ocrx_word' id='word_1_290' title='bbox 1898 2482 2079 2537; x_wconf 87' lang='lat' dir='ltr'><strong>neque</strong></span> 
     </span>
    </p>
   </div>
   <div class='ocr_carea' id='block_1_47' title="bbox 509 2562 2075 2635">
    <p class='ocr_par' dir='ltr' id='par_1_47' title="bbox 509 2562 2075 2635">
     <span class='ocr_line' id='line_1_49' title="bbox 509 2562 2075 2635; baseline -0.001 -17"><span class='ocrx_word' id='word_1_291' title='bbox 509 2564 703 2629; x_wconf 78' lang='lat' dir='ltr'><strong>falsus,</strong></span> <span class='ocrx_word' id='word_1_292' title='bbox 738 2563 892 2621; x_wconf 82' lang='lat' dir='ltr'><strong>dives</strong></span> <span class='ocrx_word' id='word_1_293' title='bbox 922 2580 1050 2635; x_wconf 87' lang='lat' dir='ltr'><strong>erga</strong></span> <span class='ocrx_word' id='word_1_294' title='bbox 1082 2579 1272 2619; x_wconf 90' lang='lat' dir='ltr'><strong>omnes</strong></span> <span class='ocrx_word' id='word_1_295' title='bbox 1295 2571 1349 2617; x_wconf 92' lang='lat' dir='ltr'><strong>te</strong></span> <span class='ocrx_word' id='word_1_296' title='bbox 1393 2564 1449 2616; x_wconf 91' lang='lat' dir='ltr'><strong>in</strong></span> <span class='ocrx_word' id='word_1_297' title='bbox 1477 2563 1706 2617; x_wconf 81' lang='lat' dir='ltr'><strong>veritate</strong></span> <span class='ocrx_word' id='word_1_298' title='bbox 1737 2562 2075 2626; x_wconf 86' lang='lat' dir='ltr'><strong>invocantes,</strong></span> 
     </span>
    </p>
   </div>
   <div class='ocr_carea' id='block_1_48' title="bbox 504 2651 2079 2725">
    <p class='ocr_par' dir='ltr' id='par_1_48' title="bbox 504 2651 2079 2725">
     <span class='ocr_line' id='line_1_50' title="bbox 504 2651 2079 2725; baseline -0.003 -14"><span class='ocrx_word' id='word_1_299' title='bbox 504 2657 776 2713; x_wconf 86' lang='lat' dir='ltr'><strong>terribilis</strong></span> <span class='ocrx_word' id='word_1_300' title='bbox 815 2658 870 2712; x_wconf 92' lang='lat' dir='ltr'><strong>in</strong></span> <span class='ocrx_word' id='word_1_301' title='bbox 904 2656 1180 2722; x_wconf 85' lang='lat' dir='ltr'><strong>consiliis;</strong></span> <span class='ocrx_word' id='word_1_302' title='bbox 1238 2654 1460 2725; x_wconf 88' lang='lat' dir='ltr'><strong>sapiens</strong></span> <span class='ocrx_word' id='word_1_303' title='bbox 1501 2653 1857 2725; x_wconf 88' lang='lat' dir='ltr'><strong>cogitatione,</strong></span> <span class='ocrx_word' id='word_1_304' title='bbox 1918 2651 2079 2707; x_wconf 79' lang='lat' dir='ltr'><strong>fortis</strong></span> 
     </span>
    </p>
   </div>
   <div class='ocr_carea' id='block_1_49' title="bbox 506 2743 2080 2819">
    <p class='ocr_par' dir='ltr' id='par_1_49' title="bbox 506 2743 2080 2819">
     <span class='ocr_line' id='line_1_51' title="bbox 506 2743 2080 2819; baseline -0.004 -15"><span class='ocrx_word' id='word_1_305' title='bbox 506 2756 564 2804; x_wconf 88' lang='lat' dir='ltr'><strong>et</strong></span> <span class='ocrx_word' id='word_1_306' title='bbox 584 2764 815 2819; x_wconf 87' lang='lat' dir='ltr'><strong>magnus</strong></span> <span class='ocrx_word' id='word_1_307' title='bbox 845 2768 858 2804; x_wconf 90' lang='lat'>:</span> <span class='ocrx_word' id='word_1_308' title='bbox 887 2748 1083 2804; x_wconf 82' lang='lat' dir='ltr'><strong>exaudi</strong></span> <span class='ocrx_word' id='word_1_309' title='bbox 1114 2747 1419 2802; x_wconf 87' lang='lat' dir='ltr'><strong>orationem</strong></span> <span class='ocrx_word' id='word_1_310' title='bbox 1440 2753 1711 2808; x_wconf 83' lang='lat' dir='ltr'><strong>nostram,</strong></span> <span class='ocrx_word' id='word_1_311' title='bbox 1744 2743 1992 2807; x_wconf 91' lang='lat' dir='ltr'><strong>Domine,</strong></span> <span class='ocrx_word' id='word_1_312' title='bbox 2024 2750 2080 2799; x_wconf 89' lang='lat' dir='ltr'><strong>et</strong></span> 
     </span>
    </p>
   </div>
   <div class='ocr_carea' id='block_1_50' title="bbox 507 2834 2080 2910">
    <p class='ocr_par' dir='ltr' id='par_1_50' title="bbox 507 2834 2080 2910">
     <span class='ocr_line' id='line_1_52' title="bbox 507 2834 2080 2910; baseline -0.002 -17"><span class='ocrx_word' id='word_1_313' title='bbox 507 2841 735 2895; x_wconf 85' lang='lat' dir='ltr'><strong>auribus</strong></span> <span class='ocrx_word' id='word_1_314' title='bbox 761 2840 979 2910; x_wconf 87' lang='lat' dir='ltr'><strong>percipe</strong></span> <span class='ocrx_word' id='word_1_315' title='bbox 1007 2838 1446 2909; x_wconf 90' lang='lat' dir='ltr'><strong>deprecationem</strong></span> <span class='ocrx_word' id='word_1_316' title='bbox 1472 2845 1717 2893; x_wconf 88' lang='lat' dir='ltr'><strong>nostram</strong></span> <span class='ocrx_word' id='word_1_317' title='bbox 1737 2855 1753 2904; x_wconf 87' lang='lat'><strong>;</strong></span> <span class='ocrx_word' id='word_1_318' title='bbox 1774 2843 1828 2891; x_wconf 88' lang='lat' dir='ltr'><strong>et</strong></span> <span class='ocrx_word' id='word_1_319' title='bbox 1852 2834 2080 2891; x_wconf 87' lang='lat' dir='ltr'><strong>ostende</strong></span> 
     </span>
    </p>
   </div>
   <div class='ocr_carea' id='block_1_51' title="bbox 508 2927 2077 3003">
    <p class='ocr_par' dir='ltr' id='par_1_51' title="bbox 508 2927 2077 3003">
     <span class='ocr_line' id='line_1_53' title="bbox 508 2927 2077 3003; baseline -0.002 -17"><span class='ocrx_word' id='word_1_320' title='bbox 508 2931 703 2987; x_wconf 79' lang='lat' dir='ltr'><strong>faciem</strong></span> <span class='ocrx_word' id='word_1_321' title='bbox 733 2940 880 2987; x_wconf 89' lang='lat' dir='ltr'><strong>tuam</strong></span> <span class='ocrx_word' id='word_1_322' title='bbox 910 2946 1075 3003; x_wconf 89' lang='lat' dir='ltr'><strong>super</strong></span> <span class='ocrx_word' id='word_1_323' title='bbox 1097 2946 1315 2986; x_wconf 90' lang='lat' dir='ltr'><strong>servum</strong></span> <span class='ocrx_word' id='word_1_324' title='bbox 1347 2939 1500 2985; x_wconf 91' lang='lat' dir='ltr'><strong>tuum</strong></span> <span class='ocrx_word' id='word_1_325' title='bbox 1530 2931 1699 2994; x_wconf 92' lang='lat' dir='ltr'><strong>hunc,</strong></span> <span class='ocrx_word' id='word_1_326' title='bbox 1721 2929 1954 2984; x_wconf 90' lang='lat' dir='ltr'><strong>electum</strong></span> <span class='ocrx_word' id='word_1_327' title='bbox 1982 2927 2077 2983; x_wconf 90' lang='lat' dir='ltr'><strong>tibi</strong></span> 
     </span>
    </p>
   </div>
   <div class='ocr_carea' id='block_1_52' title="bbox 509 3020 2077 3094">
    <p class='ocr_par' dir='ltr' id='par_1_52' title="bbox 509 3020 2077 3094">
     <span class='ocr_line' id='line_1_54' title="bbox 509 3020 2077 3094; baseline -0.001 -17"><span class='ocrx_word' id='word_1_328' title='bbox 509 3022 567 3078; x_wconf 86' lang='lat' dir='ltr'><strong>in</strong></span> <span class='ocrx_word' id='word_1_329' title='bbox 597 3022 919 3079; x_wconf 86' lang='lat' dir='ltr'><strong>diaconatus</strong></span> <span class='ocrx_word' id='word_1_330' title='bbox 969 3023 1364 3090; x_wconf 82' lang='lat' dir='ltr'><strong>ministerium;</strong></span> <span class='ocrx_word' id='word_1_331' title='bbox 1398 3030 1453 3078; x_wconf 91' lang='lat' dir='ltr'><strong>et</strong></span> <span class='ocrx_word' id='word_1_332' title='bbox 1483 3022 1646 3094; x_wconf 88' lang='lat' dir='ltr'><strong>imple</strong></span> <span class='ocrx_word' id='word_1_333' title='bbox 1689 3036 1815 3076; x_wconf 89' lang='lat' dir='ltr'><strong>eum</strong></span> <span class='ocrx_word' id='word_1_334' title='bbox 1869 3020 2077 3093; x_wconf 86' lang='lat' dir='ltr'><strong>Spiritu</strong></span> 
     </span>
    </p>
   </div>
   <div class='ocr_carea' id='block_1_53' title="bbox 2703 2284 3258 2339">
    <p class='ocr_par' dir='ltr' id='par_1_53' title="bbox 2703 2284 3258 2339">
     <span class='ocr_line' id='line_1_55' title="bbox 2703 2284 3258 2339; baseline -0.002 -1"><span class='ocrx_word' id='word_1_335' title='bbox 2703 2284 3108 2339; x_wconf 73' lang='grc' dir='ltr'><strong>ΚΕΦΑᾹΑΙΟΝ</strong></span> <span class='ocrx_word' id='word_1_336' title='bbox 3147 2285 3258 2337; x_wconf 83' lang='grc' dir='ltr'><strong>ΙΗ’.</strong></span> 
     </span>
    </p>
   </div>
   <div class='ocr_carea' id='block_1_54' title="bbox 2430 2374 3514 2444">
    <p class='ocr_par' dir='ltr' id='par_1_54' title="bbox 2430 2374 3514 2444">
     <span class='ocr_line' id='line_1_56' title="bbox 2430 2374 3514 2444; baseline -0.004 -13"><span class='ocrx_word' id='word_1_337' title='bbox 2430 2377 2785 2444; x_wconf 74' lang='grc' dir='ltr'>Ἐπίκλησις</span> <span class='ocrx_word' id='word_1_338' title='bbox 2811 2375 3180 2444; x_wconf 74' lang='grc' dir='ltr'>χειροτονίας</span> <span class='ocrx_word' id='word_1_339' title='bbox 3205 2374 3514 2428; x_wconf 78' lang='grc' dir='ltr'>διακόνου.</span> 
     </span>
    </p>
   </div>
   <div class='ocr_carea' id='block_1_55' title="bbox 2261 2464 3736 2541">
    <p class='ocr_par' dir='ltr' id='par_1_55' title="bbox 2261 2464 3736 2541">
     <span class='ocr_line' id='line_1_57' title="bbox 2261 2464 3736 2541; baseline -0.003 -18"><span class='ocrx_word' id='word_1_340' title='bbox 2261 2468 2318 2523; x_wconf 81' lang='grc' dir='ltr'>Ὀ</span> <span class='ocrx_word' id='word_1_341' title='bbox 2351 2469 2504 2534; x_wconf 81' lang='grc' dir='ltr'>Θεὸς,</span> <span class='ocrx_word' id='word_1_342' title='bbox 2525 2471 2554 2522; x_wconf 87' lang='grc' dir='ltr'><strong>ό</strong></span> <span class='ocrx_word' id='word_1_343' title='bbox 2585 2468 3003 2541; x_wconf 83' lang='grc' dir='ltr'>παντοκράτωρ,</span> <span class='ocrx_word' id='word_1_344' title='bbox 3021 2469 3051 2521; x_wconf 83' lang='grc' dir='ltr'>ὁ</span> <span class='ocrx_word' id='word_1_345' title='bbox 3081 2466 3335 2539; x_wconf 85' lang='grc' dir='ltr'>ἀληθινὸς</span> <span class='ocrx_word' id='word_1_346' title='bbox 3368 2466 3465 2519; x_wconf 79' lang='grc' dir='ltr'>καὶ</span> <span class='ocrx_word' id='word_1_347' title='bbox 3496 2464 3736 2535; x_wconf 71' lang='grc' dir='ltr'>ἀψευδὴς,</span> 
     </span>
    </p>
   </div>
   <div class='ocr_carea' id='block_1_56' title="bbox 2178 2559 3744 2630">
    <p class='ocr_par' dir='ltr' id='par_1_56' title="bbox 2178 2559 3744 2630">
     <span class='ocr_line' id='line_1_58' title="bbox 2178 2559 3744 2630; baseline -0.004 -14"><span class='ocrx_word' id='word_1_348' title='bbox 2178 2562 2207 2616; x_wconf 84' lang='grc' dir='ltr'><strong>ὁ</strong></span> <span class='ocrx_word' id='word_1_349' title='bbox 2238 2561 2482 2614; x_wconf 86' lang='grc' dir='ltr'>πλουτῶν</span> <span class='ocrx_word' id='word_1_350' title='bbox 2527 2564 2607 2625; x_wconf 85' lang='grc' dir='ltr'><strong>είς</strong></span> <span class='ocrx_word' id='word_1_351' title='bbox 2643 2560 2855 2625; x_wconf 84' lang='grc' dir='ltr'>πάντας</span> <span class='ocrx_word' id='word_1_352' title='bbox 2895 2562 3023 2624; x_wconf 81' lang='grc' dir='ltr'>τοὺς</span> <span class='ocrx_word' id='word_1_353' title='bbox 3063 2559 3535 2630; x_wconf 75' lang='grc' dir='ltr'>ἐπικαλουμένους</span> <span class='ocrx_word' id='word_1_354' title='bbox 3590 2574 3645 2610; x_wconf 82' lang='grc' dir='ltr'><strong>σε</strong></span> <span class='ocrx_word' id='word_1_355' title='bbox 3694 2559 3744 2609; x_wconf 77' lang='grc' dir='ltr'>ἐν</span> 
     </span>
    </p>
   </div>
   <div class='ocr_carea' id='block_1_57' title="bbox 2179 2650 3747 2726">
    <p class='ocr_par' dir='ltr' id='par_1_57' title="bbox 2179 2650 3747 2726">
     <span class='ocr_line' id='line_1_59' title="bbox 2179 2650 3747 2726; baseline -0.003 -20"><span class='ocrx_word' id='word_1_356' title='bbox 2179 2652 2424 2726; x_wconf 78' lang='grc' dir='ltr'>ἀληθείᾳ,</span> <span class='ocrx_word' id='word_1_357' title='bbox 2471 2654 2499 2705; x_wconf 84' lang='grc' dir='ltr'>ὁ</span> <span class='ocrx_word' id='word_1_358' title='bbox 2547 2651 2775 2724; x_wconf 71' lang='grc' dir='ltr'>φοϐερὸς</span> <span class='ocrx_word' id='word_1_359' title='bbox 2808 2654 2866 2705; x_wconf 81' lang='grc' dir='ltr'>ὲν</span> <span class='ocrx_word' id='word_1_360' title='bbox 2900 2651 3133 2723; x_wconf 83' lang='grc' dir='ltr'>βουλαῖς,</span> <span class='ocrx_word' id='word_1_361' title='bbox 3172 2653 3204 2705; x_wconf 82' lang='grc' dir='ltr'>ὁ</span> <span class='ocrx_word' id='word_1_362' title='bbox 3259 2652 3427 2722; x_wconf 77' lang='grc' dir='ltr'>σοφὸς</span> <span class='ocrx_word' id='word_1_363' title='bbox 3475 2650 3747 2722; x_wconf 74' lang='grc' dir='ltr'>διανοίᾳ,ὁ</span> 
     </span>
    </p>
   </div>
   <div class='ocr_carea' id='block_1_58' title="bbox 2179 2742 3747 2820">
    <p class='ocr_par' dir='ltr' id='par_1_58' title="bbox 2179 2742 3747 2820">
     <span class='ocr_line' id='line_1_60' title="bbox 2179 2742 3747 2820; baseline -0.004 -20"><span class='ocrx_word' id='word_1_364' title='bbox 2179 2746 2441 2820; x_wconf 80' lang='grc' dir='ltr'>κραταιὸς</span> <span class='ocrx_word' id='word_1_365' title='bbox 2478 2744 2571 2800; x_wconf 72' lang='grc' dir='ltr'>καὶ</span> <span class='ocrx_word' id='word_1_366' title='bbox 2629 2745 2821 2817; x_wconf 77' lang='grc' dir='ltr'>μέγας·</span> <span class='ocrx_word' id='word_1_367' title='bbox 2862 2744 3183 2799; x_wconf 80' lang='grc' dir='ltr'>εἰσάκουσον</span> <span class='ocrx_word' id='word_1_368' title='bbox 3238 2742 3556 2815; x_wconf 77' lang='grc' dir='ltr'>προσευχῆς</span> <span class='ocrx_word' id='word_1_369' title='bbox 3583 2744 3747 2813; x_wconf 73' lang='grc' dir='ltr'>ἡμῶν,</span> 
     </span>
    </p>
   </div>
   <div class='ocr_carea' id='block_1_59' title="bbox 2180 2836 3748 2914">
    <p class='ocr_par' dir='ltr' id='par_1_59' title="bbox 2180 2836 3748 2914">
     <span class='ocr_line' id='line_1_61' title="bbox 2180 2836 3748 2914; baseline -0.006 -19"><span class='ocrx_word' id='word_1_370' title='bbox 2180 2840 2373 2914; x_wconf 84' lang='grc' dir='ltr'>Κύριε,</span> <span class='ocrx_word' id='word_1_371' title='bbox 2404 2840 2498 2894; x_wconf 73' lang='grc' dir='ltr'>καὶ</span> <span class='ocrx_word' id='word_1_372' title='bbox 2522 2837 2776 2893; x_wconf 69' lang='grc' dir='ltr'>ἑνώτισαι</span> <span class='ocrx_word' id='word_1_373' title='bbox 2824 2838 2923 2910; x_wconf 78' lang='grc' dir='ltr'>τὴν</span> <span class='ocrx_word' id='word_1_374' title='bbox 2954 2837 3138 2909; x_wconf 83' lang='grc' dir='ltr'>δέησιν</span> <span class='ocrx_word' id='word_1_375' title='bbox 3169 2836 3348 2908; x_wconf 77' lang='grc' dir='ltr'>ἡμῶν,</span> <span class='ocrx_word' id='word_1_376' title='bbox 3381 2836 3478 2889; x_wconf 74' lang='grc' dir='ltr'>καὶ</span> <span class='ocrx_word' id='word_1_377' title='bbox 3509 2836 3748 2903; x_wconf 69' lang='grc' dir='ltr'>ὲπίφανον</span> 
     </span>
    </p>
   </div>
   <div class='ocr_carea' id='block_1_60' title="bbox 2180 2927 3751 3005">
    <p class='ocr_par' dir='ltr' id='par_1_60' title="bbox 2180 2927 3751 3005">
     <span class='ocr_line' id='line_1_62' title="bbox 2180 2927 3751 3005; baseline -0.006 -19"><span class='ocrx_word' id='word_1_378' title='bbox 2180 2933 2242 2988; x_wconf 87' lang='grc' dir='ltr'>τδ</span> <span class='ocrx_word' id='word_1_379' title='bbox 2272 2930 2564 3005; x_wconf 80' lang='grc' dir='ltr'>πρόσωπόν</span> <span class='ocrx_word' id='word_1_380' title='bbox 2607 2948 2699 2985; x_wconf 87' lang='grc' dir='ltr'><strong>σου</strong></span> <span class='ocrx_word' id='word_1_381' title='bbox 2731 2931 2824 2983; x_wconf 78' lang='grc' dir='ltr'>ἐπὶ</span> <span class='ocrx_word' id='word_1_382' title='bbox 2854 2929 2946 2983; x_wconf 81' lang='grc' dir='ltr'>τὸν</span> <span class='ocrx_word' id='word_1_383' title='bbox 2974 2929 3159 2983; x_wconf 81' lang='grc' dir='ltr'>δοῦλόν</span> <span class='ocrx_word' id='word_1_384' title='bbox 3191 2946 3284 2982; x_wconf 92' lang='grc' dir='ltr'><strong>σου</strong></span> <span class='ocrx_word' id='word_1_385' title='bbox 3311 2927 3487 2991; x_wconf 83' lang='grc' dir='ltr'>τόνδε,</span> <span class='ocrx_word' id='word_1_386' title='bbox 3519 2927 3608 2979; x_wconf 79' lang='grc' dir='ltr'><strong>τὸν</strong></span> <span class='ocrx_word' id='word_1_387' title='bbox 3635 2944 3751 2998; x_wconf 76' lang='grc' dir='ltr'>προ-</span> 
     </span>
    </p>
   </div>
   <div class='ocr_carea' id='block_1_61' title="bbox 2180 3017 3750 3096">
    <p class='ocr_par' dir='ltr' id='par_1_61' title="bbox 2180 3017 3750 3096">
     <span class='ocr_line' id='line_1_63' title="bbox 2180 3017 3750 3096; baseline -0.005 -19"><span class='ocrx_word' id='word_1_388' title='bbox 2180 3022 2553 3096; x_wconf 75' lang='grc' dir='ltr'>χειριζόμενόν</span> <span class='ocrx_word' id='word_1_389' title='bbox 2610 3040 2693 3076; x_wconf 89' lang='grc' dir='ltr'><strong>σοι</strong></span> <span class='ocrx_word' id='word_1_390' title='bbox 2747 3024 2826 3087; x_wconf 88' lang='grc' dir='ltr'><strong>εἰς</strong></span> <span class='ocrx_word' id='word_1_391' title='bbox 2873 3021 3169 3085; x_wconf 87' lang='grc' dir='ltr'>διακονίαν,</span> <span class='ocrx_word' id='word_1_392' title='bbox 3204 3021 3300 3074; x_wconf 58' lang='grc' dir='ltr'><strong>καὶ⁸</strong></span> <span class='ocrx_word' id='word_1_393' title='bbox 3347 3019 3560 3089; x_wconf 81' lang='grc' dir='ltr'>πλῆσον</span> <span class='ocrx_word' id='word_1_394' title='bbox 3604 3017 3750 3073; x_wconf 70' lang='grc' dir='ltr'>αὑτὸν</span> 
     </span>
    </p>
   </div>
   <div class='ocr_carea' id='block_1_62' title="bbox 508 3104 2097 3188">
    <p class='ocr_par' dir='ltr' id='par_1_62' title="bbox 508 3111 2071 3184">
     <span class='ocr_line' id='line_1_64' title="bbox 508 3111 2071 3184; baseline -0.003 -15"><span class='ocrx_word' id='word_1_395' title='bbox 508 3122 726 3178; x_wconf 81' lang='lat' dir='ltr'><strong>sancto,</strong></span> <span class='ocrx_word' id='word_1_396' title='bbox 777 3122 831 3170; x_wconf 93' lang='lat' dir='ltr'><strong>et</strong></span> <span class='ocrx_word' id='word_1_397' title='bbox 875 3115 1100 3176; x_wconf 89' lang='lat' dir='ltr'><strong>virtute,</strong></span> <span class='ocrx_word' id='word_1_398' title='bbox 1147 3115 1293 3171; x_wconf 84' lang='lat' dir='ltr'><strong>sicut</strong></span> <span class='ocrx_word' id='word_1_399' title='bbox 1345 3113 1642 3184; x_wconf 86' lang='lat' dir='ltr'><strong>implevisti</strong></span> <span class='ocrx_word' id='word_1_400' title='bbox 1706 3111 2071 3182; x_wconf 85' lang='lat' dir='ltr'><strong>Stephanum,</strong></span> 
     </span>
    </p>
   </div>
   <div class='ocr_carea' id='block_1_63' title="bbox 2190 3104 3751 3188">
    <p class='ocr_par' dir='ltr' id='par_1_63' title="bbox 2190 3110 3751 3188">
     <span class='ocr_line' id='line_1_65' title="bbox 2190 3110 3751 3188; baseline -0.006 -17"><span class='ocrx_word' id='word_1_401' title='bbox 2190 3116 2492 3188; x_wconf 80' lang='grc' dir='ltr'>[Ινεύματος</span> <span class='ocrx_word' id='word_1_402' title='bbox 2524 3116 2700 3185; x_wconf 85' lang='grc' dir='ltr'>ἁγίου,</span> <span class='ocrx_word' id='word_1_403' title='bbox 2736 3116 2830 3168; x_wconf 74' lang='grc' dir='ltr'>καὶ</span> <span class='ocrx_word' id='word_1_404' title='bbox 2883 3114 3191 3185; x_wconf 83' lang='grc' dir='ltr'>δυνάμεως,</span> <span class='ocrx_word' id='word_1_405' title='bbox 3242 3110 3321 3175; x_wconf 85' lang='grc' dir='ltr'><strong>ὡς</strong></span> <span class='ocrx_word' id='word_1_406' title='bbox 3378 3110 3621 3181; x_wconf 74' lang='grc' dir='ltr'>ἔπλησας</span> <span class='ocrx_word' id='word_1_407' title='bbox 3650 3110 3751 3163; x_wconf 74' lang='grc' dir='ltr'>Στέ-</span> 
     </span>
    </p>
   </div>
   <div class='ocr_carea' id='block_1_64' title="bbox 509 3204 2076 3278">
    <p class='ocr_par' dir='ltr' id='par_1_64' title="bbox 509 3204 2076 3278">
     <span class='ocr_line' id='line_1_66' title="bbox 509 3204 2076 3278; baseline -0.003 -19"><span class='ocrx_word' id='word_1_408' title='bbox 509 3215 831 3277; x_wconf 84' lang='lat' dir='ltr'><strong>rnartyrem,</strong></span> <span class='ocrx_word' id='word_1_409' title='bbox 858 3223 921 3261; x_wconf 89' lang='lat' dir='ltr'><strong>ac</strong></span> <span class='ocrx_word' id='word_1_410' title='bbox 944 3207 1263 3278; x_wconf 83' lang='lat' dir='ltr'><strong>passionum</strong></span> <span class='ocrx_word' id='word_1_411' title='bbox 1294 3206 1501 3261; x_wconf 88' lang='lat' dir='ltr'><strong>Christi</strong></span> <span class='ocrx_word' id='word_1_412' title='bbox 1536 3204 1613 3259; x_wconf 89' lang='lat' dir='ltr'><strong>tui</strong></span> <span class='ocrx_word' id='word_1_413' title='bbox 1643 3204 1974 3258; x_wconf 88' lang='lat' dir='ltr'><strong>imitatorem</strong></span> <span class='ocrx_word' id='word_1_414' title='bbox 2001 3204 2076 3272; x_wconf 86' lang='grc'><strong>³⁸;</strong></span> 
     </span>
    </p>
   </div>
   <div class='ocr_carea' id='block_1_65' title="bbox 508 3296 2081 3363">
    <p class='ocr_par' dir='ltr' id='par_1_65' title="bbox 508 3296 2081 3363">
     <span class='ocr_line' id='line_1_67' title="bbox 508 3296 2081 3363; baseline -0.002 -10"><span class='ocrx_word' id='word_1_415' title='bbox 508 3305 566 3353; x_wconf 89' lang='lat' dir='ltr'><strong>et</strong></span> <span class='ocrx_word' id='word_1_416' title='bbox 594 3298 832 3354; x_wconf 84' lang='lat' dir='ltr'><strong>concede</strong></span> <span class='ocrx_word' id='word_1_417' title='bbox 887 3300 960 3363; x_wconf 92' lang='lat' dir='ltr'><strong>ei,</strong></span> <span class='ocrx_word' id='word_1_418' title='bbox 1017 3306 1075 3353; x_wconf 92' lang='lat' dir='ltr'><strong>ut</strong></span> <span class='ocrx_word' id='word_1_419' title='bbox 1102 3314 1226 3353; x_wconf 85' lang='lat' dir='ltr'><strong>cum</strong></span> <span class='ocrx_word' id='word_1_420' title='bbox 1260 3298 1365 3355; x_wconf 90' lang='lat' dir='ltr'><strong>sibi</strong></span> <span class='ocrx_word' id='word_1_421' title='bbox 1399 3297 1657 3353; x_wconf 93' lang='lat' dir='ltr'><strong>traditum</strong></span> <span class='ocrx_word' id='word_1_422' title='bbox 1714 3296 2081 3352; x_wconf 88' lang='lat' dir='ltr'><strong>ministerium</strong></span> 
     </span>
    </p>
   </div>
   <div class='ocr_carea' id='block_1_66' title="bbox 510 3389 2084 3460">
    <p class='ocr_par' dir='ltr' id='par_1_66' title="bbox 510 3389 2084 3460">
     <span class='ocr_line' id='line_1_68' title="bbox 510 3389 2084 3460; baseline 0.003 -19"><span class='ocrx_word' id='word_1_423' title='bbox 510 3389 703 3459; x_wconf 90' lang='lat' dir='ltr'><strong>probe,</strong></span> <span class='ocrx_word' id='word_1_424' title='bbox 725 3397 1062 3455; x_wconf 87' lang='lat' dir='ltr'><strong>constanter,</strong></span> <span class='ocrx_word' id='word_1_425' title='bbox 1094 3391 1350 3456; x_wconf 90' lang='lat' dir='ltr'><strong>innocue,</strong></span> <span class='ocrx_word' id='word_1_426' title='bbox 1383 3406 1447 3446; x_wconf 89' lang='lat' dir='ltr'><strong>ac</strong></span> <span class='ocrx_word' id='word_1_427' title='bbox 1476 3390 1879 3460; x_wconf 89' lang='lat' dir='ltr'><strong>inculpabiliter</strong></span> <span class='ocrx_word' id='word_1_428' title='bbox 1907 3390 2084 3446; x_wconf 86' lang='lat' dir='ltr'><strong>admi-</strong></span> 
     </span>
    </p>
   </div>
   <div class='ocr_carea' id='block_1_67' title="bbox 512 3482 2084 3554">
    <p class='ocr_par' dir='ltr' id='par_1_67' title="bbox 512 3482 2084 3554">
     <span class='ocr_line' id='line_1_69' title="bbox 512 3482 2084 3554; baseline 0.002 -18"><span class='ocrx_word' id='word_1_429' title='bbox 512 3482 854 3550; x_wconf 87' lang='lat' dir='ltr'><strong>nistraverit,</strong></span> <span class='ocrx_word' id='word_1_430' title='bbox 905 3486 1114 3553; x_wconf 87' lang='lat' dir='ltr'><strong>majore</strong></span> <span class='ocrx_word' id='word_1_431' title='bbox 1163 3484 1336 3554; x_wconf 87' lang='lat' dir='ltr'><strong>gradu</strong></span> <span class='ocrx_word' id='word_1_432' title='bbox 1390 3483 1589 3554; x_wconf 84' lang='lat' dir='ltr'><strong>dignus</strong></span> <span class='ocrx_word' id='word_1_433' title='bbox 1635 3483 1937 3550; x_wconf 89' lang='lat' dir='ltr'><strong>habeatur;</strong></span> <span class='ocrx_word' id='word_1_434' title='bbox 1969 3498 2084 3539; x_wconf 80' lang='lat' dir='ltr'><strong>me-</strong></span> 
     </span>
    </p>
   </div>
   <div class='ocr_carea' id='block_1_68' title="bbox 512 3572 2081 3645">
    <p class='ocr_par' dir='ltr' id='par_1_68' title="bbox 512 3572 2081 3645">
     <span class='ocr_line' id='line_1_70' title="bbox 512 3572 2081 3645; baseline 0.001 -17"><span class='ocrx_word' id='word_1_435' title='bbox 512 3573 728 3628; x_wconf 74' lang='lat' dir='ltr'><strong>diatore</strong></span> <span class='ocrx_word' id='word_1_436' title='bbox 775 3574 1055 3644; x_wconf 79' lang='lat' dir='ltr'><strong>uuigenito</strong></span> <span class='ocrx_word' id='word_1_437' title='bbox 1092 3574 1230 3630; x_wconf 88' lang='lat' dir='ltr'><strong>Filio</strong></span> <span class='ocrx_word' id='word_1_438' title='bbox 1252 3583 1386 3643; x_wconf 91' lang='lat' dir='ltr'><strong>tuo;</strong></span> <span class='ocrx_word' id='word_1_439' title='bbox 1420 3591 1544 3630; x_wconf 90' lang='lat' dir='ltr'><strong>cum</strong></span> <span class='ocrx_word' id='word_1_440' title='bbox 1582 3589 1692 3645; x_wconf 90' lang='lat' dir='ltr'><strong>quo</strong></span> <span class='ocrx_word' id='word_1_441' title='bbox 1741 3575 1839 3629; x_wconf 88' lang='lat' dir='ltr'><strong>tibi</strong></span> <span class='ocrx_word' id='word_1_442' title='bbox 1886 3572 2081 3645; x_wconf 86' lang='lat' dir='ltr'><strong>gloria,</strong></span> 
     </span>
    </p>
   </div>
   <div class='ocr_carea' id='block_1_69' title="bbox 513 3666 2080 3739">
    <p class='ocr_par' dir='ltr' id='par_1_69' title="bbox 513 3666 2080 3739">
     <span class='ocr_line' id='line_1_71' title="bbox 513 3666 2080 3739; baseline 0.004 -20"><span class='ocrx_word' id='word_1_443' title='bbox 513 3666 691 3720; x_wconf 88' lang='lat' dir='ltr'><strong>honor</strong></span> <span class='ocrx_word' id='word_1_444' title='bbox 724 3680 787 3721; x_wconf 91' lang='lat' dir='ltr'><strong>ac</strong></span> <span class='ocrx_word' id='word_1_445' title='bbox 832 3666 1132 3733; x_wconf 85' lang='lat' dir='ltr'><strong>veneratio,</strong></span> <span class='ocrx_word' id='word_1_446' title='bbox 1167 3674 1221 3723; x_wconf 88' lang='lat' dir='ltr'><strong>et</strong></span> <span class='ocrx_word' id='word_1_447' title='bbox 1244 3676 1436 3723; x_wconf 91' lang='lat' dir='ltr'><strong>sancto</strong></span> <span class='ocrx_word' id='word_1_448' title='bbox 1479 3666 1729 3739; x_wconf 85' lang='lat' dir='ltr'><strong>Spiritui,</strong></span> <span class='ocrx_word' id='word_1_449' title='bbox 1757 3668 1813 3722; x_wconf 92' lang='lat' dir='ltr'><strong>in</strong></span> <span class='ocrx_word' id='word_1_450' title='bbox 1858 3668 2080 3725; x_wconf 66' lang='lat' dir='ltr'><strong>saecula.</strong></span> 
     </span>
    </p>
   </div>
   <div class='ocr_carea' id='block_1_70' title="bbox 515 3757 711 3814">
    <p class='ocr_par' dir='ltr' id='par_1_70' title="bbox 515 3757 711 3814">
     <span class='ocr_line' id='line_1_72' title="bbox 515 3757 711 3814; baseline 0.015 -3"><span class='ocrx_word' id='word_1_451' title='bbox 515 3757 711 3814; x_wconf 84' lang='lat' dir='ltr'><strong>Amen.</strong></span> 
     </span>
    </p>
   </div>
   <div class='ocr_carea' id='block_1_71' title="bbox 1099 3849 1507 3907">
    <p class='ocr_par' dir='ltr' id='par_1_71' title="bbox 1099 3849 1507 3907">
     <span class='ocr_line' id='line_1_73' title="bbox 1099 3849 1507 3907; baseline 0.002 -1"><span class='ocrx_word' id='word_1_452' title='bbox 1099 3849 1328 3906; x_wconf 85' lang='lat' dir='ltr'><strong>CAPUT</strong></span> <span class='ocrx_word' id='word_1_453' title='bbox 1362 3849 1507 3907; x_wconf 82' lang='lat' dir='ltr'><strong>XIX.</strong></span> 
     </span>
    </p>
   </div>
   <div class='ocr_carea' id='block_1_72' title="bbox 690 3942 1885 4002">
    <p class='ocr_par' dir='ltr' id='par_1_72' title="bbox 690 3942 1885 4002">
     <span class='ocr_line' id='line_1_74' title="bbox 690 3942 1885 4002; baseline 0.003 -4"><span class='ocrx_word' id='word_1_454' title='bbox 690 3944 769 3999; x_wconf 84' lang='lat' dir='ltr'><strong>De</strong></span> <span class='ocrx_word' id='word_1_455' title='bbox 798 3942 1106 3999; x_wconf 79' lang='lat' dir='ltr'><strong>diaconissa</strong></span> <span class='ocrx_word' id='word_1_456' title='bbox 1140 3945 1449 3999; x_wconf 81' lang='lat' dir='ltr'><strong>constitutio</strong></span> <span class='ocrx_word' id='word_1_457' title='bbox 1481 3943 1885 4002; x_wconf 71' lang='lat' dir='ltr'><strong>Bartholomwi.</strong></span> 
     </span>
    </p>
   </div>
   <div class='ocr_carea' id='block_1_73' title="bbox 586 4034 2085 4101">
    <p class='ocr_par' dir='ltr' id='par_1_73' title="bbox 586 4034 2085 4101">
     <span class='ocr_line' id='line_1_75' title="bbox 586 4034 2085 4101; baseline 0.003 -12"><span class='ocrx_word' id='word_1_458' title='bbox 586 4034 664 4092; x_wconf 79' lang='lat' dir='ltr'><strong>De</strong></span> <span class='ocrx_word' id='word_1_459' title='bbox 712 4036 1025 4093; x_wconf 89' lang='lat' dir='ltr'><strong>diaconissa</strong></span> <span class='ocrx_word' id='word_1_460' title='bbox 1080 4052 1232 4101; x_wconf 91' lang='lat' dir='ltr'><strong>vero,</strong></span> <span class='ocrx_word' id='word_1_461' title='bbox 1300 4034 1734 4093; x_wconf 66' lang='lat' dir='ltr'><strong>Bartholomaeus</strong></span> <span class='ocrx_word' id='word_1_462' title='bbox 1765 4038 2085 4094; x_wconf 89' lang='lat' dir='ltr'><strong>constituo:</strong></span> 
     </span>
    </p>
   </div>
   <div class='ocr_carea' id='block_1_74' title="bbox 518 4127 2090 4202">
    <p class='ocr_par' dir='ltr' id='par_1_74' title="bbox 518 4127 2090 4202">
     <span class='ocr_line' id='line_1_76' title="bbox 518 4127 2090 4202; baseline 0.004 -21"><span class='ocrx_word' id='word_1_463' title='bbox 518 4127 808 4199; x_wconf 85' lang='lat' dir='ltr'><strong>Episcope,</strong></span> <span class='ocrx_word' id='word_1_464' title='bbox 861 4130 1110 4199; x_wconf 89' lang='lat' dir='ltr'><strong>impones</strong></span> <span class='ocrx_word' id='word_1_465' title='bbox 1139 4128 1189 4184; x_wconf 92' lang='lat' dir='ltr'><strong>ei</strong></span> <span class='ocrx_word' id='word_1_466' title='bbox 1220 4144 1438 4195; x_wconf 89' lang='lat' dir='ltr'><strong>manus,</strong></span> <span class='ocrx_word' id='word_1_467' title='bbox 1488 4136 1703 4184; x_wconf 89' lang='lat' dir='ltr'><strong>astante</strong></span> <span class='ocrx_word' id='word_1_468' title='bbox 1752 4130 2090 4202; x_wconf 89' lang='lat' dir='ltr'><strong>presbyterio</strong></span> 
     </span>
    </p>
   </div>
   <div class='ocr_carea' id='block_1_75' title="bbox 520 4220 1947 4289">
    <p class='ocr_par' dir='ltr' id='par_1_75' title="bbox 520 4220 1947 4289">
     <span class='ocr_line' id='line_1_77' title="bbox 520 4220 1947 4289; baseline 0.003 -15"><span class='ocrx_word' id='word_1_469' title='bbox 520 4236 628 4274; x_wconf 86' lang='lat' dir='ltr'><strong>una</strong></span> <span class='ocrx_word' id='word_1_470' title='bbox 663 4235 787 4275; x_wconf 89' lang='lat' dir='ltr'><strong>cum</strong></span> <span class='ocrx_word' id='word_1_471' title='bbox 829 4220 1079 4277; x_wconf 89' lang='lat' dir='ltr'><strong>diaconis</strong></span> <span class='ocrx_word' id='word_1_472' title='bbox 1109 4235 1173 4275; x_wconf 90' lang='lat' dir='ltr'><strong>ac</strong></span> <span class='ocrx_word' id='word_1_473' title='bbox 1203 4220 1567 4289; x_wconf 88' lang='lat' dir='ltr'><strong>diaconissis;</strong></span> <span class='ocrx_word' id='word_1_474' title='bbox 1600 4228 1657 4276; x_wconf 91' lang='lat' dir='ltr'><strong>et</strong></span> <span class='ocrx_word' id='word_1_475' title='bbox 1685 4221 1837 4278; x_wconf 91' lang='lat' dir='ltr'><strong>dices</strong></span> <span class='ocrx_word' id='word_1_476' title='bbox 1868 4239 1884 4277; x_wconf 91' lang='lat'><strong>:</strong></span> <span class='ocrx_word' id='word_1_477' title='bbox 1944 4256 1947 4259; x_wconf 98' lang='lat'><strong><em>-</em></strong></span> 
     </span>
    </p>
   </div>
   <div class='ocr_carea' id='block_1_76' title="bbox 1109 4399 1496 4456">
    <p class='ocr_par' dir='ltr' id='par_1_76' title="bbox 1109 4399 1496 4456">
     <span class='ocr_line' id='line_1_78' title="bbox 1109 4399 1496 4456; baseline 0 0"><span class='ocrx_word' id='word_1_478' title='bbox 1109 4399 1339 4456; x_wconf 82' lang='lat' dir='ltr'><strong>CAPUT</strong></span> <span class='ocrx_word' id='word_1_479' title='bbox 1377 4400 1496 4456; x_wconf 80' lang='lat' dir='ltr'><strong>XX.</strong></span> 
     </span>
    </p>
   </div>
   <div class='ocr_carea' id='block_1_77' title="bbox 759 4496 1837 4553">
    <p class='ocr_par' dir='ltr' id='par_1_77' title="bbox 759 4496 1837 4553">
     <span class='ocr_line' id='line_1_79' title="bbox 759 4496 1837 4553; baseline 0.001 -1"><span class='ocrx_word' id='word_1_480' title='bbox 759 4496 1031 4552; x_wconf 82' lang='lat' dir='ltr'><strong>Invocatio</strong></span> <span class='ocrx_word' id='word_1_481' title='bbox 1056 4497 1112 4550; x_wconf 88' lang='lat' dir='ltr'><strong>in</strong></span> <span class='ocrx_word' id='word_1_482' title='bbox 1138 4496 1475 4550; x_wconf 84' lang='lat' dir='ltr'><strong>ordinatione</strong></span> <span class='ocrx_word' id='word_1_483' title='bbox 1500 4496 1837 4553; x_wconf 70' lang='lat' dir='ltr'><strong>diaconissa&#39;.</strong></span> 
     </span>
    </p>
   </div>
   <div class='ocr_carea' id='block_1_78' title="bbox 601 4587 2087 4660">
    <p class='ocr_par' dir='ltr' id='par_1_78' title="bbox 601 4587 2087 4660">
     <span class='ocr_line' id='line_1_80' title="bbox 601 4587 2087 4660; baseline 0 -13"><span class='ocrx_word' id='word_1_484' title='bbox 601 4590 745 4647; x_wconf 86' lang='lat' dir='ltr'><strong>Deus</strong></span> <span class='ocrx_word' id='word_1_485' title='bbox 766 4599 989 4655; x_wconf 67' lang='lat' dir='ltr'><strong>aeterne,</strong></span> <span class='ocrx_word' id='word_1_486' title='bbox 1027 4588 1188 4645; x_wconf 83' lang='lat' dir='ltr'><strong>Pater</strong></span> <span class='ocrx_word' id='word_1_487' title='bbox 1231 4587 1445 4644; x_wconf 91' lang='lat' dir='ltr'><strong>Domini</strong></span> <span class='ocrx_word' id='word_1_488' title='bbox 1467 4592 1642 4646; x_wconf 91' lang='lat' dir='ltr'><strong>nostri</strong></span> <span class='ocrx_word' id='word_1_489' title='bbox 1676 4590 1807 4647; x_wconf 82' lang='lat' dir='ltr'><strong>Jesu</strong></span> <span class='ocrx_word' id='word_1_490' title='bbox 1859 4589 2087 4660; x_wconf 81' lang='lat' dir='ltr'><strong>Christi,</strong></span> 
     </span>
    </p>
   </div>
   <div class='ocr_carea' id='block_1_79' title="bbox 604 4787 1980 4857">
    <p class='ocr_par' dir='ltr' id='par_1_79' title="bbox 604 4787 1980 4857">
     <span class='ocr_line' id='line_1_81' title="bbox 604 4787 1980 4857; baseline 0.002 -12"><span class='ocrx_word' id='word_1_491' title='bbox 604 4790 650 4822; x_wconf 71' lang='grc'><strong>²⁴</strong></span> <span class='ocrx_word' id='word_1_492' title='bbox 686 4788 859 4845; x_wconf 82' lang='lat' dir='ltr'><strong>Exod.</strong></span> <span class='ocrx_word' id='word_1_493' title='bbox 896 4804 1051 4853; x_wconf 80' lang='lat' dir='ltr'><strong>xvni,</strong></span> <span class='ocrx_word' id='word_1_494' title='bbox 1083 4803 1232 4854; x_wconf 79' lang='lat' dir='ltr'><strong>xxiv,</strong></span> <span class='ocrx_word' id='word_1_495' title='bbox 1263 4803 1456 4842; x_wconf 76' lang='lat' dir='ltr'><strong>xxviii.</strong></span> <span class='ocrx_word' id='word_1_496' title='bbox 1547 4788 1594 4819; x_wconf 84' lang='lat'><strong>&quot;</strong></span> <span class='ocrx_word' id='word_1_497' title='bbox 1627 4787 1750 4843; x_wconf 83' lang='lat' dir='ltr'><strong>Act.</strong></span> <span class='ocrx_word' id='word_1_498' title='bbox 1779 4807 1853 4857; x_wconf 81' lang='lat' dir='ltr'><strong>vt,</strong></span> <span class='ocrx_word' id='word_1_499' title='bbox 1880 4807 1980 4848; x_wconf 86' lang='lat' dir='ltr'><strong>vn.</strong></span> 
     </span>
    </p>
   </div>
   <div class='ocr_carea' id='block_1_80' title="bbox 2116 4494 2163 4552">
    <p class='ocr_par' dir='ltr' id='par_1_80' title="bbox 2116 4494 2163 4552">
     <span class='ocr_line' id='line_1_82' title="bbox 2116 4494 2163 4552; baseline 0 0"><span class='ocrx_word' id='word_1_500' title='bbox 2116 4494 2163 4552; x_wconf 89' lang='lat' dir='ltr'><strong>D</strong></span> 
     </span>
    </p>
   </div>
   <div class='ocr_carea' id='block_1_81' title="bbox 2181 3202 3749 3279">
    <p class='ocr_par' dir='ltr' id='par_1_81' title="bbox 2181 3202 3749 3279">
     <span class='ocr_line' id='line_1_83' title="bbox 2181 3202 3749 3279; baseline -0.004 -17"><span class='ocrx_word' id='word_1_501' title='bbox 2181 3224 2346 3279; x_wconf 79' lang='grc' dir='ltr'>φανον</span> <span class='ocrx_word' id='word_1_502' title='bbox 2368 3207 2459 3261; x_wconf 82' lang='grc' dir='ltr'>τὸν</span> <span class='ocrx_word' id='word_1_503' title='bbox 2486 3207 2738 3279; x_wconf 88' lang='grc' dir='ltr'>μάρτυρα</span> <span class='ocrx_word' id='word_1_504' title='bbox 2770 3208 2863 3260; x_wconf 75' lang='grc' dir='ltr'><strong>καὶ</strong></span> <span class='ocrx_word' id='word_1_505' title='bbox 2895 3206 3137 3277; x_wconf 85' lang='grc' dir='ltr'>μιμητὴν</span> <span class='ocrx_word' id='word_1_506' title='bbox 3169 3202 3277 3257; x_wconf 84' lang='grc' dir='ltr'><strong>τῶν</strong></span> <span class='ocrx_word' id='word_1_507' title='bbox 3306 3203 3651 3275; x_wconf 74' lang='grc' dir='ltr'>παθημάτων</span> <span class='ocrx_word' id='word_1_508' title='bbox 3672 3203 3749 3255; x_wconf 74' lang='grc' dir='ltr'>τοῦ</span> 
     </span>
    </p>
   </div>
   <div class='ocr_carea' id='block_1_82' title="bbox 2178 3296 3753 3373">
    <p class='ocr_par' dir='ltr' id='par_1_82' title="bbox 2178 3296 3753 3373">
     <span class='ocr_line' id='line_1_84' title="bbox 2178 3296 3753 3373; baseline -0.006 -18"><span class='ocrx_word' id='word_1_509' title='bbox 2178 3299 2416 3373; x_wconf 83' lang='grc' dir='ltr'>Χριστοῦ</span> <span class='ocrx_word' id='word_1_510' title='bbox 2462 3316 2579 3364; x_wconf 87' lang='grc' dir='ltr'>σου,</span> <span class='ocrx_word' id='word_1_511' title='bbox 2613 3299 2709 3353; x_wconf 76' lang='grc' dir='ltr'>καὶ</span> <span class='ocrx_word' id='word_1_512' title='bbox 2741 3298 3079 3366; x_wconf 83' lang='grc' dir='ltr'>καταξίωσον</span> <span class='ocrx_word' id='word_1_513' title='bbox 3129 3297 3294 3351; x_wconf 80' lang='grc' dir='ltr'>αὐτὸν</span> <span class='ocrx_word' id='word_1_514' title='bbox 3324 3296 3641 3368; x_wconf 71' lang='grc' dir='ltr'>εὐαρέστως</span> <span class='ocrx_word' id='word_1_515' title='bbox 3665 3296 3753 3347; x_wconf 82' lang='grc' dir='ltr'>λει·</span> 
     </span>
    </p>
   </div>
   <div class='ocr_carea' id='block_1_83' title="bbox 2178 3387 3751 3465">
    <p class='ocr_par' dir='ltr' id='par_1_83' title="bbox 2178 3387 3751 3465">
     <span class='ocr_line' id='line_1_85' title="bbox 2178 3387 3751 3465; baseline -0.007 -16"><span class='ocrx_word' id='word_1_516' title='bbox 2178 3394 2558 3465; x_wconf 84' lang='grc' dir='ltr'>τουργήσαντα</span> <span class='ocrx_word' id='word_1_517' title='bbox 2615 3391 2716 3462; x_wconf 78' lang='grc' dir='ltr'>τὴν</span> <span class='ocrx_word' id='word_1_518' title='bbox 2773 3390 3204 3461; x_wconf 79' lang='grc' dir='ltr'>ὲγχειρισθεῖσαν</span> <span class='ocrx_word' id='word_1_519' title='bbox 3258 3387 3412 3459; x_wconf 83' lang='grc' dir='ltr'>αὐτῷ</span> <span class='ocrx_word' id='word_1_520' title='bbox 3474 3387 3751 3451; x_wconf 76' lang='grc' dir='ltr'>διακονίαν,</span> 
     </span>
    </p>
   </div>
   <div class='ocr_carea' id='block_1_84' title="bbox 2181 3477 3752 3558">
    <p class='ocr_par' dir='ltr' id='par_1_84' title="bbox 2181 3477 3752 3558">
     <span class='ocr_line' id='line_1_86' title="bbox 2181 3477 3752 3558; baseline -0.006 -19"><span class='ocrx_word' id='word_1_521' title='bbox 2181 3486 2485 3558; x_wconf 81' lang='grc' dir='ltr'>ἀτρέπτως,</span> <span class='ocrx_word' id='word_1_522' title='bbox 2519 3483 2844 3555; x_wconf 83' lang='grc' dir='ltr'>ἀμέμπτως,</span> <span class='ocrx_word' id='word_1_523' title='bbox 2893 3482 3262 3554; x_wconf 84' lang='grc' dir='ltr'>ἀνεγκλήτως,</span> <span class='ocrx_word' id='word_1_524' title='bbox 3314 3480 3566 3553; x_wconf 81' lang='grc' dir='ltr'>μείζονος</span> <span class='ocrx_word' id='word_1_525' title='bbox 3608 3477 3752 3543; x_wconf 76' lang='grc' dir='ltr'>ἀξιω-</span> 
     </span>
    </p>
   </div>
   <div class='ocr_carea' id='block_1_85' title="bbox 2183 3572 3751 3649">
    <p class='ocr_par' dir='ltr' id='par_1_85' title="bbox 2183 3572 3751 3649">
     <span class='ocr_line' id='line_1_87' title="bbox 2183 3572 3751 3649; baseline -0.004 -18"><span class='ocrx_word' id='word_1_526' title='bbox 2183 3576 2340 3648; x_wconf 81' lang='grc' dir='ltr'>θῆναι</span> <span class='ocrx_word' id='word_1_527' title='bbox 2373 3576 2607 3649; x_wconf 86' lang='grc' dir='ltr'>βαθμοῦ,</span> <span class='ocrx_word' id='word_1_528' title='bbox 2638 3576 2728 3631; x_wconf 83' lang='grc' dir='ltr'><strong>διὰ</strong></span> <span class='ocrx_word' id='word_1_529' title='bbox 2753 3576 2855 3646; x_wconf 77' lang='grc' dir='ltr'>τῆς</span> <span class='ocrx_word' id='word_1_530' title='bbox 2881 3574 3161 3647; x_wconf 84' lang='grc' dir='ltr'>μεσιτείας</span> <span class='ocrx_word' id='word_1_531' title='bbox 3192 3573 3287 3627; x_wconf 78' lang='grc' dir='ltr'><strong>τοῦ</strong></span> <span class='ocrx_word' id='word_1_532' title='bbox 3326 3572 3651 3645; x_wconf 72' lang='grc' dir='ltr'>μονογενοῦς</span> <span class='ocrx_word' id='word_1_533' title='bbox 3676 3589 3751 3624; x_wconf 73' lang='grc' dir='ltr'><strong>σου</strong></span> 
     </span>
    </p>
   </div>
   <div class='ocr_carea' id='block_1_86' title="bbox 2184 3662 3750 3740">
    <p class='ocr_par' dir='ltr' id='par_1_86' title="bbox 2184 3662 3750 3740">
     <span class='ocr_line' id='line_1_88' title="bbox 2184 3662 3750 3740; baseline -0.003 -18"><span class='ocrx_word' id='word_1_534' title='bbox 2184 3668 2337 3722; x_wconf 70' lang='grc' dir='ltr'><strong>Υἱοῦθ</strong></span> <span class='ocrx_word' id='word_1_535' title='bbox 2392 3668 2509 3740; x_wconf 84' lang='grc' dir='ltr'>μεθ’</span> <span class='ocrx_word' id='word_1_536' title='bbox 2553 3662 2614 3723; x_wconf 80' lang='grc' dir='ltr'><strong>οὗ</strong></span> <span class='ocrx_word' id='word_1_537' title='bbox 2659 3685 2743 3722; x_wconf 87' lang='grc' dir='ltr'><strong>σοι</strong></span> <span class='ocrx_word' id='word_1_538' title='bbox 2789 3667 2939 3734; x_wconf 82' lang='grc' dir='ltr'>δόξα,</span> <span class='ocrx_word' id='word_1_539' title='bbox 2991 3668 3125 3740; x_wconf 78' lang='grc' dir='ltr'>τιμὴ</span> <span class='ocrx_word' id='word_1_540' title='bbox 3173 3667 3268 3721; x_wconf 77' lang='grc' dir='ltr'>καὶ</span> <span class='ocrx_word' id='word_1_541' title='bbox 3318 3666 3509 3732; x_wconf 70' lang='grc' dir='ltr'>σέϐας,</span> <span class='ocrx_word' id='word_1_542' title='bbox 3560 3668 3651 3721; x_wconf 78' lang='grc' dir='ltr'>καὶ</span> <span class='ocrx_word' id='word_1_543' title='bbox 3688 3667 3750 3736; x_wconf 64' lang='grc' dir='ltr'><strong>τῷ</strong></span> 
     </span>
    </p>
   </div>
   <div class='ocr_carea' id='block_1_87' title="bbox 2185 3758 3418 3832">
    <p class='ocr_par' dir='ltr' id='par_1_87' title="bbox 2185 3758 3418 3832">
     <span class='ocr_line' id='line_1_89' title="bbox 2185 3758 3418 3832; baseline 0.001 -19"><span class='ocrx_word' id='word_1_544' title='bbox 2185 3759 2324 3832; x_wconf 83' lang='grc' dir='ltr'>ἁγιῳ</span> <span class='ocrx_word' id='word_1_545' title='bbox 2354 3758 2654 3832; x_wconf 85' lang='grc' dir='ltr'>Πνεύματι,</span> <span class='ocrx_word' id='word_1_546' title='bbox 2685 3762 2766 3823; x_wconf 82' lang='grc' dir='ltr'><strong>είς</strong></span> <span class='ocrx_word' id='word_1_547' title='bbox 2793 3761 2920 3823; x_wconf 79' lang='grc' dir='ltr'>τοὺς</span> <span class='ocrx_word' id='word_1_548' title='bbox 2952 3760 3175 3824; x_wconf 74' lang='grc' dir='ltr'>αἰῶνας.</span> <span class='ocrx_word' id='word_1_549' title='bbox 3219 3759 3418 3832; x_wconf 83' lang='grc' dir='ltr'>Ἀμήν.</span> 
     </span>
    </p>
   </div>
   <div class='ocr_carea' id='block_1_88' title="bbox 2712 3851 3245 3907">
    <p class='ocr_par' dir='ltr' id='par_1_88' title="bbox 2712 3851 3245 3907">
     <span class='ocr_line' id='line_1_90' title="bbox 2712 3851 3245 3907; baseline 0.004 -2"><span class='ocrx_word' id='word_1_550' title='bbox 2712 3851 3108 3907; x_wconf 78' lang='grc' dir='ltr'><strong>ΚΕΦΑΛΑΙΟΝ</strong></span> <span class='ocrx_word' id='word_1_551' title='bbox 3145 3853 3245 3907; x_wconf 87' lang='grc' dir='ltr'><strong>ῙΘ’.</strong></span> 
     </span>
    </p>
   </div>
   <div class='ocr_carea' id='block_1_89' title="bbox 2291 3943 3661 4016">
    <p class='ocr_par' dir='ltr' id='par_1_89' title="bbox 2291 3943 3661 4016">
     <span class='ocr_line' id='line_1_91' title="bbox 2291 3943 3661 4016; baseline -0.001 -17"><span class='ocrx_word' id='word_1_552' title='bbox 2291 3944 2431 4016; x_wconf 80' lang='grc' dir='ltr'>Περὶ</span> <span class='ocrx_word' id='word_1_553' title='bbox 2448 3943 2868 4013; x_wconf 78' lang='grc' dir='ltr'>διακονίσσης,</span> <span class='ocrx_word' id='word_1_554' title='bbox 2890 3945 3339 4013; x_wconf 70' lang='grc' dir='ltr'>Βαρθολομαῖον</span> <span class='ocrx_word' id='word_1_555' title='bbox 3370 3943 3661 4011; x_wconf 79' lang='grc' dir='ltr'>διάταξις.</span> 
     </span>
    </p>
   </div>
   <div class='ocr_carea' id='block_1_90' title="bbox 2258 4036 3747 4110">
    <p class='ocr_par' dir='ltr' id='par_1_90' title="bbox 2258 4036 3747 4110">
     <span class='ocr_line' id='line_1_92' title="bbox 2258 4036 3747 4110; baseline -0.001 -19"><span class='ocrx_word' id='word_1_556' title='bbox 2258 4038 2395 4110; x_wconf 76' lang='grc' dir='ltr'>Περὶ</span> <span class='ocrx_word' id='word_1_557' title='bbox 2416 4037 2475 4093; x_wconf 79' lang='grc' dir='ltr'><strong>δὲ</strong></span> <span class='ocrx_word' id='word_1_558' title='bbox 2504 4036 2870 4107; x_wconf 79' lang='grc' dir='ltr'>διακονίσσης,</span> <span class='ocrx_word' id='word_1_559' title='bbox 2902 4037 3306 4109; x_wconf 85' lang='grc' dir='ltr'>Βαρθολομαῖος</span> <span class='ocrx_word' id='word_1_560' title='bbox 3340 4037 3456 4109; x_wconf 76' lang='grc'><strong>(81)</strong></span> <span class='ocrx_word' id='word_1_561' title='bbox 3481 4038 3747 4091; x_wconf 76' lang='grc' dir='ltr'>διατάσσο-</span> 
     </span>
    </p>
   </div>
   <div class='ocr_carea' id='block_1_91' title="bbox 2193 4126 3746 4205">
    <p class='ocr_par' dir='ltr' id='par_1_91' title="bbox 2193 4126 3746 4205">
     <span class='ocr_line' id='line_1_93' title="bbox 2193 4126 3746 4205; baseline -0.001 -20"><span class='ocrx_word' id='word_1_562' title='bbox 2193 4148 2310 4205; x_wconf 78' lang='grc' dir='ltr'>μαι’</span> <span class='ocrx_word' id='word_1_563' title='bbox 2340 4126 2385 4185; x_wconf 77' lang='grc' dir='ltr'>ὦ</span> <span class='ocrx_word' id='word_1_564' title='bbox 2430 4130 2717 4195; x_wconf 74' lang='grc' dir='ltr'>ἐπίσκοπε,</span> <span class='ocrx_word' id='word_1_565' title='bbox 2765 4129 3048 4201; x_wconf 74' lang='grc' dir='ltr'>ἐπιθήσεις</span> <span class='ocrx_word' id='word_1_566' title='bbox 3096 4132 3235 4202; x_wconf 76' lang='grc' dir='ltr'>αὐτῇ</span> <span class='ocrx_word' id='word_1_567' title='bbox 3268 4132 3371 4197; x_wconf 78' lang='grc' dir='ltr'><strong>τὰς</strong></span> <span class='ocrx_word' id='word_1_568' title='bbox 3416 4133 3608 4202; x_wconf 80' lang='grc' dir='ltr'>χεῖρας</span> <span class='ocrx_word' id='word_1_569' title='bbox 3636 4130 3746 4199; x_wconf 72' lang='lat'><strong>(82),</strong></span> 
     </span>
    </p>
   </div>
   <div class='ocr_carea' id='block_1_92' title="bbox 2191 4222 3749 4297">
    <p class='ocr_par' dir='ltr' id='par_1_92' title="bbox 2191 4222 3749 4297">
     <span class='ocr_line' id='line_1_94' title="bbox 2191 4222 3749 4297; baseline -0.002 -20"><span class='ocrx_word' id='word_1_570' title='bbox 2191 4223 2541 4297; x_wconf 83' lang='grc' dir='ltr'>παρεστῶτος</span> <span class='ocrx_word' id='word_1_571' title='bbox 2562 4222 2658 4276; x_wconf 77' lang='grc' dir='ltr'><strong>τοῦ</strong></span> <span class='ocrx_word' id='word_1_572' title='bbox 2686 4223 3081 4295; x_wconf 83' lang='grc' dir='ltr'>πρεσϐυτερίου</span> <span class='ocrx_word' id='word_1_573' title='bbox 3116 4222 3210 4277; x_wconf 73' lang='grc' dir='ltr'>καὶ</span> <span class='ocrx_word' id='word_1_574' title='bbox 3241 4222 3348 4275; x_wconf 83' lang='grc' dir='ltr'>τῶν</span> <span class='ocrx_word' id='word_1_575' title='bbox 3382 4222 3648 4278; x_wconf 78' lang='grc' dir='ltr'>διακόνων</span> <span class='ocrx_word' id='word_1_576' title='bbox 3674 4225 3749 4275; x_wconf 74' lang='grc' dir='ltr'><strong>καὶ</strong></span> 
     </span>
    </p>
   </div>
   <div class='ocr_carea' id='block_1_93' title="bbox 2190 4316 3023 4384">
    <p class='ocr_par' dir='ltr' id='par_1_93' title="bbox 2190 4316 3023 4384">
     <span class='ocr_line' id='line_1_95' title="bbox 2190 4316 3023 4384; baseline -0.005 -12"><span class='ocrx_word' id='word_1_577' title='bbox 2190 4318 2301 4373; x_wconf 84' lang='grc' dir='ltr'><strong>τῶν</strong></span> <span class='ocrx_word' id='word_1_578' title='bbox 2332 4316 2706 4381; x_wconf 83' lang='grc' dir='ltr'>διακονισσῶν,</span> <span class='ocrx_word' id='word_1_579' title='bbox 2736 4316 2831 4370; x_wconf 73' lang='grc' dir='ltr'><strong>καὶ</strong></span> <span class='ocrx_word' id='word_1_580' title='bbox 2860 4317 3023 4384; x_wconf 77' lang='grc' dir='ltr'>ὲρεῖςο</span> 
     </span>
    </p>
   </div>
   <div class='ocr_carea' id='block_1_94' title="bbox 2722 4406 3225 4462">
    <p class='ocr_par' dir='ltr' id='par_1_94' title="bbox 2722 4406 3225 4462">
     <span class='ocr_line' id='line_1_96' title="bbox 2722 4406 3225 4462; baseline -0.006 0"><span class='ocrx_word' id='word_1_581' title='bbox 2722 4406 3118 4462; x_wconf 79' lang='grc' dir='ltr'><strong>ΚΕΦΑΛΑΙΟΝ</strong></span> <span class='ocrx_word' id='word_1_582' title='bbox 3142 4407 3225 4460; x_wconf 83' lang='lat' dir='ltr'><strong>K&#39;.</strong></span> 
     </span>
    </p>
   </div>
   <div class='ocr_carea' id='block_1_95' title="bbox 2330 4496 3646 4569">
    <p class='ocr_par' dir='ltr' id='par_1_95' title="bbox 2330 4496 3646 4569">
     <span class='ocr_line' id='line_1_97' title="bbox 2330 4496 3646 4569; baseline -0.003 -13"><span class='ocrx_word' id='word_1_583' title='bbox 2330 4501 2682 4569; x_wconf 76' lang='grc' dir='ltr'>Ἐπίκλησις</span> <span class='ocrx_word' id='word_1_584' title='bbox 2708 4498 2807 4553; x_wconf 79' lang='grc' dir='ltr'><strong>ἐπὶ</strong></span> <span class='ocrx_word' id='word_1_585' title='bbox 2837 4498 3203 4567; x_wconf 67' lang='grc' dir='ltr'>χειροτονίας</span> <span class='ocrx_word' id='word_1_586' title='bbox 3225 4496 3646 4567; x_wconf 60' lang='lat' dir='ltr'><strong>dedecorive-nc.</strong></span> 
     </span>
    </p>
   </div>
   <div class='ocr_carea' id='block_1_96' title="bbox 2275 4588 3748 4664">
    <p class='ocr_par' dir='ltr' id='par_1_96' title="bbox 2275 4588 3748 4664">
     <span class='ocr_line' id='line_1_98' title="bbox 2275 4588 3748 4664; baseline -0.003 -16"><span class='ocrx_word' id='word_1_587' title='bbox 2275 4593 2333 4648; x_wconf 89' lang='lat'><strong>&#39;0</strong></span> <span class='ocrx_word' id='word_1_588' title='bbox 2386 4593 2518 4657; x_wconf 80' lang='grc' dir='ltr'>Θεὸς</span> <span class='ocrx_word' id='word_1_589' title='bbox 2569 4594 2599 4647; x_wconf 83' lang='grc' dir='ltr'><em>ὁ</em></span> <span class='ocrx_word' id='word_1_590' title='bbox 2653 4590 2888 4657; x_wconf 74' lang='grc' dir='ltr'>αἰώνιος,</span> <span class='ocrx_word' id='word_1_591' title='bbox 2930 4591 2960 4644; x_wconf 86' lang='grc' dir='ltr'>ὁ</span> <span class='ocrx_word' id='word_1_592' title='bbox 3006 4589 3197 4664; x_wconf 81' lang='grc' dir='ltr'>Πατὴρ</span> <span class='ocrx_word' id='word_1_593' title='bbox 3239 4589 3337 4644; x_wconf 80' lang='grc' dir='ltr'>τοῦ</span> <span class='ocrx_word' id='word_1_594' title='bbox 3369 4590 3581 4664; x_wconf 81' lang='grc' dir='ltr'>Κυρίου</span> <span class='ocrx_word' id='word_1_595' title='bbox 3618 4588 3748 4661; x_wconf 72' lang='grc' dir='ltr'>ἡμῶν</span> 
     </span>
    </p>
   </div>
   <div class='ocr_carea' id='block_1_97' title="bbox 1850 4944 2476 5005">
    <p class='ocr_par' dir='ltr' id='par_1_97' title="bbox 1850 4944 2476 5005">
     <span class='ocr_line' id='line_1_99' title="bbox 1850 4944 2476 5005; baseline 0.002 -4"><span class='ocrx_word' id='word_1_596' title='bbox 1850 4944 2213 5004; x_wconf 79' lang='lat' dir='ltr'><strong>VABIORUM</strong></span> <span class='ocrx_word' id='word_1_597' title='bbox 2246 4946 2476 5005; x_wconf 75' lang='grc' dir='ltr'>ΝΟΤιΕ.</span> 
     </span>
    </p>
   </div>
   <div class='ocr_carea' id='block_1_98' title="bbox 518 5080 2088 5157">
    <p class='ocr_par' dir='ltr' id='par_1_98' title="bbox 518 5080 2088 5157">
     <span class='ocr_line' id='line_1_100' title="bbox 518 5080 2088 5157; baseline -0.002 -15"><span class='ocrx_word' id='word_1_598' title='bbox 518 5083 829 5157; x_wconf 81' lang='lat' dir='ltr'><strong>Augustini,</strong></span> <span class='ocrx_word' id='word_1_599' title='bbox 893 5089 1089 5154; x_wconf 69' lang='lat' dir='ltr'><strong>quaest.</strong></span> <span class='ocrx_word' id='word_1_600' title='bbox 1147 5083 1274 5147; x_wconf 75' lang='lat' dir='ltr'><strong>IOI,</strong></span> <span class='ocrx_word' id='word_1_601' title='bbox 1331 5080 1481 5137; x_wconf 82' lang='lat' dir='ltr'><strong>dicit</strong></span> <span class='ocrx_word' id='word_1_602' title='bbox 1514 5082 1830 5157; x_wconf 81' lang='lat' dir='ltr'><strong>testimonio</strong></span> <span class='ocrx_word' id='word_1_603' title='bbox 1870 5083 2088 5157; x_wconf 87' lang='lat' dir='ltr'><strong>diaconi</strong></span> 
     </span>
    </p>
   </div>
   <div class='ocr_carea' id='block_1_99' title="bbox 521 5154 2088 5226">
    <p class='ocr_par' dir='ltr' id='par_1_99' title="bbox 521 5154 2088 5226">
     <span class='ocr_line' id='line_1_101' title="bbox 521 5154 2088 5226; baseline -0.002 -15"><span class='ocrx_word' id='word_1_604' title='bbox 521 5154 639 5212; x_wconf 62' lang='lat' dir='ltr'><strong>lier&#39;i</strong></span> <span class='ocrx_word' id='word_1_605' title='bbox 668 5157 1096 5226; x_wconf 82' lang='lat' dir='ltr'><strong>presbyterum:</strong></span> <span class='ocrx_word' id='word_1_606' title='bbox 1124 5169 1287 5224; x_wconf 90' lang='lat' dir='ltr'><strong>quam</strong></span> <span class='ocrx_word' id='word_1_607' title='bbox 1314 5154 1772 5226; x_wconf 71' lang='lat' dir='ltr'><strong>consuetudinem</strong></span> <span class='ocrx_word' id='word_1_608' title='bbox 1789 5155 1954 5226; x_wconf 89' lang='lat' dir='ltr'><strong>unius</strong></span> <span class='ocrx_word' id='word_1_609' title='bbox 1994 5171 2088 5209; x_wconf 89' lang='lat' dir='ltr'><strong>ur-</strong></span> 
     </span>
    </p>
   </div>
   <div class='ocr_carea' id='block_1_100' title="bbox 520 5222 2083 5294">
    <p class='ocr_par' dir='ltr' id='par_1_100' title="bbox 520 5222 2083 5294">
     <span class='ocr_line' id='line_1_102' title="bbox 520 5222 2083 5294; baseline 0.002 -16"><span class='ocrx_word' id='word_1_610' title='bbox 520 5227 608 5294; x_wconf 77' lang='lat' dir='ltr'><strong>bis</strong></span> <span class='ocrx_word' id='word_1_611' title='bbox 659 5222 853 5279; x_wconf 76' lang='lat' dir='ltr'><strong>Romae</strong></span> <span class='ocrx_word' id='word_1_612' title='bbox 891 5240 1015 5280; x_wconf 86' lang='lat' dir='ltr'><strong>esse</strong></span> <span class='ocrx_word' id='word_1_613' title='bbox 1044 5222 1309 5294; x_wconf 80' lang='lat' dir='ltr'><strong>docemur</strong></span> <span class='ocrx_word' id='word_1_614' title='bbox 1330 5224 1400 5278; x_wconf 89' lang='lat' dir='ltr'><strong>ab</strong></span> <span class='ocrx_word' id='word_1_615' title='bbox 1432 5222 1760 5293; x_wconf 76' lang='lat' dir='ltr'><strong>Hieronymo</strong></span> <span class='ocrx_word' id='word_1_616' title='bbox 1790 5225 1952 5294; x_wconf 88' lang='lat' dir='ltr'><strong>epist.</strong></span> <span class='ocrx_word' id='word_1_617' title='bbox 1994 5226 2083 5281; x_wconf 80' lang='lat'><strong>85.</strong></span> 
     </span>
    </p>
   </div>
   <div class='ocr_carea' id='block_1_101' title="bbox 524 5292 2085 5364">
    <p class='ocr_par' dir='ltr' id='par_1_101' title="bbox 524 5292 2085 5364">
     <span class='ocr_line' id='line_1_103' title="bbox 524 5292 2085 5364; baseline 0.002 -15"><span class='ocrx_word' id='word_1_618' title='bbox 524 5292 656 5351; x_wconf 80' lang='lat' dir='ltr'><strong>Vide</strong></span> <span class='ocrx_word' id='word_1_619' title='bbox 689 5297 735 5350; x_wconf 92' lang='lat' dir='ltr'><strong>si</strong></span> <span class='ocrx_word' id='word_1_620' title='bbox 788 5296 933 5349; x_wconf 90' lang='lat' dir='ltr'><strong>lubet</strong></span> <span class='ocrx_word' id='word_1_621' title='bbox 964 5296 1255 5350; x_wconf 85' lang='lat' dir='ltr'><strong>concilium</strong></span> <span class='ocrx_word' id='word_1_622' title='bbox 1285 5293 1538 5364; x_wconf 81' lang='lat' dir='ltr'><strong>Carthag.</strong></span> <span class='ocrx_word' id='word_1_623' title='bbox 1567 5292 1649 5360; x_wconf 80' lang='lat' dir='ltr'><strong>Iv,</strong></span> <span class='ocrx_word' id='word_1_624' title='bbox 1672 5308 1797 5364; x_wconf 75' lang='lat' dir='ltr'><strong>can.</strong></span> <span class='ocrx_word' id='word_1_625' title='bbox 1825 5292 1915 5349; x_wconf 66' lang='lat'><strong>92.</strong></span> <span class='ocrx_word' id='word_1_626' title='bbox 1948 5294 2085 5352; x_wconf 84' lang='lat' dir='ltr'><strong>Cor.</strong></span> 
     </span>
    </p>
   </div>
   <div class='ocr_carea' id='block_1_102' title="bbox 595 5362 2091 5435">
    <p class='ocr_par' dir='ltr' id='par_1_102' title="bbox 595 5362 2091 5435">
     <span class='ocr_line' id='line_1_104' title="bbox 595 5362 2091 5435; baseline 0.002 -16"><span class='ocrx_word' id='word_1_627' title='bbox 595 5366 706 5435; x_wconf 85' lang='lat'><strong>(80)</strong></span> <span class='ocrx_word' id='word_1_628' title='bbox 741 5365 901 5421; x_wconf 89' lang='lat' dir='ltr'><strong>Deest</strong></span> <span class='ocrx_word' id='word_1_629' title='bbox 957 5365 1074 5420; x_wconf 76' lang='lat' dir='ltr'><strong>haec</strong></span> <span class='ocrx_word' id='word_1_630' title='bbox 1126 5365 1412 5435; x_wconf 89' lang='lat' dir='ltr'><strong>inscriptio</strong></span> <span class='ocrx_word' id='word_1_631' title='bbox 1443 5362 1649 5435; x_wconf 45' lang='lat' dir='ltr'><strong>in&#39;eod.</strong></span> <span class='ocrx_word' id='word_1_632' title='bbox 1683 5362 1917 5419; x_wconf 86' lang='lat' dir='ltr'><strong>Vindob.</strong></span> <span class='ocrx_word' id='word_1_633' title='bbox 1941 5367 2091 5434; x_wconf 82' lang='lat' dir='ltr'><strong>ejus—</strong></span> 
     </span>
    </p>
   </div>
   <div class='ocr_carea' id='block_1_103' title="bbox 522 5434 2090 5506">
    <p class='ocr_par' dir='ltr' id='par_1_103' title="bbox 522 5434 2090 5506">
     <span class='ocr_line' id='line_1_105' title="bbox 522 5434 2090 5506; baseline 0.001 -19"><span class='ocrx_word' id='word_1_634' title='bbox 522 5452 628 5504; x_wconf 82' lang='lat' dir='ltr'><strong>que</strong></span> <span class='ocrx_word' id='word_1_635' title='bbox 677 5434 800 5506; x_wconf 83' lang='lat' dir='ltr'><strong>leco</strong></span> <span class='ocrx_word' id='word_1_636' title='bbox 841 5436 958 5490; x_wconf 65' lang='lat' dir='ltr'><strong>hinc</strong></span> <span class='ocrx_word' id='word_1_637' title='bbox 1006 5437 1261 5506; x_wconf 85' lang='lat' dir='ltr'><strong>leguntur</strong></span> <span class='ocrx_word' id='word_1_638' title='bbox 1293 5434 1314 5491; x_wconf 73' lang='grc' dir='ltr'>Ξ</span> <span class='ocrx_word' id='word_1_639' title='bbox 1341 5436 1476 5506; x_wconf 77' lang='grc' dir='ltr'>Περὶ</span> <span class='ocrx_word' id='word_1_640' title='bbox 1507 5435 1564 5488; x_wconf 81' lang='grc' dir='ltr'><strong>δὲ</strong></span> <span class='ocrx_word' id='word_1_641' title='bbox 1592 5434 1691 5506; x_wconf 74' lang='grc' dir='ltr'>τῆς</span> <span class='ocrx_word' id='word_1_642' title='bbox 1736 5437 2090 5504; x_wconf 84' lang='grc' dir='ltr'>χειροτονίας,</span> 
     </span>
    </p>
   </div>
   <div class='ocr_carea' id='block_1_104' title="bbox 457 5501 2090 5580">
    <p class='ocr_par' dir='ltr' id='par_1_104' title="bbox 457 5501 2090 5580">
     <span class='ocr_line' id='line_1_106' title="bbox 457 5501 2090 5580; baseline 0.001 -22"><span class='ocrx_word' id='word_1_643' title='bbox 457 5562 466 5580; x_wconf 39' lang='grc' dir='ltr'><strong>ι</strong></span> <span class='ocrx_word' id='word_1_644' title='bbox 522 5501 711 5580; x_wconf 51' lang='grc' dir='ltr'>καιτά</span> <span class='ocrx_word' id='word_1_645' title='bbox 741 5501 889 5576; x_wconf 78' lang='grc' dir='ltr'>ἑξῆς,</span> <span class='ocrx_word' id='word_1_646' title='bbox 922 5501 1243 5580; x_wconf 67' lang='lat' dir='ltr'><strong>addifohoc</strong></span> <span class='ocrx_word' id='word_1_647' title='bbox 1278 5501 1837 5580; x_wconf 38' lang='lat' dir='ltr'><strong>schol-io_:_¢i1tr_:rro§&#39;</strong></span> <span class='ocrx_word' id='word_1_648' title='bbox 1873 5507 2090 5580; x_wconf 77' lang='grc' dir='ltr'>Ἀσιανῇ</span> 
     </span>
    </p>
   </div>
   <div class='ocr_carea' id='block_1_105' title="bbox 520 5566 2093 5647">
    <p class='ocr_par' dir='ltr' id='par_1_105' title="bbox 520 5566 2093 5647">
     <span class='ocr_line' id='line_1_107' title="bbox 520 5566 2093 5647; baseline 0.001 -19"><span class='ocrx_word' id='word_1_649' title='bbox 520 5566 797 5647; x_wconf 51' lang='grc' dir='ltr'>διοικήσει</span> <span class='ocrx_word' id='word_1_650' title='bbox 810 5566 1051 5647; x_wconf 76' lang='grc' dir='ltr'>κηρύξας</span> <span class='ocrx_word' id='word_1_651' title='bbox 1080 5578 1171 5630; x_wconf 81' lang='grc' dir='ltr'>τὸν</span> <span class='ocrx_word' id='word_1_652' title='bbox 1199 5575 1461 5647; x_wconf 78' lang='grc' dir='ltr'>ζωοποιὸν</span> <span class='ocrx_word' id='word_1_653' title='bbox 1491 5576 1668 5647; x_wconf 84' lang='grc' dir='ltr'>λόγον,</span> <span class='ocrx_word' id='word_1_654' title='bbox 1697 5576 1755 5626; x_wconf 80' lang='grc' dir='ltr'>ὲν</span> <span class='ocrx_word' id='word_1_655' title='bbox 1784 5566 2093 5647; x_wconf 15' lang='grc' dir='ltr'>*Ἱεραπόλέὶ</span> 
     </span>
    </p>
   </div>
   <div class='ocr_carea' id='block_1_106' title="bbox 520 5645 2093 5734">
    <p class='ocr_par' dir='ltr' id='par_1_106' title="bbox 520 5645 2093 5734">
     <span class='ocr_line' id='line_1_108' title="bbox 520 5645 2093 5734; baseline 0.001 -37"><span class='ocrx_word' id='word_1_656' title='bbox 520 5645 895 5734; x_wconf 31' lang='grc' dir='ltr'>τῆςμὶρυγκίας</span> <span class='ocrx_word' id='word_1_657' title='bbox 918 5647 1231 5734; x_wconf 45' lang='grc' dir='ltr'><strong>Λτιξθαξττμι,Δ</strong></span> <span class='ocrx_word' id='word_1_658' title='bbox 1260 5646 1376 5717; x_wconf 76' lang='grc' dir='ltr'>ἅμα</span> <span class='ocrx_word' id='word_1_659' title='bbox 1406 5650 1527 5727; x_wconf 74' lang='grc' dir='ltr'>ταῖς</span> <span class='ocrx_word' id='word_1_660' title='bbox 1557 5645 1908 5734; x_wconf 55' lang='grc' dir='ltr'>θυγατράσιν,</span> <span class='ocrx_word' id='word_1_661' title='bbox 1954 5665 2093 5734; x_wconf 54' lang='grc' dir='ltr'>μαρῖ</span> 
     </span>
    </p>
   </div>
   <div class='ocr_carea' id='block_1_107' title="bbox 522 5712 2091 5789">
    <p class='ocr_par' dir='ltr' id='par_1_107' title="bbox 522 5712 2091 5789">
     <span class='ocr_line' id='line_1_109' title="bbox 522 5712 2091 5789; baseline 0.003 -22"><span class='ocrx_word' id='word_1_662' title='bbox 522 5712 708 5788; x_wconf 71' lang='grc' dir='ltr'>τυρίῳ’</span> <span class='ocrx_word' id='word_1_663' title='bbox 730 5712 1030 5783; x_wconf 74' lang='grc' dir='ltr'>τελειωθεὶς</span> <span class='ocrx_word' id='word_1_664' title='bbox 1068 5717 1159 5771; x_wconf 70' lang='grc' dir='ltr'><strong>ἐπὶ</strong></span> <span class='ocrx_word' id='word_1_665' title='bbox 1204 5712 1526 5789; x_wconf 77' lang='grc' dir='ltr'>Δομετιανοῦ</span> <span class='ocrx_word' id='word_1_666' title='bbox 1576 5712 1994 5780; x_wconf 69' lang='grc' dir='ltr'>αὐτοκοάποοξ.</span> <span class='ocrx_word' id='word_1_667' title='bbox 2034 5712 2091 5771; x_wconf 78' lang='grc' dir='ltr'>ὐ</span> 
     </span>
    </p>
   </div>
   <div class='ocr_carea' id='block_1_108' title="bbox 2192 5083 3751 5156">
    <p class='ocr_par' dir='ltr' id='par_1_108' title="bbox 2192 5083 3751 5156">
     <span class='ocr_line' id='line_1_110' title="bbox 2192 5083 3751 5156; baseline -0.001 -17"><span class='ocrx_word' id='word_1_668' title='bbox 2192 5085 2291 5150; x_wconf 85' lang='grc' dir='ltr'>τὰς</span> <span class='ocrx_word' id='word_1_669' title='bbox 2321 5083 2628 5156; x_wconf 88' lang='grc' dir='ltr'>θυγατέρας</span> <span class='ocrx_word' id='word_1_670' title='bbox 2651 5083 2788 5156; x_wconf 76' lang='grc' dir='ltr'>ἔχων</span> <span class='ocrx_word' id='word_1_671' title='bbox 2804 5084 3070 5156; x_wconf 81' lang='grc' dir='ltr'>Φίλιππος</span> <span class='ocrx_word' id='word_1_672' title='bbox 3096 5083 3162 5138; x_wconf 80' lang='grc' dir='ltr'>ὲκ</span> <span class='ocrx_word' id='word_1_673' title='bbox 3180 5084 3289 5138; x_wconf 85' lang='grc' dir='ltr'><strong>τῶν</strong></span> <span class='ocrx_word' id='word_1_674' title='bbox 3308 5083 3353 5149; x_wconf 81' lang='grc' dir='ltr'><strong>ζ’</strong></span> <span class='ocrx_word' id='word_1_675' title='bbox 3382 5083 3556 5139; x_wconf 76' lang='grc' dir='ltr'>ἐστίν.</span> <span class='ocrx_word' id='word_1_676' title='bbox 3597 5087 3651 5140; x_wconf 86' lang='grc' dir='ltr'>Ὀ</span> <span class='ocrx_word' id='word_1_677' title='bbox 3675 5084 3751 5141; x_wconf 73' lang='grc' dir='ltr'>καὶ</span> 
     </span>
    </p>
   </div>
   <div class='ocr_carea' id='block_1_109' title="bbox 2192 5154 3103 5227">
    <p class='ocr_par' dir='ltr' id='par_1_109' title="bbox 2192 5154 3103 5227">
     <span class='ocr_line' id='line_1_111' title="bbox 2192 5154 3103 5227; baseline -0.001 -17"><span class='ocrx_word' id='word_1_678' title='bbox 2192 5157 2286 5227; x_wconf 80' lang='grc' dir='ltr'><strong>τὸν</strong></span> <span class='ocrx_word' id='word_1_679' title='bbox 2304 5154 2579 5227; x_wconf 14' lang='grc' dir='ltr'>,Εὐνοῦχον</span> <span class='ocrx_word' id='word_1_680' title='bbox 2610 5154 2911 5227; x_wconf 47' lang='grc' dir='ltr'>βαπτίσας.-</span> <span class='ocrx_word' id='word_1_681' title='bbox 2933 5155 3103 5227; x_wconf 63' lang='lat' dir='ltr'><strong>CLI-:1}.</strong></span> 
     </span>
    </p>
   </div>
   <div class='ocr_carea' id='block_1_110' title="bbox 2268 5223 3749 5295">
    <p class='ocr_par' dir='ltr' id='par_1_110' title="bbox 2268 5223 3749 5295">
     <span class='ocr_line' id='line_1_112' title="bbox 2268 5223 3749 5295; baseline 0 -15"><span class='ocrx_word' id='word_1_682' title='bbox 2268 5224 2381 5295; x_wconf 73' lang='grc' dir='ltr'>(δι)</span> <span class='ocrx_word' id='word_1_683' title='bbox 2414 5223 2875 5295; x_wconf 66' lang='grc' dir='ltr'>Βαρθοξὶομαῖος.</span> <span class='ocrx_word' id='word_1_684' title='bbox 2895 5225 2951 5279; x_wconf 92' lang='lat' dir='ltr'><strong>In</strong></span> <span class='ocrx_word' id='word_1_685' title='bbox 2971 5224 3098 5278; x_wconf 88' lang='lat' dir='ltr'><strong>cod.</strong></span> <span class='ocrx_word' id='word_1_686' title='bbox 3132 5223 3298 5279; x_wconf 80' lang='lat' dir='ltr'><strong>Vind.</strong></span> <span class='ocrx_word' id='word_1_687' title='bbox 3332 5225 3425 5281; x_wconf 89' lang='lat' dir='ltr'><strong>hic</strong></span> <span class='ocrx_word' id='word_1_688' title='bbox 3456 5226 3650 5295; x_wconf 84' lang='lat' dir='ltr'><strong>legitur</strong></span> <span class='ocrx_word' id='word_1_689' title='bbox 3668 5226 3749 5280; x_wconf 84' lang='lat' dir='ltr'><strong>hoc</strong></span> 
     </span>
    </p>
   </div>
   <div class='ocr_carea' id='block_1_111' title="bbox 2195 5294 3749 5367">
    <p class='ocr_par' dir='ltr' id='par_1_111' title="bbox 2195 5294 3749 5367">
     <span class='ocr_line' id='line_1_113' title="bbox 2195 5294 3749 5367; baseline -0.001 -17"><span class='ocrx_word' id='word_1_690' title='bbox 2195 5294 2443 5367; x_wconf 87' lang='lat' dir='ltr'><strong>scholion</strong></span> <span class='ocrx_word' id='word_1_691' title='bbox 2476 5294 2924 5367; x_wconf 16' lang='lat' dir='ltr'><strong>:ﬁBapOoilopaioc;</strong></span> <span class='ocrx_word' id='word_1_692' title='bbox 2968 5295 3159 5367; x_wconf 67' lang='grc' dir='ltr'><strong>ἸνδοῖςΔ</strong></span> <span class='ocrx_word' id='word_1_693' title='bbox 3191 5295 3253 5347; x_wconf 86' lang='grc' dir='ltr'>τὸ</span> <span class='ocrx_word' id='word_1_694' title='bbox 3301 5294 3447 5349; x_wconf 87' lang='grc' dir='ltr'><strong>κατά</strong></span> <span class='ocrx_word' id='word_1_695' title='bbox 3502 5294 3749 5367; x_wconf 66' lang='grc' dir='ltr'>Ματθαῑον</span> 
     </span>
    </p>
   </div>
   <div class='ocr_carea' id='block_1_112' title="bbox 2194 5363 3746 5437">
    <p class='ocr_par' dir='ltr' id='par_1_112' title="bbox 2194 5363 3746 5437">
     <span class='ocr_line' id='line_1_114' title="bbox 2194 5363 3746 5437; baseline 0.001 -19"><span class='ocrx_word' id='word_1_696' title='bbox 2194 5366 2457 5437; x_wconf 77' lang='grc' dir='ltr'>ἐκήρυξεν</span> <span class='ocrx_word' id='word_1_697' title='bbox 2486 5363 2834 5437; x_wconf 79' lang='grc' dir='ltr'>Εὐαγγέλιον,</span> <span class='ocrx_word' id='word_1_698' title='bbox 2865 5366 2929 5437; x_wconf 73' lang='grc' dir='ltr'>ὃς</span> <span class='ocrx_word' id='word_1_699' title='bbox 2952 5366 3047 5437; x_wconf 74' lang='grc' dir='ltr'>καὶ</span> <span class='ocrx_word' id='word_1_700' title='bbox 3076 5363 3341 5437; x_wconf 73' lang='grc' dir='ltr'>τέθαπται</span> <span class='ocrx_word' id='word_1_701' title='bbox 3370 5368 3447 5437; x_wconf 50' lang='grc' dir='ltr'>ἐν</span> <span class='ocrx_word' id='word_1_702' title='bbox 3495 5368 3659 5437; x_wconf 72' lang='grc' dir='ltr'>Ἰνδίᾳ.</span> <span class='ocrx_word' id='word_1_703' title='bbox 3689 5366 3746 5419; x_wconf 77' lang='grc' dir='ltr'>ιι.</span> 
     </span>
    </p>
   </div>
   <div class='ocr_carea' id='block_1_113' title="bbox 2266 5434 3749 5507">
    <p class='ocr_par' dir='ltr' id='par_1_113' title="bbox 2266 5434 3749 5507">
     <span class='ocr_line' id='line_1_115' title="bbox 2266 5434 3749 5507; baseline -0.003 -16"><span class='ocrx_word' id='word_1_704' title='bbox 2266 5434 2378 5507; x_wconf 61' lang='grc'><strong>(82)</strong></span> <span class='ocrx_word' id='word_1_705' title='bbox 2417 5434 2757 5502; x_wconf 80' lang='grc' dir='ltr'>Ἐπιθήσεις</span> <span class='ocrx_word' id='word_1_706' title='bbox 2783 5435 2937 5507; x_wconf 57' lang='grc' dir='ltr'>αὐτῇ</span> <span class='ocrx_word' id='word_1_707' title='bbox 2972 5436 3077 5501; x_wconf 83' lang='grc' dir='ltr'>τὰς</span> <span class='ocrx_word' id='word_1_708' title='bbox 3091 5434 3749 5507; x_wconf 40' lang='grc' dir='ltr'>χεῖρας.ῖῖτεηιιεηίἰεςίο</span> 
     </span>
    </p>
   </div>
   <div class='ocr_carea' id='block_1_114' title="bbox 2194 5505 3750 5570">
    <p class='ocr_par' dir='ltr' id='par_1_114' title="bbox 2194 5505 3750 5570">
     <span class='ocr_line' id='line_1_116' title="bbox 2194 5505 3750 5570; baseline -0.002 -8"><span class='ocrx_word' id='word_1_709' title='bbox 2194 5505 2283 5562; x_wconf 84' lang='lat' dir='ltr'><strong>me</strong></span> <span class='ocrx_word' id='word_1_710' title='bbox 2312 5506 2507 5570; x_wconf 58' lang='lat' dir='ltr'><strong>Graeci,</strong></span> <span class='ocrx_word' id='word_1_711' title='bbox 2541 5508 2827 5561; x_wconf 88' lang='lat' dir='ltr'><strong>rarissime</strong></span> <span class='ocrx_word' id='word_1_712' title='bbox 2855 5505 3058 5561; x_wconf 88' lang='lat' dir='ltr'><strong>Latini.</strong></span> <span class='ocrx_word' id='word_1_713' title='bbox 3090 5505 3298 5560; x_wconf 68' lang='lat' dir='ltr'><strong>Praeter</strong></span> <span class='ocrx_word' id='word_1_714' title='bbox 3338 5505 3750 5561; x_wconf 65' lang='lat' dir='ltr'><strong>Worinatienses</strong></span> 
     </span>
    </p>
   </div>
   <div class='ocr_carea' id='block_1_115' title="bbox 2195 5575 3748 5641">
    <p class='ocr_par' dir='ltr' id='par_1_115' title="bbox 2195 5575 3748 5641">
     <span class='ocr_line' id='line_1_117' title="bbox 2195 5575 3748 5641; baseline -0.003 -10"><span class='ocrx_word' id='word_1_715' title='bbox 2195 5576 2387 5632; x_wconf 89' lang='lat' dir='ltr'><strong>Patres</strong></span> <span class='ocrx_word' id='word_1_716' title='bbox 2435 5592 2503 5631; x_wconf 82' lang='lat' dir='ltr'><strong>ex</strong></span> <span class='ocrx_word' id='word_1_717' title='bbox 2560 5577 2799 5631; x_wconf 89' lang='lat' dir='ltr'><strong>concilio</strong></span> <span class='ocrx_word' id='word_1_718' title='bbox 2841 5576 3302 5641; x_wconf 88' lang='lat' dir='ltr'><strong>Chalcedonensi,</strong></span> <span class='ocrx_word' id='word_1_719' title='bbox 3346 5576 3679 5631; x_wconf 82' lang='lat' dir='ltr'><strong>Fortunatus</strong></span> <span class='ocrx_word' id='word_1_720' title='bbox 3708 5575 3748 5627; x_wconf 86' lang='lat' dir='ltr'><strong>in</strong></span> 
     </span>
    </p>
   </div>
   <div class='ocr_carea' id='block_1_116' title="bbox 2208 5646 3744 5717">
    <p class='ocr_par' dir='ltr' id='par_1_116' title="bbox 2208 5646 3744 5717">
     <span class='ocr_line' id='line_1_118' title="bbox 2208 5646 3744 5717; baseline -0.001 -18"><span class='ocrx_word' id='word_1_721' title='bbox 2208 5646 2328 5701; x_wconf 84' lang='lat' dir='ltr'><strong>Vita</strong></span> <span class='ocrx_word' id='word_1_722' title='bbox 2354 5646 2712 5717; x_wconf 81' lang='lat' dir='ltr'><strong>Radegundis.</strong></span> <span class='ocrx_word' id='word_1_723' title='bbox 2749 5646 2917 5700; x_wconf 83' lang='lat' dir='ltr'><strong>Manu</strong></span> <span class='ocrx_word' id='word_1_724' title='bbox 2944 5646 3277 5717; x_wconf 73' lang='lat' dir='ltr'><strong>superposita</strong></span> <span class='ocrx_word' id='word_1_725' title='bbox 3307 5650 3633 5701; x_wconf 71' lang='lat' dir='ltr'><strong>conseri-crit</strong></span> <span class='ocrx_word' id='word_1_726' title='bbox 3660 5648 3744 5699; x_wconf 72' lang='lat' dir='ltr'><strong>die-</strong></span> 
     </span>
    </p>
   </div>
   <div class='ocr_carea' id='block_1_117' title="bbox 2195 5718 3585 5791">
    <p class='ocr_par' dir='ltr' id='par_1_117' title="bbox 2195 5718 3585 5791">
     <span class='ocr_line' id='line_1_119' title="bbox 2195 5718 3585 5791; baseline 0.001 -19"><span class='ocrx_word' id='word_1_727' title='bbox 2195 5735 2381 5773; x_wconf 85' lang='lat' dir='ltr'><strong>conam</strong></span> <span class='ocrx_word' id='word_1_728' title='bbox 2412 5718 2702 5774; x_wconf 84' lang='lat' dir='ltr'><strong>Medardus</strong></span> <span class='ocrx_word' id='word_1_729' title='bbox 2728 5719 3039 5791; x_wconf 83' lang='lat' dir='ltr'><strong>episcopus.</strong></span> <span class='ocrx_word' id='word_1_730' title='bbox 3072 5718 3207 5774; x_wconf 80' lang='lat' dir='ltr'><strong>Vide</strong></span> <span class='ocrx_word' id='word_1_731' title='bbox 3232 5734 3423 5788; x_wconf 87' lang='lat' dir='ltr'><strong>supra.</strong></span> <span class='ocrx_word' id='word_1_732' title='bbox 3449 5718 3585 5774; x_wconf 84' lang='lat' dir='ltr'><strong>Cor.</strong></span> 
     </span>
    </p>
   </div>
  </div>
