3872 6346
430 286 567 343 "39

961 392 1190 453 CAPUT
1229 389 1494 447 XXXVII.

812 512 1119 567 Gratiarum
1146 508 1288 562 actio
1318 502 1626 560 lucernalis.

504 627 671 691 Deus,
710 622 963 696 principii
1014 634 1212 691 expers
1259 630 1324 671 ac
1373 616 1480 669 fine
1516 625 1729 674 carens,
1772 607 2017 664 omnium

430 738 529 793 per
556 720 838 776 Christum
873 713 1057 785 Opifex
1105 718 1159 767 et
1206 718 1409 773 rector,
1459 712 1585 760 ante
1636 709 1837 758 cuncta
1887 713 2018 754 vero

433 815 581 869 illius
612 812 754 865 Deus
784 824 849 862 ac
886 806 1069 867 Pater.
1115 802 1355 874 Spiritus
1398 798 1684 861 Dominus,
1731 801 1787 849 et
1826 805 2018 848 eorum

431 922 555 976 qua:
576 900 803 971 intelligi
829 914 892 952 ac
916 896 1103 952 sentiri
1130 903 1360 965 possunt
1389 906 1513 956 rex;
1546 886 1637 958 qui
1669 884 1844 940 fecisti
1872 882 2017 937 diem

432 974 499 1053 ad
526 1010 689 1066 Opera
720 992 885 1055 lucis,
918 998 973 1044 et
1028 997 1242 1042 noctem
1293 985 1359 1037 ad
1396 981 1641 1052 requiem
1680 974 2018 1031 infirmitatis

1318 276 1375 332 S.
1411 270 1806 331 CLEMENTIS
1841 268 1861 324 Ι
1895 267 2062 324 ROM.
2098 264 2301 322 PONT.
2342 260 2570 319 OPERA
2610 258 2842 316 DUBIA.

2052 394 2100 449 Δ

3565 259 3701 315 mo

2638 373 3032 429 ΚΕΦΔΛᾹῙΟΝ
3074 373 3192 427 ΛΖ’.

2520 488 2892 560 Εὐχάριστία
2926 486 3291 553 ἐπιλύχνιος.

2201 610 2258 663 '0
2275 608 2509 679 ἄναρχος
2537 604 2668 667 Θεὸς
2690 602 2785 657 καὶ
2811 599 3185 671 ἀτελεύτητος,
3214 599 3243 652 6
3269 594 3378 649 τῶν
3406 595 3546 651 ὅλων
3564 614 3709 669 ποιη-

2116 702 2216 771 τὴς
2253 700 2341 753 διὰ
2388 695 2625 771 Χριστοῦ
2657 694 2752 749 καὶ
2781 691 3055 766 κηδεμὼν,
3084 691 3190 762 πρὸ
3227 690 3285 743 δὲ
3331 690 3556 744 πάντων
3594 691 3703 764 (51)

2117 790 2283 846 αὐτοῦ
2331 789 2464 853 Θεὸς
2506 789 2599 842 καὶ
2638 786 2849 858 Πατὴρ,
2884 787 2913 839 6
2948 783 3043 837 τοῦ
3089 783 3407 855 Πνεῦματος
3447 784 3561 856 (52)
3597 786 3707 839 K6-

2119 902 2233 957 ριος
2267 882 2402 954 (53),
2454 882 2547 934 καὶ
2586 879 2694 933 τῶν
2739 876 2945 949 νοητῶν
2978 877 3072 930 καὶ
3112 875 3389 945 αἰσθητῶν
3433 876 3705 947 βασιλεὺς,

2119 976 2350 1047 ποιήσας
2380 973 2590 1044 ἡμέραν
2617 971 2751 1043 πρὸς
2771 970 2907 1042 ἔργα
2936 969 3133 1039 φωτὸς,
3158 971 3252 1021 καὶ
3282 968 3455 1022 νύκτα
3478 971 3559 1033 εἰς
3586 970 3710 1023 ἀνά·

2118 1083 2318 1120 παυσιν
2350 1065 2449 1136 τῆς
2480 1063 2762 1126 ἀσθενείας
2799 1061 2978 1133 ἡμῶν·
3040 1080 3059 1113 ι
3098 1060 3173 1133 Σὴ
3199 1061 3307 1132 γάρ
3328 1062 3479 1114 ἐστιν
3508 1062 3708 1132 ἡμέρα,

1907 1156 2016 1219 ine,
2118 1160 2213 1212 καῖ¹
2261 1158 2326 1230 σή
2385 1159 2531 1210 ἐστιν
2588 1156 2622 1227 ἡ
2686 1154 2805 1221 νὺξ,
2858 1155 2921 1208 σὺ
2984 1153 3299 1225 κατηρτίσω
3357 1153 3562 1224 φαῦσιν
3619 1154 3711 1208 καὶ

433 1272 718 1327 hominum
778 1275 1018 1332 amator,
1064 1279 1129 1319 ac
1182 1262 1407 1334 Optime.
1457 1255 1677 1325 suscipe
1725 1252 2020 1309 clementer

434 1364 579 1419 hanc
633 1369 880 1417 nostram
930 1357 1232 1429 gratiarum
1297 1350 1567 1406 actionem
1628 1339 2016 1429 vespertinam,

434 1456 539 1523 Qui
568 1453 858 1509 traduxisti
890 1427 991 1506 nos
1020 1464 1117 1521 per
1152 1446 1262 1502 diei
1290 1440 1709 1514 longitudinem,
1735 1442 1789 1489 et
1813 1427 2019 1486 duxisti

436 1548 505 1603 ad
528 1548 706 1601 noctis
738 1546 927 1611 initia;
965 1539 1183 1597 custodi
1216 1553 1341 1603 nos,
1372 1550 1469 1606 per
1516 1531 1795 1586 Christum
1836 1533 2017 1611 tuum;

437 1634 785 1704 tranquillam
822 1631 1003 1701 praebe
1025 1642 1331 1698 vesperam,
1359 1631 1413 1679 et
1447 1629 1664 1677 noctem
1705 1621 1929 1688 peccato
1955 1610 2023 1664 li-

434 1727 657 1792 beram;
686 1732 847 1794 atque
872 1737 973 1777 nos
993 1722 1100 1776 vita
1116 1726 1317 1775 acterna
1343 1716 1592 1787 dignare,
1624 1725 1719 1782 per
1743 1708 2019 1763 Christum

435 1823 632 1883 tuum;
659 1829 753 1884 per
781 1828 943 1882 quem
984 1811 1079 1866 tibi
1114 1809 1308 1879 gloria,
1340 1806 1519 1862 honor
1546 1818 1611 1859 ac
1632 1798 1929 1862 veneratio,
1958 1796 2015 1850 in

437 1914 629 1961 sancto
660 1902 889 1973 Spiritu,
918 1902 975 1956 in
998 1900 1218 1957 saecula.
1241 1899 1434 1953 Amen.
1460 1895 1525 1949 Et
1545 1894 1810 1950 diaconus
1830 1890 2011 1945 dicat:

437 1994 701 2050 lnclinate
730 1995 797 2049 ad
836 2007 1098 2047 manuum
1131 1990 1561 2060 impositionem.
1598 1985 1678 2041 Ac
1719 1984 1871 2038 dicat
1899 1979 2016 2051 epi-

437 2102 677 2157 scopus:
724 2084 869 2141 Deus
919 2090 1158 2155 patrum,
1209 2094 1274 2135 ac
1327 2078 1558 2134 Domine
1602 2072 2013 2137 misericordiae,

438 2179 533 2247 qui
564 2176 829 2246 sapientia
867 2184 960 2230 tua
1022 2173 1327 2227 fabricatus
1375 2186 1435 2226 es
1479 2169 1775 2232 hominem,
1813 2165 2017 2221 animal

439 2267 652 2325 ratione
682 2265 994 2337 praeditum,
1026 2262 1264 2317 maxime
1290 2278 1355 2317 ex
1393 2260 1461 2315 iis
1489 2275 1610 2330 qua:
1634 2258 1690 2313 in
1712 2267 1857 2313 terra
1889 2262 2019 2311 sunt

438 2358 667 2412 charum
699 2357 838 2423 Deo;
868 2364 921 2411 et
949 2354 1188 2410 tribuisti
1206 2353 1255 2407 ei
1303 2361 1361 2407 ut
1392 2353 1686 2423 imperaret
1714 2350 1878 2405 rebus
1904 2354 2019 2403 ter-

439 2451 747 2516 restribus;
776 2449 979 2519 quique
1005 2449 1286 2503 voluntate
1316 2457 1409 2501 tua
1440 2445 1717 2516 principes
1737 2458 1802 2498 ac
1834 2457 2019 2499 sacer-

439 2542 598 2598 dotes
619 2540 983 2607 constituisti;
1008 2540 1131 2594 illos
1152 2538 1370 2609 quidem
1393 2537 1461 2592 ad
1491 2538 1615 2593 vitae.
1640 2535 2017 2602 securitatem;

440 2633 545 2687 hos
568 2648 699 2687 vero
722 2630 789 2686 ad
826 2632 1126 2703 legitimum
1149 2632 1357 2687 cultum
1388 2649 1401 2685 :
1434 2629 1553 2700 ipse
1578 2643 1724 2684 nunc
1744 2628 1907 2681 etiam
1935 2626 2021 2680 in-

442 2721 681 2787 flectere,
734 2721 964 2778 Domine
1010 2722 1393 2794 omnipotens.
1449 2728 1505 2776 et
1550 2718 1778 2775 ostende
1825 2717 2019 2773 faciem

440 2822 590 2867 tuam
622 2828 787 2884 super
820 2813 1078 2884 populum
1102 2820 1279 2877 tuum,
1308 2827 1405 2867 eos
1425 2810 1517 2881 qui
1548 2810 1814 2865 cervicem
1838 2809 2022 2863 cordis

444 2904 532 2961 sui
597 2905 991 2972 incurvarunt;
1062 2911 1117 2959 et
1168 2903 1399 2959 benedic
1459 2902 1541 2958 eis
1584 2917 1680 2972 per
1719 2901 2019 2964 Christum,

445 3012 541 3068 per
569 3012 729 3066 quem
762 2997 1048 3052 illustrasti
1084 3012 1185 3052 nos
1212 2996 1417 3050 lumine
1444 2994 1794 3066 cognitionis,
1831 3008 1895 3049 ac
1931 3008 2023 3048 re-

2118 1250 2270 1321 ἥλιον
2305 1266 2317 1279 ·
2368 1264 2390 1301 ι
2437 1248 2599 1311 αὐτὸς
2653 1246 2750 1301 νῦν
2784 1286 2802 1315 ,
2862 1245 3097 1299 δέσποτα
3127 1286 3142 1312 ,
3207 1245 3561 1317 φιλάνθρωπε
3619 1246 3713 1299 καὶ

2121 1341 2423 1411 πανάγαθε,
2447 1338 2691 1411 εὐμενῶς
2718 1337 3010 1410 πρόσδεξαι
3040 1338 3140 1410 τὴν
3167 1340 3463 1410 έσπερινὴν
3499 1338 3715 1410 εὐχαρι-

2122 1436 2274 1490 στίαν
2306 1433 2461 1506 ἡμῶν
2484 1434 2711 1503 ταύτην.
2757 1432 2813 1484 '0
2844 1429 3119 1500 διαγαγὼν
3154 1432 3301 1501 ἡμᾶς
3321 1430 3383 1483 τὸ
3415 1431 3592 1500 μῆκος
3617 1431 3713 1500 τῆς

2120 1527 2350 1598 ἡμέρας,
2386 1526 2481 1579 καὶ
2510 1523 2733 1593 ἀγαγὼν
2762 1524 2854 1576 ἐπὶ
2887 1523 2987 1587 τάς
3018 1523 3192 1595 ἀρχάς
3224 1523 3323 1594 τῆς
3356 1524 3575 1588 νυκτὸς,
3610 1524 3711 1593 φύ-

2120 1618 2277 1683 λαξον
2297 1618 2444 1689 ἡμᾶς
2470 1616 2558 1670 διά
2581 1615 2677 1669 τοῦ
2698 1614 2937 1687 Χριστοῦ
2969 1632 3085 1681 σου,
3120 1616 3403 1687 εἰρηνικὴν
3428 1615 3710 1685 παράσχω

2121 1711 2220 1781 τὴν
2233 1709 2493 1782 ἑσπέραν,
2506 1708 2601 1762 καὶ
2613 1708 2711 1778 τὴν
2727 1707 2898 1760 νύκτα
2910 1706 3315 1777 ἀναμάρτητον,
3332 1707 3427 1760 καὶ
3449 1706 3711 1770 καταξὶω-

2045 1770 2092 1831 B
2119 1770 2211 1856 σον
2233 1770 2385 1873 ἡμᾶς
2396 1770 2497 1872 τῆς
2526 1770 2744 1854 αἰωνίου
2776 1797 2941 1872 ζωῆς,
2961 1770 3053 1853 atat
3078 1770 3445 1871 τοῦ-Χριστοῦ
3483 1816 3601 1853 cou'
3645 1800 3709 1852 δι’

2114 1888 2176 1949 οὗ
2191 1912 2272 1948 σοι
2282 1894 2576 1965 δόξα,τιμὴ
2604 1893 2700 1948 καὶ
2721 1892 2905 1959 σέϐας,
2931 1893 2989 1944 ὲν
3016 1890 3155 1962 άγίῳ
3177 1891 3291 1963 (54)
3308 1890 3613 1962 Πνεύματι,
3632 1892 3712 1956 εἰς

2114 1988 2242 2051 τοὺς
2260 1986 2481 2050 αἰῶνας.
2524 1986 2715 2057 Ἀμήν.
2746 1984 2857 2037 Kal.
2876 1986 2905 2037 6
2927 1982 3171 2046 διάκονος
3197 1982 3423 2051 λεγέτω
3483 1983 3709 2036 Κλίνατε

2114 2081 2182 2149 τῇ
2211 2077 2540 2149 χειροθεσίᾳ.
2603 2076 2713 2129 Kal
2740 2078 2769 2130 6
2801 2075 3097 2139 ἐπίσκοπος
3136 2074 3361 2143 λεγέτωο
3414 2074 3520 2128 Θεὲ
3552 2074 3709 2127 πατέ-

2118 2188 2228 2242 ρων
2256 2171 2391 2241 (55),
2422 2170 2517 2224 καὶ
2549 2168 2722 2242 Κύριε
2760 2168 2855 2221 τοῦ
2889 2167 3092 2232 ἐλέους,
3124 2169 3235 2238 ὁτῇ
3272 2166 3436 2237 σοφίᾳ.
3482 2183 3579 2219 σου
3612 2184 3709 2219 κα-

2115 2264 2456 2326 τασκευάσας
2485 2262 2768 2333 ἄνθρωπον
2796 2261 2857 2313 τὸ
2893 2259 3109 2329 λογικὸν
3142 2260 3301 2325 ζῶον,
3357 2259 3419 2311 τὸ
3468 2258 3710 2327 θεοφιλὲς

2116 2354 2225 2407 τῶν
2263 2355 2355 2407 ἐπὶ
2382 2355 2503 2425 γῆς,
2551 2354 2646 2407 καὶ
2674 2352 2799 2417 δοὺς
2831 2352 2979 2423 αὑτῷ
3006 2352 3115 2405 τῶν
3149 2352 3240 2404 ἐπὶ
3268 2352 3369 2422 τῆς
3397 2350 3590 2420 χθονὸς
3620 2352 3711 2420 ἀρα

2117 2463 2253 2516 χει),
2288 2448 2381 2499 καὶ
2404 2446 2749 2517 καταστήσας
2780 2442 2975 2516 γνώμῃ
3011 2447 3077 2515 σῇ
3107 2445 3376 2516 ἄρχοντας
3395 2444 3492 2497 καὶ
3527 2445 3707 2515 ἱερεῖς,

2117 2542 2245 2605 τοὺς
2274 2541 2371 2611 μὲν
2398 2540 2536 2611 πρὸς
2566 2538 2865 2608 ἀσφάλειαν
2894 2537 2994 2608 τῆς
3022 2534 3189 2607 ζωῆς,
3214 2536 3343 2599 τοὺς
3360 2536 3417 2588 δὲ
3447 2536 3587 2608 πρὸς
3613 2536 3709 2589 λα-

2117 2632 2304 2705 τρείαν
2351 2632 2596 2703 ἐννομοψ
2652 2631 2816 2694 αὐτὸς
2844 2630 2937 2682 καὶ
2978 2628 3073 2682 νῦν
3106 2627 3508 2698 ὲπικάμφοητι,
3540 2627 3712 2698 Κύριε

2120 2726 2520 2796 παντόκρατορ,
2556 2724 2649 2777 καὶ
2670 2722 2933 2791 έπίφανον
2958 2721 3020 2773 τὸ
3047 2720 3339 2792 πρόσωπόν
3371 2737 3465 2773 σου
3500 2721 3593 2773 ἐπὶ
3620 2720 3715 2774 τὸν

2120 2817 2247 2871 λαόν
2285 2833 2400 2882 σου,
2455 2816 2583 2879 τοὺς
2620 2814 2949 2885 κάμψαντας
2978 2812 3181 2883 αὐχένα
3229 2810 3461 2883 καρδίας
3507 2811 3711 2877 αὐτῶν,

2122 2909 2218 2963 καὶ
2252 2908 2544 2978 εὐλόγησον
2583 2907 2782 2971 αὐτοὺς
2814 2906 2901 2960 διὰ
2930 2904 3189 2977 Χριστοῦ,
3228 2904 3296 2957 δι’
3334 2899 3397 2957 οὗ
3436 2903 3714 2973 έφὼτισας

2123 3002 2269 3072 ἡμᾶς
2302 2999 2417 3069 φῶς
2448 2998 2721 3069 γνώσεως,
2752 2999 2847 3053 καὶ
2892 2996 3245 3066 ἀπεκάλυψας
3291 2997 3423 3067 ἡμῖν
3492 2996 3709 3049 σαυτόν’

444 3090 637 3144 velasti
684 3089 844 3143 nobis
888 3080 1154 3160 teipsum;
1194 3103 1321 3143 cum
1349 3103 1458 3160 quo
1486 3088 1556 3143 ab
1589 3086 1739 3143 omni
1768 3087 2020 3142 rationali

2129 3092 2251 3163 μεθ’
2291 3084 2355 3145 οὗ
2405 3108 2486 3145 σοι
2524 3092 2619 3145 καὶ
2660 3093 2694 3162 ἠ
2750 3089 2974 3156 ἐπάξιος
3019 3087 3293 3159 ὀφείλεται
3342 3086 3716 3158 προσκύνησις

444 3188 503 3237 et
525 3187 717 3237 sancta
757 3188 953 3236 natura
982 3181 1212 3237 debetur
1237 3183 1337 3239 tibi
1371 3182 1620 3237 adoratio
1644 3183 1935 3255 condigna,
1969 3189 2024 3238 et

447 3270 679 3344 Spiritui
710 3271 1019 3336 Paracleto,
1054 3274 1109 3328 in
1142 3273 1362 3329 saecula.
1406 3272 1601 3328 Amen.
1648 3272 1716 3328 Et
1758 3273 2024 3329 diaconus

444 3363 593 3419 dicat
619 3384 631 3419 :
666 3362 824 3420 Exite
849 3365 905 3419 in
928 3378 1082 3434 pace.
1117 3362 1360 3420 Similem
1384 3364 1439 3419 in
1460 3364 1681 3419 modum
1704 3378 1885 3427 mane,
1913 3363 2027 3418 dia-

445 3467 643 3517 conus,
672 3468 798 3507 cum
833 3452 1015 3508 dictus
1045 3451 1209 3508 fuerit
1238 3453 1483 3524 psalmus
1511 3453 1835 3517 matutinus,
1870 3469 2026 3508 cum-

446 3560 554 3617 que
582 3546 699 3616 ipse
744 3545 1013 3602 dimiserit
1063 3546 1488 3603 catechumenos
1513 3586 1530 3613 ,
1588 3563 2024 3619 energumenos,

447 3644 841 3708 competentes,
880 3653 945 3693 ac
986 3638 1335 3709 pmnitentes,
1388 3638 1686 3710 feceritque
1728 3642 2026 3696 solemnem

449 3729 820 3800 precationem
852 3730 957 3801 (ne
1011 3732 1207 3786 iterum
1256 3730 1447 3787 eadem
1494 3732 1868 3804 referamus);
1904 3742 2029 3804 post

450 3819 626 3875 illud:
659 3818 827 3876 Serva
856 3835 981 3887 nos,
1012 3821 1177 3887 Deus,
1219 3830 1272 3877 et
1312 3825 1520 3879 suscita
1561 3826 1617 3880 in
1662 3827 1836 3897 gratia
1897 3836 2026 3896 tua;

453 3913 747 3984 subjungat
797 3932 811 3968 :
868 3912 1217 3972 Postulemus
1258 3932 1290 3969 a
1346 3916 1577 3973 Domino
1624 3919 2028 3976 misericordias

451 4004 573 4075 ejus
604 4013 767 4076 atque
814 4006 1219 4072 miserationes,
1260 4008 1364 4063 hoc
1401 4010 1730 4065 matutinum
1777 4020 1831 4065 et
1883 4011 2029 4066 hunc

453 4093 620 4159 diem,
658 4103 1026 4167 cunctumque
1063 4100 1521 4168 peregrinationis
1564 4113 1767 4158 nostra:
1813 4111 2029 4174 tempus

456 4193 710 4253 pacatum
737 4199 801 4239 ac
832 4197 1055 4257 peccato
1087 4202 1342 4252 vacuum,
1380 4191 1633 4261 angelum
1655 4194 1773 4263 paci
1811 4208 2028 4264 praepo-

456 4275 644 4339 situm,
678 4275 839 4330 finem
862 4277 987 4331 vita:
1017 4277 1411 4344 Christianum,
1444 4280 1613 4337 Deum
1644 4284 1938 4354 propitium
1976 4295 2031 4341 et

457 4366 798 4447 clementem.
830 4368 940 4426 Nos
973 4370 1141 4441 ipsos,
1177 4382 1231 4427 et
1256 4384 1464 4440 mutuo,
1504 4377 1707 4432 viventi
1742 4377 1853 4434 Deo
1882 4395 2032 4434 coui-

552 4549 599 4583 ⁸⁸
634 4549 779 4606 Psal.
806 4563 999 4613 LXXIII,
1036 4548 1121 4603 16.

2124 3183 2274 3256 παρὰ
2306 3183 2485 3255 πάσης
2504 3183 2726 3253 λογικῆς
2750 3183 2846 3236 καὶ
2865 3180 3025 3251 ἁγίας
3050 3180 3283 3250 φύσεως,
3310 3180 3405 3233 καὶ
3433 3178 3717 3249 Πνεύματι

2123 3280 2200 3351 τῷ
2231 3277 2593 3349 Παρακλήτῳ,
2630 3278 2711 3339 είς
2738 3274 2866 3338 τοὺς
2894 3273 3116 3336 αἰῶνας.
3165 3271 3355 3343 Ἀμήν.
3390 3272 3502 3325 Kal
3529 3273 3559 3323 6
3593 3270 3713 3323 διά-

2124 3388 2280 3434 κονος
2328 3369 2552 3438 λεγέτωο
2613 3366 2909 3440 Προέλθετε
2958 3367 3016 3418 ὲν
3061 3366 3274 3436 εἰρήνη.
3315 3362 3593 3425 Ὡσαύτως
3616 3361 3714 3432 δρ-

2124 3463 2278 3535 θρου,
2308 3465 2337 3516 6
2367 3462 2634 3527 διάκονος,
2672 3460 2810 3532 μετά
2843 3460 2906 3513 τὸ
2941 3458 3171 3531 ῥηθῆναι
3197 3456 3288 3509 τὸν
3320 3455 3591 3527 ὀρθρινὸν,
3619 3456 3715 3509 καὶ

2124 3555 2391 3611 ἀπολῦσαι
2412 3555 2576 3608 αὐτὸν
2596 3554 2722 3617 τοὺς
2747 3551 3208 3623 κατηχουμένους,
3254 3550 3351 3603 καὶ
3382 3547 3716 3619 χειμαζομέο

2124 3665 2270 3715 νους,
2292 3648 2389 3702 καὶ
2423 3644 2867 3717 βαπτιζομένους,
2902 3644 3150 3705 καὶτοὺς
3189 3644 3244 3694 ὲν
3288 3639 3571 3711 μετανοίᾳ,
3618 3638 3715 3693 καὶ

2125 3739 2224 3811 τὴν
2270 3738 2620 3809 ὀφειλομένην
2676 3735 3003 3807 ποιήσασθαι
3048 3731 3457 3805 προσφώνησιν,
3504 3732 3590 3783 ἴνα
3638 3731 3713 3801 μὴ

2126 3832 2287 3885 πάλιν
2314 3832 2560 3901 λέγωμεν
2591 3828 2659 3882 τά
2687 3827 2845 3893 αὐτὰ,
2876 3826 3182 3897 έπιιρερέτω
3231 3823 3371 3895 μετά
3411 3824 3495 3876 τό·
3535 3823 3714 3877 Σῶσον

2128 3924 2326 3987 αὐτοὺς
2351 3925 2379 3976 6
2405 3922 2555 3988 Θεὸς,
2591 3921 2685 3975 καὶ
2716 3920 3019 3990 ἀνάστησον
3053 3920 3109 3971 έν
3141 3920 3207 3988 τῇ
3245 3916 3431 3988 χάριτί
3462 3932 3579 3968 σου·
3626 3916 3714 3967 Ai-

2126 4014 2421 4087 τησιῦμεθα
2455 4014 2565 4085 (56)
2599 4012 2748 4085 παρά
2781 4011 2987 4083 Κυρίου
3017 4009 3086 4063 τὰ
3115 4009 3240 4079 ὲλέη
3270 4008 3436 4062 αὐτοῦ
3466 4001 3560 4062 καὶ
3588 4010 3714 4070 τοὺς

2128 4108 2465 4177 οίκτιρμοὺς,
2505 4107 2594 4159 τὸν
2634 4105 2831 4177 ὄρθρον
2867 4102 3056 4156 τοῦτον
3101 4103 3194 4155 καὶ
3234 4101 3333 4174 τὴν
3366 4102 3603 4172 ἡμέραν,
3640 4103 3714 4152 εἰς

2134 4199 2357 4269 ρηνικὴν
2387 4200 2480 4252 καὶ
2512 4197 2917 4268 ἀναμάρτητον,
2950 4196 3044 4249 καὶ
3075 4194 3254 4248 πάντα
3281 4196 3372 4248 τὸν
3400 4197 3593 4267 χρόνον
3616 4196 3713 4264 τῆς

2130 4290 2535 4361 παρεπιδημεκς
2568 4288 2745 4359 ἡμῶν,
2768 4288 2858 4340 τὸν
2878 4286 3105 4356 ἄγγελον
3123 4286 3213 4339 τὸν
3236 4288 3329 4339 ἐπὶ
3344 4288 3444 4356 τῆς
3467 4289 3709 4358 εἰρήνης,

2131 4383 2417 4455 χριστιανά
2450 4382 2517 4435 τά
2548 4382 2697 4452 τέλη,
2728 4380 2885 4433 ἵλεων
2919 4380 3011 4433 καὶ
3044 4380 3243 4449 εὐμενῆ
3277 4378 3371 4431 τὸν
3401 4378 3553 4431 Θεὸν·
3591 4380 3711 4432 έαυ‹

1754 4706 2115 4763 γΑηιοιιωι
2172 4709 2398 4765 ΝΟΤΕ.

531 4886 644 4958 (51)
680 4886 798 4953 Πρὸ
828 4886 896 4937 δὲ
917 4886 1174 4937 πάντων.
1212 4886 1337 4937 Haec
1362 4886 1526 4937 verba
1557 4886 1759 4937 omissa
1799 4895 1929 4940 sunt
1981 4886 2034 4938 in

456 4959 630 5014 altero
670 4954 864 5011 codice
909 4952 1343 5016 Vindobonensi,
1397 4951 1543 5023 quod
1590 4952 1905 5023 Arianismo
1952 4952 2036 5008 fa-

459 5036 658 5093 veant;
691 5041 817 5081 nam
859 5040 928 5080 ex
976 5025 1248 5078 sententia
1292 5020 1643 5086 Arianorum,
1689 5020 1834 5078 Deus
1875 5022 2038 5079 Pater

460 5107 587 5153 ante
609 5098 852 5151 omnium
887 5095 1243 5155 creationem,
1275 5109 1339 5148 ac
1368 5094 1592 5164 proinde
1630 5101 1917 5164 antequam
1939 5111 2034 5149 es-

462 5180 547 5224 set
586 5178 781 5222 natura
811 5166 1050 5219 humana
1091 5164 1317 5224 Christi,
1358 5174 1476 5219 erat
1498 5163 1640 5218 Deus
1666 5163 1787 5232 ejus
1825 5173 2035 5220 natura:

462 5240 692 5301 divinae;
721 5253 845 5291 cum
874 5252 941 5290 ex
965 5236 1231 5290 sententia
1255 5233 1484 5289 Nicaana:
1504 5233 1695 5304 synodi
1726 5236 1793 5289 sit
1825 5246 2033 5304 tantum

463 5308 609 5363 Deus
630 5306 792 5363 Pater
814 5307 1289 5360 humanaanaturaa
1322 5305 1481 5369 Deus,
1514 5303 1637 5358 eum
1662 5304 1736 5358 sit
1765 5305 1812 5359 ei
1839 5303 2030 5371 Filius,

465 5378 765 5433 secundum
796 5376 1039 5432 divinam
1061 5377 1365 5445 ὁμοούσιος,
1402 5376 1505 5429 hoc
1535 5383 1619 5429 est
1646 5390 1761 5443 par.
1797 5376 1963 5429 Cum.

537 5446 649 5517 (52)
701 5448 762 5517 f0
799 5446 905 5501 τοῦ
947 5447 1289 5517 Πνξύματος
1314 5446 1549 5517 Κύριος.
1587 5445 1906 5517 _Durissima
1950 5446 2031 5498 lo-

465 5514 642 5579 cutio,
672 5516 1231 5572 Macedonianismum
1271 5516 1540 5571 redolens.
1572 5514 1709 5569 Cor.

538 5587 650 5656 (55)
690 5589 921 5656 Κύριος.
979 5585 1075 5640 Est
1123 5587 1179 5656 in
1223 5587 1395 5641 altero
1432 5584 1555 5640 cod.
1605 5583 2032 5649 Viudobonensi,

466 5654 785 5729 προϐολεύςζ
819 5656 989 5729 Filius
1034 5666 1092 5729 et
1126 5654 1383 5729 Spiritus
1429 5663 1656 5711 sanctus
1696 5657 1977 5729 dicuntur_
2001 5668 2034 5707 a

467 5723 656 5786 ltiultis
694 5728 907 5799 Πατρὸς
957 5723 1233 5799 προῦολαίί,
1286 5726 1403 5797 ipse
1446 5741 1575 5781 vero
1606 5725 1795 5798 Πατὴρ
1844 5723 2037 5795 προϐο-

828 4883 896 4937 δὲ
909 4881 1174 4959 grtia-rain
1211 4880 1337 4959 Haec
1362 4881 1540 4959 verba_
1557 4884 1775 4959 or_ni_ssa_
1799 4895 1929 4940 sunt
1958 4884 2034 4959 Ain
2067 4892 2115 4951 υ
2142 4884 2286 4949 λεύς,
2317 4896 2378 4959 ut
2404 4891 2560 4959 antea
2578 4886 3009 4959 observavimus,
3036 4886 3102 4941 ad
3123 4886 3221 4959 lib.
3249 4904 3328 4951 vr,
3354 4903 3406 4943 c.
3443 4888 3534 4952 ll,
3557 4891 3707 4959 quasi

2140 4972 2269 5011 vero
2299 4956 2566 5028 ejusmodi
2590 4958 2814 5012 vocibus
2843 4973 2931 5028 res
2960 4957 3344 5028 ἀκατάληπτος
3374 4956 3588 5028 clarior
3618 4963 3709 5014 tie-

2136 5025 2353 5099 ret!_At
2382 5034 2587 5099 quanto
2617 5028 2810 5082 melius
2865 5025 3061 5099 fuisset
3108 5025 3216 5081 una
3244 5043 3370 5081 cum
3426 5027 3707 5099 Scriptura

2136 5096 2307 5223 Eiqui,
2333 5098 2535 5151 omissa
2558 5099 2706 5152 omni
2735 5097 3065 5168 καινολογιᾳ,
3101 5114 3223 5169 qua:
3256 5096 3569 5168 periculosa
3594 5104 3707 5155 est!

2183 5183 2305 5222 usa.

2209 5238 2321 5309 (54)
2374 5237 2470 5291 ‘Er
2496 5238 2662 5306 ἀτίφ.
2708 5236 2857 5309 Alter
2896 5237 3067 5309 codex
3098 5237 3261 5293 habet
3296 5240 3394 5291 σὺν
3426 5238 3581 5307 ἀγίω.
3616 5238 3706 5292 Sic

2139 5307 2342 5378 paSsim
2374 5316 2582 5363 mutata
2607 5314 2691 5364 est
2712 5307 3005 5377 δοξολογία,
3033 5323 3101 5363 ne
3128 5309 3178 5363 ei
3208 5310 3555 5367 Arianismus
3586 5311 3707 5365 sub-

2127 5389 2294 5435 esset.
2328 5378 2403 5433 In.

2202 5448 2316 5519 (55)
2357 5448 2464 5503 Θεὲ
2496 5448 2785 5517 πατέρων.
2814 5445 3057 5503 Vocatur
3086 5448 3202 5503 haec
3239 5450 3518 5504 invocatio
3544 5452 3596 5502 in
3627 5451 3700 5504 aL

2132 5524 2251 5572 tero
2274 5518 2403 5591 cod.
2434 5518 3073 5591 rrpoqcptbvnotg__6pepto;.
3110 5520 3183 5591 in.

2204 5590 2316 5660 (56)
2354 5587 2754 5658 Αὶτήοιώμεθα.
2803 5587 3077 5660 Vocantur
3111 5590 3226 5645 haec
3264 5589 3321 5644 in
3364 5592 3556 5646 eodem
3581 5595 3704 5645 cod.

2136 5660 2517 5732 προσφώνησις
2539 5660 2773 5732 ὗρθριος.
2817 5659 2895 5715 lo.
