3806 6248
212 237 324 292 {Ml

1022 228 1600 286 CONSTITUTIONES
1637 226 2098 284 APOSTOLICIE.
2135 258 2204 268 ——
2247 226 2373 281 LIB.
2408 228 2538 282 VIII.

3233 231 3373 286 HL}

204 354 307 412 τοὺς
333 348 420 401 καὶ
448 345 709 416 ἀλλήλους
739 344 815 415 τῷ
841 344 1002 409 ζῶντι
1019 345 1133 414 Θεῴ
1162 344 1249 397 διὰ
1278 344 1368 395 τοῦ
1405 341 1731 408 Μονογενοῦς

1832 341 2141 396 mendcmus
2203 357 2297 410 per
2362 340 2705 411 Unigenitum
2768 343 2905 410 ejus.
2958 342 3033 398 Ac
3084 344 3365 415 episcopus

200 440 339 497 αὐτοῦ
369 436 761 505 πασαθώμεθα.
813 437 921 488 Καὶ
957 438 985 487 6
1022 436 1308 495 ἐπίσκοπος
1354 432 1726 501 ἐπευχόμενος,

200 530 393 598 λεγέτω

679 614 1071 666 ΚΕΦΑΛΑΙΟΝ
1108 615 1237 666 AH'.

632 705 998 770 Εὑχαριστία
1033 703 1289 770 όρθρινή.

264 796 316 847 '0
367 793 499 855 Θεδς
538 794 568 845 6
605 793 717 845 τῶν
750 792 1066 861 πνευμάτων
1099 794 1190 845 καὶ
1236 793 1412 863 πάσης
1456 794 1670 864 σαρκὸς,
1700 796 1729 847 6

194 882 491 952 ἀσύγκριτος
513 883 607 935 καὶ
635 883 953 953 ἀπροσδεὴς,
984 885 1012 934 6
1041 883 1162 945 δοὺς
1189 883 1277 934 τὸν
1301 883 1446 953 ἥλιον
1478 885 1556 946 εἰς
1584 882 1731 947 ὲξου-

196 972 295 1024 σίαν
320 972 411 1040 τῆς
443 971 678 1041 ἡμέρας,
712 971 809 1035 τὴν
839 970 896 1023 δὲ
945 970 1169 1041 σελήνην
1211 971 1303 1023 καὶ
1342 971 1407 1023 τὰ
1446 972 1616 1042 ἀστρα
1651 974 1728 1035 εἰς

195 1060 413 1123 ἐξουσίαν
438 1061 537 1128 τῆς
578 1060 792 1121 νυκτός*
847 1059 1001 1121 αὐτὸς
1028 1061 1118 1112 καί
1151 1060 1242 1111 νῦν
1274 1060 1417 1112 ἔπιδε
1459 1062 1546 1127 ἐφ’
1587 1061 1727 1130 ἡμᾶς

192 1149 446 1219 εὐμενέσιν
508 1149 828 1219 ὀφθαλμοῖς,
884 1151 973 1202 καὶ
1039 1150 1317 1220 πρόσδεξαι
1358 1152 1455 1213 τὰς
1510 1152 1729 1216 ἑωθινὰς

193 1238 325 1307 ἡμῶν
352 1239 718 1307 εὐχαριστίας,
760 1240 851 1292 καὶ
883 1239 1094 1307 ἐλέησον
1126 1241 1285 1310 ήμᾶςο
1332 1241 1392 1291 οὐ
1422 1240 1527 1310 γὰρ
1551 1241 1725 1294 διεπε-

190 1329 409 1397 τάσαμεν
440 1328 537 1389 τὰς
568 1332 759 1398 χεῖρας
800 1328 952 1398 ἡμῶν
992 1329 1124 1399 πρὸς
1169 1330 1282 1383 θεὸν
1328 1330 1614 1400 ἀλλότριον’
1665 1334 1724 1384 οὐ

190 1419 282 1487 γάρ
302 1420 440 1470 ἐστιν
470 1418 530 1470 ἐν
560 1420 695 1491 ἡμῖν
743 1418 860 1481 θεὸς
895 1419 1215 1489 πρόσφατος,
1262 1419 1393 1471 ἀλλὰ
1436 1422 1497 1472 σὺ
1536 1422 1563 1473 6
1601 1419 1726 1473 αἰώ-

190 1523 283 1569 νιος
317 1508 405 1560 καὶ
432 1506 807 1577 ἀτελεύτητος.
870 1508 924 1559 '0
956 1508 1014 1560 τὸ
1049 1503 1184 1560 εἶναι
1213 1509 1340 1578 ἡμῖν
1382 1508 1469 1562 διά
1494 1510 1725 1581 Χριστοῦ

190 1598 595 1667 παρασχόμενος,
633 1598 729 1651 καὶ
758 1597 819 1650 τὸ
847 1595 904 1650 εὖ
948 1595 1079 1651 εἶναι
1114 1599 1179 1651 δι’
1213 1599 1372 1652 αὐτοῦ
1412 1600 1724 1671 δωρησάμε-

1832 448 2014 494 orans,
2046 432 2187 486 dicat
2216 451 2227 485 :

2321 610 2545 666 CAPUT
2583 610 2859 666 XXXVIII.

2221 700 2521 754 Gratiarum
2546 703 2678 755 actio
2709 703 2984 759 matutina.

1897 788 2188 856 Spirituum
2222 800 2276 844 et
2302 791 2479 845 omnis
2514 791 2694 845 carnis
2724 791 2885 855 Deus,
2928 791 3363 863 incomparabilis

1826 892 1889 931 ac
1923 879 2122 933 nullius
2150 880 2225 933 rei
2253 879 2492 951 indigus;
2518 881 2609 949 qui
2638 880 2832 935 dedisti
2871 881 3057 945 solem,
3085 889 3141 935 ut
3176 898 3365 953 praees-

1826 977 1905 1023 set
1928 969 2068 1034 diei;
2114 971 2292 1024 lunam
2322 987 2447 1026 vero
2486 980 2540 1025 et
2570 971 2773 1036 stellas,
2804 978 2862 1024 ut
2884 980 3173 1039 praeessent
3195 974 3361 1040 nocti,

1826 1057 1938 1127 ipse
1965 1066 2017 1113 et
2048 1074 2189 1113 nunc
2214 1060 2419 1129 respice
2451 1075 2613 1128 super
2636 1075 2737 1115 nos
2762 1060 2935 1113 oculis
2962 1060 3269 1127 benevolis;
3298 1076 3361 1115 ac

1823 1147 2037 1215 Suscipe
2064 1148 2352 1202 matutinas
2392 1156 2608 1203 nostras
2649 1149 2942 1217 gratiarum
2989 1149 3261 1215 actiones;
3308 1158 3363 1203 et

1823 1238 2074 1294 miserere
2097 1240 2265 1294 nostri
2298 1257 2310 1293 :
2355 1256 2463 1293 non
2487 1240 2627 1294 enim
2656 1241 3008 1310 expandimus
3041 1255 3231 1295 manus
3260 1256 3359 1293 no-
3454 1284 3455 1289 η

1827 1329 1966 1377 stras
1993 1330 2057 1376 ad
2081 1323 2236 1377 deum
2264 1325 2531 1391 alienum;
2569 1326 2829 1395 siquidem
2859 1341 2963 1379 non
3004 1334 3085 1380 est
3116 1329 3169 1379 in
3202 1329 3356 1382 nobis

1827 1415 1959 1470 deus
1983 1430 2169 1469 recens
2192 1417 2255 1482 ⁸⁸,
2287 1416 2380 1470 sed
2414 1423 2469 1469 tu
2513 1426 2743 1471 aeternus
2771 1432 2833 1470 ac
2878 1417 3217 1471 immortalis.
3253 1414 3356 1481 Qui

1828 1507 1983 1560 nobis
2026 1520 2118 1574 per
2146 1506 2413 1559 Christum
2453 1505 2723 1574 praebuisti
2766 1514 2823 1559 ut
2865 1521 3130 1568 essemus,
3164 1506 3360 1574 quippe

1828 1610 1923 1664 per
1970 1595 2212 1650 eumdem
2263 1598 2471 1649 donasti
2514 1606 2571 1650 ut
2615 1598 2746 1651 bene
2791 1612 3061 1661 essemus;
3112 1598 3225 1665 ipse
3260 1610 3359 1651 nos

189 1704 280 1749 νοςο
330 1688 487 1751 αὐτὸς
515 1689 665 1757 ἡμᾶς
692 1688 760 1739 δι’
790 1688 950 1741 αὐτοῦ
982 1687 1305 1754 καταξίωσον
1340 1691 1428 1742 καὶ
1470 1691 1564 1760 τῆς
1605 1693 1723 1743 αἰω-

1830 1698 1923 1753 per
1952 1699 2073 1738 eum
2100 1684 2319 1752 dignare
2350 1694 2544 1737 acterna
2580 1688 2707 1749 vita,
2739 1701 2859 1738 cum
2884 1699 2990 1753 quo
3035 1684 3129 1739 tibi
3169 1683 3357 1751 gloria,

188 1778 285 1830 νίου
324 1777 480 1848 ζωῆςο
528 1778 656 1849 μεθ]
695 1770 757 1830 οὗ
804 1795 884 1831 σοι
922 1778 1063 1844 δόξα,
1114 1781 1204 1831 καὶ
1233 1780 1382 1849 τιμὴ,
1414 1781 1505 1831 καὶ
1540 1780 1718 1847 σέϐας,

189 1870 267 1921 καὶ
283 1869 354 1938 τῷ
386 1870 524 1939 ἀγίῳ
557 1868 856 1939 Πνεῦμα-ει,
888 1871 961 1931 είς
995 1871 1118 1932 τοὺς
1144 1869 1365 1931 αἰῶνας,
1405 1870 1587 1940 Ἀμήν.
1616 1872 1722 1923 Kal

187 1963 211 2009 ὁ
252 1960 485 2022 διάκονος
528 1959 754 2027 λεγέτω·
807 1959 1035 2013 Κλίνατε
1076 1963 1143 2030 τῇ
1185 1959 1505 2030 χειροθεσίᾳ.
1560 1963 1666 2013 Kal
1695 1965 1722 2014 6

186 2051 458 2113 ἐπίσκοπος
496 2050 833 2119 ὲπευχέσθω,
862 2050 1050 2117 λέγων’

677 2140 1066 2193 ΚΕΦΑΛΑΙΟΝ
1103 2141 1222 2199 Λθθρ

624 2230 969 2298 Χειροθεσία
1005 2229 1258 2297 ὀρθρινή.

259 2320 311 2373 Ὀ
330 2321 457 2384 θεὸς
481 2323 509 2374 6
542 2321 736 2383 πιστὸς
763 2322 855 2375 καὶ
893 2319 1159 2390 ἀληθινὸς,
1193 2324 1221 2373 6
1268 2321 1433 2373 ποιῶν
1470 2320 1610 2384 ἔλεος
1645 2323 1722 2386 εἰς

186 2409 405 2477 χιλιάδας
432 2412 524 2464 καὶ
553 2410 820 2482 μυριάδας
844 2413 954 2473 τοῖς
993 2411 1236 2478 ἀγαπῶσί
1266 2429 1342 2479 σε,
1388 2416 1415 2466 6
1455 2414 1599 2481 φίλος
1629 2432 1721 2468 τα-

187 2500 383 2567 πεινῶν,
414 2500 507 2554 καί
540 2502 789 2570 πενήτων
824 2501 1148 2571 προστάτης,
1186 2497 1245 2553 οὗ
1278 2503 1449 2556 πάντα
1481 2505 1536 2555 ὲν
1566 2505 1720 2575 χρείᾳ

186 2590 517 2660 καθέστηκεν,
552 2592 636 2644 ὅτι
665 2590 735 2642 τά
766 2590 1048 2660 σύμπαντα
1091 2590 1249 2644 δοῦλά
1295 2608 1404 2644 σου·
1450 2593 1595 2645 ἔπιδε
1630 2594 1720 2646 τὸν

186 2677 296 2732 λαόν
342 2697 428 2732 σου
480 2680 692 2746 τοῦτον,
736 2681 860 2743 τοὺς
895 2681 1205 2744 κεκλικότας
1248 2700 1328 2736 σοι
1374 2684 1471 2747 τάς
1518 2687 1718 2739 ἑαυτῶν

187 2769 422 2836 κεφαλὰς,
462 2772 555 2823 καὶ
592 2770 883 2839 εὐλόγησον
918 2771 1110 2834 αὐτοὺς
1151 2772 1391 2841 εὐλογίαν
1427 2792 1718 2846 πνευματι-

187 2859 295 2926 κὴν,
319 2859 543 2927 φύλαξον
564 2861 765 2923 αὐτοὺς
793 2861 866 2923 ὡς
894 2860 1058 2931 κόρην
1085 2862 1374 2932 ὀφθαλμοῦ,
1402 2864 1717 2936 διατήρησον

186 2949 361 3013 αὐτοὺς
398 2952 453 3003 ἐν
485 2948 737 3019 εὐσεϐείᾳ
780 2951 869 3002 καὶ
894 2950 1218 3021 δικαιοσύνῃ,
1262 2954 1352 3005 καὶ
1392 2954 1715 3020 καταξίωσον

187 3040 362 3103 αὐτοὺς
385 3042 481 3111 τῆς
507 3040 726 3093 αἰωνίου
754 3039 914 3110 ζωῆς,
948 3041 1004 3093 ὲν
1036 3041 1249 3111 Χριστῷ
1294 3042 1463 3112 Ἰησοῦ
1493 3044 1569 3113 τῷ
1594 3046 1721 3113 ἢγα-

186 3133 393 3202 πημένῳ
424 3150 515 3185 σου
554 3133 727 3185 παιδί’
790 3132 914 3201 μεθ’
945 3127 1003 3186 οὗ
1036 3132 1115 3184 σοι
1144 3132 1285 3199 δόξα,
1333 3134 1461 3205 τιμὴ
1507 3136 1598 3188 καὶ
1636 3136 1720 3188 σέ-

185 3218 291 3287 ϐας,
328 3223 418 3275 καὶ
469 3222 547 3293 τῷ
589 3221 730 3292 ἁγίῳ
762 3221 1054 3291 Πνεύματι,
1100 3222 1211 3289 νῦν,
1249 3224 1340 3276 καί
1380 3226 1485 3291 ἀεὶ,
1518 3226 1610 3278 καὶ
1641 3228 1720 3289 εἰς

184 3312 293 3373 τοὺς
322 3311 516 3374 αἰῶνας
547 3312 656 3365 τῶν
698 3310 920 3367 αἰώνων.
970 3310 1152 3382 Ἀμήν.
1188 3314 1295 3366 Καὶ
1322 3316 1349 3366 6
1374 3314 1608 3378 διάκονος
1636 3314 1719 3368 λε-

186 3398 327 3464 γέτω·
378 3401 670 3471 Προέλθετε
710 3402 767 3453 ὲν
796 3403 998 3471 εἰρήνῃ.
1047 3402 1165 3454 Ἐπὶ
1193 3404 1248 3455 δὲ
1280 3407 1397 3466 ταῖς
1426 3422 1718 3475 προσφερο-

187 3489 356 3556 μέναις
380 3493 672 3562 ἀπαρχαῖς,
697 3491 864 3553 οὕτως
894 3492 1198 3561 εὐχαριστεῖ
1221 3496 1248 3547 6
1276 3495 1584 3558 ἐπίσκοπος.

695 3582 1077 3634 ΚΕΦΑΛΑῙΟΝ
1108 3584 1193 3635 Μ’.

550 3673 892 3738 Ἑπίκλησις
913 3672 1011 3725 ἐπὶ
1038 3672 1337 3739 ἀπαρχῶν.

246 3762 569 3833 Εὐχαριστοῦ
579 3763 675 3832 μέν
696 3779 797 3824 σοι,
824 3761 990 3831 Κύριε
1012 3763 1398 3832 παντόκρατορ,
1426 3764 1715 3833 δημιουργὲ

184 3850 278 3902 τῶν
297 3853 427 3904 ὅλων
455 3855 548 3905 καὶ
574 3850 861 3922 πῳνοητά,
890 3850 976 3902 διὰ
1001 3850 1093 3901 τοῦ
1127 3852 1441 3919 μονογενοῦς
1470 3870 1559 3905 σου
1595 3855 1716 3906 Παι-

182 3938 260 4001 δὸς
294 3942 461 4011 Ἰησοῦ
484 3941 717 4012 Χριστοῦ
745 3940 836 3992 τοῦ
859 3940 1061 4009 Κυρίου
1082 3940 1253 4009 ήμῶν,
1275 3942 1365 3993 ἐπὶ
1386 3945 1503 4004 ταῖς
1525 3960 1715 4013 προσε-

184 4030 467 4099 νεχθείσαις
492 4049 572 4083 σοι
618 4032 908 4099 ἀπαρχαῖς,
954 4032 1049 4098 οὐχ
1090 4031 1210 4082 ὅσον
1259 4030 1557 4100 ὀφείλομεν,
1604 4032 1713 4083 ἀλλ’

183 4119 292 4171 ὅσον
320 4122 608 4191 δυνάμεθα.
640 4120 733 4183 Τίς
759 4120 864 4188 γὰρ
899 4119 1192 4189 ἀνθρώπων
1227 4121 1460 4184 ἐπαξίως
1495 4121 1711 4192 εὐχαρι-

184 4210 361 4278 στῆσαί
388 4228 468 4263 σοι
491 4211 729 4271 δύναται,
754 4210 891 4279 ὑπὲρ
909 4202 980 4262 ὧν
1001 4209 1231 4271 δέδωκας
1261 4211 1437 4273 αὐτοῖς
1457 4213 1535 4273 είς
1556 4212 1714 4281 μετά-

1824 1773 2015 1835 honor,
2058 1772 2350 1833 veneratio,
2404 1779 2455 1824 et
2497 1777 2683 1825 sancto
2744 1768 2984 1838 Spiritui,
3035 1770 3090 1823 in
3138 1770 3353 1824 sazcula.

1820 1861 2007 1915 Amen.
2045 1860 2177 1913 Tum
2207 1860 2463 1914 diaconus
2496 1860 2641 1914 dicat
2673 1879 2687 1915 :
2739 1861 2995 1915 Inclinate
3041 1860 3109 1914 ad
3163 1875 3357 1915 manus

1820 1952 2235 2020 iinpositionem.
2261 1950 2337 2004 Ac
2358 1951 2644 2021 episcopus
2676 1959 2812 2014 oret,
2840 1950 2923 2005 his
2960 1951 3135 2006 verbis
3168 1970 3181 2005 :

2336 2124 2559 2181 CAPUT
2596 2124 2831 2179 XXXIX.

2183 2217 2451 2285 lmpositt’o
2483 2233 2667 2269 manus
2698 2217 2973 2269 matutina.

1887 2306 2029 2360 Deus
2052 2305 2221 2360 ﬁdelis
2249 2314 2301 2359 et
2331 2321 2488 2359 verax
2516 2305 2559 2334 ⁸⁷
2582 2342 2598 2368 ,
2637 2304 2727 2372 qui
2758 2303 2891 2359 facis
2926 2302 3354 2357 misericordiam

1820 2398 1874 2450 in
1905 2397 2088 2460 millia,
2125 2403 2176 2450 et
2215 2394 2351 2449 dena
2396 2394 2581 2456 millia,
2631 2392 2978 2461 diligentibus
3019 2400 3103 2456 te;
3147 2391 3353 2446 amicus

1820 2486 2121 2549 humilium,
2176 2492 2230 2539 et
2277 2499 2569 2553 pauperum
2605 2481 2888 2544 defensor;
2937 2495 3045 2550 quo
3102 2481 3351 2535 universa

1818 2592 1953 2645 opus
1976 2575 2188 2639 habent,
2219 2591 2343 2644 quia
2362 2582 2555 2629 cuncta
2580 2572 2674 2626 tibi
2699 2587 2852 2627 serva
2883 2578 3043 2625 sunt:
3070 2570 3275 2639 respice
3297 2570 3354 2623 in

1819 2669 2071 2736 populum
2103 2675 2251 2720 tuum
2286 2666 2450 2728 hunc,
2496 2665 2551 2718 in
2596 2664 2695 2718 hos
2734 2662 2825 2731 qui
2870 2661 3199 2714 inclinarunt
3256 2658 3353 2712 tibi

1822 2759 1997 2820 capita
2042 2768 2160 2818 sua,
2178 2761 2230 2807 et
2258 2754 2479 2809 benedic
2525 2756 2603 2809 eis
2646 2754 3010 2808 benedictione
3047 2752 3349 2821 spirituali;

1824 2840 2031 2895 custodi
2055 2855 2167 2907 eos,
2200 2852 2258 2897 ut
2279 2845 2532 2912 pupillam
2560 2845 2699 2899 oculi
2721 2844 2872 2909 ⁸⁸-³⁹;
2902 2856 3156 2897 conserva
3184 2856 3276 2895 eos
3300 2842 3355 2895 in

1819 2936 2011 3004 pietate
2056 2950 2118 2988 ac
2160 2933 2398 3002 justitia;
2436 2939 2487 2986 et
2524 2946 2617 2986 eos
2653 2930 2758 2984 vita
2781 2937 2987 2983 aeterna
3018 2926 3266 2997 dignare;
3297 2924 3355 2979 in

1819 3025 2036 3081 Christo
2061 3022 2188 3079 Jesu
2232 3023 2427 3077 dilecto
2445 3020 2577 3075 Filio
2598 3028 2722 3085 tuo;
2752 3034 2873 3073 cum
2905 3032 3012 3087 quo
3035 3016 3132 3070 tibi
3161 3014 3354 3085 gloria,

1819 3116 2010 3178 honor,
2051 3121 2210 3182 atque
2252 3112 2447 3173 cultus,
2503 3118 2556 3165 et
2595 3116 2783 3164 sancto
2834 3104 3078 3175 Spiritui,
3110 3118 3273 3166 nunc,
3301 3108 3359 3155 et

1818 3219 2048 3273 semper,
2095 3210 2148 3257 et
2189 3203 2243 3255 in
2276 3201 2470 3257 saecula
2497 3199 2837 3254 saeculorum.
2870 3195 3061 3249 Amen.
3084 3193 3147 3246 Et
3172 3192 3357 3246 diaco-

1818 3312 1921 3350 nus
1944 3295 2086 3348 dicat
2118 3312 2131 3346 :
2172 3292 2326 3347 Exite
2369 3292 2423 3345 in
2462 3306 2610 3360 pace.
2659 3288 2922 3343 Cteterum
2956 3299 3054 3354 pro
3099 3280 3354 3351 primitiis

1817 3402 1935 3458 quae
1984 3385 2300 3448 oﬂ‘cruntur,
2350 3381 2636 3452 episcopus
2690 3377 2890 3447 gratias
2939 3374 3047 3444 agit
3099 3373 3244 3426 hunc
3296 3372 3354 3426 in

1816 3478 2029 3533 modum
2058 3495 2070 3529 :

2390 3557 2612 3613 CAPUT
2666 3556 2776 3610 XL.

2333 3650 2595 3706 Invocatio
2617 3664 2709 3716 pro
2734 3647 3002 3715 primitiis.

1883 3749 2092 3803 Gratias
2126 3747 2331 3817 agimus
2362 3744 2477 3805 tibi,
2542 3739 2765 3795 Domine
2814 3737 3178 3805 omnipotens,
3230 3749 3354 3788 om»

1814 3842 1963 3895 nium
2000 3838 2176 3906 Opifex
2203 3851 2265 3889 ac
2310 3834 2571 3903 provisor,
2626 3845 2722 3899 per
2775 3828 3105 3897 unigenitum
3154 3824 3353 3883 Filium

1816 3940 1966 3983 tuum
2020 3927 2203 3981 .lcsum
2255 3924 2527 3978 Christum
2576 3919 2861 3973 Dominum
2916 3925 3197 3980 nostrum,
3255 3931 3355 3985 pro

1815 4019 2009 4073 oblatis
2042 4017 2135 4071 tibi
2180 4015 2461 4085 primitiis;
2503 4028 2609 4065 non
2647 4018 2904 4079 quantum
2948 4008 3223 4070 debemus,
3258 4007 3353 4062 sed

1813 4118 2069 4183 quantum
2103 4121 2408 4178 possumus.
2438 4103 2570 4169 Quis
2601 4102 2743 4157 enim
2790 4099 3063 4153 hominum
3089 4095 3355 4167 condigne

1815 4212 1989 4275 potest
2014 4201 2212 4271 gratias
2231 4199 2324 4251 tibi
2357 4211 2530 4266 agere,
2563 4209 2660 4264 pro
2690 4193 2756 4246 iis
2782 4207 2899 4267 quae
2917 4190 3107 4246 dedisti
3135 4189 3267 4258 ipsis
3284 4189 3354 4243 ad

181 4294 361 4366 ληψιν;
399 4302 427 4353 6
474 4300 607 4362 Θεὸς
669 4298 933 4369 Ἀϐραὰμ,
984 4299 1075 4350 καὶ
1117 4299 1313 4361 Ἰσαὰκ,
1351 4300 1443 4351 καί
1485 4300 1672 4354 Ἰακὼὸ
1697 4343 1711 4367 ,

1824 4290 2276 4365 participandum?
2319 4288 2457 4342 Deus
2479 4284 2767 4341 Abrahami
2794 4291 2845 4338 et
2874 4281 3038 4339 Isaaci
3064 4289 3118 4335 et
3142 4280 3350 4345 Jacobi,

184 4388 269 4439 καὶ
288 4390 499 4443 πάντων
534 4391 643 4443 τῶν
689 4390 872 4456 ἁγίων·
903 4391 931 4441 6
980 4388 1151 4441 πάντα
1195 4388 1600 4461 τελεσφορήσας,
1631 4392 1717 4444 διά

181 4476 267 4527 τοῦ
292 4479 461 4546 Λόγου
494 4498 609 4545 σου,
640 4482 731 4533 καὶ
758 4478 1013 4542 κελεύσας
1042 4482 1106 4548 τῇ
1128 4482 1195 4548 γῇ
1227 4480 1594 4543 παντοδαποὺς
1622 4483 1713 4534 ὲκ-

184 4566 594 4641 φῦσαικαρποὺς
612 4574 692 4634 εἰς
709 4572 904 4640 εὐφροσ
917 4570 1042 4639 ύνην
1063 4570 1152 4621 καὶ
1170 4572 1664 4642 τροφὴνήμετέραν·
1688 4574 1716 4624 6

181 4653 296 4719 δοὺς
324 4663 429 4722 τοῖς
456 4661 805 4731 νωθεστέροις
829 4660 919 4712 καὶ
950 4658 1238 4728 βληχώδεσι
1276 4660 1449 4728 χειλὸν
1470 4700 1485 4727 ,
1557 4660 1713 4731 χλοη-

184 4746 365 4813 φάγοις
391 4749 572 4818 χλόην,
601 4751 691 4801 καὶ
720 4752 828 4810 τοῖς
862 4747 960 4819 μὲν
992 4748 1123 4817 κρέα
1150 4786 1163 4810 ,
1194 4751 1304 4810 τοῖς
1331 4749 1387 4801 δὲ
1414 4750 1713 4820 σπέρματα,

182 4833 303 4901 ἡμῖν
324 4837 379 4887 δὲ
414 4841 556 4889 σῖτον
578 4839 711 4908 πρὸς
740 4840 941 4909 τροφὴν
968 4838 1268 4908 πρόσφορον
1313 4839 1405 4891 καὶ
1451 4838 1714 4909 κατάλλη-

182 4920 284 4983 λον,
314 4926 405 4977 ml
431 4927 591 4996 ἕτερα
615 4928 861 4996 διάφορα,
899 4926 967 4979 τά
1004 4928 1100 4996 μὲν
1138 4926 1270 4996 πρὸς
1319 4929 1527 4999 χρῆσιν,
1558 4928 1625 4980 τά
1659 4928 1715 4980 δὲ

184 5011 311 5079 πρὸς
338 5015 562 5081 ὑγίειαν,
602 5016 671 5068 τὰ
699 5017 752 5067 δὲ
788 5017 919 5085 πρὸς
963 5015 1165 5086 τέρψιν.
1217 5017 1336 5068 Ἑπί
1390 5017 1592 5079 τούτοις
1622 5013 1715 5069 οὖν

186 5098 372 5156 ἆτασιν
404 5108 777 5178 ὐπερύμνητος
806 5106 913 5177 (57)
939 5105 1194 5175 ὑπάρχεις
1214 5144 1229 5168 ,
1268 5108 1364 5177 τῆς
1405 5110 1484 5171 εἰς
1515 5108 1716 5171 πάντας

253 5261 298 5293 ⁸⁸
330 5261 474 5317 Psal.
506 5278 668 5326 Lxxx,
702 5261 785 5315 10.

1815 4386 2161 4452 omniumque
2201 4389 2511 4435 sanctorum
2546 4397 2559 4432 :
2591 4377 2681 4447 qui
2720 4385 2913 4430 cuncta
2958 4374 3024 4427 ad
3066 4374 3353 4442 perfectio-

1816 4490 1937 4529 nem
1965 4489 2026 4527 ac
2051 4472 2408 4526 maturitatem
2438 4467 2758 4538 perduxisti,
2793 4481 2885 4535 per
2914 4463 3148 4519 Verbum
3172 4469 3345 4527 tuum,

1813 4574 1866 4621 et
1894 4574 2048 4620 terra:
2074 4563 2283 4633 jussisti
2324 4561 2638 4630 progignere
2682 4555 2859 4610 omnis
2889 4553 3101 4623 generis
3142 4552 3350 4608 fructus

1814 4659 1879 4712 ad
1908 4656 2140 4711 laetitiam
2169 4662 2222 4709 et
2248 4654 2555 4706 alimoniam
2584 4656 2821 4704 nostram
2858 4665 2869 4698 :
2904 4644 2995 4714 qui
3019 4642 3213 4698 dedisti
3254 4643 3351 4697 be-

1813 4747 2112 4803 betioribus
2147 4760 2209 4798 ac
2247 4742 2637 4812 stupidioribus
2672 4738 2927 4807 pabulum
2978 4732 3126 4800 feni,
3169 4733 3348 4788 herbi-

1814 4838 1957 4893 voris
1981 4836 2199 4891 herbam
2234 4842 2324 4889 :et
2362 4833 2480 4885 aliis
2524 4829 2737 4897 quidem
2784 4839 2997 4887 carnes,
3042 4823 3164 4878 aliis
3219 4837 3349 4877 vero

1816 4928 2041 4990 semina,
2072 4925 2231 4980 nobis
2272 4932 2448 4977 autem
2492 4920 2820 4972 frumentum
2856 4917 2923 4969 ad
2946 4914 3123 4970 cibum
3163 4924 3355 4984 aptum.

1816 5033 1878 5072 ac
1919 5016 2317 5071 convenientem
2354 5030 2365 5064 :
2412 5012 2538 5063 item
2591 5008 2801 5062 diversa
2847 5004 2973 5067 alia,
3043 5004 3237 5074 partim
3277 5003 3359 5057 ad:

1815 5123 1992 5172 usum,
2029 5105 2222 5176 partim
2252 5100 2323 5154 ad
2353 5100 2654 5163 sanitatem,
2695 5096 2887 5167 partim
2930 5095 2996 5150 ad
3031 5093 3346 5152 oblectatio-

884 5260 927 5289 ⁸⁷
968 5258 1132 5312 Exod.
1176 5275 1356 5325 xxxiv,
1389 5264 1440 5317 6.
1514 5265 1630 5305 δί’-⁸⁸
1661 5263 1801 5320 Psal.
1834 5282 1942 5329 xvi,
1972 5264 2023 5318 8.

1447 5419 1796 5480 VARIORUM
1847 5419 2073 5479 ΝΟΤᾸΕ.

238 5526 361 5626 (ει)
409 5556 844 5624 Ὺπερύμνητος.
881 5553 937 5606 In
964 5553 1129 5606 altero
1157 5551 1277 5605 cod.
1312 5553 1558 5624 ὑμνητὸς.
1593 5553 1665 5609 In.
