3872 6368
470 239 611 297 11ιῦ

1353 240 1409 294 S.
1446 235 1841 293 CLEMENTIS
1874 238 1893 291 1
1930 234 2094 291 ROM.
2131 233 2334 289 ΡΟΝΤ.
2371 231 2599 290 OPERA
2633 230 2865 287 DUBIA.

3580 231 3719 288 HM

465 375 610 415 nem.
647 353 755 409 Pro
784 355 871 411 his
900 354 1065 426 igitur
1096 354 1353 409 omnibus
1395 369 1606 408 summe
1638 351 1943 407 laudandus
1962 369 2043 415 es,

2158 348 2484 422 εὐεργεσίας,
2514 348 2602 401 διά
2636 346 2891 419 Χριστοῦ·
2938 347 3006 400 δι’
3028 342 3087 399 οὗ
3125 346 3236 418 (58)
3276 356 3363 400 σοι’
3402 346 3551 413 δόξα,
3584 348 3721 420 τιμὴ

466 453 533 507 de
563 462 653 505 tua
682 464 810 519 erga
842 462 1030 501 omnes
1059 445 1439 507 beneﬁcentia,
1481 461 1578 515 per
1605 444 1915 510 Christum;
1950 460 2045 513 per

464 558 627 612 quem
659 540 758 594 tibi
790 539 987 609 gloria,
1011 537 1191 592 honor
1212 526 1585 599 et'veneratio,
1619 537 1673 589 in
1703 543 1893 589 sancto
1931 534 2048 604 Spi-

466 634 598 700 ritu,
630 633 686 686 in
719 630 941 687 saecula.
967 618 1167 684 Amen.
1195 627 1368 683 Porro
1398 629 1466 683 de
1496 630 1566 683 iis
1591 629 1683 698 qui
1733 629 1786 681 in
1824 627 2044 682 Christo

467 724 881 794 requieverunt;
935 728 1226 793 postquam
1250 720 1515 775 diaconus
1534 720 1683 774 clara
1699 735 1830 775 voce
1858 727 2045 789 protu-

466 816 591 869 lerit
617 829 677 868 ea
708 827 829 882 qua:
858 812 1040 867 oratio
1072 812 1458 881 complectitur
1489 813 1580 883 (ne
1616 810 1804 867 eadem
1832 818 2046 881 repeta-

467 908 636 977 mus),
668 904 895 975 adjiciet
914 904 1080 960 etiam
1109 901 1225 957 haec
1262 924 1274 957 :

1029 1002 1262 1075 CAPUT
1329 1017 1467 1073 xu.

967 1110 1155 1166 Oratio
1183 1127 1277 1181 pro
1309 1112 1550 1170 mortuis,

536 1205 645 1261 Pro
670 1203 937 1260 fratribus
954 1203 1285 1274 nostris,qui
1315 1202 1370 1256 in
1388 1201 1609 1257 Christo
1638 1202 2041 1273 requieverunt,

466 1313 721 1364 oremus;
768 1305 828 1351 ut
872 1293 1160 1350 hominum
1214 1310 1406 1355 amans
1456 1294 1619 1360 Deus,
1670 1295 1762 1365 qui
1804 1296 2042 1348 animam

468 1388 713 1445 defuncti
737 1388 1001 1458 suscepit,
1029 1386 1082 1443 ei
1102 1386 1344 1441 remittat
1364 1402 1524 1441 omne
1551 1394 1835 1457 peccatum
1864 1386 2046 1440 volun-

467 1483 668 1537 tarium
704 1496 768 1535 ac
797 1494 907 1534 non
940 1478 1336 1543 voluntarium,
1371 1486 1425 1533 et
1464 1479 1732 1549 propitius
1777 1479 2044 1532 clemens-

470 1590 578 1645 que
607 1571 807 1637 factus,
840 1572 1076 1627 collocet
1104 1587 1229 1627 eum
1272 1571 1327 1625 in
1362 1573 1585 1642 regione
1617 1572 1831 1642 piorum
1853 1612 1868 1635 ,
1901 1572 2049 1642 quie-

2144 443 2237 494 καὶ
2268 441 2448 505 σέϐας,
2470 442 2526 493 ὲν
2538 441 2677 511 ἁγίῳ
2694 441 2992 510 Πνεύματι,
3013 441 3092 502 εἰς
3108 440 3235 501 τοὺς
3266 437 3490 501 αἰῶνας·
3525 438 3719 509 Ἀμήν.

2157 534 2277 586 Ἐπὶ
2312 533 2370 586 δὲ
2414 532 2523 586 τῶν
2559 534 2617 585 ὲν
2670 530 2891 602 Χριστῷ
2931 531 3424 600 ἀναπαυσαμένων,
3477 528 3619 599 μετά
3662 532 3724 582 τὸ

2145 624 2388 694 φωνῆσαι
2427 624 2496 676 τά
2542 624 2642 694 τῆς
2686 624 2993 694 προσευχῆς
3025 621 3165 691 (59),
3202 623 3287 674 ἴνα
3333 621 3408 693 μὴ
3442 621 3605 673 πάλιν
3639 619 3725 672 λέ-

2142 733 2349 787 γωμεν,
2380 718 2407 770 6
2425 716 2673 781 διάκονος
2703 716 3002 788 προσθήσει
3026 717 3122 770 καὶ
3145 715 3339 768 ταῦτα·

2663 1020 3057 1075 ΚΕΦΑΛΑῘΟΝ
3092 1021 3224 1073 MA'.

2232 1114 2664 1185 Προσφώνησις
2690 1113 2842 1182 ὑπὲρ
2870 1111 2984 1166 τῶν
3015 1110 3461 1183 κεκοιμημένων
3493 1112 3624 1185 (60).

2226 1212 2396 1284 ’Υπὲρ
2420 1206 2886 1277 ἀναπαυσαμένων
2932 1204 2989 1257 ὲν
3019 1204 3239 1276 Χριστῷ
3274 1204 3521 1273 ἀδελφῶν
3567 1205 3728 1275 ἡμῶν

2143 1304 2442 1375 δεηθῶμεν·
2488 1303 2635 1363 ὅπως
2679 1302 2707 1353 6
2751 1296 3129 1368 φιλάνθρωπος
3167 1296 3319 1359 Θεὸς,
3358 1299 3387 1349 6
3431 1297 3727 1367 προσδεξά-

2149 1414 2305 1467 μενος
2354 1392 2517 1449 αὐτοῦ
2571 1392 2670 1463 τὴν
2706 1389 2905 1461 ψυχὴν,
2943 1389 3146 1461 παρίδῃ
3166 1388 3211 1457 ’9
3268 1387 3377 1459 (61)
3428 1389 3572 1458 αὐτῷ
3618 1390 3725 1441 πᾶν

2146 1488 2449 1560 ἁμάρτημα
2480 1484 2745 1547 ἑκούσιον,
2774 1483 2869 1535 καὶ
2894 1480 3165 1542 ἀκούσιον,
3202 1481 3294 1533 καὶ
3322 1479 3482 1542 ἵλεως
3516 1480 3610 1531 καὶ
3634 1480 3726 1531 εὖ-

2150 1581 2314 1652 μενὴς
2339 1579 2646 1648 γενόμενος,
2678 1573 2959 1646 κατατάξῃ
2986 1575 3067 1635 εἰς
3093 1570 3272 1644 χώραν
3296 1571 3555 1634 εὐσεϐῶν,
3577 1572 3725 1622 ἀνει-

472 1667 747 1721 scentium
776 1663 831 1717 in
862 1663 988 1719 sinu
1018 1663 1312 1717 Ahrahami
1334 1704 1349 1726 ,
1381 1662 1553 1718 lsaaci
1596 1671 1649 1719 et
1672 1662 1887 1728 Jacobi,
1920 1679 2044 1718 cum

2158 1673 2324 1743 μένων
2354 1672 2433 1733 εἰς
2459 1670 2654 1723 κόλπον
2686 1664 2936 1738 Ἀϐραὰμ
2972 1665 3065 1718 καὶ
3101 1663 3285 1717 Ἰσαὰκ
3344 1663 3441 1716 καὶ
3509 1661 3723 1725 Ἰακὼῆ,

472 1757 725 1812 omnibus
754 1754 849 1825 qui
878 1771 910 1810 a
944 1755 1145 1811 saeculo
1174 1755 1494 1825 placuerunt
1523 1754 1654 1818 Deo,
1687 1770 1750 1809 ac
1790 1755 1909 1824 ejus
1950 1770 2047 1809 vo-

471 1849 735 1913 luntatem
771 1846 1048 1913 fecerunt;
1086 1846 1230 1900 unde
1259 1845 1468 1916 aufugit
1507 1845 1681 1909 dolor,
1712 1845 1940 1901 tristitia
1992 1852 2046 1901 et

471 1938 725 2009 gemitus.
760 1936 1087 2008 Surgamus.
1119 1935 1230 1992 Nos
1261 1936 1410 2007 ipsos
1433 1975 1451 2003 ,
1481 1944 1535 1991 et
1558 1938 1812 2003 invicem,
1843 1946 2046 1991 aeterno

473 2030 584 2086 Deo
618 2029 1084 2093 commendemus,
1121 2044 1218 2098 per
1238 2027 1475 2084 Verbum
1503 2030 1645 2099 quod
1676 2037 1793 2084 erat
1818 2030 1871 2083 in
1905 2029 2049 2100 priu-

474 2122 637 2192 cipio.
672 2120 749 2175 Ac
767 2121 1059 2190 episcopus
1082 2120 1228 2175 dicat
1255 2140 1267 2174 :
1298 2119 1400 2186 Qui
1426 2130 1619 2175 natura
1641 2136 1701 2176 es
1724 2122 2048 2179 immortalis

473 2229 538 2269 ac
565 2213 672 2269 ﬁne
704 2228 933 2279 carens;
975 2227 1004 2266 a
1038 2228 1148 2284 quo
1185 2220 1385 2268 cuncta
1408 2213 1737 2278 immortalia
1764 2221 1818 2269 et
1844 2223 2048 2268 morta-

474 2305 545 2359 lia
571 2313 691 2358 orta
722 2311 876 2372 sunt;
908 2305 1001 2374 qui
1034 2305 1235 2358 animal
1262 2305 1528 2359 rationale
1558 2304 1852 2373 hominem,
1873 2306 2045 2360 civem

473 2396 686 2459 mundi.
721 2396 774 2449 in
802 2394 1159 2452 fabricatione
1188 2395 1418 2451 ellecisti
1448 2397 1755 2463 mortalem,
1776 2405 1829 2453 et
1858 2413 2045 2453 resur-

474 2489 772 2543 rectionem
804 2488 1145 2558 promisisti;
1179 2488 1273 2558 qui
1308 2486 1625 2543 llenochum
1657 2503 1721 2543 ac
1741 2488 1913 2543 Eliam
1940 2505 2048 2544 non

475 2580 653 2635 sivisti
690 2581 885 2636 mortis
916 2581 1347 2650 experimentum
1392 2597 1585 2652 capere
1617 2600 1632 2637 :
1685 2580 1830 2637 Deus
1874 2578 2049 2636 Abra-

475 2673 640 2736 hami,
686 2670 833 2729 Deus
862 2671 1033 2728 lsaaci
1073 2681 1131 2728 et
1183 2672 1326 2729 Deus
1381 2673 1608 2741 Jacobi;
1639 2690 1748 2728 non
1789 2682 2046 2745 tanquam

475 2776 858 2829 mortuorum,
913 2764 1008 2820 sed
1066 2774 1322 2835 tanquam
1375 2766 1667 2820 viventium
1716 2782 1775 2821 es
1825 2766 2045 2833 Deus";

476 2858 604 2926 quia
630 2864 955 2911 cunctorum
980 2859 1173 2911 anima:
1204 2860 1351 2927 apud
1385 2865 1437 2912 te
1462 2859 1654 2912 vivunt
1684 2898 1698 2922 ,
1739 2866 1792 2911 et
1821 2859 2047 2927 spiritus

472 2950 747 3019 justorum
778 2948 836 3002 in
867 2963 1039 3033 manu
1066 2957 1158 3003 tua
1189 2958 1335 3012 sunt,
1363 2964 1502 3019 quos
1549 2964 1658 3003 non
1692 2957 1874 3019 tanget
1921 2966 2048 3004 cru-

2152 1763 2287 1835 μετά
2302 1763 2516 1815 πάντων
2537 1761 2644 1813 τῶν
2664 1761 2757 1813 ἀπ’
2782 1758 2974 1820 αἰῶνος
2995 1755 3475 1826 εὐαρεπησὰντων
3496 1754 3571 1825 τῷ
3582 1753 3725 1825 Θεῷ,

2148 1856 2242 1909 καὶ
2261 1853 2600 1925 ποιησάντων
2627 1852 2688 1904 τὸ
2704 1849 2913 1920 Θέλημα
2941 1848 3126 1900 αὐτοῦ’
3150 1847 3275 1900 ἔνθα
3296 1846 3725 1918 ἀπέδρα,ῶύνη,

2148 1946 2241 1999 καὶ
2278 1944 2420 2015 λύπη
2481 1944 2577 1996 καὶ
2630 1940 2947 2011 στεναγμός.
3014 1938 3409 2010 Ἐγειρώμεθα.
3474 1938 3727 2001 Ἑαυτοὺς

2148 2037 2241 2089 καὶ
2270 2036 2527 2107 ἀλλήλους
2660 2034 2814 2104 ἀϊδίῳ
2843 2033 2962 2103 Θεῷ
2989 2032 3077 2084 διὰ
3121 2031 3214 2084 τοῦ
3257 2033 3315 2084 ὲν
3360 2032 3504 2102 ἀρχῇ
3550 2031 3725 2099 Λόγου

2150 2127 2539 2200 παραθὼμεθα.
2580 2127 2690 2179 Καὶ
2725 2129 2753 2179 6
2785 2125 3079 2187 ἐπίσκοπος
3110 2123 3334 2193 λεγέτω·
3377 2123 3435 2175 Ὀ
3470 2126 3536 2193 τῇ
3568 2122 3729 2190 φύσει

2150 2222 2258 2291 (62)
2295 2221 2557 2282 ἀθάνατος
2594 2219 2689 2272 κα)⁸
2728 2216 3100 2287 ἀτελεύτητος,
3136 2217 3264 2286 παρ’
3292 2209 3354 2267 οὗ
3389 2216 3498 2266 πᾶν
3523 2214 3727 2267 ἀθάνα-

2147 2330 2238 2366 τον
2266 2314 2361 2365 καὶ
2384 2311 2574 2383 Ονητδν
2600 2310 2882 2379 γέγονεψὸ
2909 2309 2969 2361 τὸ
3003 2308 3217 2377 λογικὸν
3246 2306 3383 2372 ζῶον
3409 2306 3501 2359 τὸν
3530 2306 3732 2376 ἄνθρω-

2148 2420 2249 2457 πον
2293 2404 2383 2458 τὸν
2421 2401 2855 2475 κοσμοπολίτην,
2896 2400 3090 2471 θνητὸν
3143 2402 3202 2453 ὲν
3251 2402 3565 2469 κατασκευῇ
3616 2398 3728 2470 (65)

2150 2497 2399 2565 ποιήσας,
2423 2496 2517 2549 καὶ
2544 2494 2875 2548 ἀναστασίαν
2909 2492 3019 2564 (64)
3061 2491 3551 2563 ἐπαγγειλάμενος·
3584 2494 3614 2544 6
3639 2492 3732 2543 τὸν

2162 2587 2331 2657 Ἑνὼχ
2366 2586 2460 2640 καὶ
2492 2586 2583 2639 τὸν
2613 2585 2799 2639 Ἠλίαν
2832 2585 3062 2640 θανάτου
3098 2588 3293 2657 πεῖραν
3330 2584 3403 2655 μὴ
3436 2583 3604 2646 ἐάσας
3637 2582 3733 2635 λα-

2150 2678 2285 2732 ϐεῖν·
2326 2682 2352 2733 6
2392 2680 2524 2741 Θεὸς
2573 2678 2855 2750 Ἀϐραὰμ,
2906 2680 2934 2733 6
2974 2678 3106 2741 Θεὸς
3148 2676 3352 2741 Ἰσαάκ,
3399 2678 3493 2729 καί
3539 2678 3567 2728 6
3602 2676 3735 2738 Θεὸς

2163 2772 2376 2835 Ἰακὼϐ,
2422 2773 2521 2843 οὐχ
2565 2772 2639 2835 ὡς
2671 2751 2901 2843 νεκρῶν,
2945 2770 3057 2824 ἀλλ’
3106 2770 3182 2833 ὡς
3236 2769 3457 2833 ζώντων
3485 2768 3622 2830 Θεὸς
3665 2764 3731 2819 εἶ·

2150 2866 2232 2919 ὅτι
2264 2865 2482 2918 πάντων
2515 2866 2570 2918 αἱ
2601 2864 2770 2935 ψυχαὶ
2797 2863 2944 2935 παρὰ
2970 2865 3051 2916 σοὶ
3075 2862 3227 2927 ζῶσι,
3257 2863 3352 2915 καὶ
3379 2861 3489 2914 τῶν
3510 2861 3735 2914 δικαίων

2149 2956 2219 3009 τὰ
2243 2957 2525 3027 πνεύματα
2552 2957 2611 3008 ὲν
2640 2958 2704 3027 τῇ
2741 2955 2885 3027 χειρί
2918 2955 3010 3007 σού
3057 2957 3212 3018 εἰσιν,
3242 2948 3316 3006 ὦν
3342 2955 3405 3006 οὐ
3431 2954 3505 3023 μὴ
3532 2954 3735 3022 ἅψηται

478 3044 654 3095 ciatus
673 3042 719 3074 θ’
743 3058 757 3107 ;
790 3055 980 3095 omnes
998 3031 1143 3095 enim
1160 3040 1503 3107 sanctiﬁcati,
1534 3042 1638 3095 sub
1666 3041 1919 3095 manibus
1939 3041 2049 3097 tuis

2158 3046 2401 3119 βάσανος
2449 3048 2649 3111 πάντες
2673 3046 2782 3118 γὰρ
2813 3046 3131 3117 ἡγιασμένοι
3159 3045 3263 3098 ὑπὸ
3286 3044 3385 3107 τὰς
3416 3045 3607 3115 χεῖρας
3642 3044 3734 3096 σου

480 3130 672 3185 sunt”
703 3150 715 3185 :
754 3131 872 3200 ipse
912 3141 964 3186 et
1012 3148 1160 3186 nunc
1196 3133 1408 3203 respice
1457 3148 1623 3203 super
1652 3148 1866 3187 servum
1898 3143 2049 3188 tuum

478 3225 650 3285 hunc,
685 3239 845 3293 quem
875 3225 1135 3295 selegisti,
1167 3233 1221 3280 et
1257 3226 1605 3296 assumpsisti
1649 3226 1705 3280 in
1740 3225 1900 3279 aliam
1931 3242 2052 3282 sor-

481 3322 587 3369 tem
613 3333 628 3380 ;
659 3323 714 3369 et
742 3315 995 3369 condona
1020 3317 1089 3379 ei,
1116 3317 1160 3371 si
1194 3316 1324 3388 quid
1356 3318 1543 3374 volens
1566 3326 1659 3373 aut
1689 3319 1895 3377 invitus
1919 3320 2059 3375 deli-

480 3410 629 3477 quit;
684 3414 847 3479 atque
915 3409 1140 3479 angelos
1195 3410 1245 3464 ei
1296 3410 1493 3465 exhibe
1541 3411 1835 3480 placidos;
1888 3420 2051 3483 atque

481 3502 690 3556 colloca
738 3517 862 3556 eum
926 3501 981 3555 in
1045 3501 1169 3556 sinu
1219 3503 1679 3571 patriarcharum,
1757 3504 2052 3575 propheta-

481 3616 625 3665 rum,
683 3593 1084 3671 apostolorum,
1152 3592 1508 3663 omniumque
1555 3594 1649 3662 qui
1706 3594 1801 3647 tibi
1865 3608 1895 3647 a
1948 3609 2052 3648 sa:-

483 3692 606 3746 culo
630 3691 984 3761 placuerunt;
1041 3684 1131 3744 ubi
1164 3700 1273 3738 non
1297 3692 1380 3739 est
1412 3685 1653 3748 tristitia,
1710 3686 1885 3751 dolor,
1954 3702 2050 3757 ge-

482 3784 674 3849 mitus,
709 3784 818 3838 imo
853 3783 1009 3838 locus
1042 3784 1257 3854 piorum
1288 3776 1530 3839 sedatus.
1568 3785 1620 3832 et
1645 3779 1848 3852 pariter
1875 3780 2053 3851 quieta

482 3885 627 3932 terra
662 3886 960 3941 rectorum,
994 3890 1293 3945 eorumque
1318 3875 1411 3945 qui
1445 3876 1496 3928 in
1514 3890 1577 3929 ea
1602 3874 1789 3929 vident
1822 3874 2049 3944 gloriam

483 3968 685 4025 Christi
712 3970 827 4038 tui;
857 3985 953 4041 per
980 3983 1143 4040 quem
1195 3968 1293 4022 tibi
1350 3967 1541 4038 gloria,
1591 3968 1791 4034 honor,
1846 3969 2048 4033 cultus,

2153 3143 2308 3194 εἰσιν·
2354 3139 2515 3205 αὐτὸς
2547 3141 2640 3194 καὶ
2673 3140 2767 3192 νῦν
2800 3139 2951 3192 ἔπιδε
2984 3140 3075 3191 ἐπὶ
3104 3139 3194 3191 τὸν
3223 3139 3407 3191 δοῦλόν
3440 3156 3536 3191 σου
3560 3139 3733 3197 τόνδε,

2150 3236 2208 3290 ὃν
2234 3235 2459 3301 ἐξελέξω
2484 3275 2497 3299 ,
2526 3216 3000 3304 καὶθπροσελάϐου
3040 3234 3119 3294 εἰς
3168 3231 3361 3301 ἑτέραν
3406 3229 3580 3300 λῆξιν,
3644 3230 3735 3281 καὶ

2152 3326 2501 3398 συγχώρησον
2544 3302 2793 3396 αὐτῷήεῐ
2836 3341 2887 3377 τι
2946 3302 3086 3377 ἑκὼν
3134 3320 3167 3392 ἢ
3212 3322 3363 3376 ἄκων
3402 3321 3731 3391 ἐξήμαρτεν,

2150 3418 2412 3487 ἀγγέλους
2434 3419 2683 3488 εὐμενεῖς
2714 3414 3066 3486 παράστησον
3098 3412 3246 3483 αὑτῷ
3282 3411 3417 3483 (65),
3455 3413 3547 3465 καὶ
3572 3412 3734 3465 κατὰ·

2151 3510 2311 3575 ταξον
2349 3508 2509 3562 αὑτὸν
2552 3510 2610 3561 ὲν
2641 3507 2719 3578 τῷ
2760 3506 2944 3577 κόλπῳ
2984 3504 3093 3558 τῶν
3123 3504 3476 3575 πατριαρχῶν
3508 3506 3601 3556 καὶ
3626 3504 3734 3556 τῶν

2154 3600 2445 3672 προφητῶν
2484 3600 2577 3653 καὶ
2614 3598 2721 3652 τῶν
2757 3596 3066 3651 ἀποστόλων
3109 3597 3201 3651 καὶ
3230 3596 3463 3648 πάντων
3491 3596 3597 3647 τῶν
3640 3596 3731 3647 ἀπ’

2154 3693 2345 3756 αἰῶνός
2361 3711 2443 3746 σοι
2463 3691 2963 3763 εὐαρεπησάντων,
2984 3691 3115 3742 ὅπου
3139 3690 3238 3742 οὐκ
3270 3687 3349 3741 ἔνι
3371 3688 3537 3759 λύπη,
3573 3686 3729 3757 ὀδύνη

2152 3786 2247 3838 καὶ
2289 3784 2607 3855 στεναγμὸς,
2639 3783 2772 3837 ἀλλά
2811 3784 2986 3853 χῶρος
3013 3781 3250 3835 εὐσεϐῶν
3289 3782 3593 3850 ἀνειμένος,
3641 3780 3730 3831 καὶ

2152 3878 2221 3948 γῆ
2244 3876 2443 3929 εὐθέων
2472 3876 2825 3946 συνανειμένη
2851 3875 2981 3946 (66),
3013 3873 3221 3927 καὶτῶν
3251 3876 3306 3926 ἐν
3326 3875 3463 3945 αὐτῇ
3485 3872 3729 3943 ὁρώντων

2151 3969 2248 4038 τὴν
2282 3967 2436 4033 δόξαν
2463 3966 2557 4020 τοῦ
2581 3966 2818 4038 Χριστοῦ
2852 3983 2965 4019 σου·
2997 3966 3062 4019 δι’
3087 3958 3148 4019 οὗ
3177 3965 3286 4038 (67)
3339 3982 3423 4018 σοι
3463 3964 3615 4027 δόξα,
3648 3981 3729 4016 τι-

554 4109 599 4141 ⁹⁰
639 4106 679 4164 f.
714 4111 908 4184 παρίῃ.
983 4108 1029 4141 ’⁸
1067 4104 1260 4162 Matth.
1291 4120 1430 4171 xxu,
1464 4104 1554 4161 52.
1630 4103 1675 4136 θ’
1715 4102 1843 4175 Sap.
1876 4118 1959 4169 tu,
1992 4105 2041 4159 ι.

2158 4104 2163 4132 ¹
2200 4102 2358 4158 Deut.
2392 4116 2583 4168 χχχιιι,
2615 4102 2669 4157 5.

1732 4253 2096 4310 'VARIORUM
2147 4251 2379 4309 ΝΟΤΑΕ.

557 4382 809 4455 (ειη-Δρ
847 4380 961 4455 οῦκ
994 4376 1199 4433 Ibidem
1248 4376 1446 4455 legitur
1500 4374 1616 4446 μεθ’
1670 4368 1752 4455 οὒ.
1790 4371 1937 4455 ,νιάε
1991 4373 2058 4455 ad

2163 4390 2281 4429 eam
2330 4374 2690 4455 corruptibili:
2726 4374 2971 4455 corporis
3009 4373 3408 4455 indumentum,
3438 4376 3494 4429 in
3534 4375 3723 4454 coelum

485 4443 608 4530 cap.
641 4443 730 4530 37_.
755 4449 847 4505 Sic
875 4451 1005 4530 etin
1028 4443 1385 4530 sequentibus
1406 4443 1535 4500 vero
1564 4459 1661 4515 pro
1684 4444 1744 4496 ὲν
1781 4443 1918 4514 ἁγίῳ
1939 4483 1953 4506 ,
2001 4444 2057 4497 in

486 4516 677 4600 eodem
706 4522 883 4600 legere
914 4526 998 4574 est
1029 4516 1124 4600 silv
1153 4516 1310 4596 ἀγίῳ.
1348 4516 1558 4594 (Σιειι...

558 4591 669 4665 (59)
710 4581 990 4673 Φξῖινῆσαι
1015 4588 1092 4670 τρ
1113 4581 1224 4654 τῆς
1250 4581 1615 4673 προσευχῆς.
1640 4582 1699 4673 [In
1730 4584 1901 4673 altero
1929 4581 2053 4673 eod.

486 4652 879 4735 προσῴωνῆσαί
921 4659 991 4712 τὰ
1033 4658 1131 4728 τῆς
1171 4652 1395 4727 πρώτης
1441 4655 1625 4724 εὐχῆς.
1656 4652 1810 4719 Quod
1841 4654 2055 4718 melius,

489 4734 861 4804 respiciuntur
892 4729 1037 4804 enim
1072 4741 1263 4804 preces
1296 4733 1454 4804 antea
1487 4731 1817 4804 memorata.
1841 4722 1925 4804 ip.
2023 4791 2049 4804 η

560 4793 670 4874 (60)
708 4793 1179 4874 Κεκριμημρνἱυν.
1233 4794 1293 4849 ln
1343 4796 1512 4849 altero
1558 4793 1681 4847 cod.
1734 4794 1790 4846 ὲν
1841 4793 2060 4864 Χριστῷ

486 4866 971 4941 ἀναπαυσαμένωνζ
996 4866 1073 4941 in.

552 4934 957 5068 manantia.
994 4938 1054 4992 lu
1109 4937 1283 4991 altero
1329 4936 1549 5009 ἁφὴσῃ,
1601 4934 1745 5007 quod
1792 4934 2060 5004 glossema

488 5028 890 5153 ῐθῖἕὲ)ι’⁶ὀ⁰τῇ
917 5080 1118 5153 φύσει,
1150 5085 1275 5153 etc.
1316 5076 1440 5153 Haec
1484 5077 1545 5153 in
1594 5077 1765 5129 altero
1792 5082 2061 5153 vocantur

502 5141 819 5223 Ἐπίδέλησις
850 5141 988 5220 ὅπερ
1016 5141 1123 5201 τῶν
1146 5149 1203 5227 ὲν
1474 5144 1955 5238 ἀναπαυσαμένων.
1982 5141 2057 5238 ξι).

561 5224 673 5365 (ἓῗέ

516 5379 546 5416 D

726 5212 821 5273 “Ex
858 5212 1222 5286 καὲασκευῇ.
1253 5212 1456 5272 Ibidem
1486 5219 1549 5269 ὲκ
1583 5212 1943 5286 κατασκευῆς.
1985 5212 2058 5266 In.

724 5290 1144 5345 Ἀναστασίαν.
1174 5284 1415 5344 Rectius
1455 5288 1511 5342 in
1544 5286 1715 5340 altero
1743 5284 2057 5338 ἀνάστασιν.

565 5430 675 5501 (65)
728 5430 1044 5500 Ἀγγέλους
1104 5427 1369 5501 εὐμενεῖς
1418 5425 1842 5501 παράστησον-
1878 5422 2057 5501 αὐτῷ.

490 5494 1031 5571 Αιι’ςε[οιίιιίιόιῖὶρὶιι
1061 5500 1115 5554 in
1161 5494 1442 5571 hominum
1488 5494 1780 5571 morte,_ex
1812 5494 2059 5548 doctrina

497 5566 607 5625 SSI
644 5568 864 5623 Patrum
913 5579 1069 5625 sunt:
1125 5570 1382 5624 assistere
1432 5566 1810 5629 morientibus,
1859 5578 2062 5631 eosque

491 5656 597 5713 .pro
625 5638 831 5713 yirihus
854 5641 1154 5713 _adjuvare';
1204 5639 1310 5709 piis
1341 5654 1462 5693 esse
1495 5636 1756 5704 ἀγγέλους
1803 5635 2023 5703 εἰρήνης
2043 5670 2057 5693 ,

498 5706 740 5786 placidos
778 5706 973 5765 anima:
1020 5706 1366 5775 evocatores,
1411 5716 1762 5779 acceptorcs,
1802 5713 2061 5760 exucntes

2164 4452 2479 4516 portantes,
2538 4444 2601 4497 ad
2656 4443 2838 4516 Deum
2870 4446 3221 4508 deducentes,
3265 4444 3723 4516 δορυφοροῦντας,

2159 4516 2260 4568 via:
2284 4515 2451 4570 duces
2473 4529 2536 4568 ac
2560 4514 2806 4577 comites,
2841 4523 3291 4585 propugnatores.
3317 4514 3726 4585 occursatores;

2159 4585 2343 4654 impiis
2373 4599 2503 4638 vero
2536 4585 2743 4647 tristes,
2780 4585 3093 4656 horribiles,
3132 4584 3569 4656 ἁπειληφόρους,
3604 4584 3727 4639 οηέ

2159 4662 2361 4725 ctores,
2385 4662 2439 4708 et
2454 4662 2719 4725 raptores,
2736 4654 2803 4707 ad
2822 4654 3088 4725 judicium
3108 4655 3303 4709 acerbe
3318 4654 3719 4725 Pertrahentes.

2158 4724 2243 4778 Ab
2270 4725 2560 4779 Anastasio
2591 4723 2978 4788 Sinaita,orat.
3015 4724 3069 4776 in
3099 4723 3360 4792 psalmum
3393 4741 3471 4788 νι,
3502 4740 3722 4792 usurpa-

2158 4802 2251 4847 tur
2288 4810 2484 4865 nomen
2531 4794 2960 4865 ὲκσπηλευτῶνέ
2987 4802 3083 4865 aut
3124 4810 3240 4865 mea
3282 4794 3503 4863 quidem
3554 4795 3723 4862 suspi-

2158 4868 2337 4927 cione,
2361 4864 2562 4918 factum
2584 4881 2613 4917 a
2637 4864 2802 4919 verbo
2822 4864 3015 4933 expilo,
3043 4864 3358 4932 signiﬁcans
3378 4864 3720 4933 expilatores;

2160 4942 2282 4998 aut,
2324 4934 2481 5004 juxta
2517 4935 2886 5003 conjecturam
2920 4934 3220 5004 doctissimi
3252 4934 3585 4996 (lombelisii,
3622 4934 3724 4984 for-

2159 5003 2362 5075 matum
2389 5021 2453 5059 ex
2476 5019 2606 5058 voce
2632 5004 2924 5075 σπήλαιον,
2942 5003 3213 5059 Prmtereo
3241 5011 3479 5075 externa:
3518 5004 3724 5072 sapien-

2160 5074 2248 5128 tia:
2278 5075 2689 5145 ψυχοπομπους,
2725 5073 2848 5129 eum
2882 5074 3145 5145 Mercurio
3179 5073 3469 5145 πομπαίῳ,
3496 5087 3721 5145 cumque

2160 5142 2575 5214 angelo'mortis
2601 5144 2865 5207 Samaele,
2894 5161 2988 5200 seu
3021 5142 3531 5205 Adriele,’Asra‘ele.
3549 5142 3719 5214 Quem

2160 5213 2350 5269 mortis
2379 5217 2627 5283 angelum
2661 5222 3050 5270 commemorat
3080 5223 3274 5283 auctor
3324 5214 3513 5283 Operi:
3538 5213 3719 5281 imper-

2153 5285 2276 5355 fecti
2306 5284 2360 5336 in
2409 5282 2745 5345 Matthwum,
2775 5284 2849 5355 ad
2872 5300 3018 5347 xxnv,
3049 5284 3137 5338 45.
3170 5282 3305 5355 Cor.

2232 5356 2340 5426 (66)
2380 5355 2802 5426 Συνᾳγειμένη.
2831 5353 2890 5426 rln
2921 5345 3122 5426 altero,
3150 5356 3231 5407 σοὶ
3251 5354 3601 5424 ἀνακειμένη,
3631 5345 3718 5401 tibi

2160 5424 2487 5480 consecrata.
2523 5424 2681 5478 Forte
2708 5425 2929 5479 rectius.
2958 5425 3126 5479 Cum.

2233 5494 2341 5564 (67)
2381 5493 2459 5546 Δι’
2488 5494 2578 5547 οὔ.
2610 5495 2741 5547 Μεθ’
2773 5489 2834 5549 οὗ
2863 5496 2916 5549 in
2942 5497 3108 5549 altero
3135 5492 3258 5547 cod.
3290 5494 3447 5564 quasi
3480 5493 3545 5547 ad
3570 5495 3714 5548 Aria-

2160 5568 2339 5637 nicam
2381 5564 3148 5637 doxologiamemendandam
3173 5606 3188 5632 ,
3230 5572 3290 5618 ut
3333 5565 3534 5637 passim
3574 5567 3711 5620 alibi.

2162 5634 2297 5690 Vide
2329 5636 2394 5690 ad
2425 5634 2601 5690 linem
2620 5636 2815 5709 capitis
2844 5652 2930 5691 χι..
2968 5635 3045 5690 lo.
