3872 6350
100 282 241 341 1149

937 279 1537 340 CONSTITUTIONES
1566 278 2051 342 APOSTOLICE.
2086 315 2157 327 —
2190 281 2320 343 LIB.
2356 283 2495 342 VIII.

3230 293 3368 355 H50

94 402 185 455 τὸν
234 394 651 469 παντοκράτορα
690 394 785 451 καίΙ
823 396 917 451 τὸν
943 396 1302 468 ἠγαπημένον
1344 393 1511 449 αὑτοῦ
1548 394 1678 449 Υίὸν

1780 405 1932 452 etum
1981 396 2210 465 Filium,
2270 409 2399 455 sunt
2428 406 2679 471 potentes
2718 400 3056 477 ac‘dynastze
3082 404 3367 470 Ecclesia.

95 492 344 546 δυνάσται
369 490 676 561 ὑπάρχουσι
696 489 796 560 τῆς
833 488 1177 561 Ἐκκλησίας.
1203 488 1375 543 Τοῦτο
1392 487 1451 541 δέ
1477 505 1678 560 φαμεν,

95 588 187 656 οὐχ
220 586 306 639 ἵνα
347 585 423 657 μὴ
452 584 709 639 πίνωσιν
731 583 907 647 ἄλλως
936 582 1046 656 γὰρ
1074 583 1172 637 καὶ
1208 582 1323 656 (80)
1355 582 1504 637 ἔστιν
1532 582 1682 654 669i-

97 696 180 733 σαι
203 680 265 732 τὸ
292 679 401 733 ὑπὸ
424 678 560 731 Θεοῦ
588 678 879 749 γενόμενον
904 678 990 741 είς
1019 676 1390 749 εὐφροσύνηνο
1424 675 1563 731 ἀλλά
1592 677 1681 730 ῐνα

100 774 168 844 μὴ
196 770 517 844 παροινῶσι.
544 772 620 825 Οὐ
653 770 764 843 γὰρ
800 765 1013 841 εἷπενή
1047 769 1262 842 Γραφὴ,
1298 770 1372 841 μὴ
1406 770 1581 823 πίνειν
1603 764 1681 822 oi-

95 884 198 929 νον,
244 863 387 917 ἀλλά
423 864 475 917 τί
499 881 703 936 φησιν;
761 882 779 915 ι
810 864 903 934 Μὴ
940 867 1067 921 πῖνε
1111 860 1253 917 οἶνον
1289 866 1371 928 είς
1412 863 1583 936 μέθην
1606 881 1622 895 ο
1654 883 1673 918 ι

96 958 200 1010 Καὶ
228 955 397 1011 πάλιν
420 974 435 988 ο
475 976 494 1009 ι
520 955 788 1011 Ἀκανθαι
827 955 1054 1026 φύονται
1083 958 1143 1011 ὲν
1173 958 1320 1030 χειρὶ¹
1361 958 1619 1030 μεθύσου.
1654 977 1674 1011 ι

95 1051 257 1104 Τοῦτο
299 1050 362 1105 δὲ
395 1051 458 1105 οὐ
492 1051 622 1123 περὶ
655 1049 765 1104 τῶν
808 1051 867 1103 ὲν
908 1050 1096 1123 κλήρῳ
1124 1052 1284 1124 μόνον
1315 1053 1515 1124 φαμὲν,
1542 1052 1679 1108 ἀλλὰ

92 1146 179 1197 καὶ
209 1162 278 1196 πε
288 1145 345 1215 ρὶ
375 1146 577 1208 παντὸς
594 1143 783 1198 λαῖκοῦ
808 1144 1156 1216 Χριστιανοῦ,
1188 1146 1271 1215 ἐφ’
1300 1138 1361 1199 οὗ
1383 1146 1678 1218 ἐπικέκλη-

90 1256 169 1291 τσι
191 1240 256 1292 τὸ
283 1238 461 1310 ὄνομα
486 1238 581 1291 τοῦ
614 1237 817 1310 Κυρίου
860 1237 1018 1310 ἡμῶν
1067 1238 1240 1310 Ἰησοῦ
1281 1239 1547 1311 Χριστοῦ·
1581 1242 1678 1295 καὶ

90 1332 266 1395 αὐτοῖς
302 1331 414 1403 γὰρ
442 1332 677 1403 εἴρηται⁹
715 1350 733 1383 ι
775 1331 895 1384 Τίνι
926 1330 1085 1397 auat;
1118 1330 1226 1384 τίνι
1272 1331 1499 1404 θόρυῦος
1524 1350 1539 1398 ;
1568 1333 1676 1387 τίνι

90 1423 265 1494 ἁηδίαι
304 1424 403 1477 καὶ
434 1424 661 1494 λέσχαι;
692 1424 836 1488 τίνος
872 1423 1111 1477 πελιδνοὶ
1141 1423 1256 1497 (81)
1287 1426 1337 1478 οἱ
1367 1424 1673 1496 ὀφθαλμοις

87 1516 183 1569 τίνι
216 1516 603 1589 συντρίμματα
631 1517 885 1589 διακενῆς
910 1534 925 1583 ;
955 1518 1016 1571 οὐ
1044 1517 1153 1570 τῶν
1174 1517 1597 1590 ὲγχρονιζὸντων
1618 1520 1675 1572 ὲν

86 1612 226 1681 οϊνῳ,
248 1612 349 1665 καὶ
392 1612 502 1665 τῶν
532 1611 1062 1683 κατασκοπουμένων
1106 1611 1222 1683 (82ὶ
1258 1611 1362 1666 ποῦ
1386 1612 1537 1666 πότοι
1587 1613 1675 1681 γί-

88 1720 292 1769 νονταν.;
336 1723 355 1756 ι

614 1821 1011 1874 ΚΕΦᾹΛΑΙΟΝ
1033 1821 1171 1875 ΜΕ’.

85 1911 216 1981 Περὶ
237 1912 349 1967 τοῦ
384 1912 494 1985 (83)
526 1912 927 1987 ὑποδέχεσθαι
956 1916 1098 1980 τοὺς
1124 1913 1223 1968 διὰ
1252 1911 1513 1987 Χριστὸν
1538 1912 1671 1969 διωσ-

722 1983 1042 2053 πιομένους.

144 2100 289 2163 Τοὺς
323 2099 689 2171 διωκομένους
712 2097 802 2153 διὰ
832 2099 1036 2164 πίστιν,
1069 2100 1165 2153 καὶ
1188 2101 1269 2163 είς
1295 2099 1452 2154 πόλιν
1479 2100 1545 2154 ἐκ
1571 2101 1665 2155 πό-

84 2195 211 2258 λεως
250 2194 581 2264 φεύγοντας,
640 2191 731 2246 διά
778 2192 839 2245 τὸ
888 2192 1196 2264 μεμνῆσθαι
1241 2192 1351 2245 τῶν
1373 2191 1547 2263 λόγων
1574 2192 1670 2247 τοῦ

83 2287 309 2359 Κυρίου,
360 2284 869 2359 προσλαμϐάνεσθε.
913 2284 1294 2356 Ἐπιστάμενοι
1325 2284 1456 2357 γὰρ,
1487 2286 1569 2339 ὅτι
1608 2284 1671 2339 τὸ

86 2380 175 2450 μὲν
223 2378 448 2450 πνεῦμα
494 2378 797 2451 πρόθυμον,
838 2377 955 2449 ἡδὲ
1005 2378 1142 2450 σὰρξ
1177 2378 1409 2450 ἀσθενὴς
1435 2419 1449 2445 ,
1482 2380 1671 2434 ἀποδι-

81 2472 403 2543 δράσκουσι,
437 2472 534 2525 καὶ
577 2471 677 2543 τὴν
721 2472 976 2543 ἁρπαγὴν
1005 2471 1113 2523 τῶν
1144 2471 1498 2543 ὑπαρχόντων
1534 2490 1671 2544 προ-

80 2566 243 2617 ίενται
258 2564 325 2626 ¹⁷,
343 2563 432 2616 ἵνα
446 2564 810 2636 ἀνεξάρνητον
831 2565 887 2615 ὲν
904 2564 1120 2627 ἑαυτοῖς
1143 2562 1202 2616 τὸ
1227 2562 1399 2636 ὄνομα
1423 2564 1516 2617 τοῦ
1540 2566 1585 2617 Χ
1592 2582 1670 2636 ρι-

83 2657 200 2710 στοῦ
221 2657 649 2731 διατηρήσωσιν.
697 2658 1071 2729 Ἐπικουρείτε
1103 2652 1197 2710 οῦν
1228 2657 1412 2720 αὐτοῖς
1430 2656 1501 2711 τὰ
1528 2658 1669 2729 πρὸς

76 2751 282 2823 χρείαν,
320 2752 541 2825 ἐντολὴν
572 2750 856 2825 Κυριακὴν
890 2750 1246 2823 πληροῦντες.

572 2957 972 3013 ΚΕΦΑΛΑΙΟΝ
1011 2958 1167 3025 MC’.

82 3050 205 3103 Ὀτι
231 3050 499 3117 ἕκαστος
524 3050 594 3105 ἐν
635 3048 682 3116 ᾧ
713 3049 934 3118 ἐτάχθη
969 3048 1202 3117 κλήρῳ,
1234 3049 1461 3117 ὀφείλει
1487 3048 1663 3119 ἐμμέ-

142 3090 205 3103 ἰθ
231 3090 491 3117 "NW‘VS
524 3090 577 3105 θ’
635 3090 681 3116 Ψ
713 3090 932 3118 “‘"AV'I
969 3090 1202 3117 W'W‘l"
1234 3090 1461 3117 er'w'
1487 3090 1659 3130 υννσξ
1693 3090 1740 3155 C

142 3138 289 3183 νειν,
320 3120 421 3174 καὶ
448 3120 776 3191 φυλάττειν
804 3119 917 3185 τὴν
944 3119 1135 3191 τάξιν,
1170 3120 1331 3175 ἀλλά
1356 3119 1443 3190 μὴ
1474 3120 1667 3187 ἑαυτῳ

142 3190 429 3259 ἁρπάζειν
452 3190 526 3247 τὰ
548 3192 635 3262 μὴ
665 3190 1131 3263 ἐτχεῳισθέντα.

154 3308 366 3361 Ἐκεῖνο
396 3307 451 3361 δὲ
476 3311 629 3381 κοινῇ
654 3307 854 3371 πάντες
886 3307 996 3380 (84)
1029 3306 1506 3378 παραγγέλλομεν,
1535 3305 1667 3361 ἐκα-

83 3416 193 3453 στον
226 3400 344 3471 (85)
378 3401 635 3472 ἐμμένειν
670 3400 821 3467 τάξει
858 3403 925 3471 τῇ
946 3400 1158 3472 δοθείσῃ
1209 3399 1392 3471 αὐτῷ,
1436 3399 1532 3452 καὶ
1589 3400 1665 3472 μὴ

81 3492 422 3563 ὑπερδιιίνειν
451 3493 577 3557 τοὺς
607 3493 795 3565 ὅρους⁸
826 3494 887 3545 οὐ
916 3493 1025 3565 γάρ
1054 3495 1190 3545 εἰσιν
1226 3491 1504 3563 ἡμέτεροι,
1528 3490 1667 3545 ἀλλά

78 3586 161 3638 τοῦ
181 3585 343 3639 Θεοῦ.
384 3605 403 3638 ι
453 3586 509 3639 ’0
533 3586 687 3656 ὑμῶν
732 3585 863 3657 γὰρ,
897 3586 1061 3657 φησὶν
1084 3588 1112 3640 6
1151 3586 1376 3657 Κύριος,
1410 3585 1623 3638 ἀκούων
1647 3624 1662 3649 ,

78 3679 203 3749 ἐμοῦ
250 3680 473 3733 ἀκούει·
506 3680 600 3733 καὶ
633 3681 661 3732 6
693 3679 827 3750 ἐμοῦ
876 3679 1109 3741 ἀκούων,
1168 3680 1356 3733 ἀκούει
1391 3677 1486 3731 τοῦ
1526 3679 1665 3730 ἀπο·-

78 3773 385 3835 στείλαντός
413 3790 480 3843 με
504 3789 518 3803 ο
552 3773 648 3825 κα)⁵
676 3775 705 3826 6
744 3774 886 3843 ὑμᾶς
910 3772 1137 3839 ἀθετῶν,
1170 3773 1271 3843 ἐμὲ
1304 3772 1523 3825 ἀθετεῖ·
1553 3776 1581 3825 6
1606 3772 1663 3825 δὲ

76 3865 168 3933 ἐμὲ
224 3865 459 3927 ἀθετῶν,
509 3865 691 3917 ἀθετεῖ
714 3865 804 3918 τὸν
841 3865 1240 3918 ἀποστείλαντά
1282 3882 1369 3935 με.
1402 3884 1420 3915 ι
1450 3865 1514 3917 Ei
1554 3864 1664 3935 γὰρ

72 3960 133 4009 τὸ
162 3958 349 4029 ἄψυχα
398 3958 686 4029 γενόμενα,
740 3958 839 4030 τὴν
897 3957 1151 4022 εὐταξίαν
1204 3956 1520 4022 ἀποσώζεν
1553 3952 1664 4013 οἷον

73 4049 183 4113 νὺξ,
216 4050 430 4121 ἡμέρα,
463 4050 615 4121 ἥλιος
645 4050 778 4121 (86),
807 4050 1234 4122 σελήνη,ἄστρα,
1266 4056 1664 4124 στοιχεῖα,τρο-

74 4143 187 4201 παὶ,
225 4144 417 4214 μῆνες,
452 4144 776 4214 έδδομάδες,
809 4143 1049 4214 ἡμέραι,
1084 4140 1245 4214 ὧραι,
1293 4146 1387 4198 καὶ
1419 4145 1664 4200 δουλεύει

69 4240 132 4309 τῇ
170 4235 575 4307 διατυπωθείσῃ
616 4236 777 4308 χρείᾳ
800 4279 815 4303 ,
848 4236 992 4290 κατά
1028 4236 1091 4289 τὸ
1135 4238 1428 4310 εἰρημένον
1452 4255 1465 4268 ’
1504 4257 1523 4291 ι
1567 4239 1664 4292 "0-

75 4346 180 4399 ριον
225 4329 377 4393 ἔθου,
420 4328 451 4383 6
505 4329 567 4382 οὐ
606 4329 1061 4401 παρελεύσονταν
1105 4349 1123 4382 ι
1172 4332 1266 4385 καὶ
1314 4330 1497 4398 πάλιν,
1531 4330 1663 4402 περὶ

1780 486 1899 545 Hoc
1929 497 2111 546 autem
2146 489 2405 556 dicimus,
2439 506 2550 548 non
2581 501 2640 548 ut
2678 493 2869 551 vinum
2899 513 3248 573 nequaquam
3283 506 3403 562 δία·

1780 580 1944 649 bant;
1967 598 2033 639 eo
2070 582 2218 639 enim
2262 584 2427 640 modo
2455 588 2789 643 contumelia
2817 588 3096 649 aliieerent
3137 595 3190 651 id
3218 598 3369 667 quod

1782 693 1813 731 a
1831 676 1942 734 Deo
1959 677 2161 733 factum
2173 685 2259 734 est
2280 677 2346 733 ad
2375 678 2618 735 laetitiam
2639 682 2770 749 ;sed
2789 690 2850 737 ut
2872 699 2984 740 non
3001 686 3365 756 inebricntur.

1783 769 2071 842 Siquidem
2126 787 2237 826 non
2286 771 2428 827 dixit
2447 771 2757 843 Scriptura,
2804 776 2996 833 vinum
3038 794 3147 837 non
3174 782 3369 839 biben-

1780 861 1946 931 dum;
1980 863 2077 919 sed
2114 864 2248 935 quid
2300 865 2423 921 ait?
2450 883 2471 919 ι
2507 864 2589 921 Ne
2618 866 2746 925 bibe
2794 868 2983 925 vinum
3021 872 3089 927 ad
3127 874 3368 931 ebrieta-

1781 963 1891 1012 tem
1908 956 1975 1022 “,
1998 976 2018 1009 ι
2046 962 2103 1011 et
2128 956 2331 1012 iterum
2360 976 2375 1013 :
2414 976 2433 1011 ι
2457 955 2643 1029 Spinze
2678 971 2985 1018 nascuntur
3011 964 3068 1020 in
3090 981 3256 1022 manu
3282 979 3368 1024 te.

1779 1048 2010 1105 mulenti
2042 1048 2107 1105 “.
2139 1069 2159 1104 ι
2195 1048 2254 1105 Id
2292 1066 2429 1107 vero
2470 1068 2584 1107 non
2618 1052 2687 1109 de
2716 1054 2784 1111 iis
2828 1064 3074 1124 tantum,
3109 1060 3203 1130 qui
3233 1070 3366 1118 sunt

1779 1141 1837 1197 in
1894 1143 2065 1209 clero,
2124 1142 2400 1213 dicimus;
2450 1161 2640 1201 verum
2686 1148 2853 1203 etiam
2906 1150 2975 1207 de
3024 1153 3175 1210 omni
3222 1155 3367 1211 laico

1777 1233 2116 1301 Christiano,
2151 1251 2320 1307 super
2346 1253 2511 1308 quem
2540 1238 2858 1296 invocatum
2900 1249 2987 1298 est
3022 1259 3220 1302 nomen
3250 1244 3364 1302 Do-

1777 1328 1914 1383 mini
1943 1330 2122 1385 nostri
2164 1329 2297 1386 Jesu
2340 1329 2647 1398 Christi";
2691 1351 2817 1389 nam
2859 1336 2997 1407 ipsis
3029 1353 3251 1410 quoque
3276 1341 3364 1396 di-

1776 1430 1929 1477 ctum
1958 1430 2082 1480 est:
2116 1440 2135 1475 ι
2170 1423 2274 1480 Cui
2312 1425 2424 1479 vae?
2450 1425 2541 1480 cui
2589 1429 2905 1484 tumultus?
2951 1430 3039 1484 cui
3094 1432 3258 1487 taedia
3308 1442 3365 1489 et

1775 1515 2112 1585 garrulitas?
2138 1517 2299 1587 cujus
2318 1517 2462 1571 oculi
2493 1517 2642 1572 lividi
2667 1519 2690 1573 Ἰ
2718 1521 2807 1574 cui
2847 1524 3206 1581 contusiones
3246 1524 3365 1580 fru-

1778 1608 1936 1662 stra?
1989 1607 2185 1666 Nonne
2231 1610 2349 1665 haec
2370 1625 2562 1666 eorum
2603 1620 2755 1677 sunt,
2800 1614 2893 1685 qui
2920 1614 2975 1668 in
3006 1616 3135 1672 vino
3167 1616 3363 1672 immo~

1777 1710 1992 1765 rantur,
2005 1701 2209 1772 quique
2223 1702 2529 1772 explorant,
2548 1705 2639 1759 ubi
2664 1705 2794 1760 ﬁant
2806 1708 3245 1779 compotationes
3257 1713 3356 1766 ⁸⁸.»

2343 1816 2577 1873 CAPUT
2617 1817 2782 1876 XLV.

1773 1907 1853 1965 De
1905 1909 2215 1979 recipiendis
2256 1910 2327 1964 iis
2373 1911 2464 1981 qui
2503 1920 2715 1994 propter
2771 1911 3045 1969 Christum
3079 1918 3360 1986 patiuntur

2353 1993 2789 2052 persecutionem.

1844 2094 1954 2151 Eos
1996 2096 2091 2168 qui
2139 2097 2577 2167 persecutionem
2632 2097 2916 2168 patiuntur
2969 2100 3096 2155 ﬁdei
3145 2115 3359 2170 causa,

1772 2198 1825 2245 et
1846 2190 1915 2246 de
1937 2190 2161 2244 civitate
2195 2189 2249 2243 in
2295 2190 2573 2245 civitatem
2602 2190 2817 2262 fugiunt
2834 2191 2878 2224 "
2907 2192 3055 2263 quod
3089 2194 3360 2250 memine-

1770 2284 1881 2338 rint
1913 2283 2204 2338 verborum
2236 2281 2474 2349 Domini,
2523 2284 2808 2355 suscipite.
2865 2285 3003 2340 Cum
3047 2286 3196 2341 enim
3254 2301 3359 2342 no-

1771 2377 1883 2432 rint
1919 2376 2172 2446 spiritum
2202 2376 2421 2447 quidem
2454 2385 2766 2447 promptum
2810 2393 2955 2443 esse,
2979 2395 3201 2435 carnem
3225 2395 3361 2452 vero

1772 2467 2113 2523 inﬁrmam“
2138 2509 2154 2535 ,
2197 2470 2508 2541 aufugiunt,
2542 2477 2596 2526 et
2637 2470 2958 2525 facultatum
3002 2487 3225 2549 suarum
3270 2474 3359 2529 di-

1770 2567 2072 2637 reptionem
2116 2566 2441 2635 permittunt
2488 2580 2552 2619 ac
2601 2564 2921 2635 negligunt,
2958 2572 3019 2618 ut
3062 2562 3119 2618 in
3155 2565 3360 2636 seipsis

1768 2672 1971 2714 nomen
2000 2658 2207 2714 Christi
2238 2657 2504 2713 illibatum
2527 2665 2583 2711 et
2611 2657 2904 2728 negatione
2934 2671 3045 2711 non
3079 2657 3356 2726 proditum

1769 2759 2118 2808 conservent.
2160 2749 2517 2822 Suppeditate
2541 2764 2675 2820 ergo
2710 2748 2819 2804 illis
2853 2763 2974 2818 quae
3004 2759 3133 2805 sunt
3161 2764 3357 2806 neces-

1769 2845 1941 2911 saria,
1965 2844 2285 2899 mandatum
2314 2843 2655 2897 Dominicum
2684 2840 3066 2911 adimplentes.

2333 2958 2565 3015 CAPUT
2592 2957 2777 3014 XLVI.

1770 3052 1925 3122 Quod
1946 3053 2322 3122 unusquisque,
2362 3054 2416 3106 in
2446 3069 2505 3105 eo
2526 3051 2695 3122 gradu
2722 3051 2871 3114 cieri,
2903 3050 2957 3122 in
2984 3067 3086 3121 quo
3108 3058 3189 3103 est
3224 3065 3355 3105 con-

1840 3121 2313 3185 stitutus,rdeb’eat
2360 3121 2697 3192 permanere,
2740 3133 2789 3176 et
2832 3121 3069 3175 ordinent
3107 3132 3353 3185 servare;

1840 3207 1945 3250 non
1976 3210 2095 3249 vero
2127 3194 2196 3247 ad
2224 3210 2281 3248 se
2310 3209 2492 3263 rapere
2513 3210 2629 3265 qua:
2652 3194 2937 3248 commissa
2966 3209 3068 3246 non
3097 3200 3241 3246 emit.

1840 3307 1975 3363 Illud
2016 3314 2198 3363 autem
2230 3308 2599 3362 communiter
2635 3321 2827 3362 omnes
2868 3306 3261 3378 praecipimus;
3294 3314 3355 3361 ut

1767 3403 2149 3474 unusquisque
2181 3403 2234 3456 in
2267 3402 2458 3457 ordine
2486 3401 2590 3456 sibi
2621 3400 2752 3455 dato
2780 3407 3138 3471 permaneat,
3174 3408 3355 3468 neque

1767 3497 2080 3568 regularum
2101 3495 2369 3550 terminos
2402 3493 2763 3549 transcendat
2796 3513 2809 3547 :
2844 3508 2952 3547 non
2993 3491 3142 3546 enim
3172 3485 3353 3547 nostri

1767 3599 1919 3651 sunt.
1961 3588 2056 3645 sed
2099 3588 2213 3643 Dei.
2257 3606 2275 3639 ι
2318 3588 2421 3654 Qui
2467 3587 2615 3641 enim
2657 3602 2790 3650 vos,
2835 3586 3011 3656 inquit
3061 3583 3351 3651 Dominus,

1768 3680 1940 3745 audit,
1966 3695 2052 3735 me
2095 3680 2281 3746 audit;
2335 3686 2389 3733 et
2426 3679 2519 3749 qui
2552 3694 2639 3733 me
2670 3678 2858 3742 audit,
2910 3677 3061 3733 audit
3090 3692 3215 3733 eum
3253 3677 3352 3747 qui

1766 3775 1919 3830 misit
1976 3789 2062 3828 me
2093 3792 2105 3827 :
2141 3780 2195 3827 et
2241 3771 2333 3841 qui
2383 3787 2483 3827 vos
2526 3771 2768 3841 spernit,
2817 3783 2906 3824 me
2958 3769 3202 3839 spernit;
3253 3769 3351 3840 qui

1767 3875 1949 3921 autem
1998 3880 2086 3920 me
2145 3864 2375 3935 spernit,
2414 3864 2625 3934 spernit
2656 3877 2781 3918 eum
2809 3862 2903 3933 qui
2933 3862 3085 3916 misit
3114 3877 3202 3918 me
3225 3862 3288 3917 “.
3323 3881 3344 3915 ι

1764 3958 1901 4015 Nam
1963 3958 2009 4013 si
2079 3972 2144 4012 ea
2206 3973 2327 4029 qua:
2392 3956 2638 4011 inanima
2710 3954 2933 4010 condita
2998 3963 3158 4020 sunt,
3229 3955 3353 4026 put.

1765 4052 1961 4106 chrum
1993 4050 2240 4105 ordinem
2277 4056 2636 4115 conservant;
2702 4055 2765 4102 ut
2834 4063 2977 4112 nox,
3022 4047 3176 4113 dies,
3223 4048 3344 4115 sol,

1764 4145 1895 4200 luna
1919 4185 1934 4209 ,
1994 4143 2166 4199 stella:
2186 4182 2202 4207 ,
2260 4144 2531 4198 elementa
2557 4183 2572 4207 ,
2634 4149 2991 4213 tempestates
3018 4182 3032 4203 .
3090 4158 3307 4198 menses
3328 4183 3345 4208 ,

1764 4237 2167 4301 bebdomades,
2199 4236 2338 4300 dies,
2381 4236 2564 4302 horae;
2609 4250 2673 4289 ac
2716 4236 2842 4289 usui
2882 4235 3184 4313 constituto
3230 4252 3351 4291 ser-

1763 4334 1955 4400 viunt;
1999 4331 2158 4402 juxta
2190 4330 2324 4384 illud
2361 4328 2605 4384 dictum:
2641 4346 2660 4379 ι
2699 4326 3018 4383 Terminum
3075 4330 3349 4401 posuisti,

68 4422 162 4493 τῆς
210 4422 540 4493 θαλάσσηςι·
574 4440 594 4473 ι
642 4421 875 4493 Ἑθέμην
927 4423 1063 4495 αὐτῇ
1112 4424 1255 4495 ὅρια,
1286 4423 1531 4495 περιθεὶς
1564 4423 1658 4477 καὶ

1777 4441 1928 4498 quem
1942 4440 2051 4479 non
2079 4421 2556 4495 transgredientur
2575 4421 2617 4453 "
2643 4438 2658 4488 ;
2687 4440 2705 4473 ι
2743 4431 2797 4476 et
2819 4422 3039 4487 iterum,
3069 4424 3136 4479 de
3164 4424 3342 4481 mari:

70 4514 314 4587 κλεῖθρα,
377 4516 472 4568 καὶ
512 4514 705 4579 πύλαςο
758 4511 888 4569 εἶπα
927 4515 986 4569 δὲ
1037 4516 1174 4587 αὐτῇ
1196 4533 1211 4547 ο
1246 4517 1423 4588 Μέχρι
1467 4515 1657 4569 τούτου

70 4607 285 4681 ἐλεύσῃ,
314 4610 409 4662 καὶ
430 4609 527 4679 οὐχ
557 4608 844 4681 ὑπερϐήσῃ
866 4625 882 4641 ·
917 4628 935 4660 ι
964 4608 1115 4681 πόσῳ
1150 4608 1347 4680 μᾶλλον
1376 4610 1535 4680 ὑμεῖς
1567 4610 1659 4662 οὐ-

68 4701 148 4755 δὲν
183 4700 434 4771 ὀφείλετε
463 4702 665 4774 τολμᾷν
700 4702 811 4775 (87)
853 4706 1179 4774 παρακινεῖν
1206 4703 1315 4756 τῶν
1351 4703 1480 4774 ὑμῖν
1514 4702 1657 4757 κατά

137 4861 749 4934 ¹¹Ρτονκιιιιιςεοειι
780 4878 946 4929 11m;
977 4863 1178 4934 Ephes.
1209 4882 1262 4919 ν.
1342 4867 1383 4898 ¹¹
1401 4864 1558 4920 Prov.
1597 4882 1745 4927 xxvn.
1779 4863 1832 4920 9.
1912 4864 1955 4896 ¹³
1992 4863 2107 4918 Jac.
2142 4879 2202 4927 ιι,
2234 4864 2283 4920 7.

1770 4539 1788 4572 ι
1819 4519 1985 4576 Ροευί
2042 4518 2091 4573 ei
2150 4517 2451 4580 terminos,
2500 4522 2555 4570 et
2602 4514 2972 4585 circumposui
3009 4516 3250 4571 claustra
3290 4524 3347 4571 et

1761 4612 1902 4667 ostia
1920 4630 1934 4679 ;
1951 4610 2062 4665 dixi
2094 4616 2277 4665 autem
2300 4608 2350 4664 ei
2373 4628 2386 4663 :
2406 4607 2701 4678 Hucusque
2722 4608 2929 4673 venies,
2956 4617 3011 4662 et
3036 4623 3143 4662 non
3165 4616 3346 4663 trans-

1762 4705 1971 4771 ibis";
2002 4723 2022 4757 ι
2071 4710 2277 4774 quanto
2321 4700 2513 4773 magis
2556 4716 2653 4757 vos
2712 4715 2825 4756 non
2867 4700 3079 4756 debetis
3139 4699 3343 4756 audere

2358 4863 2403 4897 ’δ
2438 4862 2601 4919 Prov.
2632 4877 2792 4923 mn,
2823 4860 2911 4915 29.
2977 4860 3020 4892 ¹⁵
3060 4858 3251 4915 Matth.
3280 4876 3340 4925 χ,

66 4934 152 5017 g3:
189 5006 204 5017 _
269 4934 314 4966 “
354 4932 727 5017 Matth._x.xv1.
757 4934 848 4991 41.
924 4936 968 4967 ⁸⁷
1007 4930 1078 4991 al.
1116 4936 1450 5007 προσίενται.
1531 4938 1573 4968 ¹⁸
1611 4936 1687 4991 Lu

1780 4952 1835 4999 κ,
1863 4936 1962 5003 16;
1993 4936 2184 4990 Matth.
2214 4953 2269 5004 ι,
2297 4936 2368 4991 40
2388 4934 2572 5004 ;Joan.
2602 4950 2718 4997 xui,
2747 4933 2838 4989 20.
2911 4930 3115 4987 "Psal.
3138 4947 3251 4999 Clll,
3281 4932 3337 4987 9.

70 5005 227 5061 “Iob
284 5019 522 5066 xxxvm.
554 5002 641 5059 11.

1372 5122 1733 5179 VARIORUM
1785 5118 2019 5177 ΝΟΤᾹΞ.

146 5235 255 5309 (80)
286 5235 399 5290 Kal
447 5235 578 5309 Dele
593 5251 718 5309 cum
747 5236 919 5309 altero
936 5234 1059 5309 cod.
1084 5234 1247 5309 Vind.
1275 5238 1445 5293 CLI-3n.

104 5370 111 5375 ,
145 5306 254 5380 (8i)
285 5307 585 5362 Πελιδνοί.
618 5306 676 5361 1η
712 5308 883 5363 altero
926 5306 1050 5362 cod.
1095 5307 1295 5371 πέλιοι,
1321 5306 1467 5379 quod
1510 5308 1653 5363 idem

67 5378 282 5519 CSIISg)’.
306 5447 924 5519 Κατασκοπουμένων.
973 5447 1067 5503 Sic
1114 5464 1333 5519 quoque
1363 5449 1565 5503 citatur
1597 5448 1652 5502 in

138 5469 255 5519 (δῖ)
306 5469 707 5504 ηατασκοπου
730 5469 924 5505 ιενων.
973 5469 1067 5503 mc
1114 5469 1333 5519 quoque
1363 5469 1565 5503 cuntur
1597 5469 1649 5502 In

68 5521 343 5575 Antiocho
374 5520 597 5574 homilia
627 5469 889 5577 5.ί1ιιιιηι
928 5521 1206 5588 exemplar
1240 5536 1343 5577 ms.
1376 5536 1649 5574 κατασκο-

68 5592 381 5657 πευόντων;
418 5590 586 5653 aliud,
619 5589 1126 5646 κατασκοπούντων.
1158 5588 1297 5645 C01.

135 5662 254 5733 (83)
281 5660 425 5731 Περὶ
452 5660 580 5724 τοῦ,
612 5670 716 5717 etc.
744 5662 906 5717 Deest
927 5660 1210 5732 inscriptio
1242 5660 1297 5716 in
1326 5661 1498 5716 altero
1524 5658 1651 5715 cod.

68 5733 467 5869 αἶὲἳικωνῆ
524 5800 760 5870 πάντες.
815 5802 873 5859 ln
922 5801 1136 5859 duobus
1182 5803 1419 5877 scriptis.
1449 5801 1650 5869 libris,

1762 5238 1915 5306 κοινῇ
1931 5305 1934 5306 ν
1950 5235 2083 5288 πᾶσι
2134 5234 2272 5289 (Ζοτ.

1834 5300 1946 5377 (83)
1987 5302 2504 5377 "Exuu'togrAiIdit
2539 5303 2675 5377 alter
2702 5300 2826 5356 cod.
2863 5301 2997 5377 μέν.-
3018 5301 3187 5377 Gyan.

1836 5372 1949 5448 (86)
1986 5377 2222 5448 Ἤλιος.
2248 5373 2514 5448 Scholion
2536 5374 2602 5428 ad
2639 5374 2755 5428 haec
2789 5373 2958 5448 verba
2986 5372 3339 5448 habetqftht

1760 5441 1941 5515 ἥλιος,
1972 5448 2066 5501 καὶ
2106 5445 2334 5517 σελήνη,
2365 5446 2459 5517 καὶ
2486 5445 2690 5516 ἄστρα,
2722 5442 2817 5517 καὶ
2848 5441 2918 5496 τὰ
2944 5442 3107 5496 λοιπὰ
3133 5442 3337 5517 ἀψυχα.

1774 5514 1966 5572 eontra
1993 5514 2307 5586 Origenein.
2344 5516 2436 5585 qui
2471 5514 2618 5586 as_tra
2658 5514 2895 5586 animata
2919 5530 3057 5586 esse
3088 5514 3335 5586 putabat.

1761 5587 1898 5642 Eum
1930 5587 2055 5643 vide
2087 5583 2181 5642 lib.
2201 5603 2233 5640 ν
2281 5583 2467 5639 coutra
2499 5584 2731 5655 Celsum,
2756 5600 2809 5655 p.
2832 5584 2961 5648 258,
2984 5583 3072 5645 ed.
3096 5584 3334 5645 Cantab.

1760 5666 1816 5715 et
1846 5659 1983 5713 libro
2020 5658 2090 5711 De
2118 5658 2377 5727 oratione,
2405 5671 2529 5727 cap.
2556 5656 2648 5711 24.
2684 5653 2762 5711 In.

1795 5730 1945 5856 b(87d)
1982 5727 2232 5855 {aﬂuit
2287 5726 2453 5784 Deest
2480 5726 2553 5783 in
2616 5727 2789 5785 altero
2832 5726 3050 5797 codice;
3094 5740 3160 5783 ac
3201 5741 3335 5784 sane

1834 5818 1904 5856 illl
1949 5818 1977 5854 ει
2010 5842 2021 5854 .
2117 5841 2129 5855 .

1759 5809 2021 5856 abundat.
2055 5809 2129 5855 ll).
