3872 6348
555 258 689 332 usi

1395 271 1453 329 S.
1488 270 1883 328 CLEMENTIS
1914 270 1933 323 ι
1964 267 2129 326 R031.
2170 267 2371 325 PONT.
2408 266 2640 331 OPERA
2675 269 2909 329 DUBIA.

3675 281 3791 338 1152

530 391 851 462 quidquam
882 378 1070 446 eorum
1118 387 1430 453 dimovere,
1466 402 1588 457 quae
1618 387 1775 441 vobis
1813 384 2118 442 secundum

2224 381 2450 454 γνώμην
2486 383 2623 438 Θεοῦ
2666 387 2796 458 παρ’
2844 386 3003 459 ἡμῶν
3048 376 3416 461 όρισθέντωνς
3461 393 3578 448 ἀλλ’
3618 398 3792 475 ἐπειδὴ

520 487 882 543 ινοιιιιιιιιιειιι
920 483 1013 537 Dei
1052 498 1145 553 per
1167 497 1267 536 nos
1301 479 1525 536 deﬁnita
1558 480 1727 537 sunt?
1754 479 1958 536 Verum
1988 478 2120 550 quia

528 578 709 633 multi
739 580 842 632 hoc
870 590 977 630 non
1025 589 1147 630 esse
1194 573 1563 628 necessarium
1613 578 1977 643 putaverunt;
2011 571 2122 626 imo

550 670 885 728 confundere
913 667 1132 722 ordines
1150 705 1166 730 ,
1196 680 1260 720 ac
1288 665 1587 735 unicuique
1616 664 1879 719 tributam
1897 664 2120 719 ordina-

549 766 750 820 tionem
780 760 1109 816 labefactare
1132 759 1354 823 audent,
1381 757 1486 813 sibi
1514 758 1843 828 arripientes
1864 772 1975 811 non
2004 764 2120 811 tra-

547 856 690 912 ditas
718 854 1035 924 dignitates,
1060 868 1125 906 ac
1147 851 1432 923 tyrannice
1468 850 1846 921 permittentes
1877 849 1983 906 sibi
2014 864 2079 905 ea
2098 888 2115 913 ,

543 964 776 1022 quorum
806 945 1111 1001 dandorum
1140 950 1467 1015 potestatem
1491 957 1601 997 non
1635 942 1871 1011 habent;
1899 956 1965 997 ac
1990 956 2119 1012 pro-

543 1049 750 1112 pterea,
796 1045 915 1093 tum
966 1035 1136 1093 Deum
1181 1035 1430 1100 irritant,
1462 1033 1921 1105 quemadmodum
1959 1032 2118 1089 Cori-

539 1132 688 1197 taa“,
711 1138 767 1187 et
792 1145 885 1185 rex
914 1127 1077 1184 Ozias
1094 1130 1160 1196 ",
1183 1127 1277 1198 qui
1299 1134 1498 1197 praeter
1516 1125 1836 1198 dignitatem
1858 1165 1872 1191 ,
1904 1141 1967 1181 ac
1995 1125 2116 1182 sine

538 1222 650 1279 Deo
707 1228 1045 1292 usurparunt
1092 1219 1507 1291 pontiﬁcatum,
1565 1224 1730 1289 atque
1769 1218 1847 1273 illi
1892 1216 2114 1288 quidem

538 1314 669 1370 facti
716 1322 845 1369 sunt
874 1313 1017 1385 ignis
1048 1312 1329 1383 pabulum,
1356 1311 1446 1366 hic
1475 1326 1601 1366 vero
1634 1310 1690 1364 in
1723 1308 1902 1365 fronte
1932 1310 2114 1380 lepro-

537 1422 668 1473 sus;
701 1414 814 1461 tum
846 1412 1174 1477 exasperant
1200 1404 1481 1459 Christum
1511 1401 1722 1467 Jesum,
1754 1402 1849 1473 qui
1876 1402 1948 1460 ita
1978 1417 2114 1457 con-

537 1499 759 1566 stituit;
794 1505 912 1553 tum
954 1498 1314 1553 constristant
1360 1495 1626 1567 Spiritum
1656 1504 1926 1563 sanctum,
1957 1495 2112 1549 inﬁr-

488 1627 491 1631 ‹
535 1600 750 1649 mantes
795 1592 943 1647 illius
986 1589 1357 1646 testimonium
1397 1588 1656 1644 :idcirco
1687 1586 1848 1657 jure,
1891 1587 2111 1658 pericu-

534 1687 645 1741 lum
670 1685 737 1740 iis
762 1685 857 1755 qui
890 1685 1005 1740 haec
1027 1683 1317 1756 designant
1340 1682 1663 1754 impendens
1682 1682 2103 1753 prospicientes,

532 1788 587 1835 et
615 1778 1000 1851 negligentiam
1024 1776 1080 1831 in
1122 1776 1409 1832 sacriﬁciis
1443 1790 1507 1830 ac
1539 1774 1842 1846 gratiarum
1873 1774 2108 1828 actioni-

533 1873 657 1938 bus,
690 1888 755 1928 eo
783 1871 930 1944 quod
971 1870 1137 1941 impie
1165 1869 1468 1925 oﬁ‘erantnr
1504 1870 1572 1923 ab
1595 1868 1663 1924 iis
1694 1882 1725 1921 a
1753 1867 1956 1938 quibus
1994 1882 2105 1922 non

531 1972 764 2038 oportet,
789 1966 991 2035 quique
1020 1964 1283 2018 honorem
1311 1960 1678 2032 pontiﬁcalem
1700 2000 1715 2025 ,
1759 1961 2104 2031 complexum

530 2058 715 2129 magni
747 2057 1021 2128 pontiﬁcis
1049 2055 1181 2111 Jesu
1207 2054 1412 2109 Christi
1439 2052 1586 2124 regis
1624 2053 1800 2109 nostri
1841 2053 2105 2107 imitatio-

530 2166 677 2214 nem,
705 2164 803 2220 pro
828 2150 954 2204 ludo
982 2148 1212 2213 habent;
1239 2145 1645 2215 ideo,inquam,
1666 2159 1889 2199 necesse
1914 2143 2013 2199 fuit
2036 2145 2104 2201 de

529 2259 595 2298 eo
644 2259 863 2313 quoque
908 2240 1241 2295 admonere:
1276 2238 1389 2308 jam
1421 2238 1568 2292 enim
1599 2235 1820 2307 quidam
1852 2235 2102 2292 conversi

529 2344 659 2392 sunt
683 2343 830 2389 retro
859 2341 980 2404 post
1006 2332 1305 2387 vanitatem
1335 2346 1492 2386 suam
1510 2330 1575 2384 ”.
1609 2328 1797 2399 Itaque
1829 2328 2064 2383 dicimus
2083 2368 2098 2393 ,

528 2431 673 2500 quod
718 2428 916 2491 Moses,
960 2426 1055 2481 Dei
1087 2424 1324 2480 famulus
1345 2464 1360 2487 ,
1404 2437 1531 2478 cum
1562 2437 1672 2491 quo
1704 2420 1847 2476 Deus
1872 2420 2009 2474 facie
2032 2420 2101 2475 ad

527 2522 726 2577 faciem
763 2519 1212 2589 colloquebatur,
1253 2523 1312 2572 ut
1334 2516 1380 2572 si
1407 2516 1533 2586 quis
1561 2515 1816 2585 loquatur
1853 2514 1921 2568 ad
1963 2512 2102 2567 ami-

529 2626 653 2667 cum
684 2627 847 2667 suum
870 2613 949 2678 “;
975 2612 1065 2668 cui
1093 2612 1272 2668 dixit:
1307 2629 1326 2663 ι
1366 2610 1501 2666 Νονί
1534 2620 1582 2665 te
1611 2626 1721 2681 prae
1743 2613 2035 2678 omnibus;
2074 2628 2098 2666 ι

528 2717 653 2758 cum
678 2718 790 2774 quo
813 2704 881 2759 ad
912 2719 976 2760 os
1012 2705 1360 2776 loquebatur,
1389 2712 1443 2758 et
1469 2719 1574 2757 non
1606 2718 1702 2773 per
1732 2702 1985 2769 obscura,
2019 2701 2104 2756 vel

527 2796 761 2860 somnia,
785 2796 869 2851 vel
890 2797 1134 2867 angelos,
1160 2797 1242 2851 vel
1262 2796 1547 2866 aenigmata
1564 2796 1631 2859 ³³,
1652 2795 1739 2849 hic
1761 2794 1953 2860 Moses,
1977 2809 2103 2849 cum

526 2888 768 2943 divinam
804 2887 1197 2958 legislationem
1239 2884 1631 2947 constitueret,
1663 2882 1915 2938 distinxit
1949 2897 2099 2953 quae-

526 2996 655 3035 nam
686 2986 963 3050 oporteret
998 2977 1183 3048 peragi
1207 2991 1238 3030 a
1271 2975 1643 3048 pontiﬁcibus,
1678 2990 1925 3044 quamam
1951 2989 1981 3027 a
2008 2989 2100 3029 sa—

2222 476 2499 548 πάρεργον
2544 478 2595 530 οί
2642 477 2827 532 πολλοὶ
2861 479 2955 532 καὶ
2975 479 3135 535 τοῦτο
3172 484 3451 555 ἡγήσαντο
3484 483 3644 556 εἶναι,
3674 506 3794 561 συγ-

2220 568 2365 639 χέειν
2394 569 2451 623 δὲ
2488 568 2587 634 τάς
2621 570 2805 636 τάξεις
2845 574 2939 627 καὶ
2960 574 3060 646 τὴν
3089 575 3176 645 ἐφ’
3208 578 3445 633 ἑκάστου
3475 586 3799 653 χειροτονίαν

2219 665 2545 732 παρακινεῖν
2590 664 2885 736 τολμῶσιν,
2925 666 3340 739 ὑφαρπάζοντες
3380 673 3594 739 ἑαυτοῖς
3642 675 3799 743 ἀξιώ-

2222 768 2368 822 ματα
2394 752 2463 806 τά
2497 755 2572 827 μὴ
2601 755 2869 827 διδόμενα,
2894 760 2989 812 καὶ
3027 760 3413 832 ἐπιτρέποντες
3458 765 3673 831 ἑαυτοῖς
3707 786 3791 821 τυ-

2219 844 2485 915 ραννικῶς
2507 846 2544 900 ἀ
2580 847 2655 918 μὴ
2691 848 2910 919 ἔχουσιν
2939 848 3186 917 ἐξουσίαν
3206 854 3428 920 διδόναι,
3454 857 3549 910 καὶ
3575 857 3665 912 διὰ
3683 860 3800 913 τοῦ·

2215 954 2278 990 το
2300 937 2691 1009 παροργίζουσι
2719 943 2817 1013 μὲν
2841 943 2996 1010 Θεὸν,
3025 945 3215 1019 ὥσπερ
3247 948 3296 1000 οἱ
3326 949 3621 1020 Κορείται,
3646 951 3742 1005 καὶ
3769 951 3797 1006 6

2218 1028 2471 1099 βασιλεὺς
2500 1030 2679 1097 Ὀζίας
2700 1075 2715 1101 ,
2743 1036 2876 1108 παρ’
2899 1036 3056 1103 ἀξίαν
3075 1039 3386 1112 ἐπιθέμενοι
3416 1041 3547 1097 ἄνευ
3571 1041 3707 1096 Θεοῦ
3730 1045 3797 1115 τῇ

2215 1118 2620 1196 ἀρχιερωσύνη,
2646 1126 2741 1180 καὶ
2758 1128 3064 1199 γενόμενοι,
3089 1132 3137 1184 οί
3163 1132 3262 1203 μὲν
3288 1134 3669 1206 πυρίφλεκτοι,
3696 1137 3724 1189 6
3740 1135 3797 1189 δὲ

2214 1213 2357 1267 κατὰ
2391 1216 2485 1269 τοῦ
2526 1216 2779 1288 μετώπου
2808 1219 3026 1291 λεπρός·
3057 1222 3419 1294 παροξύνουσι
3476 1226 3535 1279 δὲ
3562 1226 3796 1297 Χριστὸν

2215 1303 2325 1377 (88)
2380 1307 2589 1379 Ἰησοῦν
2637 1311 2729 1365 τὸν
2784 1312 3209 1385 διαταξάμενον,
3238 1316 3557 1373 λυποῦσιδὲ
3604 1320 3700 1372 καὶ
3736 1321 3796 1374 τὸ

2213 1399 2436 1471 Πνεῦμα
2463 1402 2524 1456 τὸ
2554 1401 2728 1473 ἅγιον,
2763 1404 3092 1477 ἀκυροῦντες
3125 1407 3290 1461 αὑτοῦ
3317 1409 3419 1479 τὴν
3451 1411 3757 1481 μαρτυρίαν
3780 1430 3792 1442 ο

2211 1490 2454 1560 εἰκότως,
2476 1495 2567 1547 τὸν
2582 1496 2963 1567 ἐπηρτημένον
2978 1496 3089 1570 (89)
3102 1498 3346 1555 κίνδυνον
3360 1504 3475 1566 τοῖς
3485 1502 3556 1555 τά
3574 1503 3795 1558 τοιαῦτα

2210 1582 2510 1654 πράττουσι
2541 1587 2934 1658 προειδόμενοι,
2970 1591 3065 1644 καὶ
3089 1591 3191 1663 τὴν
3220 1593 3302 1656 είς
3338 1592 3439 1657 τὰς
3480 1594 3674 1659 Θυσίας
3705 1596 3795 1648 καὶ

2210 1674 2557 1747 εὐχαριστίας
2586 1678 2868 1749 ἀμέλειαν,
2915 1681 2981 1735 ὲκ
3003 1680 3097 1737 τοῦ
3132 1682 3221 1752 ὑφ’
3247 1676 3322 1739 ὧν
3370 1684 3447 1755 μὴ
3478 1686 3587 1756 χρὴ
3620 1703 3789 1757 προσ-

2208 1768 2481 1839 αγομένας
2507 1770 2737 1839 ἀσεϐῶς,
2766 1773 2985 1827 παιδιὰν
3007 1776 3322 1846 ἡγουμένων
3350 1777 3451 1848 τὴν
3480 1778 3793 1851 ἀρχιερατι-

2208 1860 2329 1932 κὴν,
2360 1861 2483 1932 ἡτις
2526 1863 2759 1935 μίμησιν
2803 1867 3048 1939 περιέχει
3079 1867 3175 1921 τοῦ
3213 1869 3453 1940 μεγάλου
3494 1872 3792 1942 ἀρχιερέως

2220 1953 2393 2025 Ἰησοῦ
2422 1955 2660 2027 Χριστοῦ
2691 1956 2955 2027 βασιλέως
2975 1960 3008 2030 ἡ
3016 1959 3154 2032 μῶν,
3179 1961 3429 2033 ἀνάγκην
3445 1961 3685 2034 ἔσχομεν
3705 1966 3791 2019 καὶ

2204 2046 2363 2100 τοῦτο
2388 2049 2712 2121 παραινέσαι
2731 2067 2744 2081 ο
2779 2051 2880 2124 ἤδη
2906 2051 3015 2123 γάρ
3044 2071 3187 2117 τινες
3216 2052 3597 2127 ἐξετράπησαν
3624 2057 3793 2112 ὀπίσω

2203 2139 2303 2211 τῆς
2348 2141 2555 2194 ἑαυτῶν
2590 2144 2978 2216 ματαιότητοςο
3035 2146 3265 2219 λέιγομεν
3291 2148 3401 2220 (90)
3450 2150 3529 2213 ὡς
3568 2151 3789 2223 Μωσῆς,

2204 2232 2232 2285 6
2259 2230 2354 2286 τοῦ
2383 2234 2518 2289 Θεοῦ
2546 2233 2820 2307 θεράπων,
2854 2232 2899 2308 ᾧ
2928 2241 2957 2292 6
2978 2239 3109 2304 Θεὸς
3136 2240 3367 2306 ὲνὼπιος
3397 2242 3618 2314 ὲνωπίῳ
3656 2244 3789 2314 ὡμί-

2204 2324 2305 2389 λει,
2349 2328 2424 2390 ὼς
2465 2329 2625 2393 εἴτις
2665 2329 2872 2403 λαλήσῃ
2909 2331 3049 2403 πρὸς
3078 2332 3273 2386 ἑαυτοῦ
3316 2332 3493 2402 φίλον,
3528 2326 3573 2402 ᾧ
3607 2332 3787 2387 εἶπεν·

2209 2416 2395 2473 ιὈἶδά
2434 2438 2493 2473 σε
2522 2421 2675 2494 παρά
2701 2422 2943 2487 πάντας
2983 2443 3001 2476 ι
3034 2416 3079 2493 ᾧ
3107 2424 3249 2478 κατά
3283 2426 3578 2497 πρόσωπον
3600 2427 3791 2497 ὡμίλει

2204 2513 2297 2566 καὶ
2313 2513 2375 2566 οὐ
2404 2513 2472 2567 δι’
2490 2514 2699 2585 ἀδήλων
2716 2516 2781 2581 ³⁸,
2805 2516 2837 2587 ἡ
2864 2517 3149 2583 ἐνυπνίων,
3182 2518 3213 2589 ἡ
3252 2519 3521 2587 ἀγγέλων,
3555 2519 3588 2590 ἢ
3618 2522 3788 2589 αἰνιγ-

2205 2604 2390 2674 μάτων
2413 2621 2427 2635 ’
2457 2599 2611 2670 οὗτος
2634 2607 2795 2679 ἡνίκα
2823 2609 2923 2680 τὴν
2944 2608 3095 2663 θείαν
3115 2609 3438 2681 νομοθεσίαν
3458 2611 3789 2677 διετάσσετο,

2200 2695 2364 2750 διεῖλε
2392 2696 2513 2750 τίνα
2537 2699 2634 2770 μὲν
2665 2700 2771 2772 χρὴ
2792 2700 2897 2754 ὑπὸ
2918 2700 3025 2754 τῶν
3054 2701 3357 2773 ἀρχιερέων
3387 2702 3788 2772 ἐπιτελεῖσθαι,

2198 2789 2321 2842 τίνα
2356 2789 2415 2844 δὲ
2460 2789 2565 2844 ὑπὸ
2604 2790 2714 2844 τῶν
2749 2793 2959 2863 ἱερέων,
2993 2792 3115 2847 τίνα
3144 2793 3201 2848 δὲ
3224 2795 3331 2849 ὑπὸ
3370 2796 3481 2849 τῶν
3526 2795 3788 2863 λευιτῶν,

2200 2880 2416 2953 ἑκάστῳ
2449 2883 2549 2953 τὴν
2599 2884 2807 2939 οίκείαν
2858 2886 2953 2940 καὶ
3005 2887 3314 2959 ἀνήκουσαν
3358 2891 3426 2959 τῇ
3479 2888 3790 2962 λειτουργία

2200 2971 2495 3047 Θρησκείαν
2523 2978 2845 3050 ἀπονείμας,
2876 2980 2971 3033 καὶ
3018 2979 3161 3053 ἀπερ
3195 2982 3293 3052 μὲν
3331 2984 3445 3044 τοῖς
3472 2983 3789 3054 ἀρχιερεῦσι

526 3072 860 3137 cerdotibus,
894 3084 1142 3141 quaenam
1167 3084 1197 3122 a
1228 3068 1407 3124 levitis
1426 3107 1442 3133 ,
1474 3082 1539 3121 ac
1570 3067 1849 3121 distribuit
1879 3066 2097 3122 unicui-

2202 3070 2574 3138 προστέτακτο
2608 3072 2907 3140 ἐπιτελεῖν,
2940 3073 3153 3138 τούτοις
3195 3074 3324 3139 τοὺς
3364 3076 3550 3148 ἱερέας
3595 3078 3663 3132 οὗ
3711 3078 3790 3130 θε-

525 3180 633 3236 que
652 3164 860 3219 cultum
890 3162 1170 3233 pmprium
1195 3176 1404 3231 suoque
1435 3160 1743 3215 ministerio
1772 3159 2099 3215 convenien-

527 3266 670 3325 tem;
702 3263 756 3312 et
808 3255 878 3310 ad
904 3270 969 3311 ea
1007 3252 1229 3324 quidem
1268 3267 1391 3323 qua:
1420 3252 1587 3322 jussit
1614 3252 1901 3321 pontiﬁces
1930 3250 2095 3322 perﬁ-

524 3365 669 3414 cere,
706 3348 788 3403 fas
812 3362 921 3401 non
952 3353 1069 3401 erat
1107 3351 1167 3398 ut
1206 3343 1532 3398 accederent
1557 3342 1904 3410 sacerdotes;
1941 3341 2007 3397 ad
2031 3358 2095 3398 ea

523 3454 654 3496 vero
684 3455 806 3511 quae
847 3437 1227 3495 sacerdotibus
1270 3435 1495 3490 deﬁnita
1538 3443 1717 3499 erant,
1763 3435 1939 3489 levita:
1983 3449 2095 3489 non

524 3531 983 3597 admittebantur;
1029 3529 1121 3585 sed
1179 3528 1378 3601 singuli
1422 3528 1729 3582 ministeria
1770 3526 2094 3598 praescripta

521 3641 643 3695 quae
667 3629 993 3693 acceperant
1021 3620 1346 3687 servabant;
1378 3619 1424 3674 si
1454 3619 1579 3689 quis
1607 3628 1790 3673 autem
1816 3620 1959 3673 ultra
1986 3618 2093 3675 sibi

522 3717 784 3772 traditum
813 3715 1055 3770 ofﬁcium
1080 3712 1337 3785 progredi
1367 3712 1677 3778 nitebatur,
1713 3720 1886 3768 morte
1906 3714 2092 3769 luebat

521 3810 794 3880 ptenas".
820 3808 933 3863 lloc
961 3822 1091 3863 vero
1115 3805 1388 3878 praecipue
1416 3805 1813 3861 demonstravit
1836 3805 1914 3871 id,
1944 3807 2092 3878 quod

523 3903 672 3957 Sauli
698 3902 929 3973 contigit
954 3919 970 3969 ;
1001 3900 1096 3971 qui
1126 3915 1250 3955 cum
1274 3899 1646 3955 existimasset
1662 3914 1722 3954 sc
1743 3900 1949 3970 absque
1966 3916 2092 3971 pro-

525 3995 687 4064 pheta
739 4001 795 4047 et
841 3991 1099 4062 pontiﬁce
1144 3989 1398 4046 Samuele
1449 3991 1761 4049 sacriﬁcare
1807 4009 1988 4063 posse,
2031 3994 2100 4050 ad

524 4099 583 4139 se
612 4093 893 4154 peccatum
927 4093 980 4138 et
1014 4081 1360 4137 maledictum
1409 4100 1688 4155 nunquam
1735 4086 2097 4156 abjiciendum

525 4174 783 4241 attraxit;
814 4190 988 4243 neque
1018 4173 1340 4243 prophetam
1377 4175 1548 4229 movit
1579 4190 1644 4230 ac
1665 4174 1831 4238 ﬁexit,
1857 4177 2001 4246 quod
2031 4180 2101 4232 ab

528 4268 646 4335 ipso
674 4266 803 4321 Saul
828 4267 880 4320 in
911 4281 1091 4336 regem
1126 4275 1320 4321 unctus
1348 4265 1541 4323 fuisset
1564 4266 1630 4322 ³⁸.
1663 4267 1775 4322 Hoc
1799 4270 1961 4325 etiam
1989 4269 2104 4325 evi-

526 4357 762 4413 dentiori
808 4359 1126 4429 operatione
1154 4359 1545 4415 demonstravit
1585 4359 1729 4417 Deus
1764 4376 1859 4432 per
1888 4378 1951 4418 ea
1979 4379 2101 4434 qua:

526 4443 672 4501 Oziae
720 4447 1060 4511 acciderunt,
1105 4446 1173 4502 de
1222 4448 1380 4516 cujus
1428 4450 1879 4521 prmvaricatione
1923 4454 2103 4526 exegit

526 4551 717 4605 poenas
751 4536 957 4607 absque
988 4552 1171 4604 mora;
1200 4547 1253 4594 et
1277 4540 1370 4610 qui
1398 4548 1589 4595 contra
1614 4541 1992 4611 pontiﬁcatum
2023 4545 2103 4598 in-

527 4629 788 4697 sanierat,
811 4645 980 4701 regno
1006 4646 1226 4702 quoque
1252 4632 1445 4704 pulsus
1478 4643 1562 4688 est
1584 4634 1651 4686 ³⁸.
1676 4633 1943 4690 Caeterum
1978 4651 2102 4706 quae

526 4720 632 4776 sub
664 4721 825 4778 nobis
874 4732 995 4778 acta
1036 4724 1166 4790 sint,
1199 4724 1427 4781 forsitan
1459 4740 1569 4780 non
1615 4726 1899 4796 ignoratis.
1938 4727 2101 4786 Scitis

524 4815 672 4893 enim
703 4816 928 4873 omnino
969 4817 1277 4889 episcopos,
1303 4818 1652 4890 presbyteros
1692 4829 1748 4877 et
1774 4820 2036 4879 diaconos
2067 4839 2100 4880 a

2202 3161 2354 3231 μιτὸν
2388 3157 2454 3233 ἦν
2486 3164 2764 3234 προσιέναι
2786 3181 2800 3196 ο
2844 3164 2989 3238 ἅπερ
3034 3165 3090 3220 δὲ
3116 3168 3231 3231 τοῖς
3279 3167 3519 3239 ἱερεῦσιν
3550 3168 3750 3241 ὥριστο
3773 3210 3786 3235 ,

2198 3252 2411 3318 τούτοις
2430 3256 2479 3308 οἱ
2495 3256 2699 3310 λευίται
2715 3258 2776 3311 οὐ
2798 3258 3090 3330 προσίεσαν
3105 3276 3117 3290 ’
3138 3259 3253 3313 ἀλλ’
3270 3260 3496 3315 ἕκαστοι
3516 3262 3667 3334 ἅπερ
3682 3264 3786 3334 (91)

2197 3346 2624 3420 παρειλήφεισαν
2661 3350 2962 3422 ὑπηρεσίας
2987 3354 3535 3425 περιγεγραμμένας,
3558 3356 3786 3423 ἐφύλατ-

2195 3454 2322 3491 τον’
2366 3441 2417 3494 εί
2451 3439 2508 3494 δέ
2550 3458 2635 3504 τις
2687 3442 2833 3514 πέρα
2879 3443 2981 3514 τῆς
3011 3444 3363 3516 παραδόσεως
3412 3448 3702 3518 προσιέναι
3742 3451 3789 3501 ἐ-

2196 3531 2437 3600 ϐούλετο,
2470 3532 2699 3599 θάνατος
2722 3534 2833 3609 (92)
2862 3532 2929 3609 ἦν
2954 3538 3015 3591 τὸ
3057 3538 3353 3610 ἐπιτίμιον.
3388 3539 3564 3593 Τοῦτο
3600 3540 3661 3594 δὲ
3694 3543 3785 3612 μά.

2194 3624 2353 3680 λιστα
2375 3626 2598 3691 διέδειξε
2626 3628 2722 3681 καὶ
2749 3630 2781 3699 ἡ
2819 3628 2961 3683 κατά
2987 3630 3077 3682 τὸν
3103 3631 3275 3684 Σαοὺλ
3297 3632 3463 3703 πεῖρα
3487 3650 3501 3663 ο
3538 3633 3597 3697 ὃς
3626 3634 3780 3687 θῦσαι

2195 3718 2498 3790 νενομικὼς
2512 3720 2636 3792 δίχα
2654 3720 2748 3773 τοῦ
2772 3724 3050 3793 προφήτου
3073 3723 3169 3777 καὶ
3186 3724 3492 3795 ἀρχιερέως
3508 3726 3777 3797 Σαμουὴλ,

2194 3807 2429 3866 ἔσπασεν
2476 3814 2557 3875 είς
2606 3813 2800 3866 ἑαυτὸν
2845 3814 3120 3886 ἁμαρτίαν
3168 3817 3263 3869 καὶ
3291 3816 3543 3888 κατάραν
3578 3819 3776 3871 ἀναπό-

2193 3903 2416 3976 ϐλητον·
2444 3906 2539 3959 καὶ
2562 3906 2683 3960 οὐδὲ
2714 3907 2775 3961 τὸ
2804 3908 3094 3981 κεχρίσθαι
3124 3909 3215 3962 ὑπ’
3234 3909 3403 3962 αὑτοῦ
3422 3912 3507 3973 είς
3534 3910 3771 3980 βασιλέα,

2191 3995 2444 4070 ὲδυσώπη
2454 4016 2510 4051 σε
2526 3998 2614 4053 τὸν
2634 4001 2943 4072 προφήτην.
2963 4001 3356 4074 Ἐνεργεστέρᾳ
3372 4002 3418 4034 ³⁸
3431 4003 3489 4056 δὲ
3502 4006 3568 4074 τῇ
3584 4004 3773 4075 πράξει

2187 4088 2440 4155 διέδειξεν
2475 4093 2503 4144 6
2530 4091 2663 4156 Θεὸς
2692 4093 2749 4145 ὲν
2779 4096 2895 4158 τοῖς
2922 4092 3062 4147 κατά
3088 4092 3181 4147 τὸν
3225 4094 3428 4160 Ὀζίαν,
3460 4094 3563 4147 οὐκ
3598 4096 3656 4146 ἐν
3680 4112 3768 4165 με·

2189 4181 2367 4256 λισμῷ
2394 4184 2437 4217 ³¹
2453 4183 2551 4250 τὰς
2572 4185 2664 4239 ἐπὶ
2682 4187 2747 4257 τῇ
2779 4188 3094 4259 παρανομία
3137 4187 3575 4258 είσπράξαμενος
3599 4188 3767 4251 δίκας

2190 4277 2285 4329 καὶ⁵
2311 4277 2449 4348 ὁτῆς
2459 4277 2870 4350 ἀρχιερωσύνης
2896 4280 3250 4350 καταμανείς,
3271 4280 3367 4332 καὶ
3386 4279 3490 4350 τῆς
3500 4278 3770 4350 βασιλεὶας

2189 4368 2468 4441 ἀλλότριος
2486 4370 2747 4441 κατέστη.
2765 4369 2849 4424 Τά
2865 4370 2923 4423 δὲ
2947 4372 3032 4440 ἐφ’
3050 4371 3206 4441 ἡμῶν
3234 4371 3364 4434 ἴσως
3382 4371 3484 4425 οὐκ
3506 4372 3765 4440 ἀγνοεῖτε.

2196 4460 2341 4514 Ἰστε
2394 4460 2505 4534 γὰρ
2552 4461 2769 4528 πάντως
2810 4464 3145 4528 ἐπισκόπους
3190 4464 3323 4535 παρ’
3370 4461 3532 4535 ἡμῶν
3572 4464 3767 4535 ὀνομα-

2193 4554 2438 4621 σθέντας,
2469 4557 2564 4610 καὶ
2591 4556 3016 4628 πρεσϐυτέρους,
3050 4556 3145 4610 καὶ
3180 4556 3483 4623 διακόνους,
3515 4556 3642 4627 εὐχῇ
3672 4556 3764 4608 καὶ

2190 4646 2389 4719 χειρῶν
2417 4647 2677 4716 ὲπιθέσει,
2709 4651 2775 4721 τῇ
2822 4649 3053 4722 διαφορᾷ
3077 4648 3186 4702 τῶν
3215 4648 3497 4719 ὀνομάτων
3530 4648 3622 4702 καὶ
3649 4648 3759 4717 (93)

2188 4739 2288 4809 τὴν
2325 4739 2584 4813 διαφορὰν
2612 4740 2721 4794 τῶν
2750 4741 3095 4814 πραγμάτων
3135 4740 3498 4805 δεικνύοντας.
3547 4740 3619 4793 Οὐ
3652 4737 3759 4807 γὰρ

2188 4831 2218 4884 6
2248 4830 2567 4904 βουλόμενος
2588 4906 2591 4909 δ
2612 4836 2741 4906 παρ’
2770 4835 2900 4905 ἡμῖν
2940 4834 3179 4907 ἐπλήρου
3222 4833 3322 4906 τὴν
3358 4837 3539 4905 χεῖρα,
3572 4832 3759 4900 ὥσπερ

574 4951 612 4982 ²¹
644 4949 813 5035 Iliun};
838 4958 981 5035 XY'I.-
1014 4952 1150 5035 βίῃ
1182 4953 1536 5035 Paullum-vr.
1612 4957 1659 4989 “
1696 4958 1734 5015 l.
1983 4979 2034 5029 v,
2069 4964 2156 5020 15.
2231 4968 2277 5000 ’⁸
2313 4968 2474 5025 Num.
2504 4972 2602 5033 xli,
2626 4976 2682 5035 8;
2743 4968 2914 5023 Exod.
2940 4984 3139 5034 xum,
3194 4969 3283 5032 11,
3345 4968 3437 5026 17.
3513 4968 3555 4999 ³³
3590 4964 3752 5035 Num.

511 5035 611 5095 xn,
642 5022 694 5095 8_.
757 5022 815 5095 ff
849 5024 921 5077 al.
952 5022 1261 5095 diadﬁkmv.
1336 5027 1379 5059 ³⁷
1418 5026 1577 5083 Num.
1604 5042 1679 5084 Iv.

511 5089 721 5163 λησμῷ.
754 5090 845 5148 Sic
871 5093 992 5150 cod.
1018 5089 1179 5149 Vind.

1757 5030 1803 5061 ³⁸
1838 5029 2015 5104 lReg.
2044 5050 2165 5091 xm.
2242 5038 2287 5071 "
2309 5038 2354 5094 ll
2375 5039 2553 5095 Paral.
2579 5029 2726 5096 xxvi.
2754 5108 2767 5131 δ
2805 5040 2850 5073 ³⁸
2889 5039 2931 5096 f.
2981 5029 3373 5113 ἐναργεστέρᾳ.

3476 5038 3518 5070 ..
3556 5036 3594 5091 ι,
3622 5034 3748 5106 μελ.

1806 5250 2164 5311 νΑιιιοιιυΜ
2212 5256 2440 5314 NOT/E.

726 5382 1005 5458 ξί-ριστόν.
1040 5380 1099 5458 ln
1133 5383 1307 5458 altero
1331 5385 1531 5458 καὶτὸν
1559 5386 1816 5458 Χριστόν.
1858 5387 1935 5443 In.

587 5451 694 5534 (8?)
736 5452 1197 5534 Ἐπηρτημέγσγ.
1222 5455 1280 5509 ln
1309 5456 1479 5534 altero
1499 5451 1873 5534 cod._Vindol)_.
1902 5460 2076 5534 ἐπηρ-

509 5520 791 5602 τισμένον,
834 5520 999 5591 quasi
1033 5523 1102 5579 ab
1132 5526 1409 5598 ἐπαρτίζω
1456 5529 1670 5599 perﬁcio
1695 5568 1710 5595 ,
1763 5529 1861 5584 sed
1916 5520 2071 5599 prius

512 5592 1000 5804 migﬁg.xllgj'oyer.
1030 5663 1212 5719 Addit.
1235 5665 1374 5722 alter
1405 5667 1527 5723 cod.
1565 5669 1641 5724 δέ.
1678 5670 1752 5724 In.

608 5730 665 5784 91
735 5734 935 5802 "Amp.
967 5732 1157 5792 Melius
1180 5736 1301 5791 cod.
1337 5736 1569 5797 Vindob.
1609 5741 1744 5804 ἃς,ιι

608 5730 695 5804 91)
735 5730 935 5802 "map.
967 5732 1157 5792 Melius
1180 5736 1301 5791 cod.
1337 5736 1569 5797 Vindob.
1609 5741 1771 5809 ὄις,ιιι
1792 5742 2062 5800 referatur

2181 5393 2763 5473 ιιιίιέζιτηρεσίας.1ο..Δ
2856 5444 2859 5445 ν
2926 5468 2934 5473 ⁴

2177 5466 2680 5606 Θεὲἒῗῶῗιξκατος.
2731 5468 3014 5542 Scriptu‘ra
3066 5471 3319 5527 codicum
3370 5472 3567 5528 unius:
3604 5471 3741 5529 ἀνό-

2169 5606 2517 5734 v.(£:i5)CKal.
2558 5608 2685 5667 Dele
2716 5610 2858 5667 hanc
2885 5612 3135 5667 voculam
3164 5628 3231 5669 ex
3261 5613 3575 5669 auctoritate
3602 5609 3736 5669 cod.

2218 5692 2272 5732 ιιι
2321 5720 2332 5733 .
2404 5694 2526 5735 LER.
